4356 6014
357 318 420 375 222
463 313 495 373 st
541 308 690 371 rolmll
725 300 929 365 sacuam
963 300 1135 361 Natura
1155 296 1345 361 Hlsrrolt.
1380 297 1628 361 llasxl'llt
1669 301 1910 365 clati-312

358 467 427 517 cunr
450 466 530 517 lieret
547 468 639 514 antem
659 456 738 524 panis
751 452 929 514 hordeaceos,
949 452 1162 507 erniantcicer·
1214 450 1321 504 iustus.
1341 449 1563 513 l‘osnnrmtmn
1572 449 1942 523 dictuladnsiscetnrrrstn,
1968 474 2019 517 ω

359 536 444 587 culae
454 533 545 586 lorino
556 534 614 597 lpse
625 523 860 579 fermentabatur:
882 522 985 574 iustom
997 530 1068 586 erat,
1088 522 1161 576 dune
1214 521 1314 572 transit
1324 522 1352 572 ia
1367 535 1479 588 corpus,
1495 520 1684 589 coloremque,
1698 523 1926 579 etteneritatem.
1967 536 2018 580 ert.

359 590 785 669 libiae=5¹¹‘1¹¹5¹¹‘l¹¹⁰³⁰¹¹¹⁰‘¹50⁸·
812 591 1161 646 Nuaclermentumttex
1211 591 1359 644 laverritur
1373 588 1442 643 haec
1457 588 1675 655 interl’utoolos
1687 597 1715 644 et
1726 592 1885 675 Neapolim,
1904 595 2017 649 ineque
2079 594 2110 623 ”·

359 677 424 742 ipsa
441 672 538 729 farina,
557 679 628 731 quoe
642 658 783 728 subigitur
793 662 870 727 prius
882 676 964 729 quum
977 662 1096 715 addatur
1107 662 1160 725 sal,
1213 659 1380 729 Leucogaeo
1403 659 1554 726 appellato.
1591 661 1958 733 ExstatquaDrriAugusti
1969 667 2018 719 de·
2115 678 2119 689 ¹

353 734 398 796 ¹ad
413 742 498 811 pultis
508 734 618 787 nundum
630 730 757 791 decocta,
779 739 809 782 et
821 731 930 793 relicta,
941 732 1031 784 donec
1042 740 1159 785 acosmt.
1211 737 1330 793 cretum,
1351 744 1406 797 qoo
1427 740 1520 780 annua
1538 732 1636 781 vicena
1652 730 1741 782 millia
1753 731 1951 800 Neapolitanis
1964 748 2016 803 pro

361 813 527 877 Vulgorero
539 798 1160 868 nocsuffert-eisetontnerltantumpridlenn
1213 814 1247 851 eo
1266 801 1407 853 numerari
1423 800 1533 850 iussite
1544 800 1612 850 lisco
1625 814 1691 864 suo,
1713 800 1852 855 molernium
1875 803 2015 857 deductas

361 885 471 933 servata
491 872 609 923 tristeris
628 876 753 921 utuntur.
790 869 944 937 Polonrqoe
964 877 1009 923 est
1027 881 1159 924 naturam
1213 870 1344 937 Capoaru.
1369 867 1658 935 Adiecitqoecaosam
1669 869 2015 940 afferendiquosiamnn·

361 962 444 1001 acore
455 941 630 995 iarnrentari:
651 940 724 991 sicut
744 948 774 991 et
795 940 933 991 validiora
951 956 1012 992 esso
1031 955 1161 1007 corpora,
1212 946 1326 1007 passm
1337 939 1473 1005 canrpsnt
1485 938 1586 991 alicam
1598 939 1696 991 confici
1710 940 1768 992 sino
1780 956 1814 991 eo
1824 942 1940 995 ureullo
1952 958 2016 1010 pos·

360 1031 433 1085 quae
444 1013 611 1065 fermentato
622 1024 693 1076 pane
702 1008 831 1061 aluntur:
845 1009 946 1076 quippe
958 1026 1018 1062 cum
1031 1010 1103 1075 apud
1113 1026 1161 1063 re·
1211 1024 1251 1060 sa.
1287 1009 1318 1059 ln
1331 1007 1428 1061 eodem
1440 1009 1580 1074 reperitur·
1590 1013 1618 1059 et
1630 1007 1758 1076 sulpbur:
1770 1012 1944 1081 emicantque
1954 1013 2016 1065 fon·

359 1095 434 1139 teres
447 1079 683 1151 ponderosissimo
704 1080 804 1147 cuique
814 1079 908 1132 tritico
921 1081 1071 1147 praecipua
1081 1079 1158 1130 salo·
1211 1078 1347 1130 tesOraai
1355 1077 1500 1130 oculorum
1513 1078 1645 1140 claritati,
1657 1087 1686 1131 et
1694 1078 1837 1133 rrnlnenrm
1847 1083 2016 1147 medicinae,

318 1184 326 1196 ι
357 1156 449 1208 britas
460 1149 597 1219 perhibita
608 1150 656 1201 sit.
1212 1147 1390 1216 dentiumque
1401 1146 1537 1200 mutuati.

394 1221 508 1277 xxvii.
526 1219 612 1271 Panis
622 1217 711 1286 ipsios
722 1219 799 1270 varia
808 1232 913 1285 ponera
922 1218 1054 1288 persequi
1063 1232 1159 1285 super·
1247 1219 1272 1270 3.
1290 1219 1369 1270 Alica
1379 1216 1537 1269 adulterino
1547 1219 1579 1269 lit
1590 1218 1709 1271 mraxime
1720 1219 1832 1287 quidem
1844 1235 1860 1273 e
1870 1235 1934 1283 aea,
1943 1236 2014 1289 quae

357 1289 608 1349 vacuumridetur:
620 1288 1159 1357 aliusabobsoniisappellati,utostraa·
1212 1287 1242 1338 in
1252 1286 1347 1340 Africa
1357 1287 1516 1356 degenerat.
1539 1287 1671 1340 iratiores
1682 1290 1743 1339 eius
1751 1290 1855 1355 spicas,
1864 1286 2013 1359 nigriores.

357 1367 407 1420 rii:
420 1363 491 1416 alias
502 1359 647 1422 adeliciis,
657 1366 689 1412 ut
700 1359 870 1426 artologam:
893 1360 962 1411 alias
972 1376 990 1412 a
1002 1358 1160 1412 festinatio·
1212 1364 1309 1426 qoe,et
1319 1358 1395 1410 breti
1406 1357 1521 1424 stipula
1532 1357 1630 1408 l'isunt
1641 1373 1702 1409 coru
1714 1369 1846 1424 arena,et
1856 1361 2013 1427 sicquoquc

357 1430 599 1500 ne,otspeustici:
622 1429 1040 1495 rrecncnacoquendiratione,
1059 1428 1159 1480 attur·
1212 1427 1363 1480 difficulter
1383 1426 1514 1479 deterunt
1531 1426 1678 1490 utriculos,
1701 1430 1787 1496 litque
1808 1430 1926 1481 dimidia
1947 1430 2014 1482 nudi

357 1505 449 1565 nacci,
469 1501 515 1553 rel
527 1499 676 1565 artopticii,
697 1507 746 1550 aut
756 1500 786 1551 in
796 1500 914 1550 clibanis
924 1501 1014 1552 coctir
1036 1512 1091 1550 non
1105 1496 1160 1566 pri·
1212 1513 1349 1551 mensura.
1379 1496 1537 1564 Posteaqoe
1549 1496 1632 1567 gypsi
1643 1511 1707 1564 pars
1718 1506 1818 1566 quarta
1828 1499 2011 1567 inspargiturc

356 1575 418 1627 dem
440 1572 525 1625 etiam
537 1586 552 1622 e
562 1567 674 1620 l’artlris
694 1571 829 1631 insectus,
849 1584 929 1635 quam
942 1569 1102 1637 aquaticum
1112 1582 1159 1619 ro·
1213 1576 1295 1635 atque
1307 1575 1339 1620 ot
1350 1564 1628 1631 cobaesitisriuario
1641 1569 1733 1620 cribro
1744 1570 1923 1623 subcermnrt.
1936 1571 2013 1632 Quas

333 1694 337 1703 ,
356 1649 431 1705 cant,
450 1639 578 1708 quoniam
591 1652 664 1706 aqua
674 1637 806 1705 trabitur,
825 1644 937 1690 tenuem
959 1648 988 1691 st
1007 1640 1159 1706 spongiosa
1211 1641 1238 1689 in
1249 1654 1282 1690 eo
1295 1636 1438 1700 remansit,
1449 1638 1604 1706 exceptitia
1614 1638 1782 1705 appellatur,
1792 1646 1822 1691 et
1830 1639 2014 1708 grandissima

355 1712 503 1772 inanitate,
514 1705 742 1759 aliil’anhicom.
779 1707 893 1759 Summa
907 1708 968 1760 laos
979 1709 1098 1775 siliginis
1108 1707 1157 1759 bo·
1211 1716 1263 1761 cst.
1278 1708 1383 1760 Rursus
1393 1721 1466 1773 quae
1477 1708 1589 1770 transit,
1600 1709 1723 1761 arctiore
1735 1712 1868 1771 cernitur,
1879 1714 2014 1762 etsecun·

355 1786 446 1836 nitate
467 1786 496 1832 et
516 1778 603 1829 cribri
613 1777 881 1830 tenuitatcconstat.
918 1776 1040 1841 Quidam
1050 1792 1086 1829 en
1097 1777 1158 1828 oris
1212 1777 1431 1830 dariarocator.
1467 1777 1694 1839 ltemcribraria,
1712 1779 1878 1845 quaesimili
1892 1776 2013 1831 modain

356 1859 406 1905 sut
417 1851 491 1902 lacte
502 1848 643 1915 subigunt.
681 1847 790 1915 Botyro
810 1861 876 1899 vcro
898 1854 996 1915 gentes
1012 1847 1099 1899 etiam
1110 1860 1157 1912 pa·
1210 1849 1297 1901 tertio
1307 1846 1443 1902 remonuit
1454 1847 1547 1900 cribro
1558 1848 1774 1915 angustissimo,
1792 1855 1821 1901 et
1830 1855 1937 1900 tantum
1950 1862 2012 1899 arc·

356 1917 585 1984 catac,adoperis
595 1917 706 1982 pistorii
718 1932 822 1984 genera
833 1922 994 1971 transeunte
1005 1931 1082 1969 cura.
1098 1915 1157 1967 Do·
1210 1934 1261 1970 nas
1274 1919 1490 1971 transmittente
1501 1917 1566 1970 Alia
1576 1917 1650 1970 ratio
1661 1918 1762 1985 ubique
1772 1916 1960 1969 adulterandi.
1973 1918 2013 1968 Ex

354 2001 401 2046 rat
412 2004 462 2042 soa
473 1987 573 2039 Piceno
585 1987 613 2037 in
625 1986 702 2052 panis
713 1986 874 2039 inventione
895 1988 997 2056 gratia,
1020 2003 1055 2040 ex
1067 1987 1158 2039 alicae
1211 1989 1306 2040 tritico
1329 1987 1528 2042 candidissima
1542 1994 1572 2042 et
1590 1986 1773 2055 grandissima
1794 1987 1905 2109 eligunt
1918 1998 2014 2054 grana,

355 2060 483 2114 materia.
520 2056 591 2108 Eum
604 2070 701 2107 norem
714 2055 809 2108 diebos
820 2064 976 2109 macerant:
998 2057 1109 2110 damma
1121 2057 1157 2109 ad
1211 2074 1244 2110 ac
1255 2059 1406 2112 semicocta
1417 2059 1446 2110 in
1458 2058 1537 2121 ollis,
1559 2066 1658 2126 postea
1670 2057 1827 2110 arefaciunt
1859 2054 2014 2109 oleodinl·

355 2131 475 2202 speciem
486 2134 595 2180 tractae
605 2125 737 2193 subigunt
748 2141 818 2179 urae
830 2141 929 2193 passae
939 2142 1035 2179 socco:
1057 2134 1159 2193 postea
1211 2132 1289 2192 tium,
1301 2143 1451 2196 rursusque
1462 2129 1563 2181 leviter
1574 2142 1688 2195 aspersa
1699 2128 1780 2179 molli
1792 2125 1933 2196 frangunt.
1970 2125 2013 2175 Es

347 2198 492 2260 intumis,
503 2196 568 2250 ollis
579 2194 708 2258 inuitum,
719 2210 789 2262 quac
800 2202 963 2262 rumpantur
975 2197 1025 2260 ibi,
1035 2202 1158 2249 torrent:
1210 2215 1262 2251 zea
1273 2198 1424 2267 pulchrius,
1444 2213 1526 2265 quant
1538 2214 1572 2251 ex
1583 2199 1689 2261 tritico,
1707 2199 1738 2250 tlt
1750 2212 1877 2266 granum,
1888 2194 2013 2263 quamtis

354 2275 588 2338 neqocestexcu
599 2264 686 2326 cibus,
696 2265 752 2317 nisi
762 2263 934 2321 madefactat
956 2265 1030 2333 qood
1040 2266 1158 2320 litlacte
1210 2270 1238 2321 id
1250 2269 1452 2322 alicaeritium
1462 2271 1508 2320 sit.
1545 2268 1699 2322 candorem
1717 2276 1811 2321 notem
1826 2268 1854 2320 ei
1870 2280 1921 2334 pro
1936 2271 2014 2319 creta

354 2338 585 2392 maximemulso.
750 2368 755 2380 ·
1210 2340 1292 2392 lactis
1303 2338 1408 2390 incocti
1420 2336 1543 2390 otiatura
1552 2337 1671 2390 confert.
1959 2357 1964 2363 ·

391 2408 519 2460 xxviii.
537 2407 662 2459 Pistor-es
674 2407 779 2459 llomae
799 2421 854 2459 non
876 2405 956 2461 mere
970 2406 1006 2459 ad
1016 2405 1157 2459 Persicum
1246 2409 1334 2460 XXX.
1345 2406 1479 2475 Sequitur
1489 2414 1592 2460 natura
1602 2406 1783 2476 leguminum,
1793 2407 1869 2461 inter
1879 2420 2015 2476 quaema-

355 2492 447 2546 usqne
457 2477 569 2538 bellum,
581 2476 660 2527 annis
667 2476 705 2526 ab
718 2476 791 2528 Urba
803 2475 1157 2544 conditasuperDbXXX.
1209 2480 1301 2531 smnus
1312 2477 1401 2530 bonos
1413 2477 1508 2530 labae:
1521 2478 1622 2546 quippe
1634 2493 1669 2530 ex
1680 2494 1737 2546 qua
1750 2485 1875 2533 tentatus
1884 2477 2013 2530 sitetiam

353 2549 410 2616 lpsi
423 2561 520 2614 panem
534 2545 673 2597 iaciebant
682 2547 822 2610 Quiritem
834 2547 1036 2614 molieruntque
1046 2547 1076 2598 id
1088 2560 1157 2613 opus
1211 2550 1299 2616 panis.
1325 2546 1493 2600 Lomentum
1506 2548 1665 2616 appellatur
1675 2547 1768 2600 farina
1777 2564 1819 2611 ea,
1831 2553 2013 2616 aggravatur·

354 2624 428 2679 arat,
449 2618 522 2669 sicot
541 2615 627 2668 etiam
638 2631 711 2667 nunc
721 2615 750 2666 in
763 2615 891 2683 plurimis
904 2617 1039 2684 gentium.
1074 2617 1156 2668 Arto-
1210 2616 1452 2686 qoepoadusilla,
1469 2600 1745 2688 atomui'legomine.
1779 2620 2013 2680 lamnaruetpar

354 2694 431 2755 ptam
443 2686 560 2738 Plautus
574 2684 702 2752 appellat
722 2686 752 2736 in
763 2685 866 2748 fabola,
886 2702 968 2754 quarn
986 2684 1156 2738 Aululariam
1209 2689 1277 2743 bolo
1288 2689 1396 2743 venalis
1407 2688 1489 2741 labae
1501 2687 1649 2756 multiplex
1672 2704 1738 2740 usos
1761 2687 1883 2740 omnium
1895 2683 2014 2753 quadro.

354 2755 480 2823 scripsit:
501 2756 649 2818 cragnani)
662 2755 690 2805 id
703 2755 1102 2817 concertationemoditorum,
1121 2771 1157 2808 an
1209 2758 1309 2825 pedum
1320 2759 1430 2827 generi,
1453 2757 1728 2827 praecipue-bomini.
1764 2757 1916 2808 Frumento
1927 2754 2012 2806 etiam

354 2818 486 2878 lsver’sus
499 2829 600 2890 poetae
621 2820 660 2871 sit
680 2822 773 2870 illius:
791 2832 953 2885 certumque·
966 2826 1009 2881 tit.
1029 2824 1156 2899 Agatteii
1210 2828 1424 2896 miscetorapud
1436 2830 1585 2897 plerasque
1606 2833 1716 2892 gentes,
1737 2835 1767 2880 et
1783 2825 1903 2878 maxime
1913 2823 2013 2890 panico

356 2892 502 2962 Capitonis
524 2890 665 2944 sententia
686 2902 790 2955 coquos
809 2894 868 2940 tum
878 2902 976 2954 panem
988 2887 1156 2938 lautioribus
1209 2898 1309 2953 solida.
1319 2914 1353 2946 nr.
1365 2898 1513 2949 delicatius
1526 2896 1625 2945 tractu.
1645 2894 1719 2955 Quin
1730 2902 1759 2946 et
1768 2897 1862 2961 prisco
1871 2895 1927 2945 ritu
1938 2890 2014 2944 laba·

355 2978 475 3033 coquere
487 2962 600 3013 solitosr
623 2961 800 3026 pistoresque
812 2961 917 3009 tuntum
930 2971 987 3018 eos,
1002 2957 1049 3022 qui
1061 2955 1106 3007 lar
1116 2958 1155 3023 pi·
1210 2961 1252 3011 cia
1263 2974 1330 3012 suae
1340 2959 1484 3027 religionis
1496 2961 1547 3012 diis
1560 2961 1588 3013 io
1608 2976 1689 3015 sacro
1702 2969 1755 3025 est,
1775 2963 1939 3029 praevalens
1951 2959 2012 3027 pul·

356 3035 463 3096 sebont,
478 3031 647 3082 nominatos.
683 3028 741 3081 Noc
757 3041 861 3093 coquos
881 3042 948 3079 raro
970 3024 1110 3078 habebant
1125 3027 1155 3077 iu
1208 3029 2016 3091 montaricibo,etbebataresensosexistimata,insomnis

342 3103 490 3167 vservitiis,
511 3113 660 3166 eosqooex
674 3097 791 3148 macello
807 3096 1005 3149 conducebant.
1043 3091 1155 3148 cribro·
1208 3097 1431 3166 quoquefacere.
1467 3090 1791 3167 onmcl’yclngmics
1806 3098 2012 3152 sententiada·

357 3186 420 3224 rum
431 3184 535 3237 genera
546 3167 622 3219 Galli
633 3184 648 3219 e
660 3168 728 3219 sctis
739 3181 873 3232 equorum
886 3166 1027 3228 invenere,
1037 3165 1157 3231 Hispani
1208 3175 1319 3220 mnata:
1343 3175 1373 3219 ut
1383 3167 1434 3219 olii
1446 3167 1598 3229 tradidere,
1621 3172 1752 3234 quoniam
1763 3173 1941 3219 mortuorum
1953 3167 2012 3219 aoi-

357 3241 442 3292 slino
459 3239 621 3290 excussoria
640 3244 671 3289 et
690 3234 849 3305 pollioaria,
868 3236 1156 3304 Aegyptusepapyro
1208 3238 1428 3291 maesiatiuea.
1460 3239 1522 3300 Qua
1532 3237 1566 3289 de
1578 3253 1663 3290 causa
1675 3236 1848 3303 parentando
1861 3236 1961 3304 otique
1970 3251 2013 3287 as·

356 3311 542 3379 ntqoeinnco,
896 3316 900 3325 ’
1195 3308 1337 3363 ,sumitur
1372 3308 1505 3362 Varroet
1519 3307 1556 3360 ub
1576 3304 2011 3360 baecFlaminemeanonrescl

390 3378 494 3432 xxix.
515 3378 539 3432 i.
558 3376 614 3429 Sed
622 3376 696 3429 inter
706 3375 796 3444 prima
808 3374 920 3428 dicatur
930 3381 960 3428 ct
971 3375 1061 3429 alicae
1072 3375 1156 3436 ratio,
1209 3377 1308 3442 tradit,
1328 3383 1357 3430 et
1368 3378 1499 3445 quoniam
1510 3377 1539 3427 in
1551 3374 1620 3428 flore
1633 3377 1692 3428 eius
1714 3376 1815 3429 literae
1826 3374 1959 3441 lugubres
1970 3390 2011 3428 re·

354 3447 611 3519 praestantissimae
623 3445 895 3515 saluberrimeque:
915 3461 987 3512 quas
999 3444 1092 3512 palma
1103 3444 1156 3494 llu-
1209 3448 1363 3515 pertentor.
1398 3447 1429 3499 ln
1440 3447 1537 3500 eudem
1548 3446 1698 3514 peculiaris
1709 3446 1825 3515 religio:
1841 3460 1959 3512 namque
1971 3443 2011 3497 in·

356 3535 420 3586 gum
433 3517 592 3570 indubitata
604 3516 713 3567 ltaliam
725 3517 872 3585 contingit.
904 3516 951 3567 Fit
961 3516 1021 3566 sine
1033 3513 1117 3566 dubio
1129 3519 1158 3564 et
1210 3518 1384 3585 bamutiqoe
1405 3515 1748 3598 elpogibosreierremos
1765 3517 1936 3584 estausplcii
1947 3528 2010 3567 cau·

355 3590 384 3640 ia
394 3591 532 3656 Aegypto,
544 3585 594 3638 aad
607 3584 758 3643 admodum
770 3585 935 3650 spernenda.
971 3586 1001 3634 ln
1014 3583 1098 3635 ltalia
1110 3598 1156 3635 re·
1209 3604 1249 3649 sa,
1261 3603 1331 3655 quse
1341 3587 1405 3639 ideo
1418 3586 1541 3640 referiva
1550 3586 1717 3653 appellatur.
1730 3588 1765 3639 Et
1775 3585 1951 3638 auctionibus
1960 3584 2009 3637 ad·

355 3672 388 3710 ro
400 3659 524 3725 pluribus
535 3651 1023 3720 locis,sicotVerouensiPisanoque
1034 3666 1116 3718 agror
1128 3652 1157 3702 in
1210 3656 1306 3708 hibero
1325 3671 1386 3708 eam
1407 3656 1548 3708 lucrosum
1571 3662 1680 3723 putant.
1715 3655 1784 3709 Sola
1800 3662 1879 3708 certe
1898 3656 2011 3720 frugum

356 3725 507 3793 canrpanin
526 3729 619 3772 tanuen
641 3721 844 3774 laudatissimo.
881 3725 1002 3789 Campus
1013 3729 1056 3773 est
1067 3721 1157 3773 subis·
1210 3726 1295 3779 etiam
1306 3738 1389 3777 exeso
1399 3724 1524 3790 repletur
1535 3736 1677 3778 crescente
1688 3725 1778 3779 Luna.
1803 3726 1881 3791 Aqua
1891 3725 2009 3783 marina,

355 3811 421 3849 cens
431 3791 572 3851 urentibus
583 3789 724 3851 nimbosis,
741 3792 811 3841 totis
825 3790 935 3858 quidem
948 3792 998 3842 xL
1010 3790 1049 3841 Μ.
1062 3804 1157 3857 passu·
1210 3795 1301 3850 aliave
1312 3794 1388 3845 salsa
1397 3808 1451 3845 noo
1462 3808 1545 3861 pereo
1566 3797 1651 3847 nitor.

356 3865 541 3933 umplanitie.
577 3857 737 3913 'l'erraeius
747 3864 792 3922 (ot
803 3861 930 3927 protinus
940 3860 996 3911 suli
1006 3865 1105 3911 natura
1114 3859 1156 3910 di·
1244 3862 1355 3915 Seritur
1380 3869 1447 3915 ante
1471 3810 1659 3931 Vergfliorum
1687 3879 1816 3917 occasum
1838 3864 2010 3932 leguminum

356 3939 447 3999 catum
468 3934 600 4001 pulverea
620 3940 736 3992 sunrma,
758 3927 875 3981 inferior
885 3928 990 3990 bibula,
1000 3933 1029 3980 et
1040 3928 1156 3995 pumicis
1210 3930 1650 4003 prima,utantecedotbiemem.
1681 3934 1890 4002 Virgiliuseam
1903 3947 2010 4002 parrer

352 4008 417 4057 uice
431 4003 571 4055 tistulosar
591 3999 727 4049 montium
744 4012 852 4064 quoquo
868 3999 949 4065 culpa
960 3999 1157 4051 iobooumce·
1210 4001 1266 4054 scri
1277 4001 1369 4065 iubet,
1391 4001 1736 4068 Circunrpadanaeltaliae
1753 4005 1818 4056 rito.
1855 4004 1908 4057 Sed
1922 4003 2010 4055 maior

356 4075 406 4126 dlt.
442 4072 561 4123 Crebros
578 4069 651 4120 enim
666 4067 770 4120 imbres
782 4066 906 4133 percolat
918 4069 1155 4134 stqostransmit·
1209 4072 1395 4141 pnrenrnlnnt
1414 4071 1521 4124 fabalia
1541 4074 1803 4137 moramentinnie,
1825 4077 1907 4142 qnam
1919 4072 2010 4125 trime·

354 4144 404 4197 tit:
423 4156 474 4194 nec
486 4139 557 4192 dilui
575 4147 626 4191 aot
640 4136 756 4190 madere
765 4137 854 4189 noluit
865 4144 979 4206 propter
989 4135 1155 4191 facilitatem
1171 4156 1176 4171 ·
1208 4150 1295 4196 stram
1306 4142 1438 4196 fructum.
1451 4143 1522 4193 Eius
1532 4158 1650 4211 namque
1659 4143 1937 4211 siliqusocaulesque
1948 4156 2009 4207 gra·

356 4212 492 4266 culturae.
528 4210 633 4265 lindam
652 4216 796 4275 acceptum
818 4206 1156 4260 bumoremnullisfonti·
1209 4214 1321 4266 tissimo
1332 4219 1398 4265 sont
1409 4213 1512 4280 pabulo
1523 4214 1627 4280 pecori.
1665 4215 1757 4280 Aquas
1774 4211 2010 4266 inflorernarimo

354 4285 407 4337 bus
417 4281 518 4345 reddit,
537 4280 588 4334 sed
597 4285 746 4359 temperat,
765 4286 794 4330 et
804 4292 978 4346 concoquens
989 4278 1065 4330 intra
1076 4292 1106 4333 so
1116 4280 1157 4330 ri·
1210 4284 1396 4352 concupiscit:
1420 4296 1558 4335 cumr-aro
1571 4282 1712 4345 defloruit,
1732 4284 1849 4352 erigone
1861 4280 2009 4335 desiderat.

356 4352 619 4405 cesuccicontinet.
657 4348 768 4402 Seritur
779 4356 840 4400 toto
856 4363 938 4412 anno,
949 4348 1048 4415 panico
1059 4348 1156 4410 senaal,
1210 4353 1314 4417 Solone,
1325 4354 1353 4406 in
1365 4368 1420 4422 quo
1431 4361 1495 4405 sata
1504 4360 1555 4413 cst,
1565 4353 1701 4405 lectitent
1710 4353 1844 4406 stercoris
1854 4353 1924 4404 rice.
1945 4342 2010 4403 ideo
2089 4345 2097 4359 '

355 4422 399 4471 ¹³¹⁸
409 4418 495 4474 sme-
531 4422 876 4487 Ε1111111111111·18131101,
892 4433 962 4485 (lude
971 4418 1157 4486 interquieve·
1209 4425 1285 4477 circa
1297 4424 1500 4489 Macedoniam,
1512 4422 1751 4491 Thessaliamque,
1766 4439 1828 4475 cum
1837 4420 1939 4474 llorere
1950 4434 2011 4473 coc·

353 4506 394 4549 re,
414 4486 533 4541 fundunt
548 4504 641 4543 rosam
664 4489 853 4542 ‹edormiorem
865 4489 969 4542 satira:
990 4489 1062 4541 adeo
1081 4496 1157 4541 terro
1209 4496 1259 4562 pit,
1270 4501 1384 4547 vertunt
1393 4508 1470 4546 arra.

355 4570 411 4608 nun
425 4564 517 4607 cessat
526 4571 633 4624 parere.
671 4558 749 4611 Unde
768 4559 852 4627 vulgo
870 4558 985 4622 dictum,
1004 4556 1069 4611 Blus
1081 4558 1155 4624 apud
1244 4564 1377 4617 Nascitur
1387 4570 1416 4617 et
1427 4579 1479 4616 eon
1489 4570 1587 4631 sponte
1596 4563 1737 4630 plerisque
1746 4561 1775 4611 in
1786 4558 1864 4617 lucis,
1880 4557 1955 4608 sicot
1966 4574 2010 4611 se·

358 4629 515 4691 0811111111101
533 4627 678 4693 ‘intuentis
696 4644 777 4695 (11111111
797 4626 870 4693 allud
891 4634 999 4680 oetew·
1010 4628 1065 4680 olei
1086 4627 1156 4679 fieti·
1209 4634 1414 4701 ptemtrionalis
1426 4632 1643 4692 oceaniinsnlia,
1655 4630 1769 4696 quasub
1780 4627 1809 4677 id
1821 4624 2014 4680 uostriFoba·

357 4694 497 4758 erontum
511 4701 603 4748 autem
620 4696 764 4749 universas
775 4704 866 4748 terras
876 4711 991 4762 campus
1002 4699 1156 4762 Campanus
1208 4703 1266 4754 rias
1277 4704 1432 4773 appellantr
1445 4705 1511 4756 item
1521 4704 1548 4752 in
1559 4698 1740 4752 Mauretania
1749 4693 1886 4747 silrestris
1897 4698 2009 4762 passim,

358 4762 513 4824 nntecedit,
531 4770 641 4816 tanturn
660 4768 747 4830 ipsum
770 4765 914 4843 perseius,
937 4781 1007 4832 quae
1018 4766 1155 4849 lraboriae
1209 4772 1257 4825 sed
1271 4772 1417 4838 praedura,
1433 4778 1461 4823 et
1471 4786 1544 4839 quae
1553 4767 1685 4837 percoqui
1697 4766 1861 4831 noapossit

356 4832 1156 4971 :till‘millailfreditt⁰¹rllli¹illidi
1208 4834 2008 4974 ntrltlrizrrl‘trlzttrliridi*litigat

353 4984 429 5037 quac
440 4984 458 5020 a
468 4968 603 5029 Puteolis,
615 4974 644 5018 et
654 4983 725 5036 quac
736 4984 753 5020 a
763 4972 856 5023 cumis
867 4973 991 5041 Capuam
1003 4976 1090 5028 ducit.
1207 4992 1292 5046 scapo
1311 4985 1434 5046 quatuor
1443 4978 1598 5029 cubitorum
1614 4982 1666 5038 cst,
1687 4975 1862 5042 amplissima
1877 4976 2008 5027 crassitu-

354 5066 359 5071 -
389 5038 416 5088 2.
433 5036 513 5089 Alica
524 5038 839 5102 fitezemquarnsemen
850 5044 1062 5109 appellavimus.
1080 5046 1155 5097 'rnn-
1208 5048 1260 5101 do:
1280 5064 1332 5102 nec
1344 5045 1574 5116 periculababct,
1585 5045 1802 5097 molliculum:
1823 5044 1916 5098 simila
1927 5050 2008 5112 caput

354 5107 432 5159 ‹litur
443 5122 560 5187 granum
575 5107 634 5186 cios
645 5108 672 5157 in
684 5106 743 5171 pila
754 5108 859 5176 lignes:
881 5127 916 5165 ne
931 5112 1033 5180 lapidis
1049 5113 1156 5167 duritia
1208 5119 1350 5186 papaveri,
1361 5116 1458 5170 colore
1468 5130 1563 5170 rosso:
1581 5114 1611 5166 in
1622 5129 1656 5168 eo
1666 5113 1750 5169 labae
1762 5130 1816 5167 non
1827 5126 1913 5182 supra
1923 5115 2006 5167 ttice·

353 5183 489 5229 conterat.
525 5174 661 5235 bombus,
681 5183 713 5228 nt
729 5185 888 5241 notumest,
908 5182 976 5248 pilo,
998 5186 1155 5236 vinctorum
1207 5203 1268 5241 nan:
1281 5185 1355 5239 tolia
1366 5187 1471 5253 ampla:
1487 5184 1598 5237 tructos
1609 5184 1668 5252 ipse
1678 5200 1793 5238 amarus
1804 5192 1835 5237 et
1845 5182 2008 5238 odorersad

354 5244 577 5328 poenaliopesa..
607 5244 1014 5329 Primoriinsatpyxisterres.
1050 5253 1155 5305 liaeus-
1207 5258 1286 5310 radix
1299 5268 1431 5325 perquam
1441 5255 1682 5307 lautsincolmum
1693 5255 1773 5319 cibis,
1784 5255 1913 5317 cruda,et
1923 5251 2009 5305 onrni·

354 5320 395 5369 sis
413 5316 479 5368 mdc
493 5322 607 5375 tonrcrs,
627 5320 731 5367 rteruru
748 5318 846 5371 iisdem
858 5321 1041 5373 armamentis
1050 5322 1155 5375 nudata
1208 5342 1245 5380 nu
1256 5327 1382 5390 decocta,
1397 5325 1563 5379 arundinum
1576 5325 1720 5378 radicibus
1728 5325 1841 5378 sinrilis.
1877 5322 2009 5377 Nascitur

355 5385 518 5439 conciditur
526 5382 669 5465 aredulla..
683 5383 725 5435 lta
733 5386 804 5437 tunt
813 5388 903 5442 alicae
914 5390 972 5443 tria
978 5404 1095 5457 genera:
1106 5394 1155 5443 mi·
1207 5406 1236 5451 et
1247 5396 1305 5449 ins
1328 5398 1378 5457 rta,
1390 5396 1552 5462 ciliciaque,
1562 5400 1593 5447 et
1603 5396 1631 5446 iu
1644 5397 1757 5449 'l'osone
1769 5393 1910 5451 chalcidis
1918 5393 1990 5445 latu·

354 5453 732 5518 siarum,acsecundamuatt
748 5456 1153 5526 mantissimomrcrospbac·
1240 5467 1295 5520 lix
1325 5466 1344 5517 Ι.
1360 5464 1709 5531 lislegnminibosautsm
1719 5464 1870 5520 rior-embra·
1881 5466 2009 5517 armatur

352 5525 592 5593 mnsnppellnnt
628 5521 759 5576 Nondum
779 5523 883 5577 babent
904 5526 1054 5581 candorem
1070 5544 1153 5583 soum
1207 5537 1279 5598 less,
1299 5534 1611 5602 etintlraeciapisurn.
1647 5538 1721 5603 ireos
1736 5533 2008 5589 anatsolumtenus

353 5608 408 5659 quo
419 5596 608 5661 praecelluntr
630 5595 686 5649 iam
707 5599 802 5649 tomen
816 5593 1022 5653 Alexandrinae
1041 5601 1152 5663 praete·
1208 5604 1308 5676 magis
1319 5619 1403 5673 mam
1415 5606 1525 5678 mogus,
1536 5606 1644 5660 caelum
1655 5610 1753 5674 utique
1765 5610 1876 5658 siccum.
1887 5602 1952 5657 Duo
1961 5613 2009 5669 μ·
