4368 6008
335 318 369 381 (Ξ.
402 317 548 381 ruinis
581 315 979 385 ssscdnnlnsrtiit
1003 320 1181 385 disicit
1205 321 1291 383 uis.
1313 321 1431 383 xxti.
1465 321 1559 386 CAP.
1582 327 1704 389 tiu-oo.
1780 332 1840 397 2⁷5

200 469 347 535 mtulicse
357 467 463 524 slutner
482 468 589 523 viribus
604 470 995 535 recrenudis,orestomncbo·
1045 472 1154 533 derent
1190 472 1312 527 odorum
1330 488 1425 538 censs,
1445 481 1713 546 unguentorumque,
1736 486 1767 533 et
1777 480 1844 537 deli·

200 539 742 661 il}misem”immffis'ig‘finwss
767 541 910 663 Frigdidum
922 543 994 594 enim
1044 543 1159 606 einrum,
1181 544 1205 623 si
1217 543 1317 610 placet,
1338 545 1845 633 edumsuperstitionisgrstiuemun.

199 615 994 746 tharisiensi.:titii‘ltt‘ttdtttit
1044 611 1840 754 ttin.t⁰.lt”ttl⁹;t.tttltttttrith,illito

199 755 226 803 et
235 747 390 831 preepsrci,
410 762 478 831 quor
489 747 532 799 illi
543 746 640 801 disere
650 748 868 818 micropsychos.
906 750 994 802 litent
1044 765 1115 811 mus,
1123 756 1158 801 ut
1167 756 1245 802 tento
1257 751 1345 832 megin
1354 750 1398 801 sni
1409 749 1524 832 delicies
1535 751 1647 817 pudent.
1754 826 1760 839 Ι

198 817 993 954 tidiittrttitt„tiltttt'ttttlfftsf
1043 816 1841 962 ..illliti'ttitttthtitttititttlttr

197 956 297 1020 tundis,
318 971 345 1007 m
422 957 577 1008 nutssinus
594 953 762 1009 eduliorum
777 965 994 1011 neturemncce·
1042 971 1162 1025 quornm
1174 954 1256 1007 modo
1266 956 1377 1025 frugum
1394 957 1566 1010 omittimusl
1600 961 1841 1019 Nimirnmethss

197 1024 335 1078 dentibusr
347 1025 357 1076 i
378 1039 412 1078 eo
421 1040 476 1076 nou
487 1025 584 1078 eudem
593 1026 722 1078 omuibus
733 1042 830 1079 umere
841 1033 890 1078 sut
901 1026 994 1080 dulcis
1042 1027 1167 1079 indicere
1177 1026 1332 1078 conreniut.
1369 1026 1398 1076 ln
1413 1026 1508 1092 primis
1521 1029 1726 1093 cupientissime
1737 1036 1842 1087 enims·

196 1108 261 1148 esse.
298 1094 344 1148 Sic
354 1095 597 1148 etinlsssitudine
606 1096 751 1162 proniores
761 1111 823 1149 esse
833 1095 870 1149 sd
881 1097 991 1149 bucun-
1043 1097 1112 1148 lium
1125 1110 1187 1148 esse
1204 1102 1322 1155 constet,
1342 1109 1412 1160 quse
1427 1093 1508 1161 fruge
1522 1107 1675 1151 vescemur.
1711 1102 1840 1171 Siliginis

197 1164 280 1225 dim,
291 1171 320 1216 et
330 1163 358 1215 in
368 1165 425 1216 siti
460 1166 499 1218 Er
519 1162 663 1219 oethuec
677 1165 920 1232 nnimiesperitus,
942 1181 992 1218 seu
1042 1163 1295 1233 granucembusts,
1316 1163 1423 1215 ettrite
1438 1178 1499 1214 curn
1510 1166 1729 1232 rinosmmlneo,
1750 1173 1841 1226 oculis

195 1233 286 1300 potius
307 1233 434 1297 unimur,
468 1180 592 1288 dulciore
611 1248 694 1286 nuceo
712 1234 866 1302 mitigetur.
908 1235 992 1289 benit
1042 1235 1117 1286 illitu
1127 1232 1275 1301 epiphoras
1284 1232 1394 1285 sedunt:
1414 1233 1503 1285 tritici
1513 1235 1685 1295 rerd,.ferro
1695 1241 1841 1296 combusto

194 1303 341 1356 transitum
347 1303 472 1371 spiritus,
481 1310 510 1357 et
518 1303 660 1357 molliores
671 1303 741 1357 iecit
752 1310 909 1369 meutusme
919 1307 991 1356 scin·
1041 1304 1088 1367 iis,
1109 1318 1179 1370 quae
1191 1302 1278 1369 frigus
1289 1303 1399 1363 usserit,
1419 1310 1619 1367 praesentaneo
1629 1315 1693 1358 sunt
1704 1312 1839 1364 remedio.

195 1372 261 1425 dent
272 1380 381 1425 euntem
391 1373 618 1442 redeuntemque.
647 1372 847 1441 Experiments
857 1374 885 1425 in
896 1390 927 1426 se
938 1375 992 1426 cui·
1041 1372 1240 1433 Furinntritici
1252 1386 1285 1423 es
1296 1379 1376 1423 uceto
1388 1378 1476 1432 coctu,
1484 1386 1629 1426 nervorum
1641 1380 1840 1432 contrectioni·

193 1455 259 1510 que:
283 1441 388 1493 nullius
409 1458 465 1494 non
482 1442 527 1496 irs
545 1442 701 1512 inuusque,
715 1442 835 1495 tristitie
851 1449 880 1497 et
900 1444 992 1495 omnis
1041 1442 1107 1494 bus:
1125 1456 1186 1493 cum
1198 1454 1313 1492 rosaceo
1326 1455 1400 1501 sero,
1420 1446 1449 1492 et
1463 1440 1518 1493 ilco
1533 1443 1617 1505 sicce,
1636 1446 1783 1514 myxisque
1793 1449 1840 1503 dn.

193 1511 277 1563 enimi
291 1511 412 1578 impetus
430 1512 492 1564 cibo
508 1514 643 1566 mollitur.
679 1512 747 1566 ideo
768 1528 802 1564 ue
820 1511 992 1566 obserrnnda
1041 1512 1138 1574 coctis,
1159 1508 1283 1562 turtures
1295 1509 1416 1561 tonsillis
1424 1508 1605 1578 faucibusque
1614 1516 1841 1581 gargarizatione

190 1588 265 1642 sunt,
286 1582 525 1647 qusenonsolum
541 1597 688 1652 corporum
705 1527 881 1645 medimnum,
900 1582 992 1635 sedet
1042 1588 1167 1648 prosunt.
1203 1578 1306 1632 destun
1326 1577 1504 1644 Pomponius,
1522 1582 1658 1647 praetorii
1676 1584 1730 1634 riri
1751 1594 1840 1654 peter,

190 1662 302 1701 murum
313 1649 425 1703 habent.

225 1715 285 1767 Lu.
303 1719 380 1781 Aqua
391 1719 482 1772 mulso
491 1728 520 1770 et
529 1723 711 1771 tussientibus
721 1721 800 1771 utilis
810 1719 939 1779 traditur,
948 1732 991 1770 cs·

190 1783 297 1837 leiucts
313 1783 413 1836 invitet
427 1788 602 1839 vomitiones.
639 1789 745 1840 Gontrs
758 1800 893 1838 venenum
905 1786 989 1852 psim-

189 1851 291 1921 mythii
301 1853 630 1916 mlutnris,udditnoleo.
664 1854 991 1920 ltemcontrshyoscyn·

190 1937 275 1985 mum,
286 1937 347 1973 cum
358 1922 432 1976 lsete
443 1924 564 1976 menime
574 1924 691 1987 asinino,
702 1931 731 1977 et
740 1929 840 1976 contre
849 1922 989 1974 hulicncu·
1006 1972 1009 1981 ,

189 1993 265 2055 burn,
286 1998 316 2041 ut
327 1989 454 2044 diximus.
491 1992 651 2045 Intenditur
662 2001 690 2046 et
700 1994 823 2056 nuribus,
843 1997 873 2044 et
882 1993 989 2057 genitu-

188 2060 260 2112 lium
283 2058 395 2114 fistulis.
434 2058 531 2113 Vultis
551 2063 703 2129 imponitur
726 2077 788 2114 cuns
810 2076 882 2130 pune
902 2060 989 2122 molli,

189 2128 290 2182 subitis
311 2129 483 2192 tumoribus,
503 2131 620 2195 iussus,
640 2131 832 2200 leniendisque
853 2130 989 2181 omnibus.

187 2197 367 2252 inveteratus
384 2198 648 2254 usum-dnmnsrere
666 2201 782 2268 posteri,
802 2201 892 2252 minus
910 2202 988 2250 inno-

188 2273 299 2321 centem
311 2282 392 2337 aquo,
402 2268 548 2337 minusque
558 2271 626 2322 vino
636 2270 754 2322 iirmum.
791 2268 989 2335 bongntumen

186 2344 331 2390 vetustate
340 2338 444 2392 transit
454 2338 483 2389 in
501 2341 604 2402 ninum,
625 2345 657 2391 ut
673 2344 783 2391 constet
798 2339 872 2389 inter
885 2351 990 2399 omnes,

185 2405 335 2460 stomacho
345 2408 565 2470 inutilissimum,
575 2409 723 2476 nervisque
734 2405 913 2460 contronium.

222 2475 297 2530 Llll.
316 2477 430 2544 Semper
440 2476 559 2529 mulsum
570 2492 605 2530 ex
617 2484 714 2530 vetere
724 2478 788 2528 rino
802 2474 990 2535 utilissimum,

182 2543 378 2612 facillimeque
388 2560 450 2597 cum
462 2546 544 2597 melle
555 2552 787 2611 concorporatum
807 2542 879 2612 quod
890 2542 918 2593 in
930 2542 991 2592 dul-

183 2615 211 2667 ci
223 2628 281 2664 nun
302 2627 364 2662 uum
375 2612 476 2664 evenit.
511 2614 553 2664 Es
570 2622 685 2665 austero
703 2612 809 2665 luctum
827 2627 881 2663 non
892 2611 990 2679 implet

182 2689 297 2734 stomnc
316 2695 371 2741 urn,
391 2694 481 2747 neque
498 2695 532 2733 es
551 2680 667 2734 decocto
684 2683 776 2744 melle,
796 2683 940 2747 minusque
951 2681 991 2732 in·

180 2748 246 2810 llot,
271 2747 346 2815 quod
361 2747 421 2801 iere
440 2750 541 2803 evenit.
576 2751 731 2818 Appetendi
747 2765 856 2818 quoquc
878 2756 991 2803 revocet

181 2816 353 2872 oriditstem
367 2818 431 2869 cibi.
464 2819 565 2872 Alsum
582 2821 674 2873 mollit
684 2820 789 2889 frigido
806 2825 883 2886 potu,
904 2820 987 2887 pluri·

181 2889 235 2942 hus
248 2886 343 2940 eulido
355 2887 440 2939 sistit.
478 2890 601 2956 Corpore
615 2897 708 2959 suget
744 2889 831 2943 Multi
848 2896 987 2942 senectem

178 2955 398 3025 longemrnulsi
409 2963 515 3009 tentum
529 2959 634 3012 nutritu
647 2960 813 3021 toleravere,
832 2972 921 3025 neque
933 2958 989 3010 sliu

179 3026 243 3081 ullo
255 3025 330 3089 cibe,
352 3024 456 3078 celebri
472 3027 607 3080 Pollionis
627 3029 739 3081 Romilii
750 3029 886 3094 exemplo.
922 3028 990 3079 Cen·

179 3096 319 3149 torturum
335 3109 438 3147 nonum
460 3097 640 3151 excedentem
660 3113 723 3151 eum
743 3097 830 3148 Divus
847 3098 987 3163 Augustus

176 3162 290 3233 hospes
305 3164 500 3232 interrogarit,
520 3180 639 3234 quonum
656 3167 775 3219 menime
792 3166 900 3218 rotinus
912 3165 988 3234 vigo·

176 3248 241 3288 rem
253 3233 337 3285 ilium
349 3233 435 3285 enimi
444 3235 622 3304 corporisque
634 3235 808 3288 custodisset.
843 3236 879 3287 At
889 3234 937 3286 ille
946 3250 988 3286 re·

177 3304 317 3374 sponditz
340 3304 416 3355 intus
426 3305 523 3367 mulso,
536 3305 604 3358 ioris
616 3305 688 3358 oleo.
724 3304 815 3357 Verre
826 3305 932 3370 regium
945 3319 990 3379 co·

176 3376 380 3445 gnominntum
401 3376 527 3427 morbum
548 3382 695 3443 srquatum
713 3374 822 3437 trudit,
858 3373 989 3440 quonium

176 3445 275 3497 mulso
288 3450 412 3498 curetur.

213 3511 294 3567 civ.
315 3511 451 3565 Melitites
461 3526 516 3578 quo
528 3512 608 3565 fleret
618 3513 743 3565 medoen
757 3518 851 3565 musto
857 3518 886 3565 et
895 3511 987 3573 melle,

176 3581 331 3634 docuimus
343 3582 372 3632 in
382 3580 493 3633 ratione
508 3581 575 3633 rini.
611 3580 718 3634 Seculis
733 3583 787 3633 inm
802 3581 865 3634 lieri
882 3596 936 3632 non
946 3596 989 3632 nr-

124 3674 130 3683 ·
174 3651 275 3703 bitror
287 3650 343 3702 hoc
357 3664 453 3718 genus,
474 3649 665 3704 inilntienibus
680 3652 838 3703 obnoxium.
874 3649 989 3703 Solebat

173 3728 277 3773 temen
300 3720 487 3771 inveteratum
508 3719 565 3770 uiri
584 3735 669 3772 ceusu
683 3721 745 3773 deri
761 3721 789 3771 in
812 3719 902 3772 febre:
920 3720 988 3772 item

175 3788 354 3841 srticulurio
364 3788 471 3849 morbo,
489 3795 518 3840 ct
527 3803 675 3842 nervorum
688 3790 849 3843 infirmitate
859 3789 987 3842 luberen-

172 3858 267 3920 tibus,
287 3865 318 3911 et
330 3856 491 3909 mulieribus
502 3858 556 3909 vini
566 3860 721 3912 abstemiis.

210 3925 277 3981 LV.
298 3926 394 3977 Mollis
406 3934 521 3979 nsturue
534 3928 642 3980 edesse
651 3945 716 3982 cern
727 3936 783 3981 est:
798 3928 833 3982 de
844 3929 923 3981 culus
933 3926 988 3979 ori·

171 3998 253 4065 gine,
264 3997 406 4059 bonitate,
418 3997 584 4059 nationibus,
595 3998 652 4048 suis
662 3999 784 4050 diximus
795 3997 873 4051 loeis.
891 3996 987 4049 Omnis

171 4072 276 4119 nutem
289 4064 393 4126 mollit,
404 4064 544 4128 calefecit,
565 4066 660 4132 explet
671 4082 802 4133 corpore:
822 4082 918 4118 recens
928 4079 986 4117 me-

170 4134 240 4187 lior.
284 4133 378 4185 Detur
389 4134 416 4184 in
428 4134 581 4186 sorbitione
591 4134 784 4201 dysentericis,
804 4134 915 4201 iurique
926 4134 988 4199 ipsi,

170 4207 201 4256 in
214 4204 303 4272 pulte
322 4203 412 4254 ulieee
427 4204 503 4267 prius
520 4209 620 4255 testeo.
656 4203 826 4254 Adversutur
843 4202 926 4253 luctis
941 4217 988 4252 ns·

113 4321 117 4327 .
169 4282 273 4325 turne:
298 4285 332 4321 ec
343 4270 413 4333 suilli
426 4270 616 4337 magnitudine
627 4270 722 4324 decens
734 4285 822 4338 grene
831 4286 911 4323 cerne
921 4269 988 4321 hen·

167 4350 217 4395 stu
230 4355 297 4393 non
308 4339 451 4403 potiuntur
462 4339 606 4406 cnuguleri
622 4340 666 4392 lec
678 4341 707 4391 in
719 4337 872 4392 stomacho.
907 4337 937 4391 Sl
948 4338 988 4388 in·

165 4411 395 4536 ffinsne'tgmeet,
415 4408 507 4461 albem
530 4423 621 4462 cerem
642 4408 761 4477 inpube
783 4408 879 4460 titisse
901 4420 988 4460 resne·

203 4546 289 4603 LVI.
310 4542 463 4597 Nechuius
481 4561 557 4609 usus,
577 4561 647 4614 qnos
667 4547 755 4600 mixte
775 4547 839 4600 slils
855 4548 987 4613 praestet,

166 4629 349 4675 ersumerere
368 4615 508 4668 medicine
528 4618 630 4683 possit:
651 4619 736 4669 sicuti
751 4632 802 4669 nec
820 4623 987 4678 ceterorum,

163 4703 246 4760 quise
258 4699 330 4739 eum
343 4683 408 4736 eliis
426 4694 551 4752 prosunt.
587 4687 653 4749 inte,
673 4693 706 4737 ut
717 4687 849 4750 diximus,
866 4686 987 4755 ingeniis

164 4761 323 4811 constent.
359 4753 421 4807 Non
442 4754 510 4807 lecit
531 4760 663 4818 cerotum,
683 4756 862 4824 mnisgmutn,
883 4756 986 4824 emple-

163 4836 243 4887 stru,
267 4823 401 4891 collyrio,
422 4825 558 4886 untidots,
576 4840 677 4892 parens
687 4825 736 4877 illu
747 4841 780 4877 nc
790 4825 885 4876 divino
895 4838 986 4877 rerum

162 4896 297 4950 urtilexr
320 4894 493 4945 cilicinorum
516 4893 599 4956 haec,
629 4896 715 4946 irnnro
735 4895 828 4947 verius
851 4893 987 4946 eruritise

164 4969 425 5046 commentusent.
461 4963 583 5016 Naturae
593 4965 704 5046 quidem
715 4979 800 5032 opera
809 4962 937 5016 ubsoluts
947 4968 988 5013 st·

161 5030 987 5171 immittit&ttttttttttttttrp:

161 5180 277 5227 rentur
288 5169 328 5221 nd
339 5177 460 5222 mestus:
477 5177 526 5223 nut
537 5186 654 5240 corpore
663 5172 721 5225 elio
733 5173 885 5234 humentis,
895 5171 930 5223 ud
940 5186 986 5223 ne·

160 5257 232 5297 xus.
277 5239 471 5305 Scrupulutisn
487 5239 595 5308 quidem
617 5242 751 5311 colligere
770 5257 803 5294 ec
816 5242 932 5294 miscere
947 5240 986 5291 ri·

161 5328 224 5373 res,
249 5324 316 5363 non
337 5309 513 5363 coniecturee
529 5308 666 5366 hnmsnne
678 5327 757 5380 opus,
774 5310 824 5363 sed
844 5309 986 5377 impuden-

159 5384 228 5435 tiue
244 5386 307 5434 est.
345 5378 402 5429 Nos
422 5377 643 5432 necindicsrum
663 5383 897 5448 brubiesrumque
918 5392 987 5431 mer·

158 5446 542 5511 cium,sutesterninrbis,
551 5450 616 5501 str-
645 5451 651 5462 '
760 5449 886 5500 ''Li-sne.
923 5448 986 5500 Non

156 5521 291 5588 placent
316 5514 449 5567 remediis
468 5523 526 5569 tum
549 5516 568 5542 '‘
860 5532 883 5558 *n
906 5517 986 5568 nobis

157 5590 351 5660 gignuntur:
367 5584 454 5639 inno
467 5600 503 5641 sse
519 5585 547 5639 il'
903 5599 987 5639 *sse-

1041 1651 1200 1716 ilispnniue
1208 1649 1348 1699 citerioris
1358 1650 1494 1713 princeps,
1515 1665 1577 1701 cunr
1589 1649 1696 1703 horreis
1707 1655 1763 1703 suis
1774 1672 1840 1708 vcn-

1040 1718 1157 1769 tilnndis
1185 1715 1367 1782 praesideret,
1390 1722 1536 1782 correptus
1566 1717 1665 1772 dolore
1691 1721 1842 1790 podsgrse,

1041 1788 1139 1839 mersit
1149 1785 1178 1836 in
1186 1786 1311 1837 triticum
1322 1800 1384 1838 sese
1395 1798 1479 1851 super
1489 1801 1595 1853 genum
1615 1788 1779 1858 levatusque
1789 1795 1842 1846 sic·

1040 1853 1842 1986 relidit·”tritttrtititttrrmt·

1758 1946 1841 1984 scoe.
1885 1964 1890 1976 .

1039 1992 1151 2045 Peleum
1164 2005 1274 2059 quoque
1295 1993 1392 2055 tritici,
1413 1993 1458 2044 rel
1476 1990 1584 2056 hordei,
1652 1997 1723 2049 'dum
1737 2000 1842 2067 imponi

1039 2062 1174 2115 ramicum
1190 2061 1371 2113 incommodis
1389 2063 1498 2128 experti
1510 2063 1615 2127 iubent,
1635 2080 1745 2134 qusque
1755 2069 1841 2122 deco·

1040 2139 1101 2183 ctus
1111 2143 1176 2182 suns
1186 2144 1258 2200 sque
1268 2128 1369 2182 foveri.
1404 2132 1456 2182 Est
1467 2131 1530 2182 etin
1540 2131 1614 2185 iurre
1625 2138 1793 2189 vermiculus
1802 2145 1843 2192 te·

1039 2200 1130 2254 redini
1143 2200 1258 2251 similis:
1281 2214 1336 2266 quo
1348 2199 1424 2251 curis
1447 2199 1571 2253 dentium
1583 2216 1647 2254 cere
1658 2204 1776 2270 incluso,
1797 2223 1842 2261 cs·

1040 2269 1210 2321 deseritintl
1226 2269 1365 2330 dicuntur,
1387 2270 1471 2320 etium
1489 2270 1515 2321 si
1533 2270 1678 2325 tricentur.
1714 2276 1842 2344 Olyrum,

1040 2339 1162 2390 urincum
1178 2337 1301 2389 diximus
1316 2339 1421 2390 rocuri.
1456 2338 1520 2390 linc
1539 2338 1656 2394 decoctu
1673 2343 1705 2394 iit
1718 2346 1842 2398 medicu-

1040 2414 1171 2469 mentum,
1191 2406 1264 2472 qued
1273 2407 1406 2473 Aegyptii
1416 2405 1542 2458 osherem
1552 2417 1665 2474 vocent,
1686 2412 1841 2469 infantibus

1040 2475 1233 2526 utilissimum:
1246 2474 1295 2524 sed
1306 2483 1335 2527 et
1345 2475 1457 2527 udultos
1468 2476 1580 2528 illinunt
1590 2494 1634 2531 eo.

1074 2541 1172 2596 LVlii.
1190 2542 1293 2593 Fsrlnn
1303 2558 1338 2597 en
1354 2542 1460 2594 hordeo
1478 2553 1508 2594 et
1517 2544 1603 2597 crude
1613 2555 1641 2599 et
1653 2545 1771 2601 decoctu
1782 2551 1840 2603 col·

1040 2611 1185 2672 lectiones,
1198 2611 1235 2661 isn
1272 2619 1369 2676 rusque
1387 2609 1511 2673 discutit,
1529 2612 1609 2677 lenit,
1628 2620 1840 2686 concoquitque.

1039 2679 1238 2746 Decoquitura
1252 2683 1292 2730 ius
1310 2681 1337 2729 in
1349 2680 1438 2731 mulso
1448 2686 1641 2747 nqusnuthco
1651 2686 1736 2738 sicce.
1771 2689 1841 2740 ioci·

1039 2748 1115 2800 neris
1130 2747 1273 2801 doloribus
1291 2762 1353 2799 cum
1368 2763 1453 2814 posen
1473 2752 1608 2817 concoqui
1626 2768 1696 2818 epus
1711 2761 1767 2818 est,
1789 2763 1841 2809 nus

1039 2820 1187 2869 cumvinn.
1223 2817 1292 2868 Cum
1312 2832 1379 2867 reru
1401 2818 1475 2871 inter
1495 2821 1667 2884 coquendum
1690 2823 1840 2878 discutien-

1039 2886 1159 2953 dumque
1170 2900 1236 2938 curn
1245 2895 1297 2946 est,
1315 2892 1382 2936 tunc
1401 2886 1429 2936 in
1440 2894 1520 2939 noeto
1537 2889 1645 2951 melius,
1663 2894 1748 2944 uutin
1760 2892 1839 2948 fusce

1039 2958 1124 3017 sceti,
1144 2961 1192 3008 uut
1205 2954 1233 3005 in
1249 2956 1385 3016 cotoneis,
1408 2956 1510 3020 pirisve
1527 2956 1658 3010 decdctls.
1693 2960 1735 3013 sd
1747 2964 1839 3016 nutst-

1038 3026 1171 3092 pedurum
1183 3038 1292 3075 morsus
1302 3039 1363 3075 curn
1376 3025 1473 3076 melle:
1495 3026 1530 3076 ed
1540 3040 1585 3078 ser
1605 3029 1710 3083 entium
1733 3032 1762 3083 iu
1774 3048 1838 3087 nce·

1038 3103 1087 3146 to:
1109 3100 1137 3146 et
1146 3102 1244 3145 conus
1253 3094 1445 3160 suppurantia,
1462 3095 1497 3144 nd
1509 3042 1693 3150 extrahendus
1703 3067 1839 3168 s'uppurs·

1039 3164 1140 3225 tiones,
1156 3177 1191 3214 es
1202 3177 1296 3228 posen,
1317 3161 1413 3214 additu
1425 3165 1555 3216 resinent
1565 3166 1650 3234 gulis.
1685 3168 1728 3220 Ad
1739 3185 1838 3224 coneo·

1039 3233 1145 3284 ctiones
1157 3245 1231 3290 vero,
1241 3239 1270 3282 et
1280 3230 1394 3282 hulcern
1403 3240 1508 3294 reterns,
1519 3248 1581 3286 cunr
1593 3237 1697 3290 resine.
1732 3239 1775 3290 sd
1786 3239 1839 3293 dn·

1037 3302 1120 3355 ritins
1131 3315 1192 3352 cnm
1205 3302 1270 3351 hmo
1280 3300 1478 3362 columborum,
1490 3310 1540 3353 sut
1551 3304 1604 3357 heo
1614 3306 1698 3369 sices,
1708 3313 1757 3359 eut
1766 3309 1839 3361 cine·

1038 3384 1078 3422 re.
1113 3369 1153 3421 ,td
1166 3383 1309 3422 nervorum
1321 3369 1562 3433 inllummstiones,
1571 3381 1621 3425 sut
1633 3376 1839 3441 intestinorum,

1038 3439 1083 3491 rel
1093 3439 1221 3500 luterum,
1241 3437 1286 3491 srl
1298 3438 1417 3488 virilium
1428 3439 1549 3502 dolores,
1566 3455 1628 3493 cunr
1642 3457 1779 3511 peperere
1789 3452 1840 3498 eut

1038 3508 1176 3569 meliloto,
1198 3507 1355 3574 etsquoties
1376 3507 1412 3558 ub
1433 3509 1544 3561 ossibus
1561 3525 1625 3563 cero
1644 3514 1760 3566 recedit.
1795 3516 1838 3568 Ad

1038 3586 1160 3629 strumus
1171 3591 1233 3628 cum
1245 3577 1305 3643 pice
1316 3584 1344 3628 et
1353 3576 1475 3643 impubis
1492 3583 1569 3646 pueri
1583 3579 1671 3645 urine,
1692 3598 1754 3634 cum
1766 3583 1839 3638 oleo.

1039 3647 1107 3698 Cum
1118 3647 1226 3698 Graeco
1246 3645 1330 3697 loeno
1348 3655 1445 3698 contre
1460 3654 1584 3699 tonsores
1601 3653 1838 3716 preecordiorum,

1037 3718 1082 3769 rel
1092 3720 1122 3766 iu
1133 3714 1257 3767 febribus
1268 3729 1329 3766 cum
1349 3716 1431 3767 melle
1442 3716 1487 3767 rel
1498 3716 1580 3782 udipe
1596 3726 1718 3771 vetusto.

1071 3784 1239 3905 Suppuratio
1257 3785 1369 3836 triticeo
1384 3783 1476 3838 lerino
1494 3786 1583 3838 multo
1602 3787 1704 3841 lenior.
1739 3791 1840 3844 Nervis

1039 3870 1100 3908 cum
1135 3854 1280 3920 yoscynmi
1296 3868 1378 3905 succo
1394 3853 1527 3906 illinitur:
1548 3870 1582 3907 ex
1599 3866 1682 3910 noete
1700 3867 1729 3912 et
1744 3861 1838 3923 melle,

1038 3923 1176 3990 lentigini.
1211 3922 1293 3984 Zeus,
1311 3936 1346 3974 es
1358 3938 1412 3989 qus
1422 3923 1522 3975 ebosus
1532 3925 1595 3978 iieri
1607 3926 1738 3988 diximus,
1750 3930 1839 3981 efficu-

1037 3994 1197 4047 dormiens
1219 3990 1375 4044 hordeacea
1396 3993 1521 4044 videtur:
1545 3995 1705 4057 trimestris,
1716 3998 1837 4048 mollior.

1038 4066 1080 4115 Es
1090 4063 1155 4113 nino
1166 4062 1249 4113 rubro
1259 4062 1293 4113 ed
1305 4065 1478 4128 scorpionum
1490 4064 1563 4114 ictus
1573 4064 1677 4131 tepide,
1688 4073 1716 4114 et
1725 4067 1838 4131 mngui·

1037 4146 1100 4183 nens
1118 4130 1341 4184 exscresntibus:
1362 4131 1429 4183 item
1446 4132 1576 4185 erterise.
1611 4132 1695 4182 ‘t’ussi
1713 4148 1772 4183 cuns
1790 4148 1836 4186 cu·

1037 4200 1117 4265 prino
1129 4199 1206 4261 sebo,
1229 4206 1278 4250 sut
1289 4200 1400 4265 butyro.
1437 4201 1481 4251 Ex
1493 4201 1577 4251 foeno
1586 4200 1695 4252 Graeco
1707 4201 1838 4253 mollissi-

1038 4284 1083 4319 me
1094 4271 1224 4318 omnium.
1260 4268 1384 4319 llulcere
1404 4269 1547 4319 manentis
1562 4276 1653 4330 ranst,
1675 4276 1704 4320 et
1716 4268 1837 4325 turtures

1037 4336 1174 4401 corporis,
1193 4336 1331 4387 stomachi
1343 4335 1463 4397 dolores,
1474 4335 1558 4402 pedes
1569 4344 1599 4388 et
1608 4352 1751 4401 mammes,
1774 4354 1836 4392 cum

1037 4405 1102 4457 rino
1125 4411 1155 4458 et
1175 4405 1250 4455 nitro
1268 4411 1354 4456 nocte.
1390 4406 1491 4457 herion
1508 4406 1598 4473 mugit
1614 4407 1715 4458 ceteris
1737 4417 1839 4478 purget

1037 4472 1262 4535 bulcerereteru,
1283 4480 1312 4525 et
1325 4488 1512 4542 gangraenas:
1532 4490 1593 4527 curn
1606 4473 1729 4542 raphano
1739 4480 1838 4534 etsele

1037 4550 1164 4605 etecetn,
1174 4542 1315 4596 lichenes:
1337 4544 1430 4610 lepras
1445 4559 1505 4596 cum
1517 4543 1648 4613 sulphure
1657 4549 1735 4598 rivo:
1751 4554 1780 4599 et
1790 4563 1837 4601 cs·

1039 4614 1106 4682 pitis
1121 4612 1233 4665 dolores
1253 4627 1314 4664 cum
1335 4613 1418 4681 adipe
1439 4616 1570 4667 anserino
1593 4616 1724 4681 impositu
1739 4614 1837 4669 fronti.

1037 4686 1164 4738 Strumm
1174 4691 1203 4736 et
1213 4697 1300 4750 penos
1311 4685 1415 4751 nequiit,
1438 4698 1499 4736 curn
1510 4686 1577 4737 timo
1593 4684 1751 4737 columbino
1761 4694 1791 4739 et
1801 4686 1838 4738 li·
1943 4708 1951 4717 ·

1036 4756 1066 4808 ni
1078 4753 1184 4806 semine
1195 4752 1311 4805 decoctu
1320 4754 1349 4805 in
1359 4755 1433 4806 rino.

1071 4823 1144 4875 biii.
1164 4823 1207 4875 ile
1217 4823 1346 4891 potestne
1357 4824 1507 4892 generibus
1524 4823 1554 4875 in
1569 4822 1680 4892 frugum
1691 4823 1755 4877 loeo
1767 4827 1837 4878 sutis

1037 4892 1167 4955 diximus,
1176 4893 1303 4947 locorum
1312 4898 1428 4946 ratione.
1457 4892 1583 4945 Aisrinu
1593 4891 1690 4945 hordei
1703 4895 1791 4947 distet
1801 4909 1838 4948 ec

1036 4963 1110 5029 quod
1120 4969 1252 5025 torretur,
1272 4966 1308 5016 ob
1319 4963 1347 5014 id
1359 4961 1501 5014 stomsche
1512 4963 1601 5014 utilis
1639 4963 1736 5016 Alsum
1748 4965 1837 5025 sistit,

1036 5031 1209 5099 impetusque
1224 5032 1366 5084 rubicundi
1386 5034 1512 5083 tumoris.
1549 5034 1586 5084 itt
1601 5032 1690 5084 oculis
1705 5033 1837 5096 illinitur,

1037 5108 1066 5153 et
1084 5103 1183 5168 ospitis
1198 5101 1363 5154 dolorieum
1384 5110 1487 5166 mente,
1509 5107 1558 5153 eut
1579 5101 1635 5154 ulie
1650 5100 1837 5169 refrigerent·

1037 5169 1133 5222 herbe
1172 5171 1242 5223 item
1264 5171 1460 5240 pernionibus,
1489 5178 1518 5224 et
1539 5171 1709 5239 serpentium
1730 5170 1836 5238 plegisr

1036 5240 1104 5291 item
1116 5241 1251 5292 ambustis
1261 5241 1379 5303 ursino.
1415 5239 1523 5294 inhibet
1533 5241 1775 5308 quoquepusuins.

1070 5308 1130 5367 Lx.
1148 5308 1250 5361 Furios
1261 5313 1287 5362 in
1309 5310 1441 5377 pollinem
1459 5312 1583 5372 subnetn,
1602 5311 1657 5360 rim
1669 5305 1836 5360 exnnnendt

1035 5377 1159 5432 humoris
1170 5378 1268 5431 hebet:
1289 5380 1353 5431 ideo
1364 5387 1394 5432 et
1402 5396 1501 5433 eruore
1512 5379 1625 5430 suffusis
1635 5378 1665 5428 in
1676 5377 1776 5428 tucius
1786 5390 1834 5428 us·

1036 5462 1090 5516 que
1100 5444 1263 5516 sunguinenr
1274 5448 1418 5517 perducit:
1446 5449 1585 5503 efficacius
1598 5448 1624 5498 in
1636 5459 1711 5512 seps.
1746 5443 1835 5512 isnpo.

1035 5519 1112 5570 nitur
1122 5527 1152 5572 et
1162 5519 1359 5586 pedumesllo‚
1370 5518 1520 5584 olerisque.
1556 5515 1626 5567 Num
1641 5528 1703 5564 cum
1715 5513 1780 5567 oleo
1791 5529 1838 5567 re·

1036 5596 1141 5677 ternuc
1157 5591 1217 5657 pios
1237 5588 1490 5709 deoemoffipulline,
1506 5582 1716 5651 eendytorssts,
1736 5590 1767 5637 et
1779 5584 1838 5638 slis
