4330 6014
417 236 449 297 0.
492 235 637 297 PLINII
680 234 890 298 SECUNDI
933 236 1099 301 Neruis
1143 236 1335 299 dissuis
1379 237 1509 299 ilai.
1564 244 1569 255 '
1747 243 1789 305 ID
1838 212 1841 217 Ι

125 389 198 445 LXI.
290 386 396 455 Bryon,
417 383 562 448 oenanthe,
581 385 720 439 massaris.

125 457 210 513 LXII.
289 457 385 518 Elate,
404 454 449 506 rel
468 452 577 521 spathe.

125 527 222 580 LXill.
292 527 463 587 cinnamum,
486 518 637 578 comacurd.

159 596 283 649 Summa.
311 596 385 657 lies,
415 599 445 644 et
474 590 630 660 historiae,
659 599 689 649 et
710 593 932 661 obseruationes,

124 664 346 720 DCCCCXXIV.

158 735 208 787 Ex
229 736 469 786 Aocroarsos:
482 734 520 786 M.
533 732 668 797 Varrone,
677 734 820 796 Muciano,
838 732 930 802 VIrgi·

124 804 175 867 lio,
187 803 326 866 Fabiano,
336 803 453 866 Seboso,
474 804 628 870 Pomponio
638 804 724 868 Mela,
746 804 853 867 Flavio,
865 803 929 854 i’ro·

123 876 201 937 cilio,
214 876 320 941 Trogo,
327 873 450 939 Hygino,
457 873 571 925 Claudio
582 875 710 935 Caesare,
720 875 804 925 Corn.
813 874 931 940 Nepote,

122 943 219 1001 Sestio
230 943 319 1012 Nigro
339 944 386 1011 qui
406 957 505 1010 graece
526 941 560 993 de
577 943 715 996 medicina
725 942 847 1011 scripsit,
867 943 932 995 Cas·

90 1027 95 1035 ·
120 1010 309 1075 sIo'Iiemina,
320 1012 353 1064 i..
367 1012 476 1074 Pisone,
488 1011 640 1075 Tuditano,
652 1014 772 1066 Antiate.

155 1083 322 1135 Exercent
331 1095 360 1133 s:
373 1079 577 1147 Theophrasto,
587 1084 743 1143 Herodoto,
754 1078 932 1144 Callisthene,

122 1152 246 1221 Isigouo,
267 1149 418 1213 Clitarche,
442 1151 627 1213 Anaximene,
649 1149 771 1215 Doride,
793 1150 931 1212 Nearcho,

124 1220 686 1286 onesicrito‚Poiycrito,Olympiodoro,
707 1221 860 1289 Diogneto,
881 1220 929 1272 Ni·

126 1291 238 1353 cobuio,
249 1289 397 1351 Anticlide,
409 1289 529 1341 Charete
541 1288 726 1356 Mitylenaeo,
738 1289 932 1351 Menaechmo,

122 1359 270 1414 Dorothco
280 1358 431 1420 Athenaeo,
444 1357 531 1425 Lyco,
544 1359 659 1422 Antaeo,
682 1358 821 1428 Ephippo,
843 1359 930 1410 Chae·

122 1446 184 1492 rea,
194 1428 336 1490 Democle,
354 1428 516 1480 Ptolemaeo
528 1427 617 1497 Lago,
639 1431 755 1498 Marsya
767 1428 931 1489 Macedone,

123 1499 206 1552 Zoilo
227 1501 303 1560 item,
324 1496 496 1560 Democrito,
514 1496 707 1564 Amphilocho,
726 1496 932 1561 Aristomache,

123 1568 285 1623 Alexandro
297 1567 487 1635 Pelyhistore,
497 1567 576 1631 iuba,
586 1568 758 1636 Apollodoro
765 1570 854 1636 quide
865 1566 933 1618 ndo·

124 1638 201 1691 ribus
212 1638 335 1705 scripsit,
357 1635 509 1689 Heraclide
529 1637 647 1702 medico,
666 1638 832 1691 Archidemo
852 1637 932 1698 item,

124 1706 265 1775 Dionysio
288 1709 374 1771 item,
395 1705 556 1759 Democede
571 1707 648 1769 itera,
671 1708 833 1774 Euphronio
854 1708 933 1767 item,

124 1776 251 1829 Mneside
270 1777 346 1837 item,
365 1775 493 1844 Diagora
504 1778 581 1839 item,
598 1777 757 1840 inlicitam,
777 1775 931 1831 Heraclide

29 1886 39 1899 .
125 1846 291 1909 Tarentino,
312 1845 470 1897 Xenocrate
482 1844 614 1912 EphesIn,
627 1847 823 1901 Eratosthene.

125 1929 225 1994 Libro
237 1927 334 1994 XIII.
349 1938 555 1994 continenter
568 1929 724 1995 historiae
737 1934 777 1996 de
782 1934 934 2017 peregri·

289 2021 338 2077 nis
352 2011 532 2091 ardoribus,
546 2024 580 2078 et
592 2023 770 2096 ungnentis.

122 2133 145 2186 1,
289 2098 348 2184 De
368 2120 525 2200 ungnentis,
547 2134 658 2201 quando
679 2134 833 2201 coeperint.

123 2201 156 2254 li
292 2201 402 2254 Genera
426 2217 532 2265 eorum,
553 2210 582 2255 et
605 2205 825 2271 compositiones
837 2205 899 2258 Xii.

289 2271 493 2340 Diapasmata,
524 2280 675 2341 magmate:
707 2281 736 2327 et
766 2275 896 2341 probatio

331 2342 475 2409 unguenti.

124 2407 170 2461 IV.
290 2410 404 2473 Quanta
424 2412 453 2462 in
475 2410 623 2477 unguentis
642 2411 766 2467 luxuria.

125 2478 158 2530 V.
291 2478 408 2544 Quando
429 2479 548 2546 primunr
569 2480 705 2533 Romanis
726 2484 754 2533 in
775 2497 836 2534 usu.

123 2544 170 2599 Vi.
294 2548 339 2600 De
356 2549 465 2614 palmis.

122 2613 175 2667 Vll
292 2616 337 2667 De
353 2622 455 2664 natura
476 2628 578 2665 camna.

293 2681 441 2742 Quomodo
461 2689 597 2732 serantur.

120 2752 171 2804 IX.
295 2750 407 2803 Genera
424 2764 529 2813 earum,
551 2757 579 2801 et
600 2750 730 2819 iusignia.

121 2820 157 2872 X
291 2818 809 2887 SyriaearboresePistaciacottana,
819 2820 937 2873 Damas·

311 2904 388 2949 cena,
410 2903 503 2955 noym

124 2956 170 3009 XI.
290 2956 403 3008 Cedros.
422 2956 500 3016 Quae
511 2957 626 3008 arbores
636 2956 719 3009 trium
731 2972 866 3012 annorum
877 2959 934 3011 fro·

317 3032 390 3076 ctam
412 3027 518 3092 pariter
540 3023 671 3079 habeant.

125 3095 184 3148 Xii.
292 3091 489 3148 Terebinthus.

125 3164 198 3216 Xlli.
291 3161 377 3217 ithus.
454 3178 460 3188 ·

125 3232 201 3286 xiv.
290 3230 411 3301 Aegypti
432 3232 562 3284 arbores:
580 3230 663 3285 Ficus
683 3233 877 3287 Alexandrina.

127 3302 188 3354 XV.
290 3301 373 3353 Ficus
392 3301 506 3367 Cypria.

127 3370 202 3425 XVI.
293 3369 401 3437 Siliqua
419 3371 557 3422 ceraunia.
831 3413 834 3417 .

127 3439 211 3493 XVII.
294 3438 408 3492 Persica
428 3439 523 3490 arbor:
545 3445 573 3490 et
594 3439 694 3506 quibus
714 3442 860 3495 arboribus
869 3445 934 3497 sub·

334 3514 485 3560 nascantur
505 3506 623 3561 fructus.

126 3576 225 3632 XViil.

127 3648 201 3701 XIX.

293 3579 369 3630 Cuci.

291 3646 378 3715 Spina
399 3647 547 3715 AegyptIa.

126 3716 201 3839 ii..

293 3717 453 3770 Gummium
475 3731 578 3784 genera
599 3715 646 3767 iX.
668 3716 839 3771 sarcocolla.

290 3787 333 3839 De
352 3801 472 3853 papyro,
492 3785 526 3838 de
543 3783 727 3850 chartaeosu,
749 3789 934 3853 quandococ·

127 3923 215 3977 xxii.

128 3992 219 4046 Xxlli

334 3856 416 3923 perit.

292 3923 442 3989 Quomodo
461 3922 522 3976 tint.

220 4030 228 4045 .
292 3994 403 4048 Genera
422 3994 482 4061 ejus
504 3994 552 4045 iX.

128 4062 231 4116 XXIV.
291 4063 427 4117 Probatio
449 4061 639 4114 chartarum'

128 4132 217 4186 XXV·
291 4135 372 4187 Vitia
392 4132 561 4184 chartarum.

128 4198 232 4253 XXVI.
292 4201 336 4254 De
359 4203 468 4270 glutIno
489 4201 656 4253 chartarum.

129 4268 246 4320 XXVII.
293 4269 336 4322 De
357 4272 436 4321 libris
455 4271 569 4323 Numae.

126 4335 258 4391 XXVIII.
293 4337 455 4406 Aethiopiae
475 4340 600 4392 arbores.

126 4404 231 4460 XXIX.
293 4409 433 4462 Atlantica
452 4409 545 4461 arbor.
565 4409 608 4460 De
629 4406 695 4458 citri
714 4406 827 4470 arbore,
848 4413 878 4460 et
899 4408 934 4462 (le

240 4476 244 4481 '
336 4478 431 4531 citreis
450 4478 563 4530 mensis.

128 4544 215 4599 XXX.
294 4549 372 4612 Quae
391 4548 554 4615 probentur,
574 4551 623 4598 aut
634 4545 826 4612 vituperentur
841 4544 934 4600 inhis.

128 4614 227 4668 xxxi.
293 4619 401 4670 Maium
417 4619 545 4671 citream.

128 4683 240 4737 XXXII.
291 4686 390 4739 Latos.

128 4752 252 4807 xxxiii.
292 4755 465 4824 Cyrenaicae
485 4755 617 4808 arbores:
638 4754 772 4808 Paliurun

128 4822 254 4875 XXXIV.
290 4824 389 4878 Punici
410 4825 477 4877 mali
499 4841 603 4894 genera
620 4824 668 4877 IX.
689 4824 873 4876 Balaustinm.

129 4889 241 4946 xxxV.
289 4897 374 4948 Asiae
395 4902 424 4947 et
444 4895 580 4949 Graeciae
611 4896 742 4946 arbores:
774 4893 935 4960 EpIpactis,

335 4964 425 5028 erice,
445 4980 565 5034 gruem
585 4964 726 5024 Cnidium,
746 4962 804 5015 sire
825 4962 934 5031 thyme-

334 5035 408 5098 laea,
429 5036 487 5088 sire
509 5032 679 5094 chamelaea,
700 5033 761 5084 sive
782 5031 933 5100 pyrosacb·

334 5119 379 5165 ne,
399 5105 458 5157 sive
479 5110 628 5165 onestrum,
649 5104 710 5155 sive
728 5117 866 5156 cneorum.

129 5167 256 5223 XXXVI.
292 5173 430 5241 Tragions
449 5171 655 5241 Tragacantha.

129 5237 270 5295 XXXVII.
293 5243 404 5310 Tragos
422 5246 483 5299 sive
502 5240 626 5309 scorpios
648 5242 755 5309 myrice
775 5243 835 5295 sire
854 5242 936 5309 brya

340 5320 401 5364 estr
422 5329 445 5365 s.

129 5374 281 5431 XXXVIII.
292 5330 467 5449 Eronyssus.

128 5442 257 5500 XXXIX.
292 5450 354 5502 lion
372 5452 465 5503 arbor.

128 5512 188 5567 XL
291 5517 461 5573 Andracble.

983 386 1056 439 XLI.
1147 387 1307 509 coccygia:
1325 382 1457 456 spherae.

983 454 1068 507 XLii.
1144 455 1219 509 Peru
1233 474 1258 510 a.

984 524 1085 577 xarrr.
1143 523 1274 591 suspen.

983 592 1083 647 XLIV.
1143 594 1289 660 Capparis,
1310 597 1368 650 sire
1394 594 1594 666 cynosbateu,'⁸
1612 596 1673 652 sive
1689 596 1787 668 optio·

1191 660 1351 731 staphylon.

983 730 1072 785 XLV.
1142 729 1270 796 Saripha.

984 801 1082 855 XLVI.

1141 798 1225 866 Spina
1243 799 1330 869 regia.

986 871 1096 924 XLVII.
1139 870 1262 938 Cytisus.

984 939 1110 994 XLVIII.
1138 941 1259 992 Arbores
1276 944 1304 1021 et
1319 936 1437 993 frutices
1451 945 1478 992 in
1495 943 1566 996 mari
1585 948 1696 999 noaret
1714 939 1791 1016 Pin·
1842 974 1869 1019 V

1192 1024 1250 1072 cos,
1269 1023 1329 1061 sire
1351 1024 1464 1075 prason,
1485 1013 1544 1065 sire
1564 1021 1667 1070 aester.

984 1078 1085 1132 XLIX.
1137 1079 1235 1147 Bryon
1257 1078 1401 1130 marinum.

984 1149 1017 1200 L.
1136 1148 1168 1200 in
1190 1150 1259 1199 mari
1279 1147 1374 1201 rubro.

985 1218 1031 1270 Li.
1137 1217 1208 1270 item
1230 1218 1258 1269 in
1279 1218 1383 1270 indico.

985 1288 1044 1340 LlI.
1137 1286 1207 1340 item
1219 1287 1440 1356 Troglodytieo:
1456 1284 1536 1338 isidis
1548 1286 1704 1354 ploramus:
1721 1288 1791 1346 Cha·

1193 1356 1414 1423 ritoblepharnn.

1019 1423 1142 1477 Summa.
1172 1425 1246 1491 Res,
1277 1433 1305 1480 et
1326 1425 1478 1491 historiae,
1511 1429 1540 1479 et
1571 1424 1790 1492 obseruationes,

986 1494 1202 1548 CCCCLXVlli.

1020 1565 1067 1615 Ex
1091 1563 1138 1616 Au
1148 1578 1336 1617 creareris:
1348 1564 1387 1617 M.
1398 1563 1534 1628 Varrone,
1545 1565 1685 1627 Muciano,
1697 1565 1791 1633 Virgi-

985 1634 1034 1698 lio,
1045 1633 1181 1695 Fabiano,
1203 1634 1319 1697 Sahoso,
1330 1634 1481 1701 Pomponio
1492 1633 1576 1696 Mela,
1588 1634 1685 1697 Fabio,
1698 1634 1791 1703 Hygi·

985 1720 1031 1768 no,
1043 1705 1147 1769 Trogo,
1158 1702 1292 1765 Procilio,
1305 1705 1423 1756 ClaudIo
1435 1707 1562 1766 Caesare,
1583 1704 1664 1756 Corn.
1675 1702 1793 1771 Nepote,
1883 1760 1889 1775 ,

987 1773 1085 1825 Sextio
1098 1774 1185 1839 nigro
1198 1774 1244 1839 qui
1256 1788 1359 1840 graeca
1380 1774 1414 1826 de
1434 1774 1570 1827 medicina
1584 1775 1704 1841 scripsit,
1725 1775 1791 1825 Cas·
1891 1796 1897 1807 ¹

986 1846 1029 1895 sio
1042 1842 1171 1903 Hemina,
1182 1836 1216 1892 L.
1227 1843 1339 1905 Pisone,
1360 1843 1513 1907 Tuditano,
1524 1845 1644 1895 Antiate.
1834 1856 1838 1863 '

1021 1913 1216 1963 Exrunurs:
1228 1911 1433 1980 Theophrasto,
1446 1913 1600 1976 Herodoto,
1612 1909 1794 1978 Callisthene,

986 1983 1105 2049 isignno,
1125 1979 1276 2042 Clitarcho‚
1298 1983 1482 2046 Anaximene,
1505 1981 1630 2045 Doride,
1653 1981 1793 2047 Nearcho,

987 2049 1318 2118 OnesIcrito,‚l‘olycrito,
1331 2052 1544 2119 Olympiodoro,
1555 2051 1792 2118 Diogneto,Cieo·

986 2121 1064 2182 boio,
1082 2119 1231 2182 Anticlide,
1252 2120 1370 2173 Charete
1388 2121 1574 2189 Mitylenaeo,
1596 2118 1793 2188 Menaechmo,

986 2188 1133 2242 Dorothco
1145 2188 1320 2251 Atheniense,
1332 2191 1421 2258 Lyco,
1431 2193 1548 2254 Antaeo,
1561 2189 1702 2258 Ephippo,
1721 2189 1791 2243 Dio·

988 2277 1031 2322 nc,
1042 2259 1203 2323 Adimanto,
1222 2257 1389 2314 Ptolemaeo
1399 2260 1489 2327 Lago,
1500 2261 1616 2327 Mareyu
1626 2261 1793 2324 Macedone,
1860 2299 1864 2306 .

987 2330 1067 2382 Zoilo
1080 2330 1155 2390 item,
1165 2326 1338 2393 Democrito,
1356 2328 1550 2397 Amphilocho,
1568 2329 1792 2382 AlexandroPo·

986 2399 1134 2467 iyhistore,
1145 2397 1349 2460 Aristomache,
1361 2400 1429 2452 iuba
1438 2416 1468 2452 re
1489 2417 1513 2463 e,
1523 2399 1694 2466 Apollodoro
1704 2398 1794 2466 quide

987 2468 1119 2520 odoribus
1130 2466 1250 2532 scripsit,
1261 2469 1410 2521 Heraclide
1422 2416 1539 2530 medico,
1557 2469 1664 2535 Botrys
1675 2468 1794 2531 medico,

988 2536 1151 2587 Archidamo
1173 2536 1250 2593 item,
1273 2537 1410 2603 Dionysio
1431 2539 1515 2598 item,
1536 2536 1696 2589 Dernocede
1716 2538 1794 2597 item,

988 2604 1148 2670 Euphronio
1159 2605 1236 2664 item,
1246 2604 1374 2655 Mneside
1385 2606 1461 2666 item,
1484 2604 1608 2671 Diagora
1618 2604 1696 2665 item,
1717 2604 1792 2657 Iolla

988 2675 1065 2734 item,
1076 2670 1228 2723 Heraclide
1239 2672 1402 2734 Tarentino,
1415 2672 1573 2724 Xenocrate
1584 2670 1714 2738 Ephesio.

988 2773 1089 2836 Libro
1102 2770 1197 2835 XIV.
1211 2779 1416 2836 enutrirentur
1426 2771 1637 2848 fructiferae
1649 2773 1793 2841 ardores.

989 2890 1009 2941 i.
1021 2897 1050 2942 et
1063 2891 1095 2943 il.
1126 2858 1250 2940 Vitium
1263 2895 1378 2941 natura:
1399 2890 1599 2957 quibusmodis
1612 2891 1712 2944 lerant.

988 2960 1036 3012 ill.
1124 2958 1168 3010 De
1183 2973 1299 3008 avarum
1320 2963 1427 3021 natura,
1447 2966 1476 3011 et
1496 2973 1564 3011 cura
1581 2961 1688 3014 vitium.

988 3030 1036 3082 iv.
1124 3028 1226 3078 Earum
1248 3041 1351 3094 genera
1370 3027 1440 3079 XCI.

989 3101 1022 3152 V.
1127 3097 1253 3164 insignia
1273 3096 1399 3147 culturae
1419 3095 1573 3149 vinearum.
1598 3140 1605 3153 .

987 3166 1036 3219 Vl.
1127 3163 1491 3231 aneninaantiqaissirna.

1126 3234 1169 3285 Ile
1188 3240 1290 3285 natura
1307 3235 1374 3285 rini.

989 3304 1061 3358 Vlil.
1128 3302 1203 3354 Vina
1222 3317 1360 3370 generosa
1378 3301 1412 3352 L.
1607 3320 1612 3327 *

988 3373 1036 3426 IX.
1128 3370 1201 3422 Vina
1212 3370 1398 3423 transmarina
1407 3369 1562 3426 XXXVIII.

989 3443 1024 3494 X.
1129 3440 1195 3493 Vini
1211 3439 1281 3493 falsi
1300 3439 1475 3509 generaVll.

988 3510 1036 3564 XI.
1127 3510 1257 3630 Dulcipnr
1268 3524 1372 3579 genera
1383 3509 1483 3564 XVIII.
1501 3508 1546 3564 De
1555 3523 1640 3579 passo
1658 3517 1687 3565 et
1697 3511 1794 3581 hepse-

1164 3594 1209 3629 ma
1224 3594 1247 3631 e.

988 3650 1050 3702 xit.

995 3234 1054 3287 Vll.

1127 3647 1290 3701 SecundariI
1299 3648 1359 3699 vini
1369 3662 1474 3715 genera
1485 3648 1534 3700 ill.

988 3719 1063 3773 xiii.
1125 3718 1214 3836 errarrlr
1243 3731 1331 3784 nuper
1349 3719 1494 3785 coeperiut
1513 3718 1578 3770 vina*
1599 3732 1735 3787 generosa
1761 3721 1791 3774 ln

1168 3793 1197 3837 ta
1210 3785 1247 3838 ia.
1648 3798 1672 3823 ²

987 3856 1063 3911 XIV.
1127 3854 1171 3907 De
1182 3855 1241 3906 vini
1252 3855 1447 3908 observatione
1457 3871 1475 3908 a
1486 3855 1677 3925 Romularege
1688 3858 1790 3926 posita.

987 3925 1049 3979 XV.
1126 3925 1232 3988 Quibus
1251 3924 1325 3976 vinis
1346 3928 1389 3976 asi
1410 3925 1526 3992 antiqui.

987 3994 1062 4049 XVI.
1125 3993 1272 4046 Notabilis
1292 3994 1368 4048 circa
1386 3994 1547 4064 apothecas.
1573 3993 1617 4046 De
1637 3994 1703 4046 vinu
1724 3995 1791 4061 Opi·

1154 4078 1256 4117 miano.

987 4134 1074 4187 XVli.
1126 4134 1246 4196 Quando
1257 4132 1374 4200 primum
1386 4134 1443 4185 vini
1452 4138 1574 4199 quatuor
1581 4129 1790 4195 generaposita.

986 4202 1087 4256 XVIII.
1125 4203 1169 4255 [ix
1181 4202 1310 4254 labrusca
1318 4217 1398 4253 usus:
1420 4207 1449 4251 et
1459 4200 1521 4264 quIs
1531 4196 1729 4261 frigidissimus
1740 4214 1791 4254 ua·

1152 4277 1217 4322 tura
1236 4284 1344 4321 succus.

987 4340 1062 4392 XIX.
1124 4338 1190 4391 Vini
1202 4338 1295 4388 fictitii
1306 4348 1412 4405 genera
1421 4332 1521 4386 LXVI.

988 4408 1048 4459 XX.
1126 4405 1305 4475 Hydromeii,
1325 4403 1386 4456 siue
1407 4404 1580 4459 melicraton.

988 4474 1062 4528 xxi.
1126 4474 1268 4542 Oxymeii.

988 4545 1076 4597 xxii.
1127 4544 1193 4598 Vini
1206 4542 1362 4626 prodigiosi
1373 4558 1476 4612 genera
1486 4543 1546 4596 XII.

988 4614 1086 4666 xxiii.
1114 4614 1233 4685 ,Quibus
1244 4613 1315 4665 vinis
1326 4613 1361 4665 ad
1373 4629 1454 4668 sacra
1465 4617 1506 4666 uti
1518 4631 1573 4667 non
1583 4614 1685 4670 sitias.

988 4681 1089 4735 XXiV.
1127 4682 1234 4744 Quibus
1246 4684 1393 4751 generibus
1404 4691 1497 4737 musta
1508 4684 1648 4738 candidat.

987 4750 1075 4806 XXN.
1125 4752 1168 4804 Dc
1188 4752 1259 4819 pice,
1277 4754 1386 4806 resinis.

987 4823 1086 4874 xxvi.
1126 4819 1169 4873 De
1184 4830 1282 4887 acet03
1304 4824 1339 4875 de
1356 4822 1444 4876 faece.

987 4891 1101 4944 XXVii.
1125 4893 1168 4944 De
1186 4894 1261 4944 vasis
1271 4892 1400 4943 vinariis:
1420 4892 1455 4944 de
1475 4892 1565 4945 cellis.

976 4960 1115 5021 ,xxviii
1126 4961 1169 5013 Dc
1187 4961 1331 5014 ebrietate.

988 5030 1088 5083 XXiX
1126 5032 1170 5083 Ex
1180 5046 1263 5099 aqua,
1273 5040 1301 5083 et
1312 5029 1438 5100 frugibus
1448 5030 1502 5082 vini
1514 5031 1569 5082 rim
1580 5031 1651 5083 lieri.

1023 5100 1149 5153 Summa:
1171 5103 1234 5163 lies,
1249 5107 1278 5152 et
1287 5099 1431 5161 historiae,
1443 5106 1471 5153 et
1482 5100 1702 5164 observationes,
1712 5098 1776 5153 DX.

1023 5170 1073 5222 Ex
1093 5173 1330 5224 Ancrortraus:
1362 5171 1443 5221 Corn.
1465 5170 1631 5234 Valeriano,
1661 5171 1713 5224 Vir
1732 5170 1792 5235 iiio,

990 5239 1079 5302 Celso,
1089 5242 1194 5292 Catone
1206 5240 1348 5302 Censorio,
1360 5239 1486 5292 sasemis
1496 5245 1576 5307 patre
1587 5247 1616 5293 et
1627 5240 1692 5301 tilio,
1745 5254 1791 5291 ro·
1903 5258 1914 5275 ·

990 5307 1052 5376 pha,
1063 5310 1199 5372 Varrone,
1209 5308 1244 5359 D.
1257 5307 1363 5371 Silano,
1374 5307 1463 5359 Fabio
1474 5307 1594 5371 Pictore,
1605 5311 1709 5374 Trogo,
1731 5308 1792 5374 Hy-

989 5378 1066 5447 gino,
1088 5379 1189 5431 Flacco
1200 5376 1313 5439 Verrio,
1333 5378 1481 5441 Graecina,
1503 5378 1685 5435 iulioAttico,
1706 5373 1793 5427 Celu-

990 5447 1083 5511 melia,
1103 5447 1244 5505 Massurio
1267 5446 1378 5511 Sabino,
1399 5447 1572 5506 Fenestella,
1594 5438 1731 5506 TergiIie,
1752 5442 1794 5499 M.

990 5516 1073 5571 Accio
1084 5516 1195 5581 Plauto,
1205 5515 1316 5578 Flavio,
1327 5515 1467 5638 gemme,
1476 5510 1621 5571 smenon,
1633 5507 1725 5575 Aelio,
1744 5512 1794 5569 At·
