4368 6008
316 274 347 334 C.
382 268 528 363 Plinii
560 264 765 332 sacuam
796 266 962 335 NATUR·
997 268 1184 334 alanna.
1203 271 1306 337 ula.
1324 272 1423 334 XXI.
1454 275 1551 337 CAP.
1573 277 1698 337 23·3d.
1781 278 1842 341 zat

191 426 266 480 iden:
280 420 401 477 trahitur
409 425 541 489 suspectu
552 426 582 472 ct
591 419 621 473 iu
637 434 773 489 purpuras
781 422 896 492 Tyrias,
916 421 995 476 diha·
1048 421 1270 492 axytriphyllon.
1306 416 1835 481 Tertiumexamnibuaminutissimum

191 493 325 566 phaaqus,
345 507 378 547 ac
388 491 551 543 laconicus.
586 490 679 543 Alium
689 492 718 543 ia
729 494 897 561 amethysto,
915 493 994 561 quia
1046 493 1123 544 later
1131 490 1199 545 hacc
1209 494 1319 548 nemori
1331 496 1461 548 cauliculi
1472 497 1641 565 quibusdam,
1650 502 1681 549 ut
1692 496 1844 562 marathro,
1856 548 1862 557 ,

193 565 279 627 riola,
290 571 318 616 et
328 562 422 630 ipsein
436 574 614 627 purpureum,
637 575 772 629 quemque
783 562 963 614 ianthinuma
1046 552 1359 636 hippomarathroinffo
1378 563 1461 635 hanc.
1498 565 1844 621 Utuntureieruliseteo·
1861 616 1872 637 ,
1934 612 1939 619 .
2066 568 2077 634 ς’

193 633 367 703 pellarinrus.
386 628 499 684 Genera
508 628 579 683 enim
591 636 753 696 tractamus,
763 632 793 684 in
803 632 910 699 specics
921 647 991 684 mu·
1045 630 1162 699 cymbis,
1181 632 1321 697 etederac
1351 636 1556 703 orepurpureo.
1591 637 1643 689 list
1653 645 1682 690 et
1691 639 1720 688 in
1730 635 1785 689 alia
1795 653 1844 705 ge·
1975 634 1980 643 '

192 700 497 768 tusesespargentia.
532 699 647 751 Tertius
664 706 716 765 est,
738 701 784 769 qui
798 704 910 770 proprie
928 717 992 754 coa·
1046 702 1487 757 nereearumsilrcstribusrasis
1503 704 1611 758 similis.
1647 707 1844 776 Etiniisquo·
1873 722 1878 729 ·
1930 702 1935 709 “

141 784 147 789 ’
194 771 282 842 chylli
296 771 475 838 intelligitur,
495 768 592 821 multis
607 770 711 823 modis:
731 786 801 823 unus
813 771 842 822 in
854 771 991 825 heliotro·
1045 783 1097 837 que
1107 769 1183 820 calos
1193 774 1301 821 tautum
1313 772 1442 835 delectat,
1459 774 1529 826 odor
1538 783 1631 827 autem
1642 778 1730 828 abest.

191 841 435 927 ple‚etiualiquo
450 853 486 891 ex
500 837 545 891 his
559 838 898 908 plerumquesaturatior:
920 842 992 893 alius
1078 837 1418 906 Etcpeoriduagcnera,
1437 844 1510 911 nigri
1524 852 1610 913 atque
1627 844 1744 909 candidi.
1779 847 1914 909 liucar-

191 915 331 976 rnmalra,
352 910 389 965 nd
401 924 552 977 purpuram
567 909 715 962 inclinans:
738 910 849 962 aliusia
862 910 990 963 violare-
1045 906 1244 959 etadoratum:
1264 911 1476 964 ranrosaamba.
1513 912 1629 966 Floreat
1639 907 1703 982 post
1713 915 1844 980 acquino-

190 984 304 1046 retina,
340 979 555 1050 conchyliorum
576 979 782 1047 vegetissimum
818 978 901 1032 Paria
921 995 992 1032 nunc
1044 977 1131 1029 etium
1147 983 1320 1030 autumnum.
1354 981 1483 1033 'lotidem
1506 988 1535 1034 et
1555 986 1665 1052 origani
1679 986 1707 1035 in
1725 998 1842 1036 carona-

191 1059 410 1120 eomponuntur,
433 1055 463 1104 et
477 1055 579 1101 natura
595 1054 680 1117 atque
693 1048 806 1101 luxuria
823 1049 991 1118 depugnant.
1045 1046 1147 1098 mentis
1168 1044 1284 1114 species.
1314 1049 1435 1100 Alterius
1453 1050 1524 1102 enim
1540 1052 1645 1115 nullam
1661 1067 1765 1106 semen.
1801 1053 1843 1117 ld,

189 1122 275 1176 liutei
286 1120 366 1175 rideo
378 1120 511 1173 honorem
523 1118 760 1189 antiquissimum,
780 1120 810 1170 in
821 1120 992 1186 nuptialibus
1044 1117 1088 1169 cui
1100 1115 1171 1169 odor
1181 1122 1233 1177 est,
1243 1116 1381 1168 Creticum
1392 1128 1515 1173 tucatur.
1543 1118 1548 1125 '

189 1189 326 1245 flunmels
337 1197 427 1243 totum
438 1187 551 1242 feminis
563 1203 735 1241 concessum:
748 1200 776 1241 et
787 1187 917 1241 iortamis
929 1189 992 1242 idea
1077 1183 1180 1236 xxxi.
1198 1185 1330 1239 Totidem
1351 1194 1381 1239 ot
1398 1187 1503 1255 thymi:
1523 1190 1681 1255 candidum,
1703 1207 1736 1246 ac
1757 1190 1843 1261 nigri·
1863 1232 1869 1249 ‚

190 1261 396 1315 connumerari
411 1262 487 1312 inter
504 1258 680 1326 principales,
699 1258 814 1321 hoccat,
835 1273 993 1312 communes
1043 1269 1119 1307 cans.
1154 1253 1254 1307 Floret
1265 1263 1357 1308 autem
1367 1257 1442 1310 circa
1453 1258 1585 1325 solstitia,
1602 1276 1664 1314 cum
1676 1267 1704 1314 et
1716 1276 1783 1329 apes
1795 1260 1844 1314 de·

189 1331 357 1384 maribusac
374 1330 498 1392 leminis,
518 1331 649 1396 quoniam
665 1329 787 1382 societas
804 1331 992 1397 principatum
1043 1330 1177 1391 carpunt,
1198 1330 1227 1376 et
1238 1327 1384 1393 augurium
1400 1328 1557 1382 mollierat.
1592 1329 1843 1384 Proventumcnim

82 1440 85 1451 ,
189 1400 277 1454 dedit,
1043 1401 1157 1460 sperant
1174 1395 1272 1460 apiarii
1290 1395 1334 1446 lar
1354 1411 1369 1447 c
1387 1396 1552 1451 florescente
1568 1414 1611 1452 ea.
1647 1400 1844 1453 Laediturim·

185 1470 325 1523 -sxxtll
342 1471 493 1521 Amaranto
506 1482 560 1519 aaa
572 1464 655 1518 dubio
665 1466 812 1520 vincimur.
836 1465 889 1518 Est
900 1472 992 1519 autem
1045 1463 1149 1524 bribuc,
1163 1465 1322 1531 amittitque
1333 1412 1439 1517 fiarent.
1474 1467 1844 1538 Searenthyminonpotest
1951 1518 1955 1533 ,
2160 1516 2164 1525 .

187 1533 803 1607 spicapurpu1·earerius,quamllosaliquis,
821 1537 993 1602 etipsasino
1045 1531 1229 1598 deprehendi:
1257 1550 1318 1585 cum
1339 1536 1448 1603 origani
1465 1550 1599 1607 perquam
1624 1539 1767 1600 minutum,
1788 1553 1883 1591 nona
1905 1580 1911 1589 ,
1930 1536 1953 1585 ἰ’
2032 1542 2075 1575 t··
2146 1538 2170 1563 '¹

188 1609 286 1661 adore.
321 1606 425 1659 Mirum
437 1608 467 1658 in
478 1622 520 1668 eo,
541 1604 663 1673 gaudere
675 1606 787 1672 decerpi
798 1613 827 1658 ct
836 1606 940 1658 laetius
951 1621 992 1658 re·
1044 1608 1136 1655 tamen
1147 1601 1237 1654 fallat.
1274 1602 1328 1655 Sed
1338 1605 1403 1671 quid
1427 1608 1542 1659 interest
1558 1607 1711 1660 occultasse
1724 1608 1752 1658 id
1763 1616 1844 1660 natu·
2039 1620 2042 1629 ¹

188 1678 274 1729 nasci.
291 1675 422 1728 Provenit
432 1678 557 1742 Augusta
568 1690 673 1727 nicosa:
686 1675 808 1727 duratio
821 1683 992 1727 autumnum.
1043 1672 1120 1724 ranei
1155 1672 1187 1724 ln
1197 1672 1265 1725 ilorc
1275 1672 1335 1740 ipsa
1345 1674 1522 1743 intelligitur,
1538 1684 1655 1745 sataque
1666 1693 1700 1730 eo
1712 1677 1844 1729 nascitur.

187 1744 497 1812 Alexandrinopolma,
517 1743 904 1811 quidecerptosasserratur.
939 1745 992 1796 Mi·
1043 1739 1184 1804 Quidnon
1204 1748 1347 1795 tentavere
1363 1741 1505 1797 hominesi
1538 1745 1634 1798 Mellis
1645 1747 1731 1799 Attici
1742 1748 1770 1798 in
1782 1752 1844 1798 tota

187 1829 281 1883 reque,
303 1819 448 1881 postquam
460 1813 590 1866 deiecere
601 1813 694 1865 cuncti
706 1810 799 1877 nores,
819 1813 991 1867 madefactos
1044 1810 1498 1867 arbesunrmalausexistimatur.
1532 1816 1608 1883 Ergo
1624 1817 1847 1869 translatumcst

187 1899 262 1951 aqua
271 1882 427 1946 revirescit,
448 1889 476 1933 et
487 1882 617 1934 hibernas
634 1896 752 1935 coronas
762 1883 840 1935 lacit.
877 1882 991 1935 Samara
1044 1895 1077 1931 ex
1087 1880 1181 1932 Attica
1191 1879 1327 1948 thymum,
1338 1890 1366 1935 et
1376 1885 1422 1936 rix
1434 1882 1503 1937 flore
1514 1887 1568 1950 (uti
1580 1885 1723 1951 docemus)
1743 1893 1845 1937 satum.

187 1954 248 2007 eius
260 1959 359 2005 natura
373 1952 402 2005 in
418 1953 529 2005 nomiae
544 1948 598 2015 e'st,
617 1952 771 2021 appellato,
792 1953 922 2021 quoniam
934 1968 990 2005 nou
1043 1948 1098 2001 Sed
1119 1950 1176 2001 alla
1193 1952 1267 2003 ratio
1284 1959 1400 2005 naturae
1416 1955 1536 2017 obstitit,
1548 1970 1602 2007 non
1619 1956 1736 2007 durante
1752 1954 1845 2006 Attico
1861 1992 1865 2000 .

186 2031 349 2076 malcerent.
1041 2016 1148 2086 thymo,
1160 2019 1216 2071 nisi
1225 2020 1253 2072 in
1265 2019 1360 2073 afflatu
1373 2025 1466 2076 araris.
1504 2026 1571 2077 Erat
1582 2024 1694 2092 quidem
1706 2022 1774 2077 haec
1784 2023 1845 2091 opi·

154 2098 171 2159 p
221 2092 322 2147 XXlV.
336 2092 367 2143 ln
378 2090 488 2144 nomine
499 2096 529 2144 et
540 2090 625 2160 cyani
634 2089 726 2143 colos:
741 2091 809 2144 item
820 2088 989 2158 holochrysi.
1041 2091 1088 2140 nio
1102 2090 1217 2157 antiqua
1226 2091 1253 2141 in
1267 2094 1339 2153 oprrri
1352 2090 1458 2159 thymo,
1474 2093 1591 2162 ideoque
1600 2110 1656 2147 nou
1668 2095 1744 2147 nasci
1755 2094 1784 2145 in
1795 2095 1846 2145 rir-

188 2163 290 2215 0mnas
306 2151 545 2214 autarithlilares
561 2176 617 2213 nou
636 2158 754 2213 iuerain
776 2146 988 2213 usualexandri
1041 2157 1138 2211 cauta..
1173 2161 1252 2212 'l'unc
1269 2160 1359 2212 oleam
1376 2176 1430 2213 uon
1445 2166 1580 2229 putabant
1594 2164 1681 2233 gigni,
1702 2163 1756 2215 nisi
1769 2164 1844 2215 intra

186 2232 287 2300 Magni
298 2238 402 2293 aetate,
412 2233 543 2299 quoniam
559 2231 710 2298 proximis
720 2238 809 2283 morte
819 2231 878 2282 eius
890 2238 988 2283 aucto·
1042 2227 1207 2281 CCCstadia
1222 2230 1329 2282 amari.
1366 2232 1483 2299 'l'hymis
1498 2232 1606 2301 quidem
1624 2236 1793 2287 nuncetiam
1804 2232 1844 2285 la·

185 2315 234 2353 res
243 2301 348 2354 siluere
361 2299 395 2353 de
404 2301 475 2354 illis:
497 2317 551 2370 qua
562 2299 739 2352 manifestum
751 2307 802 2364 cst,
819 2309 917 2366 postea
927 2300 988 2367 pla·
1041 2296 1141 2364 pidem
1152 2312 1265 2365 campos
1282 2298 1311 2350 iu
1321 2303 1465 2371 prouincia
1474 2298 1646 2356 Narbonensi
1659 2302 1778 2357 refertas
1790 2301 1844 2353 sci·

187 2371 289 2424 cuisse.
326 2368 990 2437 llGraecistamenrepertosquisdubitet:non
1041 2381 1119 2417 nausa
1140 2365 1292 2433 hacpaenc
1310 2369 1372 2419 solo
1388 2370 1489 2433 reditu,
1512 2372 1706 2439 elonginquis
1722 2371 1843 2439 regioni·

185 2439 271 2493 aliter
281 2440 364 2493 ltalia
374 2439 649 2507 usurpantenomlna
661 2437 790 2491 illarnml
1040 2436 1091 2486 bus
1101 2435 1238 2501 pecudum
1254 2436 1375 2488 millibus
1392 2441 1626 2504 convenientibus,
1647 2448 1679 2493 ut
1688 2440 1784 2508 thymo
1795 2455 1842 2492 re·

114 2542 128 2563 ,r
164 2504 186 2575 ‚2
208 2509 311 2564 Ην.
330 2511 367 2560 nt
385 2507 511 2560 hercules
523 2509 622 2574 potilio
641 2507 702 2574 ipsa
722 2522 824 2561 namen
845 2506 989 2573 imposuit,
1039 2511 1162 2555 scantur.

73 2560 97 2585 ι’
114 2554 156 2583 '⁸'
184 2572 352 2637 autumnali,
365 2577 490 2643 circaque
501 2591 597 2642 vepres
608 2577 743 2637 nascenti,
751 2582 781 2628 et
790 2583 899 2628 tuntum
911 2576 988 2628 cola·
1074 2571 1188 2624 xxxta
1199 2573 1236 2624 Et
1248 2586 1371 2640 conyzae
1386 2574 1440 2626 dua
1459 2589 1563 2643 genera
1577 2576 1607 2629 in
1624 2578 1843 2642 coronamentis,

182 2643 433 2706 recommendata,
449 2645 797 2712 quiestrosaesllreatris.
832 2645 913 2696 Folia
924 2660 986 2711 par·
1040 2643 1268 2694 masaciemina.
1303 2642 1597 2698 Diliorentlainiolio.
1628 2644 1843 2698 'l'enuiuslemi-

182 2732 232 2778 var,
241 2717 334 2782 quina.
344 2714 503 2780 illisumquo
514 2716 542 2766 in
554 2729 588 2766 eo
599 2713 677 2779 liare,
685 2715 790 2767 iutiecti
802 2730 941 2776 cacumen,
960 2720 989 2765 et
1040 2725 1102 2772 nae,
1114 2717 1143 2762 et
1152 2711 1340 2772 constrictius,
1360 2716 1573 2781 nrrgustiusque:
1594 2714 1769 2767 imbricutum
1779 2730 1843 2767 ma·

182 2799 241 2837 non
252 2784 309 2835 nisi
317 2790 426 2836 retorto
443 2783 513 2835 lolia
529 2784 615 2846 nasci,
637 2799 721 2850 parvo
734 2785 840 2853 calyce,
852 2784 989 2837 'accersi
1039 2781 1088 2842 ris,
1107 2780 1290 2831 etramosius.
1329 2782 1394 2833 Flos
1404 2797 1514 2850 quoque
1531 2784 1621 2851 magis
1632 2783 1761 2851 splendet
1772 2785 1841 2848 eius,

184 2853 286 2916 colari,
297 2852 403 2905 luteum
415 2868 509 2905 samen
519 2852 685 2906 includente.
1038 2852 1178 2900 serotinae
1198 2849 1309 2917 utrique
1330 2857 1393 2917 past
1408 2854 1658 2906 Arcturum‘iMas
1675 2853 1762 2905 adore
1778 2860 1866 2921 gra-⁴.

223 2923 332 2976 linteus
354 2928 383 2974 et
407 2922 496 2995 bellio
523 2922 759 2990 pastillicantibus
804 2920 987 2990 uinquagenia
1038 2917 1355 2981 rior‚ieminaaeutlor:
1375 2926 1404 2972 et
1419 2920 1756 2974 ideocontrabestiurum
1768 2937 1842 2974 mor·

157 2990 279 3060 'quinis
294 2990 418 3044 barbulis
433 2999 593 3044 coronatur.
628 2992 778 3044 Pratenaes
814 2990 935 3049 illares.
954 3006 988 3044 ac
1038 3002 1084 3038 sus
1104 2988 1206 3053 optior.
1238 2986 1321 3040 Folia
1340 2988 1459 3053 leoninae
1479 2990 1571 3043 mellis
1593 2991 1709 3044 odorem
1730 2990 1870 3046 habent.··

184 3063 247 3114 sine
256 3077 307 3113 usu
316 3061 452 3128 plerique,
473 3066 501 3112 et
515 3060 580 3112 ideo
595 3061 654 3112 sine
671 3061 836 3112 nominibus.
874 3061 946 3124 Quin
959 3066 988 3113 et
1036 3056 1178 3108 Masculus
1195 3054 1278 3108 radix
1299 3072 1316 3110 a
1335 3058 1501 3128 quibusdam
1519 3061 1655 3143 lfflaaotis
1672 3061 1841 3130 appellatur,

184 3128 230 3182 his
242 3133 310 3196 ipsis
321 3131 378 3181 alia
388 3130 438 3182 alii
448 3129 587 3181 vocabula
596 3132 750 3196 imponunt.
1037 3125 1071 3178 de
1081 3140 1136 3192 qua
1145 3123 1277 3176 diximus.
1300 3187 1303 3193 Ι

202 3197 326 3251 lxxvi.
345 3197 530 3265 chrysocome
540 3200 600 3252 sire
611 3197 753 3267 chrysitis,
774 3195 988 3251 nonhabetLa·
1072 3194 1201 3247 xxxiii.
1222 3194 1260 3246 Et
1280 3200 1387 3247 tautum
1406 3194 1477 3248 lolio
1500 3205 1652 3253 coronant:
1680 3198 1755 3252 lavis
1775 3198 1839 3265 ssas,

183 3269 271 3320 tinam
283 3266 509 3335 appellationem.
544 3267 634 3320 Palmi
644 3268 792 3320 altitudine
805 3274 856 3329 est,
878 3283 987 3321 coman-
1037 3263 1419 3328 amaracus,'hemerocullcs,
1439 3267 1614 3333 abrotonum,
1634 3267 1783 3333 helenium,
1804 3269 1841 3320 si·

182 3338 260 3389 tibus
271 3337 382 3406 fulgora
397 3338 459 3389 auri
470 3338 719 3405 corymbia,radice
729 3340 817 3405 nigra,
829 3352 864 3390 ex
876 3345 986 3390 austero
1017 3374 1018 3381 .
1037 3335 1199 3401 symbriurn‚
1209 3335 1369 3402 serpyllum,
1383 3337 1475 3387 omnia
1485 3339 1640 3400 surculosa,
1652 3353 1733 3391 rasae
1744 3337 1838 3391 modo.

184 3406 269 3468 dulci,
279 3406 308 3457 in
321 3408 440 3472 petrosis
453 3408 601 3474 opacisque
611 3422 736 3458 nascens.
1038 3403 1140 3454 Colore
1151 3411 1257 3455 tanturn
1269 3406 1442 3471 placatioris
1453 3405 1515 3470 llas,
1530 3409 1601 3460 odor
1611 3407 1703 3460 abest:
1722 3407 1798 3460 sicut
1809 3413 1840 3461 et

218 3474 333 3527 XXVll.
353 3476 389 3527 lit
400 3475 460 3529 lere
471 3478 592 3543 peractis
608 3475 735 3528 colorum
747 3488 856 3544 quaque
868 3474 987 3527 celeber·
1038 3472 1093 3533 illle
1114 3473 1161 3540 qui
1174 3472 1280 3526 Graece
1296 3472 1384 3541 phlox
1400 3485 1524 3527 vocatur.
1559 3476 1596 3527 Et
1607 3480 1692 3528 rnnrit
1704 3482 1797 3529 tutent
1809 3483 1840 3531 et

182 3546 272 3607 timia
293 3553 419 3599 tremeat
430 3548 502 3598 ratio
515 3546 551 3599 ad
562 3560 610 3598 eas
620 3560 749 3609 coronas,
769 3559 840 3612 qaae
851 3545 987 3597 varietate
1038 3540 1111 3592 lolio
1132 3540 1252 3594 odorata
1273 3550 1344 3605 sunt,
1356 3552 1472 3613 excepta
1496 3545 1631 3614 serpyllo.
1649 3545 1800 3599 Helenium
1823 3563 1881 3611 eq.

183 3616 375 3682 salaplncent.
414 3616 476 3667 Duo
488 3630 704 3684 eorumgenere,
732 3613 987 3668 uandoaliaeilore
1037 3611 1162 3664 lacrimis
1171 3611 1298 3665 Helenae
1313 3612 1417 3665 dicitur
1431 3621 1535 3676 natura,
1556 3620 1585 3666 et
1601 3610 1712 3667 ideo'in
1728 3615 1840 3670 Helena

184 3684 501 3747 canatant,aliaalolio.
521 3684 632 3737 Florem
644 3631 832 3739 essedixcrin
843 3685 985 3754 geniatus:
1037 3680 1130 3734 insula
1150 3681 1383 3735 laudatissimum.
1405 3685 1457 3736 Est
1478 3691 1573 3739 autem
1595 3683 1692 3737 frutex
1711 3683 1788 3737 humi
1807 3701 1840 3740 aa

184 3758 314 3822 (namque
327 3760 355 3806 et
371 3754 405 3806 iis
428 3755 588 3821 decerpitur
609 3756 726 3818 luteast)
745 3756 813 3808 item
828 3753 987 3808 rhododeu-
1036 3766 1171 3819 spargent
1190 3750 1400 3806 dodrantalibus
1417 3753 1553 3819 ramulis,
1578 3752 1651 3810 lolia
1671 3755 1759 3809 simili
1780 3769 1839 3809 ser·

139 3854 149 3865 ·
185 3824 270 3877 droa:
290 3824 359 3876 item
370 3823 491 3891 zizipha,
511 3840 581 3892 quae
597 3833 627 3878 et
643 3824 822 3891 Cappadocia
837 3831 985 3878 rorantur:
1036 3821 1124 3889 pylio.

182 3890 381 3956 hisodaratus‚
403 3895 505 3947 similis
517 3895 640 3947 olearum
652 3894 775 3946 floribus.
812 3896 842 3946 lu
854 3896 985 3963 vepribus
1071 3890 1199 3946 xxxiv.
1225 3892 1394 3944 Abrotonum
1411 3891 1498 3945 odore
1512 3893 1634 3947 iucunde
1647 3895 1726 3964 gnari
1745 3892 1837 3949 flaret.

182 3963 308 4015 nascitur
319 3963 513 4032 cyclaminum,
526 3965 561 4017 de
572 3981 626 4032 quo
638 3964 718 4032 plura
729 3964 808 4017 alias.
843 3962 985 4018 Flaccina
1037 3960 1462 4015 Estautemllosaureicoloris.
1491 3962 1838 4031 Vacuumsponteprore·

75 4040 126 4091 ..rs
155 4030 688 4089 ·.colossinusincaronasadmittitur.
1037 4031 1088 4083 nit.
1126 4031 1272 4086 cacumine
1281 4047 1335 4084 suo
1344 4047 1375 4084 se
1384 4039 1530 4100 propagat.
1567 4032 1677 4085 Seritur
1691 4039 1838 4084 autemsa-

69 4118 75 4127 ·
217 4099 348 4154 xxvlll.
376 4102 460 4156 Falla
474 4105 503 4155 in
517 4104 722 4155 coronamentis
737 4100 862 4152 smilacis
874 4107 904 4153 et
919 4100 984 4153 ede·
1037 4102 1111 4151 minc
1121 4101 1236 4163 melius,
1258 4115 1339 4168 quam
1350 4102 1443 4153 radice
1453 4109 1502 4152 aut
1512 4101 1637 4169 surculo:
1654 4102 1760 4153 semine
1771 4115 1838 4167 quo·

182 4185 240 4232 rac,
260 4172 440 4239 corymbique
462 4187 556 4224 aarum
579 4171 708 4223 obtinent
731 4171 929 4236 principatum,
949 4170 985 4221 da
1037 4183 1089 4239 que
1101 4171 1226 4221 nansine
1237 4173 1365 4237 negotio:
1385 4169 1526 4236 plantaria
1537 4167 1753 4221 transferuntur.
1790 4168 1838 4221 Sic

182 4240 283 4308 quibus
298 4241 327 4292 ia
342 4240 472 4291 fruticum
491 4240 555 4290 loca
569 4240 679 4290 abunde
696 4238 828 4289 diximus.
863 4237 934 4290 Sunt
956 4245 985 4289 et
1037 4234 1219 4293 ethdonium.
1255 4240 1407 4305 Utrumque
1424 4244 1542 4291 aestate.
1577 4237 1689 4288 Alsiosa
1705 4236 1838 4290 enimad·
1855 4252 1877 4275 ³-
1927 4292 1935 4299 ,

181 4310 241 4362 ulia
252 4322 358 4378 genera
370 4308 528 4359 nourinlbus
543 4307 659 4358 Graecis
675 4304 835 4369 indicanda,
857 4307 922 4372 quia
933 4321 984 4356 no·
1038 4306 1149 4356 medum
1160 4312 1239 4357 sunt:
1261 4315 1290 4358 et
1301 4306 1368 4359 Sola
1379 4316 1470 4358 tanuen
1486 4306 1573 4357 nimia
1585 4304 1743 4358 laeduntur.
1780 4305 1838 4360 neu

181 4379 251 4431 stria
271 4377 378 4427 maiore
398 4390 433 4427 ex
449 4384 530 4442 parte
545 4375 626 4427 huius
647 4374 875 4427 nomenclaturae
895 4373 986 4427 deluit
1037 4374 1085 4426 ubi
1099 4376 1278 4437 convaluere,
1299 4383 1380 4427 rutae
1394 4376 1455 4428 rice
1464 4374 1608 4428 imticant.
1642 4375 1835 4428 Abrotonasl·

182 4461 260 4500 cura.
279 4445 318 4497 lit
327 4444 459 4512 pleraque
470 4461 564 4499 eorum
577 4447 606 4497 in
616 4445 721 4497 exteris
733 4444 815 4497 terris
826 4451 986 4510 nascuntur,
1037 4443 1103 4496 mile
1115 4443 1202 4498 odore
1212 4443 1435 4497 leucanthemum
1448 4451 1499 4507 est,
1521 4444 1590 4497 tlara
1601 4443 1666 4497 alba
1675 4445 1817 4499 taborum.
1852 4464 1867 4499 ,·

105 4563 109 4571 ,
180 4516 262 4569 nohis
274 4520 366 4566 tamon
378 4514 571 4581 consectanda,
583 4516 712 4584 quoniam
725 4515 870 4567 denatura
883 4530 985 4580 sermo,
1071 4512 1187 4566 XXXV.
1222 4516 1387 4566 Amaracum
1410 4513 1524 4566 Diocles
1547 4514 1671 4568 medicas
1692 4522 1722 4568 et
1743 4514 1837 4568 Sicula
1865 4547 1875 4554 -

180 4600 237 4638 aon
248 4585 283 4636 de
293 4583 378 4636 ltalia
389 4590 442 4637 est.
1036 4599 1104 4653 gens
1116 4583 1302 4651 appellavere,
1324 4585 1398 4652 quod
1413 4586 1559 4652 Aegyptus
1575 4591 1604 4638 et
1619 4583 1704 4653 Syria
1714 4598 1839 4653 sampsa-

216 4654 320 4708 xxix.
339 4655 415 4722 Ergo
431 4655 461 4706 in
477 4659 676 4706 coronamenta
693 4651 763 4705 lolio
783 4667 884 4709 renero
900 4653 986 4719 melo·
1037 4653 1126 4707 chum.
1162 4652 1270 4707 Seritur
1280 4661 1399 4723 utroquo
1409 4670 1524 4724 genere,
1550 4654 1696 4707 etsemiae
1711 4662 1838 4717 etrama,

133 4716 151 4745 '³
181 4718 564 4793 thron,spiraca,'orignnan,
585 4738 714 4791 cneoron,
726 4718 916 4790 quad'caaiam
927 4724 986 4792 ily·
1037 4723 1161 4779 vivacius
1182 4722 1365 4791 supradictis,
1385 4733 1413 4777 et
1435 4724 1521 4777 odora
1541 4724 1651 4779 asellus.
1687 4724 1838 4792 Copiosurn

181 4796 264 4862 ginus
274 4802 368 4846 cacat:
386 4804 415 4847 ot
426 4792 501 4861 quod
513 4794 707 4861 curnilaginem,
718 4808 789 4859 quae
800 4808 919 4861 conyza:
931 4809 986 4846 nra·
1038 4807 1166 4844 amaraco
1177 4808 1273 4862 neque,
1284 4809 1365 4861 quam
1377 4796 1523 4856 abrotono,
1533 4810 1642 4848 semen:
1663 4793 1712 4847 scd
1723 4794 1837 4846 abroto-

157 4900 163 4921 ι
181 4860 377 4929 lissophyllon,
398 4863 470 4931 quod
483 4865 648 4931 apiastrum:
669 4862 824 4925 meliloton,
845 4863 917 4929 quod
929 4878 986 4914 ser·
1038 4879 1073 4915 no
1085 4863 1163 4914 radix
1176 4877 1232 4914 una
1247 4871 1276 4915 et
1291 4864 1350 4915 alte
1366 4863 1550 4917 descendens:
1569 4865 1671 4917 ceteris
1690 4863 1839 4917 insumant

181 4932 271 4983 talam
284 4933 451 4999 Campanam
467 4949 608 4986 vocamus.
646 4931 821 4984 Estenimin
835 4933 987 4998 Campania
1038 4939 1114 4983 terra
1133 4932 1233 4985 leviter
1249 4930 1373 4985 haerens.
1409 4934 1591 5002 Reliquorum
1607 4934 1681 4985 satio
1703 4943 1834 4987 autumat

180 5001 283 5054 ltullac
293 5001 498 5064 laudatissima,
508 5002 623 5055 Graecis
638 5002 667 5053 in
680 5001 779 5055 Sunia:
804 5002 986 5054 morchalci·
1038 4999 1096 5054 lere
1115 5001 1278 5068 incipiente,
1297 5018 1349 5054 nec
1370 5018 1424 5054 non
1441 5011 1470 5055 et
1485 5019 1550 5056 rere
1569 5003 1734 5071 quibusdam
1756 5002 1838 5064 locis,

183 5070 247 5126 dica
257 5073 416 5127 ctCretica:
435 5072 590 5140 ubicunque
604 5087 670 5124 raro
688 5070 797 5138 asperis
812 5078 840 5123 et
851 5071 985 5124 silvestri·
1037 5085 1107 5138 quae
1119 5072 1215 5122 umbra
1225 5071 1356 5139 gaudent,
1367 5079 1395 5124 et
1405 5087 1485 5141 aqua,
1495 5088 1528 5126 ac
1537 5074 1611 5125 hmo.

180 5140 319 5195 busnata.
356 5145 480 5196 coronas
493 5157 526 5196 ex
539 5158 572 5194 ea
583 5142 734 5208 antiquitus
745 5140 898 5204 factitatas,
910 5140 983 5195 indi·
1070 5140 1197 5193 xxxvl.
1233 5140 1434 5211 Nyctegrctum
1455 5143 1529 5195 inter
1548 5157 1639 5212 pauca
1658 5142 1776 5194 miratus
1794 5146 1837 5192 est

182 5213 226 5266 cia
237 5219 283 5265 est
291 5226 392 5264 nomen
401 5212 536 5273 sertulae,
556 5209 631 5279 quod
647 5210 800 5278 occuparit.
836 5210 912 5262 Odor
923 5213 983 5263 eius
1036 5210 1222 5274 Democritus,
1233 5212 1337 5264 calaris
1347 5210 1465 5281 hysgini,
1476 5210 1546 5264 lolia
1557 5213 1661 5280 spinae,
1672 5224 1723 5264 nec
1733 5218 1837 5263 eterra

181 5296 263 5335 croco
273 5282 442 5342 ricinusest,
461 5290 490 5333 ot
502 5282 562 5343 ilos,
581 5283 644 5347 ipsa
654 5296 732 5333 cana.
755 5279 853 5332 Placet
864 5280 983 5331 nraairue
1033 5293 1064 5331 sa
1076 5279 1444 5349 attollentem,praecipuam
1456 5285 1482 5332 in
1495 5281 1634 5334 Gedrosia
1643 5287 1748 5333 namet
1767 5276 1836 5330 lirui

179 5350 257 5405 toliis
267 5350 439 5404 brevissimis
450 5358 533 5419 atqua
544 5350 740 5417 pinguissimis.
1034 5355 1097 5414 past
1112 5351 1319 5416 aequinoctium
1336 5366 1451 5404 uernum
1467 5351 1612 5414 radicitus,
1630 5350 1728 5401 siccari
1749 5363 1785 5399 ue
1799 5346 1835 5400 nd

212 5422 303 5477 XXX.
322 5418 724 5474 Foliocaronatettrilolium.
750 5416 983 5484 Triaeioagene·
1033 5418 1139 5470 Lunam
1152 5421 1268 5486 triginta
1280 5420 1386 5485 diebus,
1405 5421 1450 5472 ita
1465 5420 1559 5473 lucere
1575 5418 1713 5472 noctibus.
1766 5432 1835 5501 agos

143 5528 162 5547 η
179 5501 219 5544 ra.
254 5484 906 5561 Minymthesrocantnraeeaaliisaphatam
925 5501 981 5520 ³¹¹²-
1033 5486 1254 5556 l'arthorumque
1270 5505 1349 5558 reges
1367 5490 1409 5540 uti
1427 5488 1479 5541 hnc
1496 5487 1584 5542 herba
1597 5485 1633 5539 ad
1645 5492 1710 5537 rota
1719 5489 1836 5556 suscrpi·

177 5558 336 5627 loretello,
354 5575 409 5631 quo
429 5564 548 5613 utuntur
563 5559 712 5612 coronarii.
748 5557 829 5612 Alter
1135 5560 1258 5615 Eandem
1269 5559 1364 5614 :ocari
1375 5556 1598 5628 chenamyehoa,
1616 5554 1748 5625 quonian
1758 5572 1837 5614 anas·
