4374 6014
298 342 332 405 C.
355 338 506 404 PLlNll
530 339 743 402 SECUNlll
769 342 942 405 NATUli.
967 341 1162 405 illarum
1191 341 1280 407 nlla
1302 341 1451 405 XXXV.
1487 344 1586 408 GAP.
1608 352 1708 410 9-26.
1779 352 1847 418 893

182 499 376 552 Teutonorum
386 493 499 563 legatus
509 492 663 560 respondit,
683 492 882 563 interrogatus,
893 495 991 563 quanti
1044 495 1120 551 (iere.
1155 496 1804 569 Eademadustasiccatscabritlaseculanum,
1833 519 1851 561 e

183 584 245 623 cunr
256 567 438 628 aestimaret,
458 564 513 618 sibi
532 564 632 616 donari
646 564 723 618 nolle
739 565 825 619 talem
840 564 933 618 rivum
944 579 991 618 re·
1043 569 1108 620 rino
1119 569 1249 620 maxime.

1080 636 1153 690 xlv.
1172 637 1312 690 liubricae
1325 651 1413 704 genua
1427 637 1457 690 in
1473 652 1508 689 ea
1525 637 1638 691 voluere
1655 639 1777 710 intelligi
1787 644 1849 713 qul·

184 652 339 760 ruiiiiug'erl
351 704 528 773 praecipuam
539 702 739 786 auctoritatem
750 703 817 757 iecit
827 698 938 772 publice
949 710 991 758 ta·
1044 706 1107 760 dem
1119 707 1259 759 secundae
1269 708 1448 760 auctoritatis
1460 724 1467 758 ε
1488 705 1608 774 palnram
1627 711 1699 763 enirn
1713 713 1850 768 Lemniae

184 778 258 832 bulis
270 778 373 830 Caesar
383 775 520 836 dictator,
540 776 624 827 Atace
641 779 670 826 et
680 773 782 828 Medea
793 782 861 827 ante
870 774 990 829 Veseris
1045 777 1159 831 dabant.
1193 777 1284 829 Minio
1296 778 1423 844 proxima
1433 776 1503 828 hoec
1514 784 1576 839 est,
1597 780 1715 832 multum
1727 783 1850 850 antiquis

186 847 346 902 Genetricis
365 844 587 899 aedemdicatis.
624 842 693 895 Post
713 860 776 896 eum
798 844 838 896 lt.
857 846 989 915 Agrippa,
1045 847 1381 911 celebrata,cumiosula,
1398 846 1638 913 inquanascitur.
1674 850 1848 905 Necnisisi·

185 921 229 972 rir
240 917 391 973 rusticitati
414 916 531 983 propior
544 929 625 981 quam
646 913 764 967 deliciis.
800 916 902 969 Exstat
914 924 990 969 certe
1044 924 1132 986 gnata
1148 918 1377 969 venundabaturs
1399 917 1472 969 unde
1488 922 1516 968 et
1532 915 1709 985 sphragidem
1725 922 1850 988 appella·

186 989 350 1042 eiusoratio
366 985 522 1053 magnilica,
544 992 572 1037 et
590 984 712 1036 maximo
729 985 828 1037 cisium
842 985 934 1053 digua,
954 986 990 1039 ds
1044 1002 1119 1041 vere.
1155 988 1216 1049 liae
1227 986 1340 1038 minium
1351 985 1496 1038 sublinunt
1507 987 1730 1057 adulteramque.
1750 991 1780 1041 ln
1791 1006 1849 1046 me·

185 1058 288 1111 tubulis
310 1056 439 1107 omnibus
460 1054 603 1123 signisque
623 1055 811 1121 publicandis:
833 1056 908 1123 quod
928 1056 990 1110 lieri
1044 1056 1145 1118 dicina,
1157 1055 1495 1123 praeclararesbabetur.
1532 1056 1689 1125 Epiphoras
1701 1062 1773 1111 enirn
1786 1076 1852 1113 ocu·

185 1131 275 1183 satius
298 1125 407 1188 luisset,
427 1140 509 1192 quam
531 1124 559 1174 in
571 1124 699 1176 villarum
716 1125 815 1176 exsilia
827 1126 902 1190 pelli.
941 1125 991 1178 Ve-
1044 1127 1135 1179 lorum
1147 1128 1258 1194 mitigat
1269 1136 1298 1180 et
1310 1127 1423 1178 dolores
1435 1126 1599 1178 circumlita.
1634 1129 1852 1197 Aegilopasnra·

73 1260 77 1267 ‚
184 1197 355 1252 rumeadem
372 1195 424 1246 illa
440 1194 559 1247 torrites
573 1194 685 1246 tabulas
703 1194 773 1247 diras
785 1195 879 1248 Aiacis
898 1196 991 1251 etVe·
1044 1212 1112 1249 aare
1132 1196 1271 1263 prohibet.
1307 1197 1477 1265 Sanguinem
1499 1198 1690 1261 reiieientibus
1713 1214 1747 1253 ex
1767 1205 1851 1253 aceto

185 1265 731 1333 nerismercataestaCyziceoisxill.
762 1263 991 1317 lnThermarum
1044 1266 1265 1319 daturbibenda.
1311 1267 1422 1318 Bibitur
1433 1273 1570 1319 etcontra
1581 1268 1684 1320 lienum
1698 1284 1852 1338 renumque

186 1351 297 1407 quoque
319 1335 491 1388 calidissima
513 1341 594 1401 parte
624 1334 813 1395 marmoribus
838 1334 992 1389 incluserat
1044 1336 1123 1400 ritis,
1144 1344 1173 1388 et
1193 1339 1376 1406 purgationes
1396 1336 1573 1390 feminarum.
1609 1339 1680 1392 ltem
1700 1347 1730 1392 et
1751 1347 1852 1394 contra

224 1421 286 1458 rras
297 1406 434 1469 tabellas,
455 1404 540 1472 paulo
550 1408 615 1457 ante
627 1418 688 1457 cum
702 1404 887 1458 reficerentur
900 1440 910 1469 ,
928 1406 992 1458 sub·

199 1483 362 1611 atliiSuper
373 1508 469 1597 earnes
481 1545 569 1595 Divus
581 1545 720 1609 Augustus
730 1541 760 1593 in
770 1541 845 1595 Foro
856 1556 908 1593 suo
920 1542 992 1595 cele·

185 1615 348 1673 berrimain
359 1619 439 1680 purte
456 1613 549 1679 posuit
564 1611 676 1663 tabulas
691 1610 771 1673 duas,
792 1625 862 1676 quae
873 1611 940 1662 belli
953 1613 991 1680 pi·

190 1694 263 1738 ctam
277 1683 376 1736 faciem
396 1681 501 1734 habent
518 1687 547 1733 et
558 1679 734 1748 triumphum.
771 1679 847 1732 idem
859 1682 991 1733 Castorea

186 1770 220 1809 ac
230 1754 384 1807 Victoriam
396 1752 502 1820 posuit,
523 1757 551 1802 et
563 1766 631 1819 quas
649 1750 775 1802 dicemus
789 1751 840 1803 sub
852 1751 991 1803 artificum

87 1854 92 1861 ·
184 1824 328 1878 mentione
339 1824 367 1873 in
378 1822 484 1888 templo
495 1821 624 1873 Caesaris
635 1820 732 1887 patris.
779 1819 855 1873 idem
868 1821 897 1872 in
908 1823 993 1873 Curia

185 1909 305 1962 querque,
326 1907 406 1960 qoem
417 1891 445 1941 in
458 1889 577 1942 Conritio
588 1890 778 1951 consecrabat,
799 1889 869 1941 duas
882 1890 991 1942 tabulas

183 1963 327 2030 impressit
340 1960 453 2028 parieti:
475 1959 608 2011 Nemeam
620 1959 764 2011 sedentem
777 1974 862 2025 supra
872 1959 992 2023 leonem,

184 2032 368 2102 palroigcram
380 2030 479 2095 ipsam,
497 2028 627 2081 adstante
638 2044 699 2081 cum
711 2026 810 2080 baculo
821 2043 896 2092 sene,
912 2029 991 2082 cuius

185 2118 270 2171 supra
281 2107 365 2167 caput
376 2100 474 2152 tabula
490 2100 572 2168 bigae
589 2098 734 2166 dependet.
771 2097 867 2150 Nicias
878 2098 992 2166 scripsit

184 2188 216 2225 se
227 2172 378 2224 inussisse:
402 2171 452 2222 tali
464 2171 537 2220 enim
549 2185 616 2220 usus
628 2177 671 2222 est
683 2170 777 2220 verbo.
812 2168 936 2220 Alterius
948 2176 990 2221 ta·

183 2242 270 2295 belae
281 2239 432 2293 arioriratio
443 2244 494 2299 est,
515 2238 647 2305 puberem
659 2238 747 2289 illium
759 2236 820 2288 seni
831 2239 906 2304 patri
917 2238 991 2289 simi-

87 2346 93 2355 .
185 2313 243 2367 lem
265 2326 344 2371 esse,
365 2309 444 2361 selva
462 2310 565 2359 aetatis
586 2306 765 2369 differentia,
792 2307 991 2373 supervolante

185 2382 282 2450 aquila
293 2379 441 2431 draconem
454 2376 609 2443 complere.
655 2375 835 2428 Philochares
847 2376 900 2429 hoc
909 2393 991 2429 suuni

186 2467 259 2519 opus
271 2467 331 2503 esse
343 2455 462 2503 testatus
485 2455 536 2499 est.
574 2448 722 2509 immense,
742 2445 786 2497 rel
798 2460 881 2497 unam
894 2446 992 2513 siquis

186 2527 297 2574 tantum
309 2519 380 2571 hanc
391 2517 515 2570 tabulam
528 2514 668 2576 aestimet,
691 2515 819 2583 potentia
828 2514 907 2579 artis,
931 2532 991 2568 cum

187 2598 303 2661 propter
322 2586 525 2647 Plriloebarcm,
545 2584 765 2651 ignobilissimos
781 2585 888 2653 alioqui
904 2586 993 2639 Glau-

187 2659 295 2713 cionem
306 2656 448 2723 liliumque
461 2655 519 2706 eius
531 2655 712 2721 Aristippum,
733 2664 848 2708 senatus
859 2657 992 2723 populus·

187 2744 242 2797 que
253 2728 391 2779 Romanus
403 2731 445 2777 tot
454 2724 558 2778 seculis
568 2731 687 2791 spectet.
711 2723 809 2778 Posuit
819 2733 849 2777 et
860 2726 994 2779 Tiberius

123 2828 137 2845 .
188 2800 293 2851 caesar
313 2797 426 2849 ririrrime
448 2796 534 2847 comis
557 2796 759 2860 imperotor,in
781 2796 886 2864 templo
903 2796 992 2864 ipsius

186 2867 316 2935 Augusti,
329 2881 397 2933 quas
409 2881 472 2917 moa
484 2865 677 2917 indicabimus.

222 2937 269 2990 Xl.
280 2938 423 2989 llacteaus
434 2935 539 2986 dictum
550 2936 589 2986 sit
602 2934 637 2987 de
646 2935 784 3003 dignitate
794 2936 863 2986 artis
874 2936 992 2989 morien·

184 3007 231 3061 tis.
268 3006 375 3068 Quibus
386 3005 527 3058 coloribus
539 3005 657 3073 singulis
670 3006 751 3071 primi
763 3007 927 3073 pinxissent,
949 3004 993 3057 di·

184 3079 289 3140 ximus,
311 3091 374 3129 cum
393 3076 428 3129 rie
448 3077 597 3143 pigmentis
619 3075 793 3128 traderemus
808 3076 838 3126 in
860 3075 992 3127 metallis.

186 3149 240 3210 Qui
254 3146 502 3198 monochromatea
512 3160 616 3213 genera
626 3146 754 3212 picturae
765 3147 934 3208 vocaverint,
944 3145 993 3212 qui

185 3214 298 3276 deinde,
319 3224 348 3268 ct
359 3231 428 3279 quoe
439 3217 538 3283 quibus
551 3216 725 3282 temporibus
736 3216 902 3279 invenerint,
923 3215 994 3267 dice·

185 3299 248 3338 nnus
260 3283 289 3333 in
302 3283 444 3335 mentione
459 3286 610 3345 artificum,
632 3286 762 3351 quoniam
779 3285 904 3338 indicare
914 3291 994 3337 natu·

184 3370 235 3408 ras
246 3352 387 3413 colorum,
407 3368 494 3404 causa
505 3353 627 3404 instituti
640 3353 734 3418 operis
746 3355 823 3419 prior
833 3360 886 3407 est.
921 3357 994 3407 'Pan-

186 3423 252 3477 dem
265 3437 296 3472 se
306 3435 353 3473 ars
364 3421 426 3486 ipsa
435 3421 575 3484 distinxit,
583 3428 611 3473 et
622 3422 725 3474 invenit
737 3422 829 3475 lumen
841 3432 925 3491 atquc
937 3437 994 3474 um-

186 3494 262 3552 bras,
273 3489 433 3543 differentia
441 3490 567 3541 colorum
580 3491 690 3539 alterna
699 3492 758 3542 vice
768 3508 832 3545 sese
843 3497 994 3546 excitante.

184 3558 297 3615 Deinde
307 3559 436 3625 adiectus
446 3565 490 3610 cst
500 3557 642 3624 splendor,
648 3556 720 3607 alius
734 3557 780 3610 hic
790 3572 873 3625 quam
886 3557 994 3611 lemen:

185 3645 268 3699 quem
281 3628 346 3697 quia
356 3629 430 3681 inter
440 3625 492 3679 hoc
504 3634 533 3678 et
545 3628 670 3678 umbram
683 3635 767 3690 esset,
782 3627 996 3696 appellaverunt

185 3711 291 3754 tonon:
314 3698 512 3751 commissuras
521 3710 589 3750 vero
601 3696 727 3749 colorum
738 3703 768 3749 et
777 3697 923 3758 transitus,
934 3695 995 3747 bar·

184 3784 298 3824 maren.

223 3811 283 3892 riu.
290 3836 362 3891 Sunt
371 3839 465 3889 autern
476 3832 872 3898 coloresaosteri,sutiioridi.
885 3832 996 3886 Utrum·

186 3925 241 3977 que
254 3916 361 3970 natura,
377 3913 426 3960 aut
438 3907 558 3959 mixtura
568 3906 671 3961 evenit.
708 3904 817 3957 Floridi
830 3909 906 3968 sunt,
925 3918 995 3971 quos

186 3979 317 4032 dominns
328 3976 455 4043 pingenti
468 3983 603 4041 praestat:
622 3974 748 4038 minium,
756 3975 926 4034 Armenium,
938 3972 995 4024 cin·

186 4048 311 4109 naboris,
323 4044 512 4112 chrysocolla,
525 4045 660 4103 indicum,
672 4046 875 4110 purpurissum.
912 4044 994 4095 Cete-

185 4121 214 4172 ri
235 4114 350 4169 austeri.
389 4114 430 4163 Ex
451 4114 580 4164 omnibus
603 4112 824 4174 aliinoscuatur,
844 4112 897 4164 alii
916 4115 995 4163 liunt.

186 4188 349 4241 Nascuntur
360 4180 482 4248 Sinopis,
503 4181 626 4241 rubrica,
637 4180 840 4246 paraetonium,
850 4180 995 4241 melinum,

186 4254 313 4315 Eretria,
326 4251 571 4317 auripigmentum.
594 4250 687 4302 Ceteri
699 4251 850 4316 tinguntur,
862 4250 996 4316 primum·

188 4341 244 4394 que
256 4338 326 4393 quos
338 4320 367 4371 in
384 4318 509 4371 metallis
527 4319 657 4371 diximus.
694 4317 847 4371 Praeterea
863 4317 995 4372 erillori·

185 4396 251 4458 bus,
263 4392 358 4453 ochra,
379 4403 491 4441 cerussa
500 4387 763 4453 ueterandaracha,
782 4389 902 4457 sandyx,
918 4386 995 4456 Syri·

187 4480 262 4526 cunr,
285 4467 480 4515 atramentum.

226 4534 300 4586 xltt.
319 4529 430 4597 Sinopis
440 4528 556 4580 inventa
565 4531 608 4578 est
619 4527 738 4593 primum
750 4528 778 4578 in
789 4526 898 4579 Pontos
928 4527 995 4581 inde

187 4618 290 4658 nomen
302 4616 320 4652 a
329 4600 433 4666 Sinope
445 4596 520 4649 urbe.
556 4595 689 4650 Nascitur
701 4605 730 4650 et
739 4600 767 4649 in
779 4599 922 4665 Aegypto,
942 4598 995 4650 lla·

151 4690 169 4707 ·
188 4672 326 4732 learibus,
337 4668 445 4722 Ait-ica:
463 4666 513 4719 sed
523 4667 631 4732 optima
642 4669 670 4718 in
681 4666 797 4730 Lemno,
809 4675 836 4718 et
847 4670 875 4718 in
886 4669 994 4734 Cappa·

189 4743 287 4803 dosia,
308 4739 413 4792 eilossa
433 4754 450 4790 e
471 4736 622 4804 speluncis.
658 4738 736 4800 Quas
758 4738 832 4788 saris
854 4736 995 4803 adhaesit,

190 4811 312 4866 excellit.
348 4806 887 4869 Glebissuuscolos,e'xtramaculosus.
923 4809 995 4859 liac-

190 4896 245 4948 que
255 4883 298 4931 usi
309 4885 375 4931 sunt
385 4883 495 4931 veteres
511 4876 546 4928 ad
565 4875 751 4944 splendorem.
786 4876 901 4942 Species
913 4874 994 4929 Sino·

188 4950 265 5020 pidia
278 4958 348 5002 treas
366 4950 460 5011 rubra,
480 4954 509 5000 et
520 4945 612 4999 minus
623 4948 738 5008 rubens,
749 4950 778 4997 et
787 4946 864 4998 inter
874 4944 924 4996 has
936 4962 993 4997 rue·

191 5021 249 5075 dia.
285 5018 409 5072 Pretium
433 5018 558 5084 optimae
578 5018 608 5067 in
629 5016 725 5079 libras,
744 5015 771 5067 Χ
792 5014 839 5068 lli.
875 5014 994 5066 Ususad

188 5088 417 5159 penicillumaut
429 5089 455 5139 si
466 5088 572 5155 lignum
583 5086 711 5139 colorare
722 5085 816 5138 libeat.
836 5083 913 5147 Eius,
924 5099 997 5152 quae

189 5175 228 5215 ex
236 5158 333 5213 Airica
344 5158 428 5221 renit,
449 5157 545 5210 octoni
557 5158 650 5209 asses:
661 5155 830 5208 cicerculum
841 5154 994 5223 appellant.

190 5231 273 5293 Quae
284 5230 374 5297 magis
385 5230 487 5281 ceteris
499 5229 590 5289 rubet,
600 5227 701 5279 utilior
711 5224 816 5278 abacia.
845 5225 922 5277 ldem
935 5239 996 5292 pre·

124 5326 131 5335 ·
189 5301 265 5353 tium
274 5300 341 5360 eius,
362 5311 434 5364 quae
445 5299 569 5364 pressior
579 5305 704 5359 vocatur,
726 5302 755 5348 et
766 5300 811 5349 est
821 5295 941 5347 maxime
954 5296 996 5348 lu·

189 5385 249 5422 scu.
285 5368 357 5418 Usus
378 5366 438 5417 eius
457 5366 493 5417 ad
512 5368 594 5419 bases
609 5368 770 5420 abacorum.
805 5364 837 5416 la
857 5365 996 5419 medicina

189 5452 259 5490 rero
269 5433 394 5496 blandus,
413 5434 630 5504 emplastrisque
639 5442 668 5489 et
678 5437 864 5504 malagmatis,
875 5435 934 5487 sire
943 5436 996 5488 sic·

1044 1421 1160 1471 venena,
1172 1413 1202 1459 et
1211 1409 1382 1474 serpentium
1394 1409 1469 1459 ictus
1479 1408 1652 1460 terrestrium
1665 1408 1850 1462 marinorum·

1045 1490 1108 1542 que,
1120 1477 1248 1529 omnibus
1261 1477 1324 1528 ideo
1337 1477 1471 1528 antidotis
1482 1477 1642 1530 familiaris.

1080 1542 1142 1596 XV.
1161 1545 1204 1597 Ex
1215 1543 1330 1615 reliquis
1341 1547 1470 1597 rubricae
1480 1547 1643 1614 generibus,
1664 1545 1751 1597 fabris
1762 1544 1852 1598 utilis·

1044 1614 1263 1682 slmaAegyptin
1283 1622 1313 1668 et
1326 1615 1467 1677 Africana,
1502 1616 1634 1682 quoniam
1656 1616 1775 1669 maxime
1792 1629 1851 1666 sor·

1045 1684 1283 1803 belpturpicturis.
1319 1685 1453 1738 Nascitur
1462 1692 1555 1738 sutem
1569 1692 1597 1738 et
1607 1687 1636 1737 in
1653 1684 1781 1738 ferrariis
1793 1698 1850 1737 irre·

1045 1760 1075 1804 ta
1100 1753 1133 1803 is.
1645 1799 1655 1818 ,

1081 1820 1153 1874 xvi.
1171 1825 1213 1875 Ex
1225 1837 1260 1875 ea
1270 1823 1303 1874 iit
1313 1820 1408 1884 ochra,
1420 1830 1521 1875 exusta
1531 1823 1643 1876 rubrica
1655 1824 1682 1875 in
1695 1824 1760 1875 ollls
1771 1823 1851 1875 noris

1045 1890 1107 1943 luto
1129 1891 1303 1944 circumlitis.
1340 1893 1402 1956 Quo
1416 1896 1506 1961 magis
1524 1894 1594 1945 arsit
1604 1894 1631 1944 in
1645 1894 1779 1956 caminis,
1799 1892 1876 1946 hoe·

1045 1960 1154 2013 melior.
1190 1961 1287 2014 Omnis
1309 1967 1403 2016 autern
1423 1964 1536 2015 rubrica
1560 1965 1659 2026 siccat,
1680 1963 1800 2030 ideoque
1822 1966 1853 2016 et

1045 2030 1206 2097 emplastris
1220 2035 1356 2096 convenit,
1369 2032 1428 2100 igni
1440 2037 1527 2083 etiam
1536 2048 1627 2085 sacro.

1080 2097 1167 2151 xvii.
1187 2098 1330 2168 Sinopidis
1347 2101 1482 2153 Ponticae
1497 2103 1615 2166 selibra,
1636 2101 1698 2152 silis
1717 2100 1804 2152 lucidi
1819 2099 1853 2153 ii·

1044 2168 1103 2221 bris
1114 2169 1149 2232 X,
1160 2175 1189 2220 et
1199 2171 1295 2222 melini
1308 2171 1486 2223 Graeciensis
1496 2171 1603 2223 duabus
1615 2170 1710 2222 mixtis
1720 2171 1854 2238 tritisque
1888 2208 1893 2217 .

1045 2252 1109 2301 una,
1120 2253 1171 2305 per
1182 2239 1241 2291 dics
1253 2240 1312 2303 llll,
1323 2241 1523 2307 leucophorum
1534 2242 1574 2305 iit,
1584 2240 1638 2294 hoc
1648 2246 1701 2304 est,
1714 2239 1854 2310 glutinum

1044 2311 1117 2369 auri,
1128 2322 1188 2359 cum
1198 2309 1339 2362 inducitur
1350 2310 1437 2378 ligno.

1079 2377 1131 2429 XV
1133 2377 1177 2428 lll.
1189 2377 1374 2431 Paraetonion
1387 2396 1488 2432 nomen
1502 2378 1556 2431 loci
1569 2377 1655 2433 habet
1664 2394 1700 2432 ex
1709 2381 1852 2449 Aegypto:

1045 2460 1171 2566 spumam
1184 2449 1270 2499 maris
1281 2465 1343 2501 csse
1363 2450 1458 2501 dicunt
1474 2449 1623 2501 solidatam
1637 2465 1699 2502 curn
1712 2450 1799 2501 lime:
1823 2454 1854 2502 et

1046 2517 1055 2566 i
1077 2531 1110 2566 eo
1122 2515 1245 2569 conchae
1262 2518 1387 2570 minutae
1405 2517 1585 2568 inveniuntur
1601 2520 1630 2570 in
1643 2533 1686 2571 eo.
1721 2517 1768 2570 Pit
1781 2524 1810 2570 et
1821 2517 1854 2571 iu

1047 2586 1131 2637 Creta
1151 2585 1252 2648 insula,
1272 2594 1356 2653 atque
1379 2586 1506 2654 Cyrenis.
1541 2586 1726 2639 Adulteratur
1746 2587 1853 2640 Romae

1046 2661 1124 2707 creta
1144 2655 1265 2706 Cimolia
1285 2655 1422 2718 decocta,
1450 2656 1689 2723 conspissataque.
1727 2655 1853 2708 Pretium

1047 2724 1153 2792 optimo
1176 2725 1309 2792 inpendo
1331 2740 1390 2787 sex,
1410 2725 1437 2775 Χ
1457 2725 1478 2776 Ι.
1514 2727 1538 2776 E
1560 2724 1685 2777 candidis
1709 2726 1853 2777 coloribus

1046 2797 1273 2863 pinguissimum,
1293 2802 1322 2848 et
1342 2794 1471 2848 tectoriis
1492 2793 1714 2858 tenacissimum,
1736 2802 1853 2862 propter
1894 2856 1898 2863 .

1045 2864 1196 2917 lactarem.

1080 2933 1302 2986 Autriconum
1319 2932 1466 2985 candidum
1483 2937 1511 2986 et
1531 2933 1620 2999 ipsum
1639 2938 1691 2995 est,
1713 2931 1854 3001 optimum

1046 3004 1075 3055 in
1088 3004 1163 3057 Melo
1180 3003 1278 3056 insula.
1316 3005 1346 3056 ln
1365 3004 1449 3055 Samo
1464 3017 1575 3069 quoque
1591 3005 1728 3055 nascitur:
1749 3003 1800 3057 sed
1817 3016 1853 3056 eu

1047 3088 1101 3125 non
1113 3081 1229 3125 utuntur
1237 3075 1361 3140 pictores
1368 3080 1482 3140 propter
1494 3072 1605 3123 nimiam
1619 3071 1853 3142 pinguitudinem.

1046 3146 1216 3197 Accubantes
1229 3144 1365 3195 effodiunt
1379 3144 1436 3204 ibi,
1454 3143 1529 3193 inter
1544 3157 1614 3193 saxa
1630 3157 1716 3195 venas
1728 3151 1854 3195 scrutan-

1047 3221 1099 3266 tes.
1134 3215 1165 3267 ln
1178 3213 1317 3266 medicina
1328 3211 1447 3265 eundem
1458 3227 1535 3263 usum
1549 3210 1641 3273 babet,
1651 3228 1730 3281 quem
1740 3212 1854 3266 Eretria

1047 3290 1132 3336 creta.
1169 3283 1317 3335 Praeterea
1334 3283 1459 3351 linguam
1475 3288 1550 3333 tactu
1572 3281 1667 3333 siccat.
1704 3280 1782 3333 Pilos
1804 3281 1852 3333 de·

1048 3353 1136 3405 trahit
1145 3358 1173 3403 et
1184 3352 1245 3403 miti
1266 3359 1305 3404 at.
1350 3351 1475 3403 Pretium
1486 3353 1513 3400 in
1525 3351 1612 3404 libras
1623 3352 1749 3403 sestertii
1760 3352 1854 3417 singu·

1048 3420 1078 3472 li.
1115 3420 1166 3472 Est
1177 3427 1206 3473 et
1217 3368 1295 3471 coins
1310 3421 1412 3472 tertius
1422 3436 1438 3472 e
1449 3419 1586 3483 candidis,
1607 3436 1753 3482 cerussae,
1774 3423 1854 3471 cuius

1048 3492 1183 3541 rationem
1195 3491 1224 3541 in
1237 3489 1341 3554 plumbi
1352 3490 1476 3541 metallis
1492 3489 1621 3541 diximus.
1658 3491 1726 3541 Fuit
1737 3497 1765 3541 et
1776 3498 1854 3542 terra

1048 3571 1137 3623 perse
1148 3559 1177 3608 in
1188 3554 1329 3609 Theodoti
1347 3557 1432 3609 londo
1449 3560 1563 3609 inventa
1578 3558 1723 3626 Smyrnae,
1743 3574 1799 3625 qua
1810 3575 1854 3611 re·

1048 3634 1123 3679 teres
1143 3627 1178 3679 ad
1200 3627 1310 3678 narium
1333 3627 1455 3693 picturas
1476 3628 1635 3679 utebantur.
1671 3628 1750 3680 Nunc
1761 3627 1854 3680 ononis

1048 3710 1082 3747 ex
1095 3695 1208 3760 plumbo
1219 3703 1248 3746 et
1257 3702 1337 3746 aceto
1348 3696 1389 3757 fit,
1409 3704 1440 3745 ut
1451 3696 1583 3747 diximus.

1083 3762 1145 3814 xx.
1164 3765 1233 3815 llsta
1241 3778 1310 3815 casu
1323 3769 1435 3829 reperta
1446 3763 1573 3816 incendio
1585 3763 1716 3828 Phaoni,
1736 3780 1853 3820 cerussa

1048 3832 1076 3884 in
1088 3833 1162 3884 orcis
1174 3840 1305 3886 cremata.
1341 3832 1403 3885 liae
1415 3832 1520 3899 primus
1531 3850 1596 3886 usus
1608 3842 1651 3887 est
1662 3836 1756 3887 Nicias
1767 3851 1854 3902 supra

1048 3902 1148 3954 dictus.
1186 3903 1299 3969 Optima
1309 3918 1382 3956 nunc
1391 3904 1515 3955 Asiatica
1527 3902 1654 3968 liabetur,
1670 3919 1740 3972 quae
1751 3912 1780 3957 et
1792 3919 1854 3972 pur-

1048 3988 1136 4041 purea
1147 3971 1314 4041 appellatur.
1350 3972 1473 4024 Pretium
1489 3974 1547 4023 eius
1558 3975 1586 4023 in
1598 3973 1684 4024 libras
1696 3972 1722 4022 X
1734 3973 1779 4024 Vl.
1804 3973 1854 4025 Fit

1049 4051 1076 4096 et
1088 4044 1193 4094 limnas
1204 4051 1328 4094 cremato
1338 4042 1391 4093 sile
1403 4056 1586 4103 marmoroso,
1606 4049 1634 4093 et
1644 4040 1779 4093 restincto
1792 4056 1854 4093 ace·

1048 4118 1088 4163 to.
1124 4112 1190 4163 Sine
1201 4119 1266 4163 usta
1276 4126 1331 4162 non
1343 4112 1411 4160 liunt
1422 4111 1546 4162 umbrae.

1083 4180 1157 4231 XXl.
1177 4181 1290 4232 Eretria
1301 4187 1394 4231 terrae
1409 4193 1477 4231 suae
1492 4178 1576 4229 habet
1587 4191 1695 4229 nomen.
1731 4176 1794 4228 idac
1806 4175 1854 4230 Ni·

1048 4246 1472 4301 comachasetPorrhosiususi.
1500 4247 1667 4313 Refrigerat,
1677 4243 1852 4313 emollitque.

1048 4317 1151 4383 Expiet
1161 4317 1284 4379 vulnera,
1295 4319 1318 4368 si
1330 4321 1485 4384 coquatur,
1508 4315 1544 4366 ad
1561 4313 1692 4367 siccanda
1704 4316 1854 4383 praecipue

1047 4387 1137 4448 utilis,
1158 4392 1186 4438 et
1198 4386 1298 4454 capitis
1308 4384 1462 4446 doloribus,
1478 4385 1552 4437 etad
1564 4384 1794 4451 deprehendenda
1805 4400 1854 4451 pu·

1047 4474 1088 4510 ra.
1123 4456 1244 4510 Subesse
1264 4457 1337 4509 enim
1353 4471 1388 4509 ea
1404 4455 1575 4525 intelligunt,
1596 4457 1620 4506 si
1636 4470 1671 4507 ex
1682 4468 1760 4522 aqua
1778 4455 1853 4508 illita

1047 4544 1101 4580 aon
1114 4533 1229 4580 arescat.

1081 4598 1170 4650 xxii.
1191 4594 1399 4649 Sandaracham
1415 4601 1443 4647 et
1460 4593 1572 4647 ochram
1584 4593 1653 4645 lobs
1664 4592 1752 4646 tradit
1768 4593 1851 4646 inin·

1047 4668 1111 4720 sula
1125 4667 1211 4719 Rubri
1228 4668 1312 4718 maris
1328 4665 1444 4731 Topazo
1462 4666 1555 4717 nasci:
1586 4663 1652 4717 inde
1668 4679 1741 4715 nune
1755 4678 1851 4732 perre-

1048 4737 1153 4790 huntur
1172 4736 1207 4788 ad
1221 4752 1282 4788 nos.
1318 4733 1499 4789 Sandaracha
1518 4735 1656 4803 quomodo
1678 4733 1853 4796 neretum·

1048 4824 1117 4859 mus.
1152 4806 1176 4858 F
1177 4807 1200 4858 it
1211 4813 1241 4859 et
1251 4804 1411 4859 adulterina
1423 4820 1457 4858 ex
1473 4820 1585 4857 cerussa
1595 4804 1622 4855 in
1634 4803 1747 4856 fornace
1759 4810 1851 4856 cocta.

1048 4877 1133 4929 Colos
1144 4893 1205 4929 esse
1216 4876 1301 4929 debet
1312 4874 1466 4928 flammeus.
1494 4873 1618 4927 Pretium
1628 4876 1656 4925 in
1668 4873 1763 4936 libras,
1772 4888 1852 4926 asses

1047 4947 1136 5014 quini.
1777 4958 1781 4963 ’

1065 5009 1853 5081 Xlllll.llaecsitorreatur,aequaparterubricaadmix·
1944 5001 1965 5035 '·

1047 5085 1238 5152 tasandycenr
1254 5082 1333 5137 facit.
1371 5086 1533 5152 Quanquam
1551 5082 1742 5135 animadverto
1759 5077 1851 5145 Virgi-

1047 5154 1116 5207 lium
1127 5154 1305 5207 existimasse
1317 5152 1430 5207 herbam
1443 5153 1472 5205 id
1484 5169 1556 5216 esse,
1567 5153 1618 5204 illo
1630 5166 1728 5204 versu:

1109 5224 1211 5292 Sponte
1220 5240 1270 5275 raa
1279 5225 1384 5305 sandpx
1391 5232 1534 5290 parcentes
1545 5222 1640 5275 vestiet
1651 5233 1745 5288 agnos.

1048 5292 1172 5346 Pretium
1182 5293 1211 5344 in
1221 5292 1318 5356 libras,
1329 5292 1473 5344 dimidium
1486 5293 1557 5354 eins,
1566 5289 1639 5357 quod
1651 5281 1850 5340 sandarachae.

1047 5363 1108 5418 Nec
1118 5369 1184 5415 snnt
1196 5362 1245 5415 alii
1256 5364 1362 5415 colores
1376 5363 1492 5415 maioris
1502 5359 1642 5428 ponderis.
1765 5420 1771 5433 ·
1794 5421 1800 5435 .

1082 5433 1183 5487 xxiv.
1205 5434 1283 5485 later
1292 5431 1420 5484 factitios
1431 5436 1474 5485 est
1484 5436 1513 5484 et
1522 5428 1660 5496 Syricum,
1670 5435 1724 5489 quo
1736 5432 1851 5472 mansum

189 5522 226 5559 ca
246 5500 449 5570 compositione
460 5504 528 5566 eius,
547 5506 607 5557 sire
627 5506 744 5573 liquida,
764 5504 873 5557 facilis:
896 5512 996 5559 contra
1046 5504 1150 5557 sublini
1171 5502 1301 5555 diximus.
1341 5502 1391 5556 Fit
1410 5509 1503 5554 autem
1524 5494 1657 5562 Sinopide
1679 5497 1709 5543 et
1727 5488 1851 5558 sandyce

187 5574 307 5629 hulcera
316 5576 344 5625 in
355 5572 471 5626 liemare
481 5573 545 5635 sita,
556 5573 644 5625 relati
654 5578 720 5639 eris,
731 5575 814 5628 sedis.
849 5573 948 5627 Alvum
959 5574 996 5628 si·
1046 5573 1152 5628 mixtis.
1700 5627 1707 5642 ι

188 5644 359 5697 stitiniusa:
381 5642 548 5696 feminarum
561 5642 706 5711 proderis,
726 5652 796 5715 pota
806 5643 917 5700 denarii
926 5659 995 5715 pou·
1081 5640 1171 5698 XXV.
1189 5642 1383 5696 Atrameatuta
1408 5647 1519 5703 quoque
1540 5631 1619 5685 irater
1640 5628 1769 5684 taetrum
1786 5626 1851 5691 erit,
1935 5664 1939 5671 -

224 5712 326 5797 Pars.
343 5714 442 5769 tissa.
459 5711 593 5770 Nasus·

1398 5705 1436 5759 50
