<?xml version="1.0" encoding="UTF-8"?>
<!DOCTYPE html PUBLIC "-//W3C//DTD XHTML 1.0 Transitional//EN"
    "http://www.w3.org/TR/xhtml1/DTD/xhtml1-transitional.dtd">
<html xmlns="http://www.w3.org/1999/xhtml" xml:lang="en" lang="en">
 <head>
  <title>
</title>
<meta http-equiv="Content-Type" content="text/html;charset=utf-8" />
  <meta name='ocr-system' content='tesseract 3.04.00' />
  <meta name='ocr-capabilities' content='ocr_page ocr_carea ocr_par ocr_line ocrx_word'/>
</head>
<body>
  <div class='ocr_page' id='page_1' title='image "./historiaenatura00plingoog_0419.png"; bbox 0 0 4374 6014; ppageno 0'>
   <div class='ocr_carea' id='block_1_1' title="bbox 356 304 1908 414">
    <p class='ocr_par' dir='ltr' id='par_1_1' title="bbox 356 304 1908 414">
     <span class='ocr_line' id='line_1_1' title="bbox 356 304 1908 414; baseline -0.008 0"><span class='ocrx_word' id='word_1_1' title='bbox 356 351 421 414; x_wconf 79' lang='lat'><strong>408</strong></span> <span class='ocrx_word' id='word_1_2' title='bbox 475 350 508 411; x_wconf 83' lang='lat' dir='ltr'><strong>C.</strong></span> <span class='ocrx_word' id='word_1_3' title='bbox 537 345 688 409; x_wconf 82' lang='lat' dir='ltr'><strong>PLlNll</strong></span> <span class='ocrx_word' id='word_1_4' title='bbox 714 304 922 404; x_wconf 74' lang='lat' dir='ltr'><strong>SECUNDi</strong></span> <span class='ocrx_word' id='word_1_5' title='bbox 951 339 1113 402; x_wconf 76' lang='lat' dir='ltr'><strong>NATUR</strong></span> <span class='ocrx_word' id='word_1_6' title='bbox 1140 338 1325 401; x_wconf 68' lang='lat' dir='ltr'><strong>taisson.</strong></span> <span class='ocrx_word' id='word_1_7' title='bbox 1360 338 1443 399; x_wconf 79' lang='lat' dir='ltr'><strong>uta.</strong></span> <span class='ocrx_word' id='word_1_8' title='bbox 1466 337 1760 400; x_wconf 75' lang='lat' dir='ltr'><strong>xxxia-cae.</strong></span> <span class='ocrx_word' id='word_1_9' title='bbox 1788 343 1908 402; x_wconf 70' lang='lat' dir='ltr'><strong>amat.</strong></span> 
     </span>
    </p>
   </div>
   <div class='ocr_carea' id='block_1_2' title="bbox 297 493 1162 908">
    <p class='ocr_par' dir='ltr' id='par_1_2' title="bbox 297 493 1162 641">
     <span class='ocr_line' id='line_1_2' title="bbox 359 493 1162 564; baseline -0.011 -9"><span class='ocrx_word' id='word_1_10' title='bbox 359 518 433 556; x_wconf 91' lang='lat' dir='ltr'><strong>mum</strong></span> <span class='ocrx_word' id='word_1_11' title='bbox 447 499 558 553; x_wconf 90' lang='lat' dir='ltr'><strong>humani</strong></span> <span class='ocrx_word' id='word_1_12' title='bbox 569 495 703 564; x_wconf 86' lang='lat' dir='ltr'><strong>impendii</strong></span> <span class='ocrx_word' id='word_1_13' title='bbox 714 510 803 563; x_wconf 69' lang='lat' dir='ltr'><strong>opus,</strong></span> <span class='ocrx_word' id='word_1_14' title='bbox 811 493 860 545; x_wconf 87' lang='lat' dir='ltr'><strong>sed</strong></span> <span class='ocrx_word' id='word_1_15' title='bbox 877 507 942 556; x_wconf 89' lang='lat' dir='ltr'><strong>aon,</strong></span> <span class='ocrx_word' id='word_1_16' title='bbox 961 499 992 545; x_wconf 93' lang='lat' dir='ltr'><strong>ut</strong></span> <span class='ocrx_word' id='word_1_17' title='bbox 1004 493 1162 547; x_wconf 89' lang='lat' dir='ltr'><strong>existimari</strong></span> 
     </span>
     <span class='ocr_line' id='line_1_3' title="bbox 297 565 590 641; baseline -0.02 -17"><span class='ocrx_word' id='word_1_18' title='bbox 297 565 301 571; x_wconf 69' lang='grc'>’</span> <span class='ocrx_word' id='word_1_19' title='bbox 358 579 463 641; x_wconf 84' lang='lat' dir='ltr'><strong>potest,</strong></span> <span class='ocrx_word' id='word_1_20' title='bbox 481 570 590 622; x_wconf 88' lang='lat' dir='ltr'><strong>falsum.</strong></span> 
     </span>
    </p>

    <p class='ocr_par' dir='ltr' id='par_1_3' title="bbox 358 631 1162 908">
     <span class='ocr_line' id='line_1_4' title="bbox 400 631 1161 700; baseline -0.013 -6"><span class='ocrx_word' id='word_1_21' title='bbox 400 642 422 694; x_wconf 95' lang='lat' dir='ltr'><strong>l.</strong></span> <span class='ocrx_word' id='word_1_22' title='bbox 441 640 531 691; x_wconf 89' lang='lat' dir='ltr'><strong>Durat</strong></span> <span class='ocrx_word' id='word_1_23' title='bbox 550 635 632 687; x_wconf 87' lang='lat' dir='ltr'><strong>etiam</strong></span> <span class='ocrx_word' id='word_1_24' title='bbox 651 648 724 685; x_wconf 91' lang='lat' dir='ltr'><strong>nune</strong></span> <span class='ocrx_word' id='word_1_25' title='bbox 743 632 770 682; x_wconf 92' lang='lat' dir='ltr'><strong>in</strong></span> <span class='ocrx_word' id='word_1_26' title='bbox 782 633 909 699; x_wconf 80' lang='lat' dir='ltr'><strong>Aegypto</strong></span> <span class='ocrx_word' id='word_1_27' title='bbox 932 631 1161 700; x_wconf 75' lang='lat' dir='ltr'><strong>Heracleopolite</strong></span> 
     </span>
     <span class='ocr_line' id='line_1_5' title="bbox 360 701 1162 774; baseline -0.012 -11"><span class='ocrx_word' id='word_1_28' title='bbox 360 725 454 771; x_wconf 88' lang='lat' dir='ltr'><strong>nomo,</strong></span> <span class='ocrx_word' id='word_1_29' title='bbox 474 709 519 774; x_wconf 93' lang='lat' dir='ltr'><strong>qui</strong></span> <span class='ocrx_word' id='word_1_30' title='bbox 532 704 634 770; x_wconf 90' lang='lat' dir='ltr'><strong>primus</strong></span> <span class='ocrx_word' id='word_1_31' title='bbox 645 701 737 754; x_wconf 87' lang='lat' dir='ltr'><strong>factus</strong></span> <span class='ocrx_word' id='word_1_32' title='bbox 748 708 791 753; x_wconf 90' lang='lat' dir='ltr'><strong>est</strong></span> <span class='ocrx_word' id='word_1_33' title='bbox 803 709 868 754; x_wconf 90' lang='lat' dir='ltr'><strong>ante</strong></span> <span class='ocrx_word' id='word_1_34' title='bbox 879 716 975 765; x_wconf 88' lang='lat' dir='ltr'><strong>annos,</strong></span> <span class='ocrx_word' id='word_1_35' title='bbox 995 709 1026 753; x_wconf 92' lang='lat' dir='ltr'><strong>ut</strong></span> <span class='ocrx_word' id='word_1_36' title='bbox 1038 702 1162 764; x_wconf 85' lang='lat' dir='ltr'><strong>tradunt,</strong></span> 
     </span>
     <span class='ocr_line' id='line_1_6' title="bbox 363 771 1162 848; baseline -0.014 -16"><span class='ocrx_word' id='word_1_37' title='bbox 363 775 552 848; x_wconf 87' lang='lat' dir='ltr'><strong>quatermille</strong></span> <span class='ocrx_word' id='word_1_38' title='bbox 568 780 724 833; x_wconf 87' lang='lat' dir='ltr'><strong>sexcentos,</strong></span> <span class='ocrx_word' id='word_1_39' title='bbox 745 771 924 841; x_wconf 72' lang='lat' dir='ltr'><strong>al’etesucco</strong></span> <span class='ocrx_word' id='word_1_40' title='bbox 941 786 1016 839; x_wconf 87' lang='lat' dir='ltr'><strong>rege,</strong></span> <span class='ocrx_word' id='word_1_41' title='bbox 1038 771 1097 823; x_wconf 88' lang='lat' dir='ltr'><strong>sire</strong></span> <span class='ocrx_word' id='word_1_42' title='bbox 1113 772 1162 822; x_wconf 84' lang='lat' dir='ltr'><strong>Ti·</strong></span> 
     </span>
     <span class='ocr_line' id='line_1_7' title="bbox 358 840 1162 908; baseline -0.004 -14"><span class='ocrx_word' id='word_1_43' title='bbox 358 850 437 902; x_wconf 74' lang='lat' dir='ltr'><strong>ahoe.</strong></span> <span class='ocrx_word' id='word_1_44' title='bbox 473 844 636 908; x_wconf 75' lang='lat' dir='ltr'><strong>Quanquam</strong></span> <span class='ocrx_word' id='word_1_45' title='bbox 650 840 812 893; x_wconf 88' lang='lat' dir='ltr'><strong>llerodotus</strong></span> <span class='ocrx_word' id='word_1_46' title='bbox 831 848 918 892; x_wconf 91' lang='lat' dir='ltr'><strong>totum</strong></span> <span class='ocrx_word' id='word_1_47' title='bbox 932 856 1001 908; x_wconf 91' lang='lat' dir='ltr'><strong>opus</strong></span> <span class='ocrx_word' id='word_1_48' title='bbox 1013 856 1108 908; x_wconf 85' lang='lat' dir='ltr'><strong>regunt</strong></span> <span class='ocrx_word' id='word_1_49' title='bbox 1119 853 1162 891; x_wconf 89' lang='lat' dir='ltr'><strong>es-</strong></span> 
     </span>
    </p>
   </div>
   <div class='ocr_carea' id='block_1_3' title="bbox 263 908 1163 978">
    <p class='ocr_par' dir='ltr' id='par_1_4' title="bbox 263 908 1163 978">
     <span class='ocr_line' id='line_1_8' title="bbox 263 908 1163 978; baseline -0.014 -6"><span class='ocrx_word' id='word_1_50' title='bbox 263 920 268 928; x_wconf 88' lang='grc'><strong><em>’</em></strong></span> <span class='ocrx_word' id='word_1_51' title='bbox 361 934 393 971; x_wconf 84' lang='lat' dir='ltr'><strong>sc</strong></span> <span class='ocrx_word' id='word_1_52' title='bbox 412 915 486 974; x_wconf 90' lang='lat' dir='ltr'><strong>dicit,</strong></span> <span class='ocrx_word' id='word_1_53' title='bbox 508 912 704 978; x_wconf 71' lang='lat' dir='ltr'><strong>notissimique</strong></span> <span class='ocrx_word' id='word_1_54' title='bbox 715 910 919 961; x_wconf 87' lang='lat' dir='ltr'><strong>Psammetichi.</strong></span> <span class='ocrx_word' id='word_1_55' title='bbox 957 912 1074 962; x_wconf 88' lang='lat' dir='ltr'><strong>Causam</strong></span> <span class='ocrx_word' id='word_1_56' title='bbox 1094 908 1163 961; x_wconf 87' lang='lat' dir='ltr'><strong>faci·</strong></span> 
     </span>
    </p>
   </div>
   <div class='ocr_carea' id='block_1_4' title="bbox 359 980 1165 5693">
    <p class='ocr_par' dir='ltr' id='par_1_5' title="bbox 361 980 1163 1185">
     <span class='ocr_line' id='line_1_9' title="bbox 361 980 1163 1048; baseline -0.01 -11"><span class='ocrx_word' id='word_1_57' title='bbox 361 985 425 1037; x_wconf 90' lang='lat' dir='ltr'><strong>endi</strong></span> <span class='ocrx_word' id='word_1_58' title='bbox 445 984 522 1034; x_wconf 80' lang='lat' dir='ltr'><strong>sarie</strong></span> <span class='ocrx_word' id='word_1_59' title='bbox 543 982 770 1047; x_wconf 76' lang='lat' dir='ltr'><strong>interpretantur.</strong></span> <span class='ocrx_word' id='word_1_60' title='bbox 807 980 969 1032; x_wconf 85' lang='lat' dir='ltr'><strong>Demoteles</strong></span> <span class='ocrx_word' id='word_1_61' title='bbox 985 983 1090 1048; x_wconf 81' lang='lat' dir='ltr'><strong>regiani</strong></span> <span class='ocrx_word' id='word_1_62' title='bbox 1102 980 1163 1031; x_wconf 84' lang='lat' dir='ltr'><strong>Mo·</strong></span> 
     </span>
     <span class='ocr_line' id='line_1_10' title="bbox 361 1047 1162 1117; baseline -0.012 -10"><span class='ocrx_word' id='word_1_63' title='bbox 361 1051 487 1107; x_wconf 90' lang='lat' dir='ltr'><strong>therudis</strong></span> <span class='ocrx_word' id='word_1_64' title='bbox 499 1050 593 1112; x_wconf 88' lang='lat' dir='ltr'><strong>fuisse,</strong></span> <span class='ocrx_word' id='word_1_65' title='bbox 604 1050 715 1117; x_wconf 82' lang='lat' dir='ltr'><strong>Lyceus</strong></span> <span class='ocrx_word' id='word_1_66' title='bbox 730 1049 886 1115; x_wconf 89' lang='lat' dir='ltr'><strong>sepulcrum</strong></span> <span class='ocrx_word' id='word_1_67' title='bbox 898 1049 1047 1101; x_wconf 86' lang='lat' dir='ltr'><strong>Moeridis:</strong></span> <span class='ocrx_word' id='word_1_68' title='bbox 1070 1047 1162 1115; x_wconf 91' lang='lat' dir='ltr'><strong>plures</strong></span> 
     </span>
     <span class='ocr_line' id='line_1_11' title="bbox 362 1118 1145 1185; baseline -0.009 -9"><span class='ocrx_word' id='word_1_69' title='bbox 362 1124 424 1176; x_wconf 85' lang='lat' dir='ltr'><strong>Soli</strong></span> <span class='ocrx_word' id='word_1_70' title='bbox 435 1136 546 1173; x_wconf 84' lang='lat' dir='ltr'><strong>sacrum</strong></span> <span class='ocrx_word' id='word_1_71' title='bbox 556 1118 585 1170; x_wconf 90' lang='lat' dir='ltr'><strong>id</strong></span> <span class='ocrx_word' id='word_1_72' title='bbox 596 1125 777 1180; x_wconf 85' lang='lat' dir='ltr'><strong>exstructum,</strong></span> <span class='ocrx_word' id='word_1_73' title='bbox 794 1119 869 1185; x_wconf 87' lang='lat' dir='ltr'><strong>qood</strong></span> <span class='ocrx_word' id='word_1_74' title='bbox 882 1120 1001 1171; x_wconf 81' lang='lat' dir='ltr'><strong>nrasinre</strong></span> <span class='ocrx_word' id='word_1_75' title='bbox 1012 1119 1145 1170; x_wconf 89' lang='lat' dir='ltr'><strong>ereditur.</strong></span> 
     </span>
    </p>

    <p class='ocr_par' dir='ltr' id='par_1_6' title="bbox 359 1188 1165 3887">
     <span class='ocr_line' id='line_1_12' title="bbox 397 1188 1163 1257; baseline -0.009 -13"><span class='ocrx_word' id='word_1_76' title='bbox 397 1194 422 1244; x_wconf 84' lang='lat'><strong>2.</strong></span> <span class='ocrx_word' id='word_1_77' title='bbox 442 1191 516 1242; x_wconf 85' lang='lat' dir='ltr'><strong>liine</strong></span> <span class='ocrx_word' id='word_1_78' title='bbox 527 1190 623 1257; x_wconf 90' lang='lat' dir='ltr'><strong>utique</strong></span> <span class='ocrx_word' id='word_1_79' title='bbox 635 1189 767 1241; x_wconf 88' lang='lat' dir='ltr'><strong>sumsisse</strong></span> <span class='ocrx_word' id='word_1_80' title='bbox 783 1188 939 1240; x_wconf 90' lang='lat' dir='ltr'><strong>Daedalum</strong></span> <span class='ocrx_word' id='word_1_81' title='bbox 951 1189 1094 1255; x_wconf 84' lang='lat' dir='ltr'><strong>exemplar</strong></span> <span class='ocrx_word' id='word_1_82' title='bbox 1104 1189 1163 1238; x_wconf 90' lang='lat' dir='ltr'><strong>eius</strong></span> 
     </span>
     <span class='ocr_line' id='line_1_13' title="bbox 361 1258 1163 1329; baseline -0.011 -14"><span class='ocrx_word' id='word_1_83' title='bbox 361 1259 528 1329; x_wconf 80' lang='lat' dir='ltr'><strong>labyrinthi,</strong></span> <span class='ocrx_word' id='word_1_84' title='bbox 549 1259 717 1328; x_wconf 86' lang='lat' dir='ltr'><strong>quemfecit</strong></span> <span class='ocrx_word' id='word_1_85' title='bbox 738 1260 878 1321; x_wconf 79' lang='lat' dir='ltr'><strong>increta,</strong></span> <span class='ocrx_word' id='word_1_86' title='bbox 898 1272 952 1309; x_wconf 92' lang='lat' dir='ltr'><strong>non</strong></span> <span class='ocrx_word' id='word_1_87' title='bbox 975 1265 1019 1310; x_wconf 89' lang='lat' dir='ltr'><strong>est</strong></span> <span class='ocrx_word' id='word_1_88' title='bbox 1040 1258 1163 1319; x_wconf 89' lang='lat' dir='ltr'><strong>dubium,</strong></span> 
     </span>
     <span class='ocr_line' id='line_1_14' title="bbox 360 1328 1161 1395; baseline -0.014 -10"><span class='ocrx_word' id='word_1_89' title='bbox 360 1332 411 1385; x_wconf 87' lang='lat' dir='ltr'><strong>sed</strong></span> <span class='ocrx_word' id='word_1_90' title='bbox 431 1332 608 1382; x_wconf 86' lang='lat' dir='ltr'><strong>centesimam</strong></span> <span class='ocrx_word' id='word_1_91' title='bbox 623 1334 731 1379; x_wconf 83' lang='lat' dir='ltr'><strong>tantuna</strong></span> <span class='ocrx_word' id='word_1_92' title='bbox 754 1329 908 1395; x_wconf 87' lang='lat' dir='ltr'><strong>portionem</strong></span> <span class='ocrx_word' id='word_1_93' title='bbox 933 1330 992 1381; x_wconf 90' lang='lat' dir='ltr'><strong>cius</strong></span> <span class='ocrx_word' id='word_1_94' title='bbox 1012 1328 1161 1387; x_wconf 84' lang='lat' dir='ltr'><strong>inritatum,</strong></span> 
     </span>
     <span class='ocr_line' id='line_1_15' title="bbox 363 1395 1164 1468; baseline -0.006 -18"><span class='ocrx_word' id='word_1_95' title='bbox 363 1416 433 1468; x_wconf 87' lang='lat' dir='ltr'><strong>quae</strong></span> <span class='ocrx_word' id='word_1_96' title='bbox 446 1400 577 1450; x_wconf 86' lang='lat' dir='ltr'><strong>itinerans</strong></span> <span class='ocrx_word' id='word_1_97' title='bbox 587 1399 720 1465; x_wconf 88' lang='lat' dir='ltr'><strong>ambages</strong></span> <span class='ocrx_word' id='word_1_98' title='bbox 740 1412 924 1465; x_wconf 69' lang='lat' dir='ltr'><strong>occursusque</strong></span> <span class='ocrx_word' id='word_1_99' title='bbox 941 1412 974 1449; x_wconf 87' lang='lat' dir='ltr'><strong>ac</strong></span> <span class='ocrx_word' id='word_1_100' title='bbox 985 1412 1119 1453; x_wconf 82' lang='lat' dir='ltr'><strong>recursus,</strong></span> <span class='ocrx_word' id='word_1_101' title='bbox 1125 1395 1164 1446; x_wconf 91' lang='lat' dir='ltr'><strong>ia·</strong></span> 
     </span>
     <span class='ocr_line' id='line_1_16' title="bbox 363 1468 1162 1536; baseline -0.006 -14"><span class='ocrx_word' id='word_1_102' title='bbox 363 1469 545 1536; x_wconf 84' lang='lat' dir='ltr'><strong>explicabiles</strong></span> <span class='ocrx_word' id='word_1_103' title='bbox 556 1468 695 1519; x_wconf 87' lang='lat' dir='ltr'><strong>continet:</strong></span> <span class='ocrx_word' id='word_1_104' title='bbox 718 1483 771 1517; x_wconf 91' lang='lat' dir='ltr'><strong>nun</strong></span> <span class='ocrx_word' id='word_1_105' title='bbox 785 1469 866 1529; x_wconf 81' lang='lat' dir='ltr'><strong>(utin</strong></span> <span class='ocrx_word' id='word_1_106' title='bbox 879 1468 1049 1534; x_wconf 80' lang='lat' dir='ltr'><strong>pauimentis,</strong></span> <span class='ocrx_word' id='word_1_107' title='bbox 1061 1478 1162 1534; x_wconf 85' lang='lat' dir='ltr'><strong>pucro-</strong></span> 
     </span>
     <span class='ocr_line' id='line_1_17' title="bbox 361 1535 1165 1605; baseline -0.007 -15"><span class='ocrx_word' id='word_1_108' title='bbox 361 1554 458 1591; x_wconf 77' lang='lat' dir='ltr'><strong>rumne</strong></span> <span class='ocrx_word' id='word_1_109' title='bbox 471 1538 588 1589; x_wconf 90' lang='lat' dir='ltr'><strong>ludicris</strong></span> <span class='ocrx_word' id='word_1_110' title='bbox 601 1537 801 1605; x_wconf 80' lang='lat' dir='ltr'><strong>canapestribus</strong></span> <span class='ocrx_word' id='word_1_111' title='bbox 813 1537 947 1602; x_wconf 83' lang='lat' dir='ltr'><strong>ridemus)</strong></span> <span class='ocrx_word' id='word_1_112' title='bbox 969 1537 1047 1589; x_wconf 86' lang='lat' dir='ltr'><strong>hreri</strong></span> <span class='ocrx_word' id='word_1_113' title='bbox 1062 1535 1165 1588; x_wconf 87' lang='lat' dir='ltr'><strong>lacinia</strong></span> 
     </span>
     <span class='ocr_line' id='line_1_18' title="bbox 361 1607 1163 1674; baseline -0.009 -13"><span class='ocrx_word' id='word_1_114' title='bbox 361 1607 452 1661; x_wconf 85' lang='lat' dir='ltr'><strong>millia</strong></span> <span class='ocrx_word' id='word_1_115' title='bbox 474 1622 603 1673; x_wconf 78' lang='lat' dir='ltr'><strong>passuum</strong></span> <span class='ocrx_word' id='word_1_116' title='bbox 626 1607 706 1674; x_wconf 90' lang='lat' dir='ltr'><strong>plura</strong></span> <span class='ocrx_word' id='word_1_117' title='bbox 735 1607 933 1658; x_wconf 74' lang='lat' dir='ltr'><strong>ambulationis</strong></span> <span class='ocrx_word' id='word_1_118' title='bbox 954 1607 1163 1659; x_wconf 87' lang='lat' dir='ltr'><strong>continentem:</strong></span> 
     </span>
     <span class='ocr_line' id='line_1_19' title="bbox 362 1675 1163 1740; baseline -0.005 -11"><span class='ocrx_word' id='word_1_119' title='bbox 362 1678 412 1729; x_wconf 85' lang='lat' dir='ltr'><strong>sed</strong></span> <span class='ocrx_word' id='word_1_120' title='bbox 425 1676 530 1729; x_wconf 87' lang='lat' dir='ltr'><strong>crebris</strong></span> <span class='ocrx_word' id='word_1_121' title='bbox 538 1675 646 1729; x_wconf 90' lang='lat' dir='ltr'><strong>foribus</strong></span> <span class='ocrx_word' id='word_1_122' title='bbox 657 1675 762 1740; x_wconf 88' lang='lat' dir='ltr'><strong>inditis,</strong></span> <span class='ocrx_word' id='word_1_123' title='bbox 774 1675 808 1728; x_wconf 89' lang='lat' dir='ltr'><strong>ad</strong></span> <span class='ocrx_word' id='word_1_124' title='bbox 820 1675 958 1729; x_wconf 87' lang='lat' dir='ltr'><strong>fallendos</strong></span> <span class='ocrx_word' id='word_1_125' title='bbox 971 1691 1112 1737; x_wconf 88' lang='lat' dir='ltr'><strong>occursus,</strong></span> <span class='ocrx_word' id='word_1_126' title='bbox 1122 1689 1163 1726; x_wconf 90' lang='lat' dir='ltr'><strong>re·</strong></span> 
     </span>
     <span class='ocr_line' id='line_1_20' title="bbox 363 1742 1164 1812; baseline -0.007 -14"><span class='ocrx_word' id='word_1_127' title='bbox 363 1746 558 1812; x_wconf 85' lang='lat' dir='ltr'><strong>dcundunrque</strong></span> <span class='ocrx_word' id='word_1_128' title='bbox 570 1747 598 1797; x_wconf 95' lang='lat' dir='ltr'><strong>in</strong></span> <span class='ocrx_word' id='word_1_129' title='bbox 614 1761 723 1798; x_wconf 90' lang='lat' dir='ltr'><strong>errores</strong></span> <span class='ocrx_word' id='word_1_130' title='bbox 742 1747 862 1798; x_wconf 91' lang='lat' dir='ltr'><strong>eosdem.</strong></span> <span class='ocrx_word' id='word_1_131' title='bbox 898 1744 1040 1798; x_wconf 73' lang='lat' dir='ltr'><strong>Secundus</strong></span> <span class='ocrx_word' id='word_1_132' title='bbox 1055 1746 1099 1796; x_wconf 93' lang='lat' dir='ltr'><strong>hic</strong></span> <span class='ocrx_word' id='word_1_133' title='bbox 1111 1742 1164 1795; x_wconf 90' lang='lat' dir='ltr'><strong>fuit</strong></span> 
     </span>
     <span class='ocr_line' id='line_1_21' title="bbox 361 1812 1165 1882; baseline -0.006 -14"><span class='ocrx_word' id='word_1_134' title='bbox 361 1816 397 1868; x_wconf 86' lang='lat' dir='ltr'><strong>ab</strong></span> <span class='ocrx_word' id='word_1_135' title='bbox 408 1818 545 1882; x_wconf 88' lang='lat' dir='ltr'><strong>Aegyptio</strong></span> <span class='ocrx_word' id='word_1_136' title='bbox 567 1814 761 1882; x_wconf 88' lang='lat' dir='ltr'><strong>labyrinthus:</strong></span> <span class='ocrx_word' id='word_1_137' title='bbox 780 1812 884 1868; x_wconf 77' lang='lat' dir='ltr'><strong>&#39;tertius</strong></span> <span class='ocrx_word' id='word_1_138' title='bbox 904 1815 932 1866; x_wconf 92' lang='lat' dir='ltr'><strong>in</strong></span> <span class='ocrx_word' id='word_1_139' title='bbox 945 1816 1065 1868; x_wconf 66' lang='lat' dir='ltr'><strong>lemno:</strong></span> <span class='ocrx_word' id='word_1_140' title='bbox 1085 1827 1165 1882; x_wconf 92' lang='lat' dir='ltr'><strong>quar-</strong></span> 
     </span>
     <span class='ocr_line' id='line_1_22' title="bbox 361 1882 1163 1953; baseline -0.006 -16"><span class='ocrx_word' id='word_1_141' title='bbox 361 1894 407 1937; x_wconf 91' lang='lat' dir='ltr'><strong>tus</strong></span> <span class='ocrx_word' id='word_1_142' title='bbox 419 1885 448 1936; x_wconf 91' lang='lat' dir='ltr'><strong>in</strong></span> <span class='ocrx_word' id='word_1_143' title='bbox 459 1884 549 1935; x_wconf 87' lang='lat' dir='ltr'><strong>ltalia.</strong></span> <span class='ocrx_word' id='word_1_144' title='bbox 595 1886 698 1937; x_wconf 89' lang='lat' dir='ltr'><strong>Omnes</strong></span> <span class='ocrx_word' id='word_1_145' title='bbox 709 1885 801 1953; x_wconf 91' lang='lat' dir='ltr'><strong>lapide</strong></span> <span class='ocrx_word' id='word_1_146' title='bbox 812 1885 901 1953; x_wconf 90' lang='lat' dir='ltr'><strong>polito</strong></span> <span class='ocrx_word' id='word_1_147' title='bbox 914 1885 1065 1937; x_wconf 72' lang='lat' dir='ltr'><strong>fornicibus</strong></span> <span class='ocrx_word' id='word_1_148' title='bbox 1076 1882 1144 1935; x_wconf 88' lang='lat' dir='ltr'><strong>tecti</strong></span> <span class='ocrx_word' id='word_1_149' title='bbox 1157 1900 1163 1932; x_wconf 79' lang='grc' dir='ltr'><strong>ι</strong></span> 
     </span>
     <span class='ocr_line' id='line_1_23' title="bbox 361 1953 1163 2023; baseline -0.007 -15"><span class='ocrx_word' id='word_1_150' title='bbox 361 1956 515 2022; x_wconf 83' lang='lat' dir='ltr'><strong>Aegyptius</strong></span> <span class='ocrx_word' id='word_1_151' title='bbox 536 1954 620 2020; x_wconf 89' lang='lat' dir='ltr'><strong>(quod</strong></span> <span class='ocrx_word' id='word_1_152' title='bbox 633 1955 720 2006; x_wconf 89' lang='lat' dir='ltr'><strong>miror</strong></span> <span class='ocrx_word' id='word_1_153' title='bbox 731 1956 870 2023; x_wconf 89' lang='lat' dir='ltr'><strong>equidem)</strong></span> <span class='ocrx_word' id='word_1_154' title='bbox 894 1954 1011 2007; x_wconf 88' lang='lat' dir='ltr'><strong>introitu</strong></span> <span class='ocrx_word' id='word_1_155' title='bbox 1033 1953 1126 2020; x_wconf 86' lang='lat' dir='ltr'><strong>lapide</strong></span> <span class='ocrx_word' id='word_1_156' title='bbox 1148 1966 1163 2003; x_wconf 93' lang='lat' dir='ltr'><strong>e</strong></span> 
     </span>
     <span class='ocr_line' id='line_1_24' title="bbox 361 2022 1164 2090; baseline -0.005 -16"><span class='ocrx_word' id='word_1_157' title='bbox 361 2024 464 2075; x_wconf 83' lang='lat' dir='ltr'><strong>l‘ario:</strong></span> <span class='ocrx_word' id='word_1_158' title='bbox 486 2022 622 2074; x_wconf 90' lang='lat' dir='ltr'><strong>columnis</strong></span> <span class='ocrx_word' id='word_1_159' title='bbox 634 2023 758 2090; x_wconf 90' lang='lat' dir='ltr'><strong>reliquis,</strong></span> <span class='ocrx_word' id='word_1_160' title='bbox 781 2040 797 2076; x_wconf 91' lang='lat' dir='ltr'><strong>e</strong></span> <span class='ocrx_word' id='word_1_161' title='bbox 810 2024 937 2090; x_wconf 82' lang='lat' dir='ltr'><strong>syenite:</strong></span> <span class='ocrx_word' id='word_1_162' title='bbox 956 2023 1078 2074; x_wconf 89' lang='lat' dir='ltr'><strong>molibus</strong></span> <span class='ocrx_word' id='word_1_163' title='bbox 1091 2036 1164 2073; x_wconf 85' lang='lat' dir='ltr'><strong>conr·</strong></span> 
     </span>
     <span class='ocr_line' id='line_1_25' title="bbox 359 2090 1164 2161; baseline -0.005 -17"><span class='ocrx_word' id='word_1_164' title='bbox 359 2093 469 2161; x_wconf 87' lang='lat' dir='ltr'><strong>positis,</strong></span> <span class='ocrx_word' id='word_1_165' title='bbox 491 2106 559 2159; x_wconf 91' lang='lat' dir='ltr'><strong>quas</strong></span> <span class='ocrx_word' id='word_1_166' title='bbox 579 2090 731 2144; x_wconf 78' lang='lat' dir='ltr'><strong>dissolvere</strong></span> <span class='ocrx_word' id='word_1_167' title='bbox 750 2108 782 2144; x_wconf 89' lang='lat' dir='ltr'><strong>ne</strong></span> <span class='ocrx_word' id='word_1_168' title='bbox 796 2093 891 2145; x_wconf 87' lang='lat' dir='ltr'><strong>secula</strong></span> <span class='ocrx_word' id='word_1_169' title='bbox 909 2091 1018 2159; x_wconf 87' lang='lat' dir='ltr'><strong>quidem</strong></span> <span class='ocrx_word' id='word_1_170' title='bbox 1037 2092 1164 2158; x_wconf 86' lang='lat' dir='ltr'><strong>possint:</strong></span> 
     </span>
     <span class='ocr_line' id='line_1_26' title="bbox 362 2160 1164 2229; baseline -0.006 -14"><span class='ocrx_word' id='word_1_171' title='bbox 362 2161 558 2215; x_wconf 80' lang='lat' dir='ltr'><strong>adiuuantibus</strong></span> <span class='ocrx_word' id='word_1_172' title='bbox 578 2161 824 2228; x_wconf 81' lang='lat' dir='ltr'><strong>Heracleopolitis,</strong></span> <span class='ocrx_word' id='word_1_173' title='bbox 844 2161 891 2229; x_wconf 89' lang='lat' dir='ltr'><strong>qui</strong></span> <span class='ocrx_word' id='word_1_174' title='bbox 911 2160 938 2212; x_wconf 89' lang='lat' dir='ltr'><strong>id</strong></span> <span class='ocrx_word' id='word_1_175' title='bbox 956 2176 1025 2229; x_wconf 88' lang='lat' dir='ltr'><strong>opus</strong></span> <span class='ocrx_word' id='word_1_176' title='bbox 1046 2160 1164 2212; x_wconf 84' lang='lat' dir='ltr'><strong>inrisum</strong></span> 
     </span>
     <span class='ocr_line' id='line_1_27' title="bbox 361 2228 1164 2298; baseline -0.005 -14"><span class='ocrx_word' id='word_1_177' title='bbox 361 2233 431 2284; x_wconf 91' lang='lat' dir='ltr'><strong>rnire</strong></span> <span class='ocrx_word' id='word_1_178' title='bbox 442 2231 619 2284; x_wconf 77' lang='lat' dir='ltr'><strong>infestavere.</strong></span> <span class='ocrx_word' id='word_1_179' title='bbox 655 2228 825 2283; x_wconf 88' lang='lat' dir='ltr'><strong>Positionem</strong></span> <span class='ocrx_word' id='word_1_180' title='bbox 844 2233 936 2297; x_wconf 90' lang='lat' dir='ltr'><strong>operis</strong></span> <span class='ocrx_word' id='word_1_181' title='bbox 953 2232 1013 2283; x_wconf 92' lang='lat' dir='ltr'><strong>eius</strong></span> <span class='ocrx_word' id='word_1_182' title='bbox 1030 2230 1164 2298; x_wconf 88' lang='lat' dir='ltr'><strong>singulas·</strong></span> 
     </span>
     <span class='ocr_line' id='line_1_28' title="bbox 362 2300 1164 2370; baseline -0.002 -18"><span class='ocrx_word' id='word_1_183' title='bbox 362 2318 415 2370; x_wconf 82' lang='lat' dir='ltr'><strong>que</strong></span> <span class='ocrx_word' id='word_1_184' title='bbox 426 2306 520 2369; x_wconf 90' lang='lat' dir='ltr'><strong>partes</strong></span> <span class='ocrx_word' id='word_1_185' title='bbox 533 2315 663 2353; x_wconf 89' lang='lat' dir='ltr'><strong>enarrare</strong></span> <span class='ocrx_word' id='word_1_186' title='bbox 674 2308 797 2364; x_wconf 76' lang='lat' dir='ltr'><strong>nonest,</strong></span> <span class='ocrx_word' id='word_1_187' title='bbox 818 2317 878 2352; x_wconf 90' lang='lat' dir='ltr'><strong>eum</strong></span> <span class='ocrx_word' id='word_1_188' title='bbox 888 2301 933 2352; x_wconf 79' lang='lat' dir='ltr'><strong>-sit</strong></span> <span class='ocrx_word' id='word_1_189' title='bbox 944 2301 972 2351; x_wconf 91' lang='lat' dir='ltr'><strong>in</strong></span> <span class='ocrx_word' id='word_1_190' title='bbox 983 2304 1112 2370; x_wconf 82' lang='lat' dir='ltr'><strong>regiones</strong></span> <span class='ocrx_word' id='word_1_191' title='bbox 1124 2300 1164 2351; x_wconf 83' lang='lat' dir='ltr'><strong>cli·</strong></span> 
     </span>
     <span class='ocr_line' id='line_1_29' title="bbox 360 2370 1164 2439; baseline 0.001 -20"><span class='ocrx_word' id='word_1_192' title='bbox 360 2374 461 2435; x_wconf 78' lang='lat' dir='ltr'><strong>risynr,</strong></span> <span class='ocrx_word' id='word_1_193' title='bbox 486 2379 569 2438; x_wconf 88' lang='lat' dir='ltr'><strong>atque</strong></span> <span class='ocrx_word' id='word_1_194' title='bbox 591 2373 618 2421; x_wconf 92' lang='lat' dir='ltr'><strong>in</strong></span> <span class='ocrx_word' id='word_1_195' title='bbox 641 2370 831 2438; x_wconf 80' lang='lat' dir='ltr'><strong>praefecturas</strong></span> <span class='ocrx_word' id='word_1_196' title='bbox 844 2374 925 2439; x_wconf 89' lang='lat' dir='ltr'><strong>(quas</strong></span> <span class='ocrx_word' id='word_1_197' title='bbox 946 2372 1040 2424; x_wconf 80' lang='lat' dir='ltr'><strong>vocari</strong></span> <span class='ocrx_word' id='word_1_198' title='bbox 1056 2371 1164 2431; x_wconf 76' lang='lat' dir='ltr'><strong>nonnos)</strong></span> 
     </span>
     <span class='ocr_line' id='line_1_30' title="bbox 362 2440 1164 2503; baseline -0.002 -11"><span class='ocrx_word' id='word_1_199' title='bbox 362 2440 481 2492; x_wconf 88' lang='lat' dir='ltr'><strong>sedecim</strong></span> <span class='ocrx_word' id='word_1_200' title='bbox 505 2440 778 2503; x_wconf 80' lang='lat' dir='ltr'><strong>nantinibusearum,</strong></span> <span class='ocrx_word' id='word_1_201' title='bbox 797 2442 913 2493; x_wconf 90' lang='lat' dir='ltr'><strong>totidem</strong></span> <span class='ocrx_word' id='word_1_202' title='bbox 929 2441 1016 2492; x_wconf 84' lang='lat' dir='ltr'><strong>rastis</strong></span> <span class='ocrx_word' id='word_1_203' title='bbox 1036 2440 1164 2492; x_wconf 86' lang='lat' dir='ltr'><strong>dumibus</strong></span> 
     </span>
     <span class='ocr_line' id='line_1_31' title="bbox 361 2509 1162 2578; baseline 0 -16"><span class='ocrx_word' id='word_1_204' title='bbox 361 2511 523 2562; x_wconf 77' lang='lat' dir='ltr'><strong>attributis:</strong></span> <span class='ocrx_word' id='word_1_205' title='bbox 545 2517 692 2575; x_wconf 89' lang='lat' dir='ltr'><strong>practerea</strong></span> <span class='ocrx_word' id='word_1_206' title='bbox 702 2510 807 2577; x_wconf 90' lang='lat' dir='ltr'><strong>templa</strong></span> <span class='ocrx_word' id='word_1_207' title='bbox 825 2511 946 2562; x_wconf 91' lang='lat' dir='ltr'><strong>omnium</strong></span> <span class='ocrx_word' id='word_1_208' title='bbox 958 2511 1078 2578; x_wconf 87' lang='lat' dir='ltr'><strong>Aegypti</strong></span> <span class='ocrx_word' id='word_1_209' title='bbox 1098 2509 1162 2562; x_wconf 89' lang='lat' dir='ltr'><strong>deu·</strong></span> 
     </span>
     <span class='ocr_line' id='line_1_32' title="bbox 360 2577 1163 2649; baseline -0.005 -16"><span class='ocrx_word' id='word_1_210' title='bbox 360 2595 421 2633; x_wconf 86' lang='lat' dir='ltr'><strong>rum</strong></span> <span class='ocrx_word' id='word_1_211' title='bbox 434 2579 584 2641; x_wconf 89' lang='lat' dir='ltr'><strong>contineat,</strong></span> <span class='ocrx_word' id='word_1_212' title='bbox 596 2595 730 2647; x_wconf 83' lang='lat' dir='ltr'><strong>superque</strong></span> <span class='ocrx_word' id='word_1_213' title='bbox 741 2580 872 2632; x_wconf 84' lang='lat' dir='ltr'><strong>Nemeses</strong></span> <span class='ocrx_word' id='word_1_214' title='bbox 885 2580 1042 2649; x_wconf 90' lang='lat' dir='ltr'><strong>quindecim</strong></span> <span class='ocrx_word' id='word_1_215' title='bbox 1052 2577 1163 2634; x_wconf 89' lang='lat' dir='ltr'><strong>aedicu-</strong></span> 
     </span>
     <span class='ocr_line' id='line_1_33' title="bbox 360 2648 1164 2718; baseline -0.002 -17"><span class='ocrx_word' id='word_1_216' title='bbox 360 2648 398 2701; x_wconf 88' lang='lat' dir='ltr'><strong>lis</strong></span> <span class='ocrx_word' id='word_1_217' title='bbox 409 2648 562 2708; x_wconf 87' lang='lat' dir='ltr'><strong>incluserit,</strong></span> <span class='ocrx_word' id='word_1_218' title='bbox 584 2650 745 2717; x_wconf 81' lang='lat' dir='ltr'><strong>pyramides</strong></span> <span class='ocrx_word' id='word_1_219' title='bbox 756 2650 1164 2718; x_wconf 78' lang='lat' dir='ltr'><strong>complures-quadragenarum</strong></span> 
     </span>
     <span class='ocr_line' id='line_1_34' title="bbox 360 2718 1163 2780; baseline -0.004 -10"><span class='ocrx_word' id='word_1_220' title='bbox 360 2719 501 2780; x_wconf 87' lang='lat' dir='ltr'><strong>ulnarum,</strong></span> <span class='ocrx_word' id='word_1_221' title='bbox 512 2732 593 2769; x_wconf 89' lang='lat' dir='ltr'><strong>senas</strong></span> <span class='ocrx_word' id='word_1_222' title='bbox 605 2719 727 2771; x_wconf 89' lang='lat' dir='ltr'><strong>radicum</strong></span> <span class='ocrx_word' id='word_1_223' title='bbox 740 2734 804 2771; x_wconf 90' lang='lat' dir='ltr'><strong>oras</strong></span> <span class='ocrx_word' id='word_1_224' title='bbox 815 2721 980 2772; x_wconf 87' lang='lat' dir='ltr'><strong>obtinentes.</strong></span> <span class='ocrx_word' id='word_1_225' title='bbox 1020 2721 1098 2771; x_wconf 85' lang='lat' dir='ltr'><strong>Fessi</strong></span> <span class='ocrx_word' id='word_1_226' title='bbox 1109 2718 1163 2768; x_wconf 88' lang='lat' dir='ltr'><strong>ianr</strong></span> 
     </span>
     <span class='ocr_line' id='line_1_35' title="bbox 362 2787 1163 2857; baseline -0.004 -17"><span class='ocrx_word' id='word_1_227' title='bbox 362 2788 455 2840; x_wconf 85' lang='lat' dir='ltr'><strong>eundo</strong></span> <span class='ocrx_word' id='word_1_228' title='bbox 477 2791 642 2855; x_wconf 88' lang='lat' dir='ltr'><strong>perveniunt</strong></span> <span class='ocrx_word' id='word_1_229' title='bbox 663 2790 697 2841; x_wconf 88' lang='lat' dir='ltr'><strong>ad</strong></span> <span class='ocrx_word' id='word_1_230' title='bbox 712 2789 817 2840; x_wconf 82' lang='lat' dir='ltr'><strong>riarum</strong></span> <span class='ocrx_word' id='word_1_231' title='bbox 839 2790 917 2841; x_wconf 90' lang='lat' dir='ltr'><strong>illum</strong></span> <span class='ocrx_word' id='word_1_232' title='bbox 940 2787 1163 2857; x_wconf 80' lang='lat' dir='ltr'><strong>inexplicabilem</strong></span> 
     </span>
     <span class='ocr_line' id='line_1_36' title="bbox 362 2857 1165 2921; baseline -0.01 -11"><span class='ocrx_word' id='word_1_233' title='bbox 362 2872 494 2911; x_wconf 88' lang='lat' dir='ltr'><strong>errorem.</strong></span> <span class='ocrx_word' id='word_1_234' title='bbox 528 2859 599 2919; x_wconf 79' lang='lat' dir='ltr'><strong>erin</strong></span> <span class='ocrx_word' id='word_1_235' title='bbox 612 2865 640 2910; x_wconf 88' lang='lat' dir='ltr'><strong>et</strong></span> <span class='ocrx_word' id='word_1_236' title='bbox 651 2857 800 2908; x_wconf 89' lang='lat' dir='ltr'><strong>coenacula</strong></span> <span class='ocrx_word' id='word_1_237' title='bbox 812 2862 887 2921; x_wconf 91' lang='lat' dir='ltr'><strong>prius</strong></span> <span class='ocrx_word' id='word_1_238' title='bbox 898 2860 1016 2919; x_wconf 82' lang='lat' dir='ltr'><strong>excelsa,</strong></span> <span class='ocrx_word' id='word_1_239' title='bbox 1029 2858 1165 2921; x_wconf 85' lang='lat' dir='ltr'><strong>porticus·</strong></span> 
     </span>
     <span class='ocr_line' id='line_1_37' title="bbox 361 2924 1165 2996; baseline -0.011 -15"><span class='ocrx_word' id='word_1_240' title='bbox 361 2925 611 2996; x_wconf 90' lang='lat' dir='ltr'><strong>queaseeaduntur</strong></span> <span class='ocrx_word' id='word_1_241' title='bbox 632 2924 783 2991; x_wconf 83' lang='lat' dir='ltr'><strong>nonagenis</strong></span> <span class='ocrx_word' id='word_1_242' title='bbox 804 2924 938 2989; x_wconf 88' lang='lat' dir='ltr'><strong>gradibus</strong></span> <span class='ocrx_word' id='word_1_243' title='bbox 962 2939 1070 2975; x_wconf 89' lang='lat' dir='ltr'><strong>ornnes:</strong></span> <span class='ocrx_word' id='word_1_244' title='bbox 1092 2927 1165 2973; x_wconf 90' lang='lat' dir='ltr'><strong>intus</strong></span> 
     </span>
     <span class='ocr_line' id='line_1_38' title="bbox 360 2991 1165 3062; baseline -0.01 -13"><span class='ocrx_word' id='word_1_245' title='bbox 360 2997 508 3049; x_wconf 88' lang='lat' dir='ltr'><strong>columnae</strong></span> <span class='ocrx_word' id='word_1_246' title='bbox 521 2993 555 3044; x_wconf 88' lang='lat' dir='ltr'><strong>de</strong></span> <span class='ocrx_word' id='word_1_247' title='bbox 573 2993 736 3062; x_wconf 85' lang='lat' dir='ltr'><strong>porphyrite</strong></span> <span class='ocrx_word' id='word_1_248' title='bbox 750 2992 859 3060; x_wconf 91' lang='lat' dir='ltr'><strong>lapide,</strong></span> <span class='ocrx_word' id='word_1_249' title='bbox 880 2993 995 3045; x_wconf 92' lang='lat' dir='ltr'><strong>deorum</strong></span> <span class='ocrx_word' id='word_1_250' title='bbox 1006 2991 1165 3053; x_wconf 86' lang='lat' dir='ltr'><strong>sinrulacra,</strong></span> 
     </span>
     <span class='ocr_line' id='line_1_39' title="bbox 361 3062 1164 3132; baseline -0.009 -15"><span class='ocrx_word' id='word_1_251' title='bbox 361 3081 458 3132; x_wconf 88' lang='lat' dir='ltr'><strong>regum</strong></span> <span class='ocrx_word' id='word_1_252' title='bbox 479 3070 599 3124; x_wconf 86' lang='lat' dir='ltr'><strong>statuae,</strong></span> <span class='ocrx_word' id='word_1_253' title='bbox 615 3062 812 3115; x_wconf 80' lang='lat' dir='ltr'><strong>monstriferae</strong></span> <span class='ocrx_word' id='word_1_254' title='bbox 833 3063 950 3131; x_wconf 83' lang='lat' dir='ltr'><strong>efligies.</strong></span> <span class='ocrx_word' id='word_1_255' title='bbox 986 3062 1164 3125; x_wconf 73' lang='lat' dir='ltr'><strong>erarundam</strong></span> 
     </span>
     <span class='ocr_line' id='line_1_40' title="bbox 360 3130 1164 3197; baseline -0.006 -12"><span class='ocrx_word' id='word_1_256' title='bbox 360 3142 456 3185; x_wconf 89' lang='lat' dir='ltr'><strong>autem</strong></span> <span class='ocrx_word' id='word_1_257' title='bbox 478 3132 623 3183; x_wconf 91' lang='lat' dir='ltr'><strong>domorum</strong></span> <span class='ocrx_word' id='word_1_258' title='bbox 644 3130 709 3184; x_wconf 90' lang='lat' dir='ltr'><strong>talis</strong></span> <span class='ocrx_word' id='word_1_259' title='bbox 731 3138 774 3183; x_wconf 90' lang='lat' dir='ltr'><strong>est</strong></span> <span class='ocrx_word' id='word_1_260' title='bbox 795 3130 874 3191; x_wconf 89' lang='lat' dir='ltr'><strong>situs,</strong></span> <span class='ocrx_word' id='word_1_261' title='bbox 886 3140 917 3181; x_wconf 91' lang='lat' dir='ltr'><strong>ut</strong></span> <span class='ocrx_word' id='word_1_262' title='bbox 938 3130 1164 3197; x_wconf 86' lang='lat' dir='ltr'><strong>adaperientibus</strong></span> 
     </span>
     <span class='ocr_line' id='line_1_41' title="bbox 361 3196 1164 3263; baseline -0.005 -8"><span class='ocrx_word' id='word_1_263' title='bbox 361 3203 447 3263; x_wconf 86' lang='lat' dir='ltr'><strong>fores,</strong></span> <span class='ocrx_word' id='word_1_264' title='bbox 469 3200 626 3251; x_wconf 87' lang='lat' dir='ltr'><strong>tonitruum</strong></span> <span class='ocrx_word' id='word_1_265' title='bbox 649 3201 724 3252; x_wconf 91' lang='lat' dir='ltr'><strong>intus</strong></span> <span class='ocrx_word' id='word_1_266' title='bbox 746 3196 874 3252; x_wconf 79' lang='lat' dir='ltr'><strong>terribile</strong></span> <span class='ocrx_word' id='word_1_267' title='bbox 895 3200 1020 3251; x_wconf 85' lang='lat' dir='ltr'><strong>exsistat.</strong></span> <span class='ocrx_word' id='word_1_268' title='bbox 1056 3201 1164 3251; x_wconf 87' lang='lat' dir='ltr'><strong>Maiore</strong></span> 
     </span>
     <span class='ocr_line' id='line_1_42' title="bbox 361 3269 1164 3338; baseline -0.005 -13"><span class='ocrx_word' id='word_1_269' title='bbox 361 3281 455 3325; x_wconf 90' lang='lat' dir='ltr'><strong>autem</strong></span> <span class='ocrx_word' id='word_1_270' title='bbox 477 3272 504 3321; x_wconf 94' lang='lat' dir='ltr'><strong>in</strong></span> <span class='ocrx_word' id='word_1_271' title='bbox 517 3276 597 3338; x_wconf 88' lang='lat' dir='ltr'><strong>parte</strong></span> <span class='ocrx_word' id='word_1_272' title='bbox 608 3271 744 3322; x_wconf 84' lang='lat' dir='ltr'><strong>transitus</strong></span> <span class='ocrx_word' id='word_1_273' title='bbox 756 3277 799 3322; x_wconf 90' lang='lat' dir='ltr'><strong>cst</strong></span> <span class='ocrx_word' id='word_1_274' title='bbox 809 3284 859 3335; x_wconf 89' lang='lat' dir='ltr'><strong>per</strong></span> <span class='ocrx_word' id='word_1_275' title='bbox 869 3270 1014 3321; x_wconf 83' lang='lat' dir='ltr'><strong>tenebras:</strong></span> <span class='ocrx_word' id='word_1_276' title='bbox 1037 3269 1164 3336; x_wconf 90' lang='lat' dir='ltr'><strong>aliaeque</strong></span> 
     </span>
     <span class='ocr_line' id='line_1_43' title="bbox 359 3338 1164 3407; baseline -0.007 -13"><span class='ocrx_word' id='word_1_277' title='bbox 359 3357 457 3394; x_wconf 88' lang='lat' dir='ltr'><strong>rursus</strong></span> <span class='ocrx_word' id='word_1_278' title='bbox 468 3347 549 3393; x_wconf 87' lang='lat' dir='ltr'><strong>extra</strong></span> <span class='ocrx_word' id='word_1_279' title='bbox 566 3356 673 3393; x_wconf 90' lang='lat' dir='ltr'><strong>murum</strong></span> <span class='ocrx_word' id='word_1_280' title='bbox 694 3339 848 3407; x_wconf 83' lang='lat' dir='ltr'><strong>labyrinthi</strong></span> <span class='ocrx_word' id='word_1_281' title='bbox 866 3338 1053 3392; x_wconf 85' lang='lat' dir='ltr'><strong>aedificiorum</strong></span> <span class='ocrx_word' id='word_1_282' title='bbox 1067 3339 1164 3402; x_wconf 84' lang='lat' dir='ltr'><strong>nroles,</strong></span> 
     </span>
     <span class='ocr_line' id='line_1_44' title="bbox 360 3406 1164 3478; baseline -0.004 -16"><span class='ocrx_word' id='word_1_283' title='bbox 360 3417 461 3478; x_wconf 87' lang='lat' dir='ltr'><strong>pteron</strong></span> <span class='ocrx_word' id='word_1_284' title='bbox 474 3411 623 3478; x_wconf 82' lang='lat' dir='ltr'><strong>appellant.</strong></span> <span class='ocrx_word' id='word_1_285' title='bbox 652 3408 719 3462; x_wconf 91' lang='lat' dir='ltr'><strong>lnde</strong></span> <span class='ocrx_word' id='word_1_286' title='bbox 729 3410 801 3462; x_wconf 89' lang='lat' dir='ltr'><strong>aliae</strong></span> <span class='ocrx_word' id='word_1_287' title='bbox 812 3409 944 3476; x_wconf 73' lang='lat' dir='ltr'><strong>perfossis</strong></span> <span class='ocrx_word' id='word_1_288' title='bbox 954 3409 1088 3462; x_wconf 90' lang='lat' dir='ltr'><strong>cuniculis</strong></span> <span class='ocrx_word' id='word_1_289' title='bbox 1100 3406 1164 3459; x_wconf 90' lang='lat' dir='ltr'><strong>sub·</strong></span> 
     </span>
     <span class='ocr_line' id='line_1_45' title="bbox 361 3477 1165 3548; baseline -0.004 -18"><span class='ocrx_word' id='word_1_290' title='bbox 361 3488 509 3532; x_wconf 88' lang='lat' dir='ltr'><strong>terraneae</strong></span> <span class='ocrx_word' id='word_1_291' title='bbox 521 3481 629 3531; x_wconf 89' lang='lat' dir='ltr'><strong>domus.</strong></span> <span class='ocrx_word' id='word_1_292' title='bbox 667 3478 778 3530; x_wconf 79' lang='lat' dir='ltr'><strong>Reiecit</strong></span> <span class='ocrx_word' id='word_1_293' title='bbox 797 3494 866 3530; x_wconf 89' lang='lat' dir='ltr'><strong>unus</strong></span> <span class='ocrx_word' id='word_1_294' title='bbox 887 3481 1000 3531; x_wconf 91' lang='lat' dir='ltr'><strong>omnino</strong></span> <span class='ocrx_word' id='word_1_295' title='bbox 1018 3494 1108 3548; x_wconf 90' lang='lat' dir='ltr'><strong>pauca</strong></span> <span class='ocrx_word' id='word_1_296' title='bbox 1124 3477 1165 3529; x_wconf 91' lang='lat' dir='ltr'><strong>ibi</strong></span> 
     </span>
     <span class='ocr_line' id='line_1_46' title="bbox 362 3546 1163 3616; baseline -0.001 -17"><span class='ocrx_word' id='word_1_297' title='bbox 362 3549 537 3600; x_wconf 73' lang='lat' dir='ltr'><strong>circummoa</strong></span> <span class='ocrx_word' id='word_1_298' title='bbox 550 3548 635 3614; x_wconf 86' lang='lat' dir='ltr'><strong>spado</strong></span> <span class='ocrx_word' id='word_1_299' title='bbox 648 3546 780 3599; x_wconf 87' lang='lat' dir='ltr'><strong>Nectabis</strong></span> <span class='ocrx_word' id='word_1_300' title='bbox 792 3551 876 3616; x_wconf 87' lang='lat' dir='ltr'><strong>regis,</strong></span> <span class='ocrx_word' id='word_1_301' title='bbox 900 3557 963 3603; x_wconf 89' lang='lat' dir='ltr'><strong>ante</strong></span> <span class='ocrx_word' id='word_1_302' title='bbox 974 3548 1163 3601; x_wconf 75' lang='lat' dir='ltr'><strong>Alexandrum</strong></span> 
     </span>
     <span class='ocr_line' id='line_1_47' title="bbox 360 3617 1165 3686; baseline 0 -19"><span class='ocrx_word' id='word_1_303' title='bbox 360 3617 495 3684; x_wconf 88' lang='lat' dir='ltr'><strong>Magnum</strong></span> <span class='ocrx_word' id='word_1_304' title='bbox 507 3620 586 3668; x_wconf 91' lang='lat' dir='ltr'><strong>annis</strong></span> <span class='ocrx_word' id='word_1_305' title='bbox 597 3617 764 3685; x_wconf 77' lang='lat' dir='ltr'><strong>quingentis.</strong></span> <span class='ocrx_word' id='word_1_306' title='bbox 801 3617 830 3669; x_wconf 91' lang='lat' dir='ltr'><strong>ld</strong></span> <span class='ocrx_word' id='word_1_307' title='bbox 844 3633 953 3686; x_wconf 93' lang='lat' dir='ltr'><strong>quoque</strong></span> <span class='ocrx_word' id='word_1_308' title='bbox 965 3619 1093 3681; x_wconf 90' lang='lat' dir='ltr'><strong>traditur,</strong></span> <span class='ocrx_word' id='word_1_309' title='bbox 1113 3617 1165 3669; x_wconf 90' lang='lat' dir='ltr'><strong>ful·</strong></span> 
     </span>
     <span class='ocr_line' id='line_1_48' title="bbox 361 3683 1165 3751; baseline 0.005 -18"><span class='ocrx_word' id='word_1_310' title='bbox 361 3683 432 3736; x_wconf 88' lang='lat' dir='ltr'><strong>sisse</strong></span> <span class='ocrx_word' id='word_1_311' title='bbox 452 3683 577 3734; x_wconf 89' lang='lat' dir='ltr'><strong>trabibus</strong></span> <span class='ocrx_word' id='word_1_312' title='bbox 596 3686 693 3751; x_wconf 90' lang='lat' dir='ltr'><strong>spinae</strong></span> <span class='ocrx_word' id='word_1_313' title='bbox 717 3686 779 3737; x_wconf 92' lang='lat' dir='ltr'><strong>oleo</strong></span> <span class='ocrx_word' id='word_1_314' title='bbox 799 3685 1019 3749; x_wconf 83' lang='lat' dir='ltr'><strong>incoctae,&#39;rium</strong></span> <span class='ocrx_word' id='word_1_315' title='bbox 1043 3687 1165 3739; x_wconf 84' lang='lat' dir='ltr'><strong>fornices</strong></span> 
     </span>
     <span class='ocr_line' id='line_1_49' title="bbox 361 3749 1163 3825; baseline 0.006 -22"><span class='ocrx_word' id='word_1_316' title='bbox 361 3750 490 3817; x_wconf 88' lang='lat' dir='ltr'><strong>quadrati</strong></span> <span class='ocrx_word' id='word_1_317' title='bbox 501 3749 604 3814; x_wconf 89' lang='lat' dir='ltr'><strong>lapidis</strong></span> <span class='ocrx_word' id='word_1_318' title='bbox 621 3765 700 3802; x_wconf 88' lang='lat' dir='ltr'><strong>assur</strong></span> <span class='ocrx_word' id='word_1_319' title='bbox 721 3758 809 3805; x_wconf 90' lang='lat' dir='ltr'><strong>erent.</strong></span> <span class='ocrx_word' id='word_1_320' title='bbox 845 3754 888 3806; x_wconf 88' lang='lat' dir='ltr'><strong>De</strong></span> <span class='ocrx_word' id='word_1_321' title='bbox 906 3757 1043 3825; x_wconf 88' lang='lat' dir='ltr'><strong>Aegyptio</strong></span> <span class='ocrx_word' id='word_1_322' title='bbox 1059 3763 1087 3810; x_wconf 89' lang='lat' dir='ltr'><strong>et</strong></span> <span class='ocrx_word' id='word_1_323' title='bbox 1099 3757 1163 3808; x_wconf 89' lang='lat' dir='ltr'><strong>Cre·</strong></span> 
     </span>
     <span class='ocr_line' id='line_1_50' title="bbox 360 3769 868 3887; baseline 0.002 -16"><span class='ocrx_word' id='word_1_324' title='bbox 360 3821 418 3875; x_wconf 88' lang='lat' dir='ltr'><strong>tieo</strong></span> <span class='ocrx_word' id='word_1_325' title='bbox 430 3818 608 3887; x_wconf 86' lang='lat' dir='ltr'><strong>labyrinthis,</strong></span> <span class='ocrx_word' id='word_1_326' title='bbox 620 3819 690 3869; x_wconf 89' lang='lat' dir='ltr'><strong>satis</strong></span> <span class='ocrx_word' id='word_1_327' title='bbox 701 3769 805 3872; x_wconf 54' lang='lat' dir='ltr'><strong>{ictum</strong></span> <span class='ocrx_word' id='word_1_328' title='bbox 817 3828 868 3874; x_wconf 87' lang='lat' dir='ltr'><strong>est.</strong></span> 
     </span>
    </p>

    <p class='ocr_par' dir='ltr' id='par_1_7' title="bbox 359 3887 1165 4363">
     <span class='ocr_line' id='line_1_51' title="bbox 396 3887 1164 3949; baseline 0.003 -7"><span class='ocrx_word' id='word_1_329' title='bbox 396 3889 422 3942; x_wconf 87' lang='grc'><strong>3.</strong></span> <span class='ocrx_word' id='word_1_330' title='bbox 439 3889 574 3941; x_wconf 81' lang='lat' dir='ltr'><strong>Lentulus</strong></span> <span class='ocrx_word' id='word_1_331' title='bbox 585 3887 685 3939; x_wconf 90' lang='lat' dir='ltr'><strong>similis</strong></span> <span class='ocrx_word' id='word_1_332' title='bbox 697 3889 764 3949; x_wconf 91' lang='lat' dir='ltr'><strong>illis,</strong></span> <span class='ocrx_word' id='word_1_333' title='bbox 785 3890 922 3941; x_wconf 88' lang='lat' dir='ltr'><strong>columnis</strong></span> <span class='ocrx_word' id='word_1_334' title='bbox 934 3896 1041 3943; x_wconf 87' lang='lat' dir='ltr'><strong>tantum</strong></span> <span class='ocrx_word' id='word_1_335' title='bbox 1054 3898 1164 3944; x_wconf 89' lang='lat' dir='ltr'><strong>centum</strong></span> 
     </span>
     <span class='ocr_line' id='line_1_52' title="bbox 361 3958 1165 4029; baseline 0.002 -17"><span class='ocrx_word' id='word_1_336' title='bbox 361 3960 565 4029; x_wconf 89' lang='lat' dir='ltr'><strong>quinquaginta</strong></span> <span class='ocrx_word' id='word_1_337' title='bbox 576 3959 731 4011; x_wconf 90' lang='lat' dir='ltr'><strong>mirabilior</strong></span> <span class='ocrx_word' id='word_1_338' title='bbox 740 3958 809 4010; x_wconf 88' lang='lat' dir='ltr'><strong>fuit:</strong></span> <span class='ocrx_word' id='word_1_339' title='bbox 819 3974 934 4028; x_wconf 88' lang='lat' dir='ltr'><strong>quarum</strong></span> <span class='ocrx_word' id='word_1_340' title='bbox 947 3960 974 4010; x_wconf 90' lang='lat' dir='ltr'><strong>in</strong></span> <span class='ocrx_word' id='word_1_341' title='bbox 987 3960 1096 4013; x_wconf 87' lang='lat' dir='ltr'><strong>officina</strong></span> <span class='ocrx_word' id='word_1_342' title='bbox 1108 3968 1165 4014; x_wconf 90' lang='lat' dir='ltr'><strong>tur·</strong></span> 
     </span>
     <span class='ocr_line' id='line_1_53' title="bbox 359 4028 1164 4103; baseline 0.002 -21"><span class='ocrx_word' id='word_1_343' title='bbox 359 4028 443 4084; x_wconf 87' lang='lat' dir='ltr'><strong>hines</strong></span> <span class='ocrx_word' id='word_1_344' title='bbox 451 4032 493 4083; x_wconf 91' lang='lat' dir='ltr'><strong>ita</strong></span> <span class='ocrx_word' id='word_1_345' title='bbox 503 4031 597 4103; x_wconf 86' lang='lat' dir='ltr'><strong>librati</strong></span> <span class='ocrx_word' id='word_1_346' title='bbox 611 4029 809 4097; x_wconf 88' lang='lat' dir='ltr'><strong>pependerunt,</strong></span> <span class='ocrx_word' id='word_1_347' title='bbox 821 4037 851 4082; x_wconf 93' lang='lat' dir='ltr'><strong>ut</strong></span> <span class='ocrx_word' id='word_1_348' title='bbox 863 4045 948 4097; x_wconf 90' lang='lat' dir='ltr'><strong>puero</strong></span> <span class='ocrx_word' id='word_1_349' title='bbox 960 4031 1164 4100; x_wconf 84' lang='lat' dir='ltr'><strong>circumagente</strong></span> 
     </span>
     <span class='ocr_line' id='line_1_54' title="bbox 360 4099 1164 4155; baseline 0 -3"><span class='ocrx_word' id='word_1_350' title='bbox 360 4109 548 4155; x_wconf 87' lang='lat' dir='ltr'><strong>tornarentur.</strong></span> <span class='ocrx_word' id='word_1_351' title='bbox 583 4100 734 4153; x_wconf 77' lang='lat' dir='ltr'><strong>Architecti</strong></span> <span class='ocrx_word' id='word_1_352' title='bbox 745 4100 823 4153; x_wconf 91' lang='lat' dir='ltr'><strong>illum</strong></span> <span class='ocrx_word' id='word_1_353' title='bbox 836 4099 928 4153; x_wconf 87' lang='lat' dir='ltr'><strong>fecere</strong></span> <span class='ocrx_word' id='word_1_354' title='bbox 938 4100 1043 4154; x_wconf 87' lang='lat' dir='ltr'><strong>Zmilns</strong></span> <span class='ocrx_word' id='word_1_355' title='bbox 1054 4109 1082 4155; x_wconf 90' lang='lat' dir='ltr'><strong>et</strong></span> <span class='ocrx_word' id='word_1_356' title='bbox 1093 4101 1164 4154; x_wconf 85' lang='lat' dir='ltr'><strong>liho-</strong></span> 
     </span>
     <span class='ocr_line' id='line_1_55' title="bbox 360 4169 1165 4239; baseline 0.002 -17"><span class='ocrx_word' id='word_1_357' title='bbox 360 4172 413 4232; x_wconf 91' lang='lat' dir='ltr'><strong>lus,</strong></span> <span class='ocrx_word' id='word_1_358' title='bbox 432 4179 460 4225; x_wconf 92' lang='lat' dir='ltr'><strong>et</strong></span> <span class='ocrx_word' id='word_1_359' title='bbox 470 4169 637 4224; x_wconf 85' lang='lat' dir='ltr'><strong>Theodorus</strong></span> <span class='ocrx_word' id='word_1_360' title='bbox 653 4170 789 4239; x_wconf 82' lang='lat' dir='ltr'><strong>indigena.</strong></span> <span class='ocrx_word' id='word_1_361' title='bbox 831 4171 1005 4237; x_wconf 83' lang='lat' dir='ltr'><strong>Exstantque</strong></span> <span class='ocrx_word' id='word_1_362' title='bbox 1023 4170 1112 4225; x_wconf 86' lang='lat' dir='ltr'><strong>adhuc</strong></span> <span class='ocrx_word' id='word_1_363' title='bbox 1123 4187 1165 4224; x_wconf 89' lang='lat' dir='ltr'><strong>re·</strong></span> 
     </span>
     <span class='ocr_line' id='line_1_56' title="bbox 359 4240 1164 4309; baseline 0.001 -17"><span class='ocrx_word' id='word_1_364' title='bbox 359 4240 466 4309; x_wconf 89' lang='lat' dir='ltr'><strong>liquiae</strong></span> <span class='ocrx_word' id='word_1_365' title='bbox 485 4242 564 4302; x_wconf 88' lang='lat' dir='ltr'><strong>eius,</strong></span> <span class='ocrx_word' id='word_1_366' title='bbox 584 4255 646 4293; x_wconf 86' lang='lat' dir='ltr'><strong>cunr</strong></span> <span class='ocrx_word' id='word_1_367' title='bbox 664 4241 768 4294; x_wconf 83' lang='lat' dir='ltr'><strong>Cretici</strong></span> <span class='ocrx_word' id='word_1_368' title='bbox 786 4241 933 4309; x_wconf 89' lang='lat' dir='ltr'><strong>italicique</strong></span> <span class='ocrx_word' id='word_1_369' title='bbox 950 4241 1030 4294; x_wconf 89' lang='lat' dir='ltr'><strong>nulla</strong></span> <span class='ocrx_word' id='word_1_370' title='bbox 1044 4241 1164 4309; x_wconf 85' lang='lat' dir='ltr'><strong>vestigia</strong></span> 
     </span>
     <span class='ocr_line' id='line_1_57' title="bbox 361 4318 481 4363; baseline 0 -1"><span class='ocrx_word' id='word_1_371' title='bbox 361 4318 481 4363; x_wconf 86' lang='lat' dir='ltr'><strong>exstent.</strong></span> 
     </span>
    </p>

    <p class='ocr_par' dir='ltr' id='par_1_8' title="bbox 361 4376 1165 5693">
     <span class='ocr_line' id='line_1_58' title="bbox 395 4376 1164 4447; baseline 0.001 -18"><span class='ocrx_word' id='word_1_372' title='bbox 395 4376 421 4429; x_wconf 76' lang='grc'><strong>4.</strong></span> <span class='ocrx_word' id='word_1_373' title='bbox 440 4379 566 4444; x_wconf 86' lang='lat' dir='ltr'><strong>Namque</strong></span> <span class='ocrx_word' id='word_1_374' title='bbox 581 4383 610 4430; x_wconf 93' lang='lat' dir='ltr'><strong>et</strong></span> <span class='ocrx_word' id='word_1_375' title='bbox 624 4377 752 4430; x_wconf 89' lang='lat' dir='ltr'><strong>ltalicum</strong></span> <span class='ocrx_word' id='word_1_376' title='bbox 769 4378 825 4431; x_wconf 92' lang='lat' dir='ltr'><strong>dici</strong></span> <span class='ocrx_word' id='word_1_377' title='bbox 845 4380 982 4441; x_wconf 72' lang='lat' dir='ltr'><strong>convenit,</strong></span> <span class='ocrx_word' id='word_1_378' title='bbox 1003 4378 1164 4447; x_wconf 88' lang='lat' dir='ltr'><strong>quemfecit</strong></span> 
     </span>
     <span class='ocr_line' id='line_1_59' title="bbox 362 4445 1165 4516; baseline 0.002 -18"><span class='ocrx_word' id='word_1_379' title='bbox 362 4445 416 4498; x_wconf 91' lang='lat' dir='ltr'><strong>sibi</strong></span> <span class='ocrx_word' id='word_1_380' title='bbox 427 4445 567 4499; x_wconf 85' lang='lat' dir='ltr'><strong>Porsenna</strong></span> <span class='ocrx_word' id='word_1_381' title='bbox 578 4462 627 4499; x_wconf 90' lang='lat' dir='ltr'><strong>rox</strong></span> <span class='ocrx_word' id='word_1_382' title='bbox 639 4447 766 4500; x_wconf 81' lang='lat' dir='ltr'><strong>Etruriae</strong></span> <span class='ocrx_word' id='word_1_383' title='bbox 779 4450 898 4516; x_wconf 91' lang='lat' dir='ltr'><strong>sepulcri</strong></span> <span class='ocrx_word' id='word_1_384' title='bbox 911 4464 1014 4511; x_wconf 89' lang='lat' dir='ltr'><strong>causa,</strong></span> <span class='ocrx_word' id='word_1_385' title='bbox 1037 4450 1122 4501; x_wconf 84' lang='lat' dir='ltr'><strong>sinrul</strong></span> <span class='ocrx_word' id='word_1_386' title='bbox 1132 4456 1165 4500; x_wconf 93' lang='lat' dir='ltr'><strong>ut</strong></span> 
     </span>
     <span class='ocr_line' id='line_1_60' title="bbox 362 4517 1164 4587; baseline 0.005 -20"><span class='ocrx_word' id='word_1_387' title='bbox 362 4521 538 4567; x_wconf 88' lang='lat' dir='ltr'><strong>externorum</strong></span> <span class='ocrx_word' id='word_1_388' title='bbox 556 4532 651 4584; x_wconf 90' lang='lat' dir='ltr'><strong>regum</strong></span> <span class='ocrx_word' id='word_1_389' title='bbox 670 4517 778 4569; x_wconf 81' lang='lat' dir='ltr'><strong>vanitas</strong></span> <span class='ocrx_word' id='word_1_390' title='bbox 797 4534 906 4587; x_wconf 89' lang='lat' dir='ltr'><strong>quoque</strong></span> <span class='ocrx_word' id='word_1_391' title='bbox 917 4520 950 4571; x_wconf 93' lang='lat' dir='ltr'><strong>ab</strong></span> <span class='ocrx_word' id='word_1_392' title='bbox 962 4519 1041 4570; x_wconf 91' lang='lat' dir='ltr'><strong>ltalis</strong></span> <span class='ocrx_word' id='word_1_393' title='bbox 1053 4535 1164 4587; x_wconf 89' lang='lat' dir='ltr'><strong>supere·</strong></span> 
     </span>
     <span class='ocr_line' id='line_1_61' title="bbox 362 4582 1164 4652; baseline 0.009 -18"><span class='ocrx_word' id='word_1_394' title='bbox 362 4592 418 4634; x_wconf 90' lang='lat' dir='ltr'><strong>tur.</strong></span> <span class='ocrx_word' id='word_1_395' title='bbox 453 4582 506 4635; x_wconf 80' lang='lat' dir='ltr'><strong>Sed</strong></span> <span class='ocrx_word' id='word_1_396' title='bbox 527 4602 586 4637; x_wconf 92' lang='lat' dir='ltr'><strong>eum</strong></span> <span class='ocrx_word' id='word_1_397' title='bbox 608 4587 727 4639; x_wconf 84' lang='lat' dir='ltr'><strong>excedat</strong></span> <span class='ocrx_word' id='word_1_398' title='bbox 746 4590 839 4639; x_wconf 89' lang='lat' dir='ltr'><strong>omnia</strong></span> <span class='ocrx_word' id='word_1_399' title='bbox 862 4588 1036 4652; x_wconf 83' lang='lat' dir='ltr'><strong>fabulositas,</strong></span> <span class='ocrx_word' id='word_1_400' title='bbox 1052 4596 1164 4642; x_wconf 91' lang='lat' dir='ltr'><strong>utemur</strong></span> 
     </span>
     <span class='ocr_line' id='line_1_62' title="bbox 361 4651 1163 4724; baseline 0.012 -24"><span class='ocrx_word' id='word_1_401' title='bbox 361 4651 449 4718; x_wconf 88' lang='lat' dir='ltr'><strong>ipsius</strong></span> <span class='ocrx_word' id='word_1_402' title='bbox 459 4652 498 4705; x_wconf 85' lang='grc' dir='ltr'><strong>Μ.</strong></span> <span class='ocrx_word' id='word_1_403' title='bbox 510 4651 647 4707; x_wconf 81' lang='lat' dir='ltr'><strong>Varronis</strong></span> <span class='ocrx_word' id='word_1_404' title='bbox 666 4656 695 4708; x_wconf 92' lang='lat' dir='ltr'><strong>in</strong></span> <span class='ocrx_word' id='word_1_405' title='bbox 713 4659 888 4724; x_wconf 81' lang='lat' dir='ltr'><strong>expositione</strong></span> <span class='ocrx_word' id='word_1_406' title='bbox 904 4657 965 4709; x_wconf 90' lang='lat' dir='ltr'><strong>eius</strong></span> <span class='ocrx_word' id='word_1_407' title='bbox 976 4654 1101 4710; x_wconf 84' lang='lat' dir='ltr'><strong>rerbis:¹&#39;</strong></span> <span class='ocrx_word' id='word_1_408' title='bbox 1115 4657 1163 4710; x_wconf 87' lang='lat' dir='ltr'><strong>Se·</strong></span> 
     </span>
     <span class='ocr_line' id='line_1_63' title="bbox 361 4719 1161 4795; baseline 0.01 -25"><span class='ocrx_word' id='word_1_409' title='bbox 361 4719 456 4787; x_wconf 88' lang='lat' dir='ltr'><strong>pultus</strong></span> <span class='ocrx_word' id='word_1_410' title='bbox 467 4727 519 4783; x_wconf 89' lang='lat' dir='ltr'><strong>est,</strong></span> <span class='ocrx_word' id='word_1_411' title='bbox 538 4723 638 4790; x_wconf 88' lang='lat' dir='ltr'><strong>inquit,</strong></span> <span class='ocrx_word' id='word_1_412' title='bbox 654 4726 782 4778; x_wconf 88' lang='lat' dir='ltr'><strong>suburbe</strong></span> <span class='ocrx_word' id='word_1_413' title='bbox 794 4725 901 4778; x_wconf 87' lang='lat' dir='ltr'><strong>Clusio:</strong></span> <span class='ocrx_word' id='word_1_414' title='bbox 920 4727 949 4777; x_wconf 90' lang='lat' dir='ltr'><strong>ln</strong></span> <span class='ocrx_word' id='word_1_415' title='bbox 962 4741 1016 4795; x_wconf 93' lang='lat' dir='ltr'><strong>quo</strong></span> <span class='ocrx_word' id='word_1_416' title='bbox 1028 4727 1090 4777; x_wconf 89' lang='lat' dir='ltr'><strong>loeo</strong></span> <span class='ocrx_word' id='word_1_417' title='bbox 1102 4743 1161 4778; x_wconf 84' lang='lat' dir='ltr'><strong>nro·</strong></span> 
     </span>
     <span class='ocr_line' id='line_1_64' title="bbox 363 4793 1163 4863; baseline 0.013 -24"><span class='ocrx_word' id='word_1_418' title='bbox 363 4798 522 4840; x_wconf 89' lang='lat' dir='ltr'><strong>numentum</strong></span> <span class='ocrx_word' id='word_1_419' title='bbox 535 4793 649 4860; x_wconf 88' lang='lat' dir='ltr'><strong>reliquit</strong></span> <span class='ocrx_word' id='word_1_420' title='bbox 669 4794 763 4862; x_wconf 89' lang='lat' dir='ltr'><strong>lapide</strong></span> <span class='ocrx_word' id='word_1_421' title='bbox 780 4795 932 4862; x_wconf 83' lang='lat' dir='ltr'><strong>quadrato:</strong></span> <span class='ocrx_word' id='word_1_422' title='bbox 952 4794 1163 4863; x_wconf 86' lang='lat' dir='ltr'><strong>singulalatera</strong></span> 
     </span>
     <span class='ocr_line' id='line_1_65' title="bbox 363 4857 1163 4932; baseline 0.01 -23"><span class='ocrx_word' id='word_1_423' title='bbox 363 4857 464 4925; x_wconf 87' lang='lat' dir='ltr'><strong>pedum</strong></span> <span class='ocrx_word' id='word_1_424' title='bbox 478 4858 535 4909; x_wconf 90' lang='lat' dir='ltr'><strong>lata</strong></span> <span class='ocrx_word' id='word_1_425' title='bbox 545 4860 690 4924; x_wconf 83' lang='lat' dir='ltr'><strong>tricenum,</strong></span> <span class='ocrx_word' id='word_1_426' title='bbox 700 4864 759 4915; x_wconf 88' lang='lat' dir='ltr'><strong>alta</strong></span> <span class='ocrx_word' id='word_1_427' title='bbox 770 4867 1005 4932; x_wconf 82' lang='lat' dir='ltr'><strong>quinquagenum:</strong></span> <span class='ocrx_word' id='word_1_428' title='bbox 1024 4864 1106 4931; x_wconf 89' lang='lat' dir='ltr'><strong>inque</strong></span> <span class='ocrx_word' id='word_1_429' title='bbox 1116 4866 1163 4917; x_wconf 88' lang='lat' dir='ltr'><strong>ba·</strong></span> 
     </span>
     <span class='ocr_line' id='line_1_66' title="bbox 363 4925 1163 5001; baseline 0.01 -23"><span class='ocrx_word' id='word_1_430' title='bbox 363 4927 389 4978; x_wconf 91' lang='lat' dir='ltr'><strong>si</strong></span> <span class='ocrx_word' id='word_1_431' title='bbox 408 4925 545 4993; x_wconf 87' lang='lat' dir='ltr'><strong>quadrata</strong></span> <span class='ocrx_word' id='word_1_432' title='bbox 561 4929 637 4979; x_wconf 90' lang='lat' dir='ltr'><strong>intus</strong></span> <span class='ocrx_word' id='word_1_433' title='bbox 651 4930 840 4998; x_wconf 83' lang='lat' dir='ltr'><strong>labyrinthum</strong></span> <span class='ocrx_word' id='word_1_434' title='bbox 856 4932 1088 4986; x_wconf 88' lang='lat' dir='ltr'><strong>inextricabilem:</strong></span> <span class='ocrx_word' id='word_1_435' title='bbox 1109 4949 1163 5001; x_wconf 93' lang='lat' dir='ltr'><strong>quo</strong></span> 
     </span>
     <span class='ocr_line' id='line_1_67' title="bbox 362 4995 1164 5067; baseline 0.01 -18"><span class='ocrx_word' id='word_1_436' title='bbox 362 4997 388 5049; x_wconf 90' lang='lat' dir='ltr'><strong>si</strong></span> <span class='ocrx_word' id='word_1_437' title='bbox 399 4996 461 5064; x_wconf 90' lang='lat' dir='ltr'><strong>quis</strong></span> <span class='ocrx_word' id='word_1_438' title='bbox 471 4995 640 5062; x_wconf 89' lang='lat' dir='ltr'><strong>improperet</strong></span> <span class='ocrx_word' id='word_1_439' title='bbox 649 4999 709 5052; x_wconf 87' lang='lat' dir='ltr'><strong>sine</strong></span> <span class='ocrx_word' id='word_1_440' title='bbox 721 5003 843 5067; x_wconf 89' lang='lat' dir='ltr'><strong>glomere</strong></span> <span class='ocrx_word' id='word_1_441' title='bbox 853 5001 911 5064; x_wconf 90' lang='lat' dir='ltr'><strong>lini,</strong></span> <span class='ocrx_word' id='word_1_442' title='bbox 921 5003 1027 5055; x_wconf 90' lang='lat' dir='ltr'><strong>exitum</strong></span> <span class='ocrx_word' id='word_1_443' title='bbox 1039 5005 1164 5057; x_wconf 74' lang='lat' dir='ltr'><strong>inuenire</strong></span> 
     </span>
     <span class='ocr_line' id='line_1_68' title="bbox 361 5064 1162 5146; baseline 0.011 -28"><span class='ocrx_word' id='word_1_444' title='bbox 361 5071 490 5134; x_wconf 86' lang='lat' dir='ltr'><strong>nequeat.</strong></span> <span class='ocrx_word' id='word_1_445' title='bbox 513 5064 602 5146; x_wconf 72' lang='lat' dir='ltr'><strong>supra</strong></span> <span class='ocrx_word' id='word_1_446' title='bbox 612 5064 640 5114; x_wconf 83' lang='lat' dir='ltr'><strong>id</strong></span> <span class='ocrx_word' id='word_1_447' title='bbox 653 5069 816 5132; x_wconf 89' lang='lat' dir='ltr'><strong>quadratum</strong></span> <span class='ocrx_word' id='word_1_448' title='bbox 827 5073 987 5137; x_wconf 87' lang='lat' dir='ltr'><strong>pyramides</strong></span> <span class='ocrx_word' id='word_1_449' title='bbox 996 5079 1072 5125; x_wconf 90' lang='lat' dir='ltr'><strong>stant</strong></span> <span class='ocrx_word' id='word_1_450' title='bbox 1084 5076 1162 5141; x_wconf 90' lang='lat' dir='ltr'><strong>quin·</strong></span> 
     </span>
     <span class='ocr_line' id='line_1_69' title="bbox 365 5135 1163 5204; baseline 0.011 -17"><span class='ocrx_word' id='word_1_451' title='bbox 365 5151 426 5204; x_wconf 91' lang='lat' dir='ltr'><strong>que,</strong></span> <span class='ocrx_word' id='word_1_452' title='bbox 437 5139 557 5204; x_wconf 91' lang='lat' dir='ltr'><strong>quatuor</strong></span> <span class='ocrx_word' id='word_1_453' title='bbox 567 5148 594 5184; x_wconf 89' lang='lat' dir='ltr'><strong>m</strong></span> <span class='ocrx_word' id='word_1_454' title='bbox 606 5135 731 5200; x_wconf 82' lang='lat' dir='ltr'><strong>angrrlis,</strong></span> <span class='ocrx_word' id='word_1_455' title='bbox 751 5140 778 5190; x_wconf 91' lang='lat' dir='ltr'><strong>in</strong></span> <span class='ocrx_word' id='word_1_456' title='bbox 790 5140 880 5193; x_wconf 90' lang='lat' dir='ltr'><strong>medio</strong></span> <span class='ocrx_word' id='word_1_457' title='bbox 893 5156 960 5193; x_wconf 89' lang='lat' dir='ltr'><strong>una:</strong></span> <span class='ocrx_word' id='word_1_458' title='bbox 982 5143 1009 5193; x_wconf 91' lang='lat' dir='ltr'><strong>in</strong></span> <span class='ocrx_word' id='word_1_459' title='bbox 1021 5145 1077 5195; x_wconf 94' lang='lat' dir='ltr'><strong>imo</strong></span> <span class='ocrx_word' id='word_1_460' title='bbox 1088 5145 1163 5196; x_wconf 92' lang='lat' dir='ltr'><strong>latae</strong></span> 
     </span>
     <span class='ocr_line' id='line_1_70' title="bbox 362 5205 1162 5282; baseline 0.018 -30"><span class='ocrx_word' id='word_1_461' title='bbox 362 5205 465 5273; x_wconf 80' lang='lat' dir='ltr'><strong>pedum</strong></span> <span class='ocrx_word' id='word_1_462' title='bbox 477 5207 588 5273; x_wconf 84' lang='lat' dir='ltr'><strong>quinum</strong></span> <span class='ocrx_word' id='word_1_463' title='bbox 600 5207 808 5270; x_wconf 72' lang='lat' dir='ltr'><strong>septemgemini,</strong></span> <span class='ocrx_word' id='word_1_464' title='bbox 821 5211 895 5262; x_wconf 89' lang='lat' dir='ltr'><strong>altae</strong></span> <span class='ocrx_word' id='word_1_465' title='bbox 906 5218 1015 5264; x_wconf 90' lang='lat' dir='ltr'><strong>eentum</strong></span> <span class='ocrx_word' id='word_1_466' title='bbox 1030 5214 1162 5282; x_wconf 85' lang='lat' dir='ltr'><strong>quinqua·</strong></span> 
     </span>
     <span class='ocr_line' id='line_1_71' title="bbox 363 5271 1163 5344; baseline 0.011 -18"><span class='ocrx_word' id='word_1_467' title='bbox 363 5279 463 5344; x_wconf 82' lang='lat' dir='ltr'><strong>gemin:</strong></span> <span class='ocrx_word' id='word_1_468' title='bbox 475 5293 481 5325; x_wconf 92' lang='lat'><strong>:</strong></span> <span class='ocrx_word' id='word_1_469' title='bbox 503 5273 546 5325; x_wconf 92' lang='lat' dir='ltr'><strong>ita</strong></span> <span class='ocrx_word' id='word_1_470' title='bbox 556 5271 720 5337; x_wconf 81' lang='lat' dir='ltr'><strong>fastigatas.</strong></span> <span class='ocrx_word' id='word_1_471' title='bbox 740 5282 770 5326; x_wconf 89' lang='lat' dir='ltr'><strong>ut</strong></span> <span class='ocrx_word' id='word_1_472' title='bbox 782 5278 808 5327; x_wconf 93' lang='lat' dir='ltr'><strong>in</strong></span> <span class='ocrx_word' id='word_1_473' title='bbox 819 5293 925 5332; x_wconf 89' lang='lat' dir='ltr'><strong>summo</strong></span> <span class='ocrx_word' id='word_1_474' title='bbox 936 5282 1012 5335; x_wconf 90' lang='lat' dir='ltr'><strong>orbis</strong></span> <span class='ocrx_word' id='word_1_475' title='bbox 1023 5300 1125 5336; x_wconf 89' lang='lat' dir='ltr'><strong>aeneus</strong></span> <span class='ocrx_word' id='word_1_476' title='bbox 1135 5290 1163 5335; x_wconf 89' lang='lat' dir='ltr'><strong>et</strong></span> 
     </span>
     <span class='ocr_line' id='line_1_72' title="bbox 362 5340 1164 5421; baseline 0.001 -25"><span class='ocrx_word' id='word_1_477' title='bbox 362 5351 476 5412; x_wconf 88' lang='lat' dir='ltr'><strong>petasus</strong></span> <span class='ocrx_word' id='word_1_478' title='bbox 487 5358 558 5395; x_wconf 88' lang='lat' dir='ltr'><strong>unus</strong></span> <span class='ocrx_word' id='word_1_479' title='bbox 569 5340 740 5393; x_wconf 83' lang='lat' dir='ltr'><strong>omnibussit</strong></span> <span class='ocrx_word' id='word_1_480' title='bbox 752 5343 948 5410; x_wconf 74' lang='lat' dir='ltr'><strong>impositus,ex</strong></span> <span class='ocrx_word' id='word_1_481' title='bbox 961 5366 1014 5419; x_wconf 81' lang='lat' dir='ltr'><strong>quo</strong></span> <span class='ocrx_word' id='word_1_482' title='bbox 1025 5353 1164 5421; x_wconf 60' lang='lat' dir='ltr'><strong>pendeant</strong></span> 
     </span>
     <span class='ocr_line' id='line_1_73' title="bbox 363 5411 1163 5492; baseline 0.011 -27"><span class='ocrx_word' id='word_1_483' title='bbox 363 5423 466 5481; x_wconf 88' lang='lat' dir='ltr'><strong>exapta</strong></span> <span class='ocrx_word' id='word_1_484' title='bbox 487 5414 593 5466; x_wconf 89' lang='lat' dir='ltr'><strong>eatenis</strong></span> <span class='ocrx_word' id='word_1_485' title='bbox 613 5411 818 5475; x_wconf 88' lang='lat' dir='ltr'><strong>tintinnabula,</strong></span> <span class='ocrx_word' id='word_1_486' title='bbox 849 5429 1025 5481; x_wconf 79' lang='lat' dir='ltr'><strong>quaerente</strong></span> <span class='ocrx_word' id='word_1_487' title='bbox 1046 5424 1163 5492; x_wconf 86' lang='lat' dir='ltr'><strong>agitata,</strong></span> 
     </span>
     <span class='ocr_line' id='line_1_74' title="bbox 362 5479 1163 5551; baseline 0.012 -18"><span class='ocrx_word' id='word_1_488' title='bbox 362 5483 446 5551; x_wconf 87' lang='lat' dir='ltr'><strong>longe</strong></span> <span class='ocrx_word' id='word_1_489' title='bbox 457 5485 565 5536; x_wconf 87' lang='lat' dir='ltr'><strong>sonitus</strong></span> <span class='ocrx_word' id='word_1_490' title='bbox 577 5479 710 5547; x_wconf 87' lang='lat' dir='ltr'><strong>referant,</strong></span> <span class='ocrx_word' id='word_1_491' title='bbox 723 5489 754 5534; x_wconf 89' lang='lat' dir='ltr'><strong>ut</strong></span> <span class='ocrx_word' id='word_1_492' title='bbox 764 5480 900 5535; x_wconf 85' lang='lat' dir='ltr'><strong>Dodonae</strong></span> <span class='ocrx_word' id='word_1_493' title='bbox 910 5487 976 5538; x_wconf 90' lang='lat' dir='ltr'><strong>olim</strong></span> <span class='ocrx_word' id='word_1_494' title='bbox 989 5489 1102 5543; x_wconf 85' lang='lat' dir='ltr'><strong>factum.</strong></span> <span class='ocrx_word' id='word_1_495' title='bbox 1114 5492 1163 5545; x_wconf 82' lang='lat' dir='ltr'><strong>Su·</strong></span> 
     </span>
     <span class='ocr_line' id='line_1_75' title="bbox 362 5553 1163 5631; baseline 0.002 -30"><span class='ocrx_word' id='word_1_496' title='bbox 362 5564 413 5617; x_wconf 85' lang='lat' dir='ltr'><strong>pra</strong></span> <span class='ocrx_word' id='word_1_497' title='bbox 423 5568 503 5618; x_wconf 90' lang='lat' dir='ltr'><strong>quern</strong></span> <span class='ocrx_word' id='word_1_498' title='bbox 515 5553 610 5606; x_wconf 90' lang='lat' dir='ltr'><strong>orbem</strong></span> <span class='ocrx_word' id='word_1_499' title='bbox 624 5561 743 5620; x_wconf 86' lang='lat' dir='ltr'><strong>quatuor</strong></span> <span class='ocrx_word' id='word_1_500' title='bbox 758 5553 920 5620; x_wconf 87' lang='lat' dir='ltr'><strong>pyramides.</strong></span> <span class='ocrx_word' id='word_1_501' title='bbox 929 5556 1048 5622; x_wconf 87' lang='lat' dir='ltr'><strong>insuper,</strong></span> <span class='ocrx_word' id='word_1_502' title='bbox 1069 5562 1163 5631; x_wconf 78' lang='lat' dir='ltr'><strong>singu.</strong></span> 
     </span>
     <span class='ocr_line' id='line_1_76' title="bbox 362 5620 1162 5693; baseline 0.019 -24"><span class='ocrx_word' id='word_1_503' title='bbox 362 5620 407 5670; x_wconf 83' lang='lat' dir='ltr'><strong>lae</strong></span> <span class='ocrx_word' id='word_1_504' title='bbox 420 5628 534 5675; x_wconf 78' lang='lat' dir='ltr'><strong>exstant</strong></span> <span class='ocrx_word' id='word_1_505' title='bbox 543 5623 619 5677; x_wconf 89' lang='lat' dir='ltr'><strong>altae</strong></span> <span class='ocrx_word' id='word_1_506' title='bbox 629 5623 729 5693; x_wconf 86' lang='lat' dir='ltr'><strong>pedum</strong></span> <span class='ocrx_word' id='word_1_507' title='bbox 742 5626 899 5678; x_wconf 83' lang='lat' dir='ltr'><strong>oenteatlm.</strong></span> <span class='ocrx_word' id='word_1_508' title='bbox 927 5621 1019 5692; x_wconf 81' lang='lat' dir='ltr'><strong>Supra</strong></span> <span class='ocrx_word' id='word_1_509' title='bbox 1029 5641 1096 5693; x_wconf 91' lang='lat' dir='ltr'><strong>quas</strong></span> <span class='ocrx_word' id='word_1_510' title='bbox 1106 5646 1162 5684; x_wconf 89' lang='lat' dir='ltr'><strong>uuo</strong></span> 
     </span>
    </p>
   </div>
   <div class='ocr_carea' id='block_1_5' title="bbox 1212 489 2068 2719">
    <p class='ocr_par' dir='ltr' id='par_1_9' title="bbox 1212 489 2017 894">
     <span class='ocr_line' id='line_1_77' title="bbox 1212 489 2017 563; baseline 0.001 -17"><span class='ocrx_word' id='word_1_511' title='bbox 1212 494 1275 546; x_wconf 90' lang='lat' dir='ltr'><strong>solo</strong></span> <span class='ocrx_word' id='word_1_512' title='bbox 1287 495 1408 563; x_wconf 88' lang='lat' dir='ltr'><strong>quinque</strong></span> <span class='ocrx_word' id='word_1_513' title='bbox 1419 489 1581 560; x_wconf 86' lang='lat' dir='ltr'><strong>pyramides</strong></span> <span class='ocrx_word' id='word_1_514' title='bbox 1593 526 1601 553; x_wconf 96' lang='lat'><strong>,</strong></span> <span class='ocrx_word' id='word_1_515' title='bbox 1622 504 1739 557; x_wconf 88' lang='lat' dir='ltr'><strong>quarum</strong></span> <span class='ocrx_word' id='word_1_516' title='bbox 1756 490 1934 547; x_wconf 81' lang='lat' dir='ltr'><strong>altitudinem</strong></span> <span class='ocrx_word' id='word_1_517' title='bbox 1946 493 2017 547; x_wconf 82' lang='lat' dir='ltr'><strong>Var-</strong></span> 
     </span>
     <span class='ocr_line' id='line_1_78' title="bbox 1213 560 2016 632; baseline 0 -16"><span class='ocrx_word' id='word_1_518' title='bbox 1213 579 1308 617; x_wconf 89' lang='lat' dir='ltr'><strong>ronem</strong></span> <span class='ocrx_word' id='word_1_519' title='bbox 1325 563 1425 632; x_wconf 89' lang='lat' dir='ltr'><strong>puduit</strong></span> <span class='ocrx_word' id='word_1_520' title='bbox 1444 561 1574 613; x_wconf 89' lang='lat' dir='ltr'><strong>adiicere.</strong></span> <span class='ocrx_word' id='word_1_521' title='bbox 1609 561 1730 612; x_wconf 84' lang='lat' dir='ltr'><strong>Fabulae</strong></span> <span class='ocrx_word' id='word_1_522' title='bbox 1746 560 1883 614; x_wconf 82' lang='lat' dir='ltr'><strong>Etruscae</strong></span> <span class='ocrx_word' id='word_1_523' title='bbox 1899 565 2016 616; x_wconf 77' lang='lat' dir='ltr'><strong>tradunt</strong></span> 
     </span>
     <span class='ocr_line' id='line_1_79' title="bbox 1213 625 2015 699; baseline 0 -13"><span class='ocrx_word' id='word_1_524' title='bbox 1213 634 1328 686; x_wconf 88' lang='lat' dir='ltr'><strong>eandem</strong></span> <span class='ocrx_word' id='word_1_525' title='bbox 1340 633 1437 693; x_wconf 83' lang='lat' dir='ltr'><strong>fuisse,</strong></span> <span class='ocrx_word' id='word_1_526' title='bbox 1449 645 1530 699; x_wconf 90' lang='lat' dir='ltr'><strong>qnam</strong></span> <span class='ocrx_word' id='word_1_527' title='bbox 1543 625 1749 695; x_wconf 84' lang='lat' dir='ltr'><strong>totius&#39;operis:</strong></span> <span class='ocrx_word' id='word_1_528' title='bbox 1768 630 1839 684; x_wconf 89' lang='lat' dir='ltr'><strong>adeo</strong></span> <span class='ocrx_word' id='word_1_529' title='bbox 1847 647 1955 686; x_wconf 84' lang='lat' dir='ltr'><strong>resana</strong></span> <span class='ocrx_word' id='word_1_530' title='bbox 1966 634 2015 686; x_wconf 86' lang='lat' dir='ltr'><strong>de·</strong></span> 
     </span>
     <span class='ocr_line' id='line_1_80' title="bbox 1213 698 2014 771; baseline -0.001 -16"><span class='ocrx_word' id='word_1_531' title='bbox 1213 704 1317 756; x_wconf 86' lang='lat' dir='ltr'><strong>arentia</strong></span> <span class='ocrx_word' id='word_1_532' title='bbox 1328 702 1471 771; x_wconf 87' lang='lat' dir='ltr'><strong>quaesisse</strong></span> <span class='ocrx_word' id='word_1_533' title='bbox 1482 699 1600 768; x_wconf 87' lang='lat' dir='ltr'><strong>gloriam</strong></span> <span class='ocrx_word' id='word_1_534' title='bbox 1618 698 1756 765; x_wconf 89' lang='lat' dir='ltr'><strong>impendio</strong></span> <span class='ocrx_word' id='word_1_535' title='bbox 1772 700 1841 752; x_wconf 92' lang='lat' dir='ltr'><strong>nulli</strong></span> <span class='ocrx_word' id='word_1_536' title='bbox 1853 702 2014 767; x_wconf 89' lang='lat' dir='ltr'><strong>profuturo.</strong></span> 
     </span>
     <span class='ocr_line' id='line_1_81' title="bbox 1213 768 2017 838; baseline -0.001 -13"><span class='ocrx_word' id='word_1_537' title='bbox 1213 773 1364 825; x_wconf 86' lang='lat' dir='ltr'><strong>Praeterea</strong></span> <span class='ocrx_word' id='word_1_538' title='bbox 1375 771 1511 838; x_wconf 83' lang='lat' dir='ltr'><strong>fatigasse</strong></span> <span class='ocrx_word' id='word_1_539' title='bbox 1521 768 1601 838; x_wconf 87' lang='lat' dir='ltr'><strong>regni</strong></span> <span class='ocrx_word' id='word_1_540' title='bbox 1610 770 1695 831; x_wconf 83' lang='lat' dir='ltr'><strong>uires,</strong></span> <span class='ocrx_word' id='word_1_541' title='bbox 1704 774 1736 819; x_wconf 89' lang='lat' dir='ltr'><strong>nt</strong></span> <span class='ocrx_word' id='word_1_542' title='bbox 1746 772 1838 823; x_wconf 68' lang='lat' dir='ltr'><strong>umen</strong></span> <span class='ocrx_word' id='word_1_543' title='bbox 1847 770 1911 825; x_wconf 86' lang='lat' dir='ltr'><strong>laus</strong></span> <span class='ocrx_word' id='word_1_544' title='bbox 1921 773 2017 825; x_wconf 87' lang='lat' dir='ltr'><strong>maior</strong></span> 
     </span>
     <span class='ocr_line' id='line_1_82' title="bbox 1213 843 1542 894; baseline -0.015 0"><span class='ocrx_word' id='word_1_545' title='bbox 1213 843 1329 894; x_wconf 83' lang='lat' dir='ltr'><strong>artificis</strong></span> <span class='ocrx_word' id='word_1_546' title='bbox 1340 846 1423 894; x_wconf 87' lang='lat' dir='ltr'><strong>esset.</strong></span> <span class='ocrx_word' id='word_1_547' title='bbox 1531 862 1542 889; x_wconf 77' lang='lat'><strong>.-</strong></span> 
     </span>
    </p>

    <p class='ocr_par' dir='ltr' id='par_1_10' title="bbox 1213 904 2017 1394">
     <span class='ocr_line' id='line_1_83' title="bbox 1247 904 2017 979; baseline 0 -17"><span class='ocrx_word' id='word_1_548' title='bbox 1247 912 1308 963; x_wconf 77' lang='lat' dir='ltr'><strong>xx·</strong></span> <span class='ocrx_word' id='word_1_549' title='bbox 1327 911 1445 979; x_wconf 82' lang='lat' dir='ltr'><strong>Legitur</strong></span> <span class='ocrx_word' id='word_1_550' title='bbox 1454 912 1482 960; x_wconf 93' lang='lat' dir='ltr'><strong>et</strong></span> <span class='ocrx_word' id='word_1_551' title='bbox 1493 905 1607 974; x_wconf 88' lang='lat' dir='ltr'><strong>pensilis</strong></span> <span class='ocrx_word' id='word_1_552' title='bbox 1618 904 1727 969; x_wconf 90' lang='lat' dir='ltr'><strong>hortus,</strong></span> <span class='ocrx_word' id='word_1_553' title='bbox 1747 909 1832 960; x_wconf 86' lang='lat' dir='ltr'><strong>iramo</strong></span> <span class='ocrx_word' id='word_1_554' title='bbox 1841 924 1908 962; x_wconf 80' lang='lat' dir='ltr'><strong>sero</strong></span> <span class='ocrx_word' id='word_1_555' title='bbox 1920 916 2017 963; x_wconf 92' lang='lat' dir='ltr'><strong>totum</strong></span> 
     </span>
     <span class='ocr_line' id='line_1_84' title="bbox 1213 975 2017 1049; baseline 0.001 -17"><span class='ocrx_word' id='word_1_556' title='bbox 1213 981 1348 1049; x_wconf 89' lang='lat' dir='ltr'><strong>oppidum</strong></span> <span class='ocrx_word' id='word_1_557' title='bbox 1359 980 1515 1047; x_wconf 86' lang='lat' dir='ltr'><strong>Aegyptiae</strong></span> <span class='ocrx_word' id='word_1_558' title='bbox 1524 975 1646 1040; x_wconf 82' lang='lat' dir='ltr'><strong>Thebae,</strong></span> <span class='ocrx_word' id='word_1_559' title='bbox 1658 978 1798 1029; x_wconf 84' lang='lat' dir='ltr'><strong>exereitus</strong></span> <span class='ocrx_word' id='word_1_560' title='bbox 1817 986 1940 1030; x_wconf 87' lang='lat' dir='ltr'><strong>araratns</strong></span> <span class='ocrx_word' id='word_1_561' title='bbox 1951 981 2017 1033; x_wconf 85' lang='lat' dir='ltr'><strong>sab·</strong></span> 
     </span>
     <span class='ocr_line' id='line_1_85' title="bbox 1213 1040 2017 1113; baseline -0.001 -12"><span class='ocrx_word' id='word_1_562' title='bbox 1213 1058 1257 1102; x_wconf 91' lang='lat' dir='ltr'><strong>ter</strong></span> <span class='ocrx_word' id='word_1_563' title='bbox 1268 1051 1386 1103; x_wconf 86' lang='lat' dir='ltr'><strong>educere</strong></span> <span class='ocrx_word' id='word_1_564' title='bbox 1396 1048 1489 1100; x_wconf 90' lang='lat' dir='ltr'><strong>solitis</strong></span> <span class='ocrx_word' id='word_1_565' title='bbox 1501 1046 1632 1113; x_wconf 82' lang='lat' dir='ltr'><strong>regibus,</strong></span> <span class='ocrx_word' id='word_1_566' title='bbox 1651 1047 1729 1098; x_wconf 88' lang='lat' dir='ltr'><strong>nullo</strong></span> <span class='ocrx_word' id='word_1_567' title='bbox 1742 1040 1943 1113; x_wconf 76' lang='lat' dir='ltr'><strong>oppidanorum</strong></span> <span class='ocrx_word' id='word_1_568' title='bbox 1956 1065 2017 1101; x_wconf 88' lang='lat' dir='ltr'><strong>sen·</strong></span> 
     </span>
     <span class='ocr_line' id='line_1_86' title="bbox 1214 1114 2015 1186; baseline -0.004 -14"><span class='ocrx_word' id='word_1_569' title='bbox 1214 1122 1311 1172; x_wconf 89' lang='lat' dir='ltr'><strong>tiente.</strong></span> <span class='ocrx_word' id='word_1_570' title='bbox 1347 1119 1505 1172; x_wconf 77' lang='lat' dir='ltr'><strong>Etiamnum</strong></span> <span class='ocrx_word' id='word_1_571' title='bbox 1527 1114 1580 1167; x_wconf 89' lang='lat' dir='ltr'><strong>hoc</strong></span> <span class='ocrx_word' id='word_1_572' title='bbox 1599 1118 1689 1167; x_wconf 84' lang='lat' dir='ltr'><strong>asiana</strong></span> <span class='ocrx_word' id='word_1_573' title='bbox 1710 1117 1918 1185; x_wconf 88' lang='lat' dir='ltr'><strong>mirum,qaam</strong></span> <span class='ocrx_word' id='word_1_574' title='bbox 1940 1118 2015 1186; x_wconf 89' lang='lat' dir='ltr'><strong>quod</strong></span> 
     </span>
     <span class='ocr_line' id='line_1_87' title="bbox 1214 1185 2015 1254; baseline -0.001 -14"><span class='ocrx_word' id='word_1_575' title='bbox 1214 1189 1326 1243; x_wconf 81' lang='lat' dir='ltr'><strong>hunnine</strong></span> <span class='ocrx_word' id='word_1_576' title='bbox 1338 1189 1457 1242; x_wconf 90' lang='lat' dir='ltr'><strong>medium</strong></span> <span class='ocrx_word' id='word_1_577' title='bbox 1472 1185 1601 1254; x_wconf 89' lang='lat' dir='ltr'><strong>oppidum</strong></span> <span class='ocrx_word' id='word_1_578' title='bbox 1613 1185 1802 1239; x_wconf 86' lang='lat' dir='ltr'><strong>interfluente.</strong></span> <span class='ocrx_word' id='word_1_579' title='bbox 1827 1188 1906 1250; x_wconf 75' lang='lat' dir='ltr'><strong>Quae</strong></span> <span class='ocrx_word' id='word_1_580' title='bbox 1917 1189 1940 1238; x_wconf 87' lang='lat' dir='ltr'><strong>si</strong></span> <span class='ocrx_word' id='word_1_581' title='bbox 1951 1187 2015 1240; x_wconf 83' lang='lat' dir='ltr'><strong>fuis-</strong></span> 
     </span>
     <span class='ocr_line' id='line_1_88' title="bbox 1214 1255 2016 1321; baseline -0.005 -9"><span class='ocrx_word' id='word_1_582' title='bbox 1214 1266 1285 1321; x_wconf 91' lang='lat' dir='ltr'><strong>sent,</strong></span> <span class='ocrx_word' id='word_1_583' title='bbox 1306 1275 1360 1311; x_wconf 92' lang='lat' dir='ltr'><strong>non</strong></span> <span class='ocrx_word' id='word_1_584' title='bbox 1383 1258 1496 1310; x_wconf 88' lang='lat' dir='ltr'><strong>dubium</strong></span> <span class='ocrx_word' id='word_1_585' title='bbox 1519 1262 1564 1307; x_wconf 91' lang='lat' dir='ltr'><strong>est</strong></span> <span class='ocrx_word' id='word_1_586' title='bbox 1583 1255 1735 1307; x_wconf 89' lang='lat' dir='ltr'><strong>llomerum</strong></span> <span class='ocrx_word' id='word_1_587' title='bbox 1756 1257 1900 1310; x_wconf 86' lang='lat' dir='ltr'><strong>dicturum</strong></span> <span class='ocrx_word' id='word_1_588' title='bbox 1920 1257 2016 1319; x_wconf 83' lang='lat' dir='ltr'><strong>fuisse,</strong></span> 
     </span>
     <span class='ocr_line' id='line_1_89' title="bbox 1214 1325 1846 1394; baseline -0.021 -12"><span class='ocrx_word' id='word_1_589' title='bbox 1214 1345 1276 1382; x_wconf 91' lang='lat' dir='ltr'><strong>eum</strong></span> <span class='ocrx_word' id='word_1_590' title='bbox 1288 1335 1398 1381; x_wconf 91' lang='lat' dir='ltr'><strong>centurn</strong></span> <span class='ocrx_word' id='word_1_591' title='bbox 1409 1335 1504 1394; x_wconf 86' lang='lat' dir='ltr'><strong>portas</strong></span> <span class='ocrx_word' id='word_1_592' title='bbox 1513 1326 1551 1375; x_wconf 87' lang='lat' dir='ltr'><strong>ihi</strong></span> <span class='ocrx_word' id='word_1_593' title='bbox 1563 1325 1747 1391; x_wconf 82' lang='lat' dir='ltr'><strong>praedicaret.</strong></span> <span class='ocrx_word' id='word_1_594' title='bbox 1838 1364 1846 1369; x_wconf 87' lang='lat'><strong>.</strong></span> 
     </span>
    </p>

    <p class='ocr_par' dir='ltr' id='par_1_11' title="bbox 1214 1394 2068 2719">
     <span class='ocr_line' id='line_1_90' title="bbox 1249 1394 2015 1465; baseline -0.001 -15"><span class='ocrx_word' id='word_1_595' title='bbox 1249 1399 1325 1450; x_wconf 80' lang='lat' dir='ltr'><strong>xxi.</strong></span> <span class='ocrx_word' id='word_1_596' title='bbox 1343 1397 1571 1465; x_wconf 83' lang='lat' dir='ltr'><strong>Magnificentiae</strong></span> <span class='ocrx_word' id='word_1_597' title='bbox 1589 1410 1655 1447; x_wconf 78' lang='lat' dir='ltr'><strong>sera</strong></span> <span class='ocrx_word' id='word_1_598' title='bbox 1672 1394 1823 1447; x_wconf 87' lang='lat' dir='ltr'><strong>admiratio</strong></span> <span class='ocrx_word' id='word_1_599' title='bbox 1839 1402 1932 1447; x_wconf 81' lang='lat' dir='ltr'><strong>exstat</strong></span> <span class='ocrx_word' id='word_1_600' title='bbox 1948 1403 2015 1449; x_wconf 84' lang='lat' dir='ltr'><strong>tem·</strong></span> 
     </span>
     <span class='ocr_line' id='line_1_91' title="bbox 1214 1463 2014 1538; baseline -0.004 -18"><span class='ocrx_word' id='word_1_601' title='bbox 1214 1469 1291 1538; x_wconf 88' lang='lat' dir='ltr'><strong>plura</strong></span> <span class='ocrx_word' id='word_1_602' title='bbox 1304 1468 1441 1535; x_wconf 84' lang='lat' dir='ltr'><strong>Ephesiae</strong></span> <span class='ocrx_word' id='word_1_603' title='bbox 1453 1466 1561 1517; x_wconf 79' lang='lat' dir='ltr'><strong>Dianae</strong></span> <span class='ocrx_word' id='word_1_604' title='bbox 1570 1463 1697 1515; x_wconf 88' lang='lat' dir='ltr'><strong>ducentis</strong></span> <span class='ocrx_word' id='word_1_605' title='bbox 1706 1465 1808 1531; x_wconf 72' lang='lat' dir='ltr'><strong>viginti</strong></span> <span class='ocrx_word' id='word_1_606' title='bbox 1818 1465 1900 1517; x_wconf 86' lang='lat' dir='ltr'><strong>annis</strong></span> <span class='ocrx_word' id='word_1_607' title='bbox 1910 1464 2014 1519; x_wconf 75' lang='lat' dir='ltr'><strong>tuemur</strong></span> 
     </span>
     <span class='ocr_line' id='line_1_92' title="bbox 1214 1533 2068 1600; baseline -0.007 -8"><span class='ocrx_word' id='word_1_608' title='bbox 1214 1556 1232 1592; x_wconf 92' lang='lat' dir='ltr'><strong>a</strong></span> <span class='ocrx_word' id='word_1_609' title='bbox 1252 1544 1315 1591; x_wconf 91' lang='lat' dir='ltr'><strong>tota</strong></span> <span class='ocrx_word' id='word_1_610' title='bbox 1325 1537 1400 1589; x_wconf 90' lang='lat' dir='ltr'><strong>Asia.</strong></span> <span class='ocrx_word' id='word_1_611' title='bbox 1436 1537 1465 1587; x_wconf 89' lang='lat' dir='ltr'><strong>ln</strong></span> <span class='ocrx_word' id='word_1_612' title='bbox 1487 1534 1549 1586; x_wconf 89' lang='lat' dir='ltr'><strong>solo</strong></span> <span class='ocrx_word' id='word_1_613' title='bbox 1571 1533 1600 1584; x_wconf 90' lang='lat' dir='ltr'><strong>id</strong></span> <span class='ocrx_word' id='word_1_614' title='bbox 1621 1534 1741 1600; x_wconf 88' lang='lat' dir='ltr'><strong>palustri</strong></span> <span class='ocrx_word' id='word_1_615' title='bbox 1760 1535 1910 1597; x_wconf 65' lang='lat' dir='ltr'><strong>fenerans</strong></span> <span class='ocrx_word' id='word_1_616' title='bbox 1924 1545 2015 1587; x_wconf 84' lang='lat' dir='ltr'><strong>terrae</strong></span> <span class='ocrx_word' id='word_1_617' title='bbox 2058 1544 2068 1567; x_wconf 75' lang='lat'><strong>⁹</strong></span> 
     </span>
     <span class='ocr_line' id='line_1_93' title="bbox 1215 1601 2014 1667; baseline -0.005 -7"><span class='ocrx_word' id='word_1_618' title='bbox 1215 1615 1308 1661; x_wconf 90' lang='lat' dir='ltr'><strong>motus</strong></span> <span class='ocrx_word' id='word_1_619' title='bbox 1331 1607 1458 1667; x_wconf 87' lang='lat' dir='ltr'><strong>sentiret,</strong></span> <span class='ocrx_word' id='word_1_620' title='bbox 1480 1612 1529 1655; x_wconf 89' lang='lat' dir='ltr'><strong>aut</strong></span> <span class='ocrx_word' id='word_1_621' title='bbox 1548 1601 1641 1655; x_wconf 88' lang='lat' dir='ltr'><strong>hiatus</strong></span> <span class='ocrx_word' id='word_1_622' title='bbox 1652 1604 1774 1656; x_wconf 88' lang='lat' dir='ltr'><strong>timeret.</strong></span> <span class='ocrx_word' id='word_1_623' title='bbox 1810 1603 1916 1656; x_wconf 81' lang='lat' dir='ltr'><strong>Rursus</strong></span> <span class='ocrx_word' id='word_1_624' title='bbox 1934 1620 1970 1656; x_wconf 92' lang='lat' dir='ltr'><strong>ne</strong></span> <span class='ocrx_word' id='word_1_625' title='bbox 1984 1605 2014 1656; x_wconf 87' lang='lat' dir='ltr'><strong>ia</strong></span> 
     </span>
     <span class='ocr_line' id='line_1_94' title="bbox 1214 1672 2015 1745; baseline -0.006 -16"><span class='ocrx_word' id='word_1_626' title='bbox 1214 1679 1322 1729; x_wconf 91' lang='lat' dir='ltr'><strong>lubrico</strong></span> <span class='ocrx_word' id='word_1_627' title='bbox 1333 1683 1416 1745; x_wconf 91' lang='lat' dir='ltr'><strong>atque</strong></span> <span class='ocrx_word' id='word_1_628' title='bbox 1428 1673 1553 1726; x_wconf 86' lang='lat' dir='ltr'><strong>instabili</strong></span> <span class='ocrx_word' id='word_1_629' title='bbox 1570 1672 1754 1726; x_wconf 88' lang='lat' dir='ltr'><strong>fundamenta</strong></span> <span class='ocrx_word' id='word_1_630' title='bbox 1767 1679 1866 1726; x_wconf 69' lang='lat' dir='ltr'><strong>tantm</strong></span> <span class='ocrx_word' id='word_1_631' title='bbox 1881 1673 1963 1725; x_wconf 84' lang='lat' dir='ltr'><strong>molis</strong></span> <span class='ocrx_word' id='word_1_632' title='bbox 1974 1674 2015 1725; x_wconf 89' lang='lat' dir='ltr'><strong>la·</strong></span> 
     </span>
     <span class='ocr_line' id='line_1_95' title="bbox 1215 1742 2013 1808; baseline -0.006 -9"><span class='ocrx_word' id='word_1_633' title='bbox 1215 1753 1355 1808; x_wconf 88' lang='lat' dir='ltr'><strong>curentur,</strong></span> <span class='ocrx_word' id='word_1_634' title='bbox 1377 1744 1493 1799; x_wconf 87' lang='lat' dir='ltr'><strong>calcatis</strong></span> <span class='ocrx_word' id='word_1_635' title='bbox 1508 1758 1542 1796; x_wconf 88' lang='lat' dir='ltr'><strong>ea</strong></span> <span class='ocrx_word' id='word_1_636' title='bbox 1558 1743 1736 1796; x_wconf 81' lang='lat' dir='ltr'><strong>substravere</strong></span> <span class='ocrx_word' id='word_1_637' title='bbox 1751 1742 1930 1805; x_wconf 86' lang='lat' dir='ltr'><strong>carbonibus,</strong></span> <span class='ocrx_word' id='word_1_638' title='bbox 1949 1743 2013 1795; x_wconf 86' lang='lat' dir='ltr'><strong>dein</strong></span> 
     </span>
     <span class='ocr_line' id='line_1_96' title="bbox 1214 1812 2015 1881; baseline -0.005 -12"><span class='ocrx_word' id='word_1_639' title='bbox 1214 1816 1366 1869; x_wconf 85' lang='lat' dir='ltr'><strong>rellerihns</strong></span> <span class='ocrx_word' id='word_1_640' title='bbox 1386 1816 1476 1867; x_wconf 88' lang='lat' dir='ltr'><strong>lanae.</strong></span> <span class='ocrx_word' id='word_1_641' title='bbox 1523 1812 1657 1864; x_wconf 80' lang='lat' dir='ltr'><strong>Universo</strong></span> <span class='ocrx_word' id='word_1_642' title='bbox 1678 1812 1785 1880; x_wconf 89' lang='lat' dir='ltr'><strong>templo</strong></span> <span class='ocrx_word' id='word_1_643' title='bbox 1805 1813 1950 1881; x_wconf 84' lang='lat' dir='ltr'><strong>longitudo</strong></span> <span class='ocrx_word' id='word_1_644' title='bbox 1970 1820 2015 1865; x_wconf 87' lang='lat' dir='ltr'><strong>eat</strong></span> 
     </span>
     <span class='ocr_line' id='line_1_97' title="bbox 1215 1880 2016 1952; baseline -0.009 -12"><span class='ocrx_word' id='word_1_645' title='bbox 1215 1884 1383 1940; x_wconf 81' lang='lat' dir='ltr'><strong>CCCCXXV</strong></span> <span class='ocrx_word' id='word_1_646' title='bbox 1394 1884 1504 1952; x_wconf 89' lang='lat' dir='ltr'><strong>pedum,</strong></span> <span class='ocrx_word' id='word_1_647' title='bbox 1515 1880 1637 1934; x_wconf 89' lang='lat' dir='ltr'><strong>latitudo</strong></span> <span class='ocrx_word' id='word_1_648' title='bbox 1647 1881 1828 1935; x_wconf 88' lang='lat' dir='ltr'><strong>ducentorum</strong></span> <span class='ocrx_word' id='word_1_649' title='bbox 1839 1882 1955 1950; x_wconf 80' lang='lat' dir='ltr'><strong>uiginti,</strong></span> <span class='ocrx_word' id='word_1_650' title='bbox 1971 1896 2016 1934; x_wconf 92' lang='lat' dir='ltr'><strong>co·</strong></span> 
     </span>
     <span class='ocr_line' id='line_1_98' title="bbox 1214 1951 2016 2020; baseline -0.006 -13"><span class='ocrx_word' id='word_1_651' title='bbox 1214 1957 1326 2009; x_wconf 88' lang='lat' dir='ltr'><strong>lumnae</strong></span> <span class='ocrx_word' id='word_1_652' title='bbox 1337 1962 1444 2007; x_wconf 86' lang='lat' dir='ltr'><strong>eentum</strong></span> <span class='ocrx_word' id='word_1_653' title='bbox 1457 1953 1554 2019; x_wconf 80' lang='lat' dir='ltr'><strong>uiginti</strong></span> <span class='ocrx_word' id='word_1_654' title='bbox 1567 1958 1674 2020; x_wconf 83' lang='lat' dir='ltr'><strong>septem</strong></span> <span class='ocrx_word' id='word_1_655' title='bbox 1693 1967 1711 2005; x_wconf 90' lang='lat' dir='ltr'><strong>a</strong></span> <span class='ocrx_word' id='word_1_656' title='bbox 1722 1953 1838 2020; x_wconf 87' lang='lat' dir='ltr'><strong>singulis</strong></span> <span class='ocrx_word' id='word_1_657' title='bbox 1849 1952 1963 2020; x_wconf 83' lang='lat' dir='ltr'><strong>regibus</strong></span> <span class='ocrx_word' id='word_1_658' title='bbox 1974 1951 2016 2003; x_wconf 86' lang='lat' dir='ltr'><strong>fa·</strong></span> 
     </span>
     <span class='ocr_line' id='line_1_99' title="bbox 1215 2019 2016 2090; baseline -0.005 -13"><span class='ocrx_word' id='word_1_659' title='bbox 1215 2034 1286 2087; x_wconf 88' lang='lat' dir='ltr'><strong>ctae,</strong></span> <span class='ocrx_word' id='word_1_660' title='bbox 1297 2024 1457 2090; x_wconf 74' lang='lat' dir='ltr'><strong>expetam</strong></span> <span class='ocrx_word' id='word_1_661' title='bbox 1469 2021 1641 2073; x_wconf 70' lang='lat' dir='ltr'><strong>iratumne:</strong></span> <span class='ocrx_word' id='word_1_662' title='bbox 1654 2036 1688 2075; x_wconf 85' lang='lat' dir='ltr'><strong>ex</strong></span> <span class='ocrx_word' id='word_1_663' title='bbox 1699 2021 1734 2074; x_wconf 90' lang='lat' dir='ltr'><strong>iis</strong></span> <span class='ocrx_word' id='word_1_664' title='bbox 1746 2019 1862 2076; x_wconf 80' lang='lat' dir='ltr'><strong>xxxvl</strong></span> <span class='ocrx_word' id='word_1_665' title='bbox 1874 2021 2016 2083; x_wconf 85' lang='lat' dir='ltr'><strong>caelatae,</strong></span> 
     </span>
     <span class='ocr_line' id='line_1_100' title="bbox 1214 2089 2068 2161; baseline -0.005 -16"><span class='ocrx_word' id='word_1_666' title='bbox 1214 2110 1269 2145; x_wconf 90' lang='lat' dir='ltr'><strong>nna</strong></span> <span class='ocrx_word' id='word_1_667' title='bbox 1283 2110 1301 2146; x_wconf 92' lang='lat' dir='ltr'><strong>a</strong></span> <span class='ocrx_word' id='word_1_668' title='bbox 1317 2094 1415 2161; x_wconf 90' lang='lat' dir='ltr'><strong>Scopa.</strong></span> <span class='ocrx_word' id='word_1_669' title='bbox 1452 2093 1538 2159; x_wconf 88' lang='lat' dir='ltr'><strong>Operi</strong></span> <span class='ocrx_word' id='word_1_670' title='bbox 1554 2090 1677 2158; x_wconf 90' lang='lat' dir='ltr'><strong>praefuit</strong></span> <span class='ocrx_word' id='word_1_671' title='bbox 1693 2089 1875 2160; x_wconf 84' lang='lat' dir='ltr'><strong>Chersiphron</strong></span> <span class='ocrx_word' id='word_1_672' title='bbox 1894 2089 2015 2143; x_wconf 81' lang='lat' dir='ltr'><strong>archita·</strong></span> <span class='ocrx_word' id='word_1_673' title='bbox 2059 2112 2068 2129; x_wconf 91' lang='lat'><strong>·</strong></span> 
     </span>
     <span class='ocr_line' id='line_1_101' title="bbox 1216 2161 2015 2229; baseline -0.008 -12"><span class='ocrx_word' id='word_1_674' title='bbox 1216 2172 1285 2217; x_wconf 90' lang='lat' dir='ltr'><strong>ctus.</strong></span> <span class='ocrx_word' id='word_1_675' title='bbox 1322 2162 1435 2215; x_wconf 85' lang='lat' dir='ltr'><strong>Summa</strong></span> <span class='ocrx_word' id='word_1_676' title='bbox 1451 2163 1598 2222; x_wconf 87' lang='lat' dir='ltr'><strong>miracula,</strong></span> <span class='ocrx_word' id='word_1_677' title='bbox 1621 2161 1756 2229; x_wconf 87' lang='lat' dir='ltr'><strong>epistylia</strong></span> <span class='ocrx_word' id='word_1_678' title='bbox 1770 2168 1867 2214; x_wconf 85' lang='lat' dir='ltr'><strong>tantae</strong></span> <span class='ocrx_word' id='word_1_679' title='bbox 1878 2161 1961 2214; x_wconf 88' lang='lat' dir='ltr'><strong>molis</strong></span> <span class='ocrx_word' id='word_1_680' title='bbox 1972 2167 2015 2211; x_wconf 89' lang='lat' dir='ltr'><strong>at-</strong></span> 
     </span>
     <span class='ocr_line' id='line_1_102' title="bbox 1215 2228 2014 2300; baseline -0.008 -13"><span class='ocrx_word' id='word_1_681' title='bbox 1215 2234 1277 2287; x_wconf 92' lang='lat' dir='ltr'><strong>tolli</strong></span> <span class='ocrx_word' id='word_1_682' title='bbox 1289 2235 1423 2300; x_wconf 89' lang='lat' dir='ltr'><strong>potuisse.</strong></span> <span class='ocrx_word' id='word_1_683' title='bbox 1459 2232 1489 2284; x_wconf 92' lang='lat' dir='ltr'><strong>ld</strong></span> <span class='ocrx_word' id='word_1_684' title='bbox 1502 2228 1668 2284; x_wconf 63' lang='lat' dir='ltr'><strong>coementes</strong></span> <span class='ocrx_word' id='word_1_685' title='bbox 1680 2238 1723 2283; x_wconf 93' lang='lat' dir='ltr'><strong>est</strong></span> <span class='ocrx_word' id='word_1_686' title='bbox 1733 2231 1782 2284; x_wconf 91' lang='lat' dir='ltr'><strong>ille</strong></span> <span class='ocrx_word' id='word_1_687' title='bbox 1792 2232 1943 2283; x_wconf 87' lang='lat' dir='ltr'><strong>aeronibus</strong></span> <span class='ocrx_word' id='word_1_688' title='bbox 1953 2244 2014 2282; x_wconf 89' lang='lat' dir='ltr'><strong>are·</strong></span> 
     </span>
     <span class='ocr_line' id='line_1_103' title="bbox 1215 2301 2016 2370; baseline -0.007 -14"><span class='ocrx_word' id='word_1_689' title='bbox 1215 2302 1361 2370; x_wconf 88' lang='lat' dir='ltr'><strong>naplenis,</strong></span> <span class='ocrx_word' id='word_1_690' title='bbox 1372 2301 1451 2353; x_wconf 90' lang='lat' dir='ltr'><strong>mulli</strong></span> <span class='ocrx_word' id='word_1_691' title='bbox 1469 2302 1540 2355; x_wconf 88' lang='lat' dir='ltr'><strong>cliro</strong></span> <span class='ocrx_word' id='word_1_692' title='bbox 1555 2316 1639 2368; x_wconf 88' lang='lat' dir='ltr'><strong>super</strong></span> <span class='ocrx_word' id='word_1_693' title='bbox 1656 2301 1748 2365; x_wconf 89' lang='lat' dir='ltr'><strong>capita</strong></span> <span class='ocrx_word' id='word_1_694' title='bbox 1764 2301 1957 2352; x_wconf 86' lang='lat' dir='ltr'><strong>columnarum</strong></span> <span class='ocrx_word' id='word_1_695' title='bbox 1968 2313 2016 2351; x_wconf 87' lang='lat' dir='ltr'><strong>ex·</strong></span> 
     </span>
     <span class='ocr_line' id='line_1_104' title="bbox 1214 2370 2017 2506; baseline -0.006 -12"><span class='ocrx_word' id='word_1_696' title='bbox 1214 2370 2017 2506; x_wconf 49' lang='lat' dir='ltr'><strong>sanititati‘matthathialigabitill:</strong></span> 
     </span>
     <span class='ocr_line' id='line_1_105' title="bbox 1215 2508 2018 2580; baseline -0.007 -16"><span class='ocrx_word' id='word_1_697' title='bbox 1215 2514 1295 2580; x_wconf 90' lang='lat' dir='ltr'><strong>ipso,</strong></span> <span class='ocrx_word' id='word_1_698' title='bbox 1314 2512 1389 2579; x_wconf 92' lang='lat' dir='ltr'><strong>quod</strong></span> <span class='ocrx_word' id='word_1_699' title='bbox 1403 2509 1510 2563; x_wconf 88' lang='lat' dir='ltr'><strong>furibus</strong></span> <span class='ocrx_word' id='word_1_700' title='bbox 1521 2509 1688 2577; x_wconf 89' lang='lat' dir='ltr'><strong>imponebat.</strong></span> <span class='ocrx_word' id='word_1_701' title='bbox 1725 2508 1834 2559; x_wconf 76' lang='lat' dir='ltr'><strong>Etenim</strong></span> <span class='ocrx_word' id='word_1_702' title='bbox 1848 2521 1881 2558; x_wconf 85' lang='lat' dir='ltr'><strong>ea</strong></span> <span class='ocrx_word' id='word_1_703' title='bbox 1892 2508 2018 2559; x_wconf 75' lang='lat' dir='ltr'><strong>araxim</strong></span> 
     </span>
     <span class='ocr_line' id='line_1_106' title="bbox 1215 2577 2017 2640; baseline -0.009 -7"><span class='ocrx_word' id='word_1_704' title='bbox 1215 2583 1305 2633; x_wconf 89' lang='lat' dir='ltr'><strong>moles</strong></span> <span class='ocrx_word' id='word_1_705' title='bbox 1316 2582 1384 2633; x_wconf 87' lang='lat' dir='ltr'><strong>luit:</strong></span> <span class='ocrx_word' id='word_1_706' title='bbox 1403 2579 1539 2634; x_wconf 87' lang='lat' dir='ltr'><strong>neesedit</strong></span> <span class='ocrx_word' id='word_1_707' title='bbox 1555 2580 1583 2630; x_wconf 92' lang='lat' dir='ltr'><strong>in</strong></span> <span class='ocrx_word' id='word_1_708' title='bbox 1600 2579 1695 2640; x_wconf 90' lang='lat' dir='ltr'><strong>cubili,</strong></span> <span class='ocrx_word' id='word_1_709' title='bbox 1713 2577 1921 2638; x_wconf 86' lang='lat' dir='ltr'><strong>anxioartitlcc,</strong></span> <span class='ocrx_word' id='word_1_710' title='bbox 1942 2590 2017 2626; x_wconf 89' lang='lat' dir='ltr'><strong>mor·</strong></span> 
     </span>
     <span class='ocr_line' id='line_1_107' title="bbox 1216 2645 2017 2719; baseline -0.01 -16"><span class='ocrx_word' id='word_1_711' title='bbox 1216 2652 1252 2703; x_wconf 89' lang='lat' dir='ltr'><strong>tis</strong></span> <span class='ocrx_word' id='word_1_712' title='bbox 1262 2652 1453 2704; x_wconf 88' lang='lat' dir='ltr'><strong>destinatione</strong></span> <span class='ocrx_word' id='word_1_713' title='bbox 1462 2663 1599 2719; x_wconf 88' lang='lat' dir='ltr'><strong>suprema.</strong></span> <span class='ocrx_word' id='word_1_714' title='bbox 1629 2647 1809 2716; x_wconf 83' lang='lat' dir='ltr'><strong>Traduntqae</strong></span> <span class='ocrx_word' id='word_1_715' title='bbox 1819 2648 1849 2698; x_wconf 88' lang='lat' dir='ltr'><strong>iu</strong></span> <span class='ocrx_word' id='word_1_716' title='bbox 1864 2660 1898 2698; x_wconf 88' lang='lat' dir='ltr'><strong>ea</strong></span> <span class='ocrx_word' id='word_1_717' title='bbox 1909 2645 2017 2711; x_wconf 88' lang='lat' dir='ltr'><strong>cogita·</strong></span> 
     </span>
    </p>
   </div>
   <div class='ocr_carea' id='block_1_6' title="bbox 1215 2714 2016 2853">
    <p class='ocr_par' dir='ltr' id='par_1_12' title="bbox 1215 2714 2016 2853">
     <span class='ocr_line' id='line_1_108' title="bbox 1216 2714 2016 2783; baseline -0.009 -11"><span class='ocrx_word' id='word_1_718' title='bbox 1216 2722 1293 2774; x_wconf 90' lang='lat' dir='ltr'><strong>tione</strong></span> <span class='ocrx_word' id='word_1_719' title='bbox 1314 2720 1417 2773; x_wconf 88' lang='lat' dir='ltr'><strong>fessum</strong></span> <span class='ocrx_word' id='word_1_720' title='bbox 1448 2729 1583 2771; x_wconf 89' lang='lat' dir='ltr'><strong>nocturno</strong></span> <span class='ocrx_word' id='word_1_721' title='bbox 1605 2724 1731 2782; x_wconf 91' lang='lat' dir='ltr'><strong>tempore</strong></span> <span class='ocrx_word' id='word_1_722' title='bbox 1751 2719 1780 2769; x_wconf 90' lang='lat' dir='ltr'><strong>in</strong></span> <span class='ocrx_word' id='word_1_723' title='bbox 1801 2718 1895 2783; x_wconf 87' lang='lat' dir='ltr'><strong>quiete</strong></span> <span class='ocrx_word' id='word_1_724' title='bbox 1913 2714 2016 2765; x_wconf 76' lang='lat' dir='ltr'><strong>ridase</strong></span> 
     </span>
     <span class='ocr_line' id='line_1_109' title="bbox 1215 2783 2016 2853; baseline -0.006 -14"><span class='ocrx_word' id='word_1_725' title='bbox 1215 2798 1390 2853; x_wconf 82' lang='lat' dir='ltr'><strong>praesentem</strong></span> <span class='ocrx_word' id='word_1_726' title='bbox 1404 2791 1501 2846; x_wconf 81' lang='lat' dir='ltr'><strong>licam,</strong></span> <span class='ocrx_word' id='word_1_727' title='bbox 1512 2785 1555 2836; x_wconf 92' lang='lat' dir='ltr'><strong>cui</strong></span> <span class='ocrx_word' id='word_1_728' title='bbox 1567 2783 1700 2850; x_wconf 87' lang='lat' dir='ltr'><strong>templum</strong></span> <span class='ocrx_word' id='word_1_729' title='bbox 1713 2783 1807 2845; x_wconf 86' lang='lat' dir='ltr'><strong>fiebat,</strong></span> <span class='ocrx_word' id='word_1_730' title='bbox 1818 2783 1973 2835; x_wconf 83' lang='lat' dir='ltr'><strong>hortantem</strong></span> <span class='ocrx_word' id='word_1_731' title='bbox 1985 2789 2016 2834; x_wconf 93' lang='lat' dir='ltr'><strong>ut</strong></span> 
     </span>
    </p>
   </div>
   <div class='ocr_carea' id='block_1_7' title="bbox 1212 2853 2019 5705">
    <p class='ocr_par' dir='ltr' id='par_1_13' title="bbox 1215 2853 2018 3672">
     <span class='ocr_line' id='line_1_110' title="bbox 1218 2853 2015 2922; baseline 0 -17"><span class='ocrx_word' id='word_1_732' title='bbox 1218 2857 1337 2908; x_wconf 81' lang='lat' dir='ltr'><strong>riserat:</strong></span> <span class='ocrx_word' id='word_1_733' title='bbox 1357 2871 1389 2908; x_wconf 90' lang='lat' dir='ltr'><strong>se</strong></span> <span class='ocrx_word' id='word_1_734' title='bbox 1400 2854 1588 2921; x_wconf 86' lang='lat' dir='ltr'><strong>composuisse</strong></span> <span class='ocrx_word' id='word_1_735' title='bbox 1599 2853 1735 2919; x_wconf 83' lang='lat' dir='ltr'><strong>lapideas,</strong></span> <span class='ocrx_word' id='word_1_736' title='bbox 1755 2860 1839 2920; x_wconf 90' lang='lat' dir='ltr'><strong>atque</strong></span> <span class='ocrx_word' id='word_1_737' title='bbox 1850 2854 1893 2905; x_wconf 84' lang='lat' dir='ltr'><strong>ita</strong></span> <span class='ocrx_word' id='word_1_738' title='bbox 1904 2863 2015 2922; x_wconf 88' lang='lat' dir='ltr'><strong>postero</strong></span> 
     </span>
     <span class='ocr_line' id='line_1_111' title="bbox 1215 2923 2014 2992; baseline -0.005 -16"><span class='ocrx_word' id='word_1_739' title='bbox 1215 2925 1261 2979; x_wconf 91' lang='lat' dir='ltr'><strong>die</strong></span> <span class='ocrx_word' id='word_1_740' title='bbox 1276 2927 1417 2992; x_wconf 86' lang='lat' dir='ltr'><strong>apparuit,</strong></span> <span class='ocrx_word' id='word_1_741' title='bbox 1441 2931 1469 2976; x_wconf 89' lang='lat' dir='ltr'><strong>et</strong></span> <span class='ocrx_word' id='word_1_742' title='bbox 1485 2923 1607 2990; x_wconf 87' lang='lat' dir='ltr'><strong>pondere</strong></span> <span class='ocrx_word' id='word_1_743' title='bbox 1623 2925 1685 2989; x_wconf 90' lang='lat' dir='ltr'><strong>ipso</strong></span> <span class='ocrx_word' id='word_1_744' title='bbox 1702 2929 1846 2976; x_wconf 87' lang='lat' dir='ltr'><strong>correctus</strong></span> <span class='ocrx_word' id='word_1_745' title='bbox 1860 2924 2014 2976; x_wconf 81' lang='lat' dir='ltr'><strong>ridebatur.</strong></span> 
     </span>
     <span class='ocr_line' id='line_1_112' title="bbox 1216 2992 2013 3059; baseline -0.001 -13"><span class='ocrx_word' id='word_1_746' title='bbox 1216 2996 1315 3048; x_wconf 87' lang='lat' dir='ltr'><strong>Cetera</strong></span> <span class='ocrx_word' id='word_1_747' title='bbox 1325 2994 1384 3045; x_wconf 91' lang='lat' dir='ltr'><strong>eius</strong></span> <span class='ocrx_word' id='word_1_748' title='bbox 1402 2993 1495 3059; x_wconf 82' lang='lat' dir='ltr'><strong>operis</strong></span> <span class='ocrx_word' id='word_1_749' title='bbox 1509 3001 1676 3044; x_wconf 85' lang='lat' dir='ltr'><strong>ornamenta</strong></span> <span class='ocrx_word' id='word_1_750' title='bbox 1691 2992 1813 3058; x_wconf 91' lang='lat' dir='ltr'><strong>plurium</strong></span> <span class='ocrx_word' id='word_1_751' title='bbox 1825 2992 1960 3045; x_wconf 86' lang='lat' dir='ltr'><strong>librorum</strong></span> <span class='ocrx_word' id='word_1_752' title='bbox 1970 2992 2013 3045; x_wconf 86' lang='lat' dir='ltr'><strong>ia·</strong></span> 
     </span>
     <span class='ocr_line' id='line_1_113' title="bbox 1215 3060 1996 3129; baseline -0.004 -13"><span class='ocrx_word' id='word_1_753' title='bbox 1215 3072 1275 3116; x_wconf 92' lang='lat' dir='ltr'><strong>star</strong></span> <span class='ocrx_word' id='word_1_754' title='bbox 1286 3064 1421 3123; x_wconf 90' lang='lat' dir='ltr'><strong>obtinent,</strong></span> <span class='ocrx_word' id='word_1_755' title='bbox 1432 3060 1500 3113; x_wconf 90' lang='lat' dir='ltr'><strong>nihil</strong></span> <span class='ocrx_word' id='word_1_756' title='bbox 1513 3060 1547 3112; x_wconf 91' lang='lat' dir='ltr'><strong>ad</strong></span> <span class='ocrx_word' id='word_1_757' title='bbox 1560 3063 1680 3128; x_wconf 88' lang='lat' dir='ltr'><strong>speciem</strong></span> <span class='ocrx_word' id='word_1_758' title='bbox 1693 3071 1809 3116; x_wconf 85' lang='lat' dir='ltr'><strong>naturae</strong></span> <span class='ocrx_word' id='word_1_759' title='bbox 1820 3064 1996 3129; x_wconf 82' lang='lat' dir='ltr'><strong>pertinentia.</strong></span> 
     </span>
     <span class='ocr_line' id='line_1_114' title="bbox 1250 3130 2014 3201; baseline -0.005 -15"><span class='ocrx_word' id='word_1_760' title='bbox 1250 3132 1447 3186; x_wconf 84' lang='lat' dir='ltr'><strong>xxll.1)urut</strong></span> <span class='ocrx_word' id='word_1_761' title='bbox 1467 3138 1496 3185; x_wconf 88' lang='lat' dir='ltr'><strong>et</strong></span> <span class='ocrx_word' id='word_1_762' title='bbox 1513 3130 1608 3198; x_wconf 79' lang='lat' dir='ltr'><strong>Cyzici</strong></span> <span class='ocrx_word' id='word_1_763' title='bbox 1628 3131 1794 3196; x_wconf 86' lang='lat' dir='ltr'><strong>delubrum,</strong></span> <span class='ocrx_word' id='word_1_764' title='bbox 1814 3132 1844 3183; x_wconf 90' lang='lat' dir='ltr'><strong>ia</strong></span> <span class='ocrx_word' id='word_1_765' title='bbox 1865 3147 1918 3201; x_wconf 90' lang='lat' dir='ltr'><strong>qno</strong></span> <span class='ocrx_word' id='word_1_766' title='bbox 1937 3132 2014 3184; x_wconf 84' lang='lat' dir='ltr'><strong>iilum</strong></span> 
     </span>
     <span class='ocr_line' id='line_1_115' title="bbox 1215 3200 2015 3271; baseline 0 -18"><span class='ocrx_word' id='word_1_767' title='bbox 1215 3218 1330 3255; x_wconf 86' lang='lat' dir='ltr'><strong>aureum</strong></span> <span class='ocrx_word' id='word_1_768' title='bbox 1341 3202 1530 3255; x_wconf 87' lang='lat' dir='ltr'><strong>commissuris</strong></span> <span class='ocrx_word' id='word_1_769' title='bbox 1542 3201 1668 3253; x_wconf 87' lang='lat' dir='ltr'><strong>omnibus</strong></span> <span class='ocrx_word' id='word_1_770' title='bbox 1682 3200 1764 3267; x_wconf 92' lang='lat' dir='ltr'><strong>politi</strong></span> <span class='ocrx_word' id='word_1_771' title='bbox 1782 3202 1887 3271; x_wconf 88' lang='lat' dir='ltr'><strong>lapidis</strong></span> <span class='ocrx_word' id='word_1_772' title='bbox 1896 3203 2015 3255; x_wconf 85' lang='lat' dir='ltr'><strong>subiecit</strong></span> 
     </span>
     <span class='ocr_line' id='line_1_116' title="bbox 1216 3270 2015 3337; baseline 0.001 -14"><span class='ocrx_word' id='word_1_773' title='bbox 1216 3272 1329 3335; x_wconf 88' lang='lat' dir='ltr'><strong>artifex,</strong></span> <span class='ocrx_word' id='word_1_774' title='bbox 1349 3273 1482 3324; x_wconf 89' lang='lat' dir='ltr'><strong>eboreum</strong></span> <span class='ocrx_word' id='word_1_775' title='bbox 1494 3271 1585 3322; x_wconf 84' lang='lat' dir='ltr'><strong>iorem</strong></span> <span class='ocrx_word' id='word_1_776' title='bbox 1597 3270 1741 3324; x_wconf 87' lang='lat' dir='ltr'><strong>dicaturus</strong></span> <span class='ocrx_word' id='word_1_777' title='bbox 1753 3273 1838 3337; x_wconf 90' lang='lat' dir='ltr'><strong>intus,</strong></span> <span class='ocrx_word' id='word_1_778' title='bbox 1860 3279 2015 3326; x_wconf 81' lang='lat' dir='ltr'><strong>nomenata</strong></span> 
     </span>
     <span class='ocr_line' id='line_1_117' title="bbox 1215 3339 2016 3411; baseline 0 -18"><span class='ocrx_word' id='word_1_779' title='bbox 1215 3357 1277 3394; x_wconf 90' lang='lat' dir='ltr'><strong>eum</strong></span> <span class='ocrx_word' id='word_1_780' title='bbox 1297 3356 1455 3394; x_wconf 87' lang='lat' dir='ltr'><strong>marmoreo</strong></span> <span class='ocrx_word' id='word_1_781' title='bbox 1471 3339 1609 3408; x_wconf 79' lang='lat' dir='ltr'><strong>Apolline.</strong></span> <span class='ocrx_word' id='word_1_782' title='bbox 1645 3342 1813 3396; x_wconf 77' lang='lat' dir='ltr'><strong>&#39;l&#39;ranslueet</strong></span> <span class='ocrx_word' id='word_1_783' title='bbox 1831 3358 1898 3411; x_wconf 88' lang='lat' dir='ltr'><strong>ergo</strong></span> <span class='ocrx_word' id='word_1_784' title='bbox 1910 3343 2016 3410; x_wconf 86' lang='lat' dir='ltr'><strong>pictura</strong></span> 
     </span>
     <span class='ocr_line' id='line_1_118' title="bbox 1216 3410 2015 3480; baseline -0.003 -17"><span class='ocrx_word' id='word_1_785' title='bbox 1216 3411 1387 3464; x_wconf 90' lang='lat' dir='ltr'><strong>tenuissimis</strong></span> <span class='ocrx_word' id='word_1_786' title='bbox 1399 3411 1614 3480; x_wconf 90' lang='lat' dir='ltr'><strong>capillamentis,</strong></span> <span class='ocrx_word' id='word_1_787' title='bbox 1634 3410 1749 3480; x_wconf 88' lang='lat' dir='ltr'><strong>lenique</strong></span> <span class='ocrx_word' id='word_1_788' title='bbox 1760 3411 1856 3465; x_wconf 81' lang='lat' dir='ltr'><strong>afflatu</strong></span> <span class='ocrx_word' id='word_1_789' title='bbox 1866 3413 2015 3465; x_wconf 85' lang='lat' dir='ltr'><strong>simulacra</strong></span> 
     </span>
     <span class='ocr_line' id='line_1_119' title="bbox 1215 3481 2018 3550; baseline 0 -17"><span class='ocrx_word' id='word_1_790' title='bbox 1215 3481 1367 3543; x_wconf 86' lang='lat' dir='ltr'><strong>referente,</strong></span> <span class='ocrx_word' id='word_1_791' title='bbox 1387 3488 1499 3549; x_wconf 90' lang='lat' dir='ltr'><strong>praeter</strong></span> <span class='ocrx_word' id='word_1_792' title='bbox 1511 3481 1650 3549; x_wconf 88' lang='lat' dir='ltr'><strong>ingenium</strong></span> <span class='ocrx_word' id='word_1_793' title='bbox 1669 3482 1794 3546; x_wconf 84' lang='lat' dir='ltr'><strong>artificis,</strong></span> <span class='ocrx_word' id='word_1_794' title='bbox 1813 3483 1875 3550; x_wconf 88' lang='lat' dir='ltr'><strong>ipsa</strong></span> <span class='ocrx_word' id='word_1_795' title='bbox 1885 3481 2018 3544; x_wconf 86' lang='lat' dir='ltr'><strong>materia,</strong></span> 
     </span>
     <span class='ocr_line' id='line_1_120' title="bbox 1215 3550 1911 3672; baseline 0.001 -71"><span class='ocrx_word' id='word_1_796' title='bbox 1215 3552 1339 3619; x_wconf 80' lang='lat' dir='ltr'><strong>quamvis</strong></span> <span class='ocrx_word' id='word_1_797' title='bbox 1349 3552 1470 3614; x_wconf 88' lang='lat' dir='ltr'><strong>occulta,</strong></span> <span class='ocrx_word' id='word_1_798' title='bbox 1481 3552 1509 3603; x_wconf 92' lang='lat' dir='ltr'><strong>in</strong></span> <span class='ocrx_word' id='word_1_799' title='bbox 1520 3550 1612 3618; x_wconf 91' lang='lat' dir='ltr'><strong>pretio</strong></span> <span class='ocrx_word' id='word_1_800' title='bbox 1623 3552 1719 3618; x_wconf 87' lang='lat' dir='ltr'><strong>operis</strong></span> <span class='ocrx_word' id='word_1_801' title='bbox 1730 3551 1911 3672; x_wconf 54' lang='lat' dir='ltr'><strong>imnifimr&#39;</strong></span> 
     </span>
    </p>

    <p class='ocr_par' dir='ltr' id='par_1_14' title="bbox 1212 3619 2019 4785">
     <span class='ocr_line' id='line_1_121' title="bbox 1250 3619 2007 3689; baseline 0.003 -19"><span class='ocrx_word' id='word_1_802' title='bbox 1250 3621 1351 3672; x_wconf 81' lang='lat' dir='ltr'><strong>xxlll.</strong></span> <span class='ocrx_word' id='word_1_803' title='bbox 1370 3622 1475 3673; x_wconf 76' lang='lat' dir='ltr'><strong>Eodem</strong></span> <span class='ocrx_word' id='word_1_804' title='bbox 1492 3620 1522 3670; x_wconf 87' lang='lat' dir='ltr'><strong>in</strong></span> <span class='ocrx_word' id='word_1_805' title='bbox 1535 3619 1640 3688; x_wconf 88' lang='lat' dir='ltr'><strong>oppido</strong></span> <span class='ocrx_word' id='word_1_806' title='bbox 1661 3629 1705 3673; x_wconf 90' lang='lat' dir='ltr'><strong>est</strong></span> <span class='ocrx_word' id='word_1_807' title='bbox 1721 3621 1800 3689; x_wconf 88' lang='lat' dir='ltr'><strong>lapis,</strong></span> <span class='ocrx_word' id='word_1_808' title='bbox 1835 3620 2007 3689; x_wconf 81' lang='lat' dir='ltr'><strong>ugltiruaap</strong></span> 
     </span>
     <span class='ocr_line' id='line_1_122' title="bbox 1215 3689 2007 3758; baseline 0.001 -17"><span class='ocrx_word' id='word_1_809' title='bbox 1215 3689 1350 3756; x_wconf 85' lang='lat' dir='ltr'><strong>peilatus:</strong></span> <span class='ocrx_word' id='word_1_810' title='bbox 1369 3691 1548 3758; x_wconf 88' lang='lat' dir='ltr'><strong>Argonautae</strong></span> <span class='ocrx_word' id='word_1_811' title='bbox 1559 3706 1592 3744; x_wconf 90' lang='lat' dir='ltr'><strong>eo</strong></span> <span class='ocrx_word' id='word_1_812' title='bbox 1605 3705 1654 3757; x_wconf 88' lang='lat' dir='ltr'><strong>pro</strong></span> <span class='ocrx_word' id='word_1_813' title='bbox 1665 3706 1768 3743; x_wconf 86' lang='lat' dir='ltr'><strong>ancora</strong></span> <span class='ocrx_word' id='word_1_814' title='bbox 1779 3694 1831 3754; x_wconf 87' lang='lat' dir='ltr'><strong>usi,</strong></span> <span class='ocrx_word' id='word_1_815' title='bbox 1848 3691 1887 3741; x_wconf 88' lang='lat' dir='ltr'><strong>ihi</strong></span> <span class='ocrx_word' id='word_1_816' title='bbox 1898 3691 2007 3757; x_wconf 82' lang='lat' dir='ltr'><strong>relique</strong></span> 
     </span>
     <span class='ocr_line' id='line_1_123' title="bbox 1215 3758 2018 3827; baseline 0.004 -18"><span class='ocrx_word' id='word_1_817' title='bbox 1215 3765 1287 3810; x_wconf 87' lang='lat' dir='ltr'><strong>rant.</strong></span> <span class='ocrx_word' id='word_1_818' title='bbox 1323 3758 1404 3810; x_wconf 84' lang='lat' dir='ltr'><strong>llunc</strong></span> <span class='ocrx_word' id='word_1_819' title='bbox 1423 3777 1439 3811; x_wconf 90' lang='lat' dir='ltr'><strong>e</strong></span> <span class='ocrx_word' id='word_1_820' title='bbox 1459 3759 1602 3827; x_wconf 88' lang='lat' dir='ltr'><strong>Prytaneo</strong></span> <span class='ocrx_word' id='word_1_821' title='bbox 1622 3760 1676 3823; x_wconf 87' lang='lat' dir='ltr'><strong>(ita</strong></span> <span class='ocrx_word' id='word_1_822' title='bbox 1695 3759 1911 3823; x_wconf 86' lang='lat' dir='ltr'><strong>roeaturlocus)</strong></span> <span class='ocrx_word' id='word_1_823' title='bbox 1931 3773 2018 3825; x_wconf 78' lang='lat' dir='ltr'><strong>saepe</strong></span> 
     </span>
     <span class='ocr_line' id='line_1_124' title="bbox 1215 3825 2019 3894; baseline 0.002 -15"><span class='ocrx_word' id='word_1_824' title='bbox 1215 3825 1365 3893; x_wconf 88' lang='lat' dir='ltr'><strong>profugum</strong></span> <span class='ocrx_word' id='word_1_825' title='bbox 1380 3829 1495 3881; x_wconf 77' lang='lat' dir='ltr'><strong>cinxere</strong></span> <span class='ocrx_word' id='word_1_826' title='bbox 1517 3830 1636 3894; x_wconf 91' lang='lat' dir='ltr'><strong>plumbo.</strong></span> <span class='ocrx_word' id='word_1_827' title='bbox 1671 3827 1774 3879; x_wconf 81' lang='lat' dir='ltr'><strong>Eadem</strong></span> <span class='ocrx_word' id='word_1_828' title='bbox 1796 3826 1825 3878; x_wconf 90' lang='lat' dir='ltr'><strong>in</strong></span> <span class='ocrx_word' id='word_1_829' title='bbox 1844 3827 1915 3878; x_wconf 87' lang='lat' dir='ltr'><strong>urbe</strong></span> <span class='ocrx_word' id='word_1_830' title='bbox 1933 3827 2019 3881; x_wconf 81' lang='lat' dir='ltr'><strong>iuxta</strong></span> 
     </span>
     <span class='ocr_line' id='line_1_125' title="bbox 1215 3897 2019 3965; baseline 0.002 -18"><span class='ocrx_word' id='word_1_831' title='bbox 1215 3904 1334 3965; x_wconf 82' lang='lat' dir='ltr'><strong>portans,</strong></span> <span class='ocrx_word' id='word_1_832' title='bbox 1355 3911 1426 3962; x_wconf 88' lang='lat' dir='ltr'><strong>quae</strong></span> <span class='ocrx_word' id='word_1_833' title='bbox 1439 3897 1561 3948; x_wconf 87' lang='lat' dir='ltr'><strong>Trachia</strong></span> <span class='ocrx_word' id='word_1_834' title='bbox 1572 3902 1695 3957; x_wconf 80' lang='lat' dir='ltr'><strong>uocatur,</strong></span> <span class='ocrx_word' id='word_1_835' title='bbox 1716 3903 1806 3947; x_wconf 89' lang='lat' dir='ltr'><strong>turres</strong></span> <span class='ocrx_word' id='word_1_836' title='bbox 1816 3901 1924 3961; x_wconf 87' lang='lat' dir='ltr'><strong>septem</strong></span> <span class='ocrx_word' id='word_1_837' title='bbox 1936 3911 2019 3950; x_wconf 79' lang='lat' dir='ltr'><strong>acce·</strong></span> 
     </span>
     <span class='ocr_line' id='line_1_126' title="bbox 1214 3964 2017 4034; baseline 0.002 -17"><span class='ocrx_word' id='word_1_838' title='bbox 1214 3974 1277 4034; x_wconf 89' lang='lat' dir='ltr'><strong>ptas</strong></span> <span class='ocrx_word' id='word_1_839' title='bbox 1298 3981 1381 4017; x_wconf 86' lang='lat' dir='ltr'><strong>voces</strong></span> <span class='ocrx_word' id='word_1_840' title='bbox 1406 3967 1598 4018; x_wconf 89' lang='lat' dir='ltr'><strong>numerosiore</strong></span> <span class='ocrx_word' id='word_1_841' title='bbox 1617 3979 1782 4031; x_wconf 87' lang='lat' dir='ltr'><strong>repercussu</strong></span> <span class='ocrx_word' id='word_1_842' title='bbox 1810 3964 2017 4032; x_wconf 75' lang='lat' dir='ltr'><strong>multiplicante</strong></span> 
     </span>
     <span class='ocr_line' id='line_1_127' title="bbox 1215 4032 2017 4102; baseline -0.005 -15"><span class='ocrx_word' id='word_1_843' title='bbox 1215 4050 1371 4102; x_wconf 89' lang='lat' dir='ltr'><strong>numenque</strong></span> <span class='ocrx_word' id='word_1_844' title='bbox 1383 4034 1447 4087; x_wconf 87' lang='lat' dir='ltr'><strong>huic</strong></span> <span class='ocrx_word' id='word_1_845' title='bbox 1462 4036 1597 4089; x_wconf 89' lang='lat' dir='ltr'><strong>miraculo</strong></span> <span class='ocrx_word' id='word_1_846' title='bbox 1609 4032 1684 4088; x_wconf 84' lang='lat' dir='ltr'><strong>Echo</strong></span> <span class='ocrx_word' id='word_1_847' title='bbox 1695 4042 1739 4088; x_wconf 91' lang='lat' dir='ltr'><strong>est</strong></span> <span class='ocrx_word' id='word_1_848' title='bbox 1752 4050 1769 4086; x_wconf 88' lang='lat' dir='ltr'><strong>a</strong></span> <span class='ocrx_word' id='word_1_849' title='bbox 1780 4034 1896 4088; x_wconf 83' lang='lat' dir='ltr'><strong>Graecis</strong></span> <span class='ocrx_word' id='word_1_850' title='bbox 1908 4034 2017 4088; x_wconf 87' lang='lat' dir='ltr'><strong>datum.</strong></span> 
     </span>
     <span class='ocr_line' id='line_1_128' title="bbox 1215 4105 2017 4174; baseline 0.002 -18"><span class='ocrx_word' id='word_1_851' title='bbox 1215 4107 1279 4159; x_wconf 89' lang='lat' dir='ltr'><strong>lluc</strong></span> <span class='ocrx_word' id='word_1_852' title='bbox 1300 4106 1410 4172; x_wconf 89' lang='lat' dir='ltr'><strong>quidem</strong></span> <span class='ocrx_word' id='word_1_853' title='bbox 1433 4114 1532 4157; x_wconf 89' lang='lat' dir='ltr'><strong>natura</strong></span> <span class='ocrx_word' id='word_1_854' title='bbox 1553 4106 1680 4158; x_wconf 85' lang='lat' dir='ltr'><strong>lucorum</strong></span> <span class='ocrx_word' id='word_1_855' title='bbox 1694 4105 1796 4169; x_wconf 85' lang='lat' dir='ltr'><strong>evenit,</strong></span> <span class='ocrx_word' id='word_1_856' title='bbox 1808 4111 1837 4159; x_wconf 92' lang='lat' dir='ltr'><strong>et</strong></span> <span class='ocrx_word' id='word_1_857' title='bbox 1854 4105 2017 4174; x_wconf 79' lang='lat' dir='ltr'><strong>plerumque</strong></span> 
     </span>
     <span class='ocr_line' id='line_1_129' title="bbox 1215 4175 2016 4244; baseline -0.001 -17"><span class='ocrx_word' id='word_1_858' title='bbox 1215 4175 1398 4227; x_wconf 69' lang='lat' dir='ltr'><strong>convallium:</strong></span> <span class='ocrx_word' id='word_1_859' title='bbox 1417 4176 1457 4228; x_wconf 90' lang='lat' dir='ltr'><strong>iti</strong></span> <span class='ocrx_word' id='word_1_860' title='bbox 1473 4191 1538 4227; x_wconf 88' lang='lat' dir='ltr'><strong>casu</strong></span> <span class='ocrx_word' id='word_1_861' title='bbox 1555 4175 1670 4228; x_wconf 87' lang='lat' dir='ltr'><strong>accidit.</strong></span> <span class='ocrx_word' id='word_1_862' title='bbox 1705 4175 1851 4244; x_wconf 86' lang='lat' dir='ltr'><strong>Olympiae</strong></span> <span class='ocrx_word' id='word_1_863' title='bbox 1867 4181 1961 4228; x_wconf 87' lang='lat' dir='ltr'><strong>autem</strong></span> <span class='ocrx_word' id='word_1_864' title='bbox 1973 4188 2016 4226; x_wconf 88' lang='lat' dir='ltr'><strong>ar·</strong></span> 
     </span>
     <span class='ocr_line' id='line_1_130' title="bbox 1214 4243 2001 4314; baseline 0 -18"><span class='ocrx_word' id='word_1_865' title='bbox 1214 4251 1253 4308; x_wconf 88' lang='lat' dir='ltr'><strong>te,</strong></span> <span class='ocrx_word' id='word_1_866' title='bbox 1263 4246 1385 4297; x_wconf 89' lang='lat' dir='ltr'><strong>mirabili</strong></span> <span class='ocrx_word' id='word_1_867' title='bbox 1396 4245 1488 4309; x_wconf 80' lang='lat' dir='ltr'><strong>niodo,</strong></span> <span class='ocrx_word' id='word_1_868' title='bbox 1500 4246 1528 4297; x_wconf 91' lang='lat' dir='ltr'><strong>in</strong></span> <span class='ocrx_word' id='word_1_869' title='bbox 1541 4246 1660 4313; x_wconf 87' lang='lat' dir='ltr'><strong>porticu,</strong></span> <span class='ocrx_word' id='word_1_870' title='bbox 1681 4260 1763 4314; x_wconf 91' lang='lat' dir='ltr'><strong>quam</strong></span> <span class='ocrx_word' id='word_1_871' title='bbox 1774 4247 1810 4298; x_wconf 90' lang='lat' dir='ltr'><strong>ob</strong></span> <span class='ocrx_word' id='word_1_872' title='bbox 1821 4245 1849 4300; x_wconf 90' lang='lat' dir='ltr'><strong>id</strong></span> <span class='ocrx_word' id='word_1_873' title='bbox 1860 4243 2001 4314; x_wconf 87' lang='lat' dir='ltr'><strong>heptapho</strong></span> 
     </span>
     <span class='ocr_line' id='line_1_131' title="bbox 1215 4315 2007 4384; baseline 0 -18"><span class='ocrx_word' id='word_1_874' title='bbox 1215 4331 1268 4366; x_wconf 88' lang='lat' dir='ltr'><strong>non</strong></span> <span class='ocrx_word' id='word_1_875' title='bbox 1282 4315 1432 4382; x_wconf 84' lang='lat' dir='ltr'><strong>appellant,</strong></span> <span class='ocrx_word' id='word_1_876' title='bbox 1448 4317 1578 4383; x_wconf 88' lang='lat' dir='ltr'><strong>quoniam</strong></span> <span class='ocrx_word' id='word_1_877' title='bbox 1588 4317 1696 4384; x_wconf 90' lang='lat' dir='ltr'><strong>septies</strong></span> <span class='ocrx_word' id='word_1_878' title='bbox 1708 4317 1805 4371; x_wconf 88' lang='lat' dir='ltr'><strong>eadem</strong></span> <span class='ocrx_word' id='word_1_879' title='bbox 1815 4332 1869 4370; x_wconf 81' lang='lat' dir='ltr'><strong>roa</strong></span> <span class='ocrx_word' id='word_1_880' title='bbox 1880 4315 2007 4369; x_wconf 89' lang='lat' dir='ltr'><strong>redditur</strong></span> 
     </span>
     <span class='ocr_line' id='line_1_132' title="bbox 1215 4384 2000 4455; baseline -0.001 -19"><span class='ocrx_word' id='word_1_881' title='bbox 1215 4386 1312 4452; x_wconf 85' lang='lat' dir='ltr'><strong>Cyzici</strong></span> <span class='ocrx_word' id='word_1_882' title='bbox 1322 4393 1351 4438; x_wconf 89' lang='lat' dir='ltr'><strong>et</strong></span> <span class='ocrx_word' id='word_1_883' title='bbox 1362 4387 1536 4439; x_wconf 87' lang='lat' dir='ltr'><strong>buleuterion</strong></span> <span class='ocrx_word' id='word_1_884' title='bbox 1546 4394 1650 4441; x_wconf 76' lang='lat' dir='ltr'><strong>vocant</strong></span> <span class='ocrx_word' id='word_1_885' title='bbox 1660 4388 1819 4443; x_wconf 85' lang='lat' dir='ltr'><strong>aedilicium</strong></span> <span class='ocrx_word' id='word_1_886' title='bbox 1830 4385 1961 4455; x_wconf 87' lang='lat' dir='ltr'><strong>amplum,</strong></span> <span class='ocrx_word' id='word_1_887' title='bbox 1976 4384 2000 4435; x_wconf 91' lang='lat' dir='ltr'><strong>si</strong></span> 
     </span>
     <span class='ocr_line' id='line_1_133' title="bbox 1214 4453 2013 4525; baseline 0.001 -22"><span class='ocrx_word' id='word_1_888' title='bbox 1214 4469 1249 4504; x_wconf 92' lang='lat' dir='ltr'><strong>ne</strong></span> <span class='ocrx_word' id='word_1_889' title='bbox 1260 4455 1352 4506; x_wconf 87' lang='lat' dir='ltr'><strong>ferreo</strong></span> <span class='ocrx_word' id='word_1_890' title='bbox 1364 4453 1454 4515; x_wconf 88' lang='lat' dir='ltr'><strong>claro,</strong></span> <span class='ocrx_word' id='word_1_891' title='bbox 1471 4456 1513 4508; x_wconf 90' lang='lat' dir='ltr'><strong>ita</strong></span> <span class='ocrx_word' id='word_1_892' title='bbox 1523 4457 1665 4524; x_wconf 89' lang='lat' dir='ltr'><strong>disposita</strong></span> <span class='ocrx_word' id='word_1_893' title='bbox 1675 4460 1894 4525; x_wconf 82' lang='lat' dir='ltr'><strong>contignatione,</strong></span> <span class='ocrx_word' id='word_1_894' title='bbox 1913 4460 1945 4507; x_wconf 92' lang='lat' dir='ltr'><strong>ut</strong></span> <span class='ocrx_word' id='word_1_895' title='bbox 1954 4453 2013 4506; x_wconf 85' lang='lat' dir='ltr'><strong>exi·</strong></span> 
     </span>
     <span class='ocr_line' id='line_1_134' title="bbox 1213 4521 2012 4593; baseline -0.001 -19"><span class='ocrx_word' id='word_1_896' title='bbox 1213 4525 1426 4575; x_wconf 86' lang='lat' dir='ltr'><strong>mantnrtrabes</strong></span> <span class='ocrx_word' id='word_1_897' title='bbox 1445 4525 1506 4578; x_wconf 87' lang='lat' dir='ltr'><strong>sine</strong></span> <span class='ocrx_word' id='word_1_898' title='bbox 1524 4526 1648 4591; x_wconf 90' lang='lat' dir='ltr'><strong>fulturis,</strong></span> <span class='ocrx_word' id='word_1_899' title='bbox 1670 4542 1704 4579; x_wconf 92' lang='lat' dir='ltr'><strong>ac</strong></span> <span class='ocrx_word' id='word_1_900' title='bbox 1719 4532 1898 4593; x_wconf 84' lang='lat' dir='ltr'><strong>reponantur.</strong></span> <span class='ocrx_word' id='word_1_901' title='bbox 1931 4521 2012 4586; x_wconf 74' lang='lat' dir='ltr'><strong>Quod</strong></span> 
     </span>
     <span class='ocr_line' id='line_1_135' title="bbox 1212 4593 2013 4663; baseline -0.001 -19"><span class='ocrx_word' id='word_1_902' title='bbox 1212 4595 1279 4646; x_wconf 85' lang='lat' dir='ltr'><strong>item</strong></span> <span class='ocrx_word' id='word_1_903' title='bbox 1291 4593 1394 4647; x_wconf 82' lang='lat' dir='ltr'><strong>Romae</strong></span> <span class='ocrx_word' id='word_1_904' title='bbox 1405 4595 1434 4646; x_wconf 91' lang='lat' dir='ltr'><strong>in</strong></span> <span class='ocrx_word' id='word_1_905' title='bbox 1446 4602 1532 4663; x_wconf 89' lang='lat' dir='ltr'><strong>ponte</strong></span> <span class='ocrx_word' id='word_1_906' title='bbox 1543 4594 1667 4648; x_wconf 80' lang='lat' dir='ltr'><strong>Sublicio</strong></span> <span class='ocrx_word' id='word_1_907' title='bbox 1685 4596 1847 4661; x_wconf 86' lang='lat' dir='ltr'><strong>religiosum</strong></span> <span class='ocrx_word' id='word_1_908' title='bbox 1860 4600 1922 4655; x_wconf 89' lang='lat' dir='ltr'><strong>est,</strong></span> <span class='ocrx_word' id='word_1_909' title='bbox 1938 4597 2013 4658; x_wconf 74' lang='lat' dir='ltr'><strong>puat-</strong></span> 
     </span>
     <span class='ocr_line' id='line_1_136' title="bbox 1213 4658 2015 4730; baseline -0.005 -17"><span class='ocrx_word' id='word_1_910' title='bbox 1213 4678 1330 4730; x_wconf 88' lang='lat' dir='ltr'><strong>eaquam</strong></span> <span class='ocrx_word' id='word_1_911' title='bbox 1353 4666 1461 4719; x_wconf 85' lang='lat' dir='ltr'><strong>Coclite</strong></span> <span class='ocrx_word' id='word_1_912' title='bbox 1481 4665 1602 4716; x_wconf 83' lang='lat' dir='ltr'><strong>Horatio</strong></span> <span class='ocrx_word' id='word_1_913' title='bbox 1625 4663 1793 4716; x_wconf 90' lang='lat' dir='ltr'><strong>defendente</strong></span> <span class='ocrx_word' id='word_1_914' title='bbox 1818 4678 1903 4730; x_wconf 86' lang='lat' dir='ltr'><strong>aegre</strong></span> <span class='ocrx_word' id='word_1_915' title='bbox 1924 4658 2015 4715; x_wconf 83' lang='lat' dir='ltr'><strong>rerul·</strong></span> 
     </span>
     <span class='ocr_line' id='line_1_137' title="bbox 1212 4740 1323 4785; baseline -0.009 -1"><span class='ocrx_word' id='word_1_916' title='bbox 1212 4740 1323 4785; x_wconf 82' lang='lat' dir='ltr'><strong>tuaest.</strong></span> 
     </span>
    </p>

    <p class='ocr_par' dir='ltr' id='par_1_15' title="bbox 1213 4796 2017 5339">
     <span class='ocr_line' id='line_1_138' title="bbox 1248 4796 2014 4856; baseline -0.004 -2"><span class='ocrx_word' id='word_1_917' title='bbox 1248 4801 1349 4855; x_wconf 77' lang='lat' dir='ltr'><strong>xxiv,</strong></span> <span class='ocrx_word' id='word_1_918' title='bbox 1366 4803 1470 4856; x_wconf 83' lang='lat' dir='ltr'><strong>Verum</strong></span> <span class='ocrx_word' id='word_1_919' title='bbox 1482 4809 1511 4855; x_wconf 88' lang='lat' dir='ltr'><strong>et</strong></span> <span class='ocrx_word' id='word_1_920' title='bbox 1522 4802 1557 4854; x_wconf 86' lang='lat' dir='ltr'><strong>ad</strong></span> <span class='ocrx_word' id='word_1_921' title='bbox 1570 4802 1647 4854; x_wconf 85' lang='lat' dir='ltr'><strong>urbis</strong></span> <span class='ocrx_word' id='word_1_922' title='bbox 1657 4805 1768 4850; x_wconf 88' lang='lat' dir='ltr'><strong>nostrae</strong></span> <span class='ocrx_word' id='word_1_923' title='bbox 1778 4796 1914 4850; x_wconf 85' lang='lat' dir='ltr'><strong>miracula</strong></span> <span class='ocrx_word' id='word_1_924' title='bbox 1925 4804 2014 4852; x_wconf 83' lang='lat' dir='ltr'><strong>traaa-</strong></span> 
     </span>
     <span class='ocr_line' id='line_1_139' title="bbox 1213 4867 2016 4937; baseline -0.006 -14"><span class='ocrx_word' id='word_1_925' title='bbox 1213 4871 1256 4923; x_wconf 90' lang='lat' dir='ltr'><strong>ire</strong></span> <span class='ocrx_word' id='word_1_926' title='bbox 1277 4874 1443 4934; x_wconf 87' lang='lat' dir='ltr'><strong>conreniat,</strong></span> <span class='ocrx_word' id='word_1_927' title='bbox 1473 4877 1732 4937; x_wconf 85' lang='lat' dir='ltr'><strong>nongentoruarqne</strong></span> <span class='ocrx_word' id='word_1_928' title='bbox 1751 4878 1887 4917; x_wconf 88' lang='lat' dir='ltr'><strong>annornm</strong></span> <span class='ocrx_word' id='word_1_929' title='bbox 1909 4867 2016 4921; x_wconf 87' lang='lat' dir='ltr'><strong>dociles</strong></span> 
     </span>
     <span class='ocr_line' id='line_1_140' title="bbox 1214 4936 2015 5009; baseline -0.007 -16"><span class='ocrx_word' id='word_1_930' title='bbox 1214 4940 1332 4993; x_wconf 89' lang='lat' dir='ltr'><strong>serutari</strong></span> <span class='ocrx_word' id='word_1_931' title='bbox 1343 4942 1424 5000; x_wconf 74' lang='lat' dir='ltr'><strong>sires,</strong></span> <span class='ocrx_word' id='word_1_932' title='bbox 1446 4946 1475 4992; x_wconf 91' lang='lat' dir='ltr'><strong>et</strong></span> <span class='ocrx_word' id='word_1_933' title='bbox 1486 4940 1527 4991; x_wconf 89' lang='lat' dir='ltr'><strong>sie</strong></span> <span class='ocrx_word' id='word_1_934' title='bbox 1538 4954 1647 5006; x_wconf 90' lang='lat' dir='ltr'><strong>quoqne</strong></span> <span class='ocrx_word' id='word_1_935' title='bbox 1657 4944 1793 5009; x_wconf 76' lang='lat' dir='ltr'><strong>terrarum</strong></span> <span class='ocrx_word' id='word_1_936' title='bbox 1805 4936 1901 4987; x_wconf 87' lang='lat' dir='ltr'><strong>orbem</strong></span> <span class='ocrx_word' id='word_1_937' title='bbox 1913 4939 2015 4989; x_wconf 85' lang='lat' dir='ltr'><strong>rictum</strong></span> 
     </span>
     <span class='ocr_line' id='line_1_141' title="bbox 1214 5006 2015 5075; baseline -0.002 -15"><span class='ocrx_word' id='word_1_938' title='bbox 1214 5010 1377 5061; x_wconf 88' lang='lat' dir='ltr'><strong>ostendere:</strong></span> <span class='ocrx_word' id='word_1_939' title='bbox 1398 5008 1474 5075; x_wconf 92' lang='lat' dir='ltr'><strong>quod</strong></span> <span class='ocrx_word' id='word_1_940' title='bbox 1492 5009 1629 5060; x_wconf 85' lang='lat' dir='ltr'><strong>accidisse</strong></span> <span class='ocrx_word' id='word_1_941' title='bbox 1647 5008 1732 5057; x_wconf 85' lang='lat' dir='ltr'><strong>toties</strong></span> <span class='ocrx_word' id='word_1_942' title='bbox 1744 5019 1842 5072; x_wconf 87' lang='lat' dir='ltr'><strong>paene,</strong></span> <span class='ocrx_word' id='word_1_943' title='bbox 1862 5006 2015 5072; x_wconf 81' lang='lat' dir='ltr'><strong>quotrcfc·</strong></span> 
     </span>
     <span class='ocr_line' id='line_1_142' title="bbox 1215 5075 2017 5146; baseline -0.006 -15"><span class='ocrx_word' id='word_1_944' title='bbox 1215 5085 1312 5131; x_wconf 88' lang='lat' dir='ltr'><strong>rentur</strong></span> <span class='ocrx_word' id='word_1_945' title='bbox 1321 5078 1466 5139; x_wconf 89' lang='lat' dir='ltr'><strong>miracula,</strong></span> <span class='ocrx_word' id='word_1_946' title='bbox 1481 5076 1642 5146; x_wconf 87' lang='lat' dir='ltr'><strong>apparebit:</strong></span> <span class='ocrx_word' id='word_1_947' title='bbox 1664 5075 1851 5129; x_wconf 77' lang='lat' dir='ltr'><strong>universitate</strong></span> <span class='ocrx_word' id='word_1_948' title='bbox 1862 5090 1930 5128; x_wconf 73' lang='lat' dir='ltr'><strong>tero</strong></span> <span class='ocrx_word' id='word_1_949' title='bbox 1941 5090 2017 5145; x_wconf 82' lang='lat' dir='ltr'><strong>acer·</strong></span> 
     </span>
     <span class='ocr_line' id='line_1_143' title="bbox 1214 5144 2016 5216; baseline -0.001 -18"><span class='ocrx_word' id='word_1_950' title='bbox 1214 5152 1288 5209; x_wconf 88' lang='lat' dir='ltr'><strong>rata,</strong></span> <span class='ocrx_word' id='word_1_951' title='bbox 1308 5154 1336 5199; x_wconf 87' lang='lat' dir='ltr'><strong>et</strong></span> <span class='ocrx_word' id='word_1_952' title='bbox 1347 5148 1373 5199; x_wconf 90' lang='lat' dir='ltr'><strong>ln</strong></span> <span class='ocrx_word' id='word_1_953' title='bbox 1391 5146 1528 5216; x_wconf 78' lang='lat' dir='ltr'><strong>quendam</strong></span> <span class='ocrx_word' id='word_1_954' title='bbox 1545 5160 1630 5198; x_wconf 85' lang='lat' dir='ltr'><strong>:raum</strong></span> <span class='ocrx_word' id='word_1_955' title='bbox 1650 5144 1790 5196; x_wconf 89' lang='lat' dir='ltr'><strong>cumulum</strong></span> <span class='ocrx_word' id='word_1_956' title='bbox 1804 5144 1941 5206; x_wconf 77' lang='lat' dir='ltr'><strong>mnieota,</strong></span> <span class='ocrx_word' id='word_1_957' title='bbox 1959 5159 2016 5197; x_wconf 86' lang='lat' dir='ltr'><strong>aaa</strong></span> 
     </span>
     <span class='ocr_line' id='line_1_144' title="bbox 1214 5214 2017 5286; baseline -0.005 -17"><span class='ocrx_word' id='word_1_958' title='bbox 1214 5217 1271 5269; x_wconf 87' lang='lat' dir='ltr'><strong>alis</strong></span> <span class='ocrx_word' id='word_1_959' title='bbox 1281 5219 1443 5285; x_wconf 87' lang='lat' dir='ltr'><strong>magnitudo</strong></span> <span class='ocrx_word' id='word_1_960' title='bbox 1455 5219 1591 5286; x_wconf 89' lang='lat' dir='ltr'><strong>exsurgit,</strong></span> <span class='ocrx_word' id='word_1_961' title='bbox 1614 5229 1694 5284; x_wconf 86' lang='lat' dir='ltr'><strong>quam</strong></span> <span class='ocrx_word' id='word_1_962' title='bbox 1710 5214 1948 5268; x_wconf 82' lang='lat' dir='ltr'><strong>simunduaalius</strong></span> <span class='ocrx_word' id='word_1_963' title='bbox 1958 5215 2017 5282; x_wconf 88' lang='lat' dir='ltr'><strong>qui·</strong></span> 
     </span>
     <span class='ocr_line' id='line_1_145' title="bbox 1213 5287 1641 5339; baseline -0.002 0"><span class='ocrx_word' id='word_1_964' title='bbox 1213 5288 1278 5339; x_wconf 87' lang='lat' dir='ltr'><strong>dam</strong></span> <span class='ocrx_word' id='word_1_965' title='bbox 1290 5288 1318 5337; x_wconf 93' lang='lat' dir='ltr'><strong>in</strong></span> <span class='ocrx_word' id='word_1_966' title='bbox 1329 5303 1383 5338; x_wconf 91' lang='lat' dir='ltr'><strong>uno</strong></span> <span class='ocrx_word' id='word_1_967' title='bbox 1394 5287 1457 5338; x_wconf 88' lang='lat' dir='ltr'><strong>loeo</strong></span> <span class='ocrx_word' id='word_1_968' title='bbox 1469 5294 1641 5339; x_wconf 74' lang='lat' dir='ltr'><strong>narraretur.</strong></span> 
     </span>
    </p>

    <p class='ocr_par' dir='ltr' id='par_1_16' title="bbox 1212 5352 2018 5705">
     <span class='ocr_line' id='line_1_146' title="bbox 1250 5352 2017 5409; baseline -0.001 -2"><span class='ocrx_word' id='word_1_969' title='bbox 1250 5353 1275 5408; x_wconf 92' lang='lat'><strong>1.</strong></span> <span class='ocrx_word' id='word_1_970' title='bbox 1295 5356 1364 5409; x_wconf 87' lang='lat' dir='ltr'><strong>Nam</strong></span> <span class='ocrx_word' id='word_1_971' title='bbox 1377 5362 1409 5408; x_wconf 93' lang='lat' dir='ltr'><strong>ut</strong></span> <span class='ocrx_word' id='word_1_972' title='bbox 1423 5356 1531 5407; x_wconf 88' lang='lat' dir='ltr'><strong>Circurn</strong></span> <span class='ocrx_word' id='word_1_973' title='bbox 1550 5357 1700 5408; x_wconf 79' lang='lat' dir='ltr'><strong>marimum</strong></span> <span class='ocrx_word' id='word_1_974' title='bbox 1719 5371 1737 5406; x_wconf 91' lang='lat' dir='ltr'><strong>a</strong></span> <span class='ocrx_word' id='word_1_975' title='bbox 1748 5356 1869 5409; x_wconf 86' lang='lat' dir='ltr'><strong>Caesare</strong></span> <span class='ocrx_word' id='word_1_976' title='bbox 1877 5352 2017 5406; x_wconf 81' lang='lat' dir='ltr'><strong>dictatore</strong></span> 
     </span>
     <span class='ocr_line' id='line_1_147' title="bbox 1212 5422 2018 5493; baseline -0.009 -14"><span class='ocrx_word' id='word_1_977' title='bbox 1212 5433 1387 5479; x_wconf 86' lang='lat' dir='ltr'><strong>exstructum</strong></span> <span class='ocrx_word' id='word_1_978' title='bbox 1405 5423 1581 5493; x_wconf 81' lang='lat' dir='ltr'><strong>longitndine</strong></span> <span class='ocrx_word' id='word_1_979' title='bbox 1599 5423 1758 5477; x_wconf 81' lang='lat' dir='ltr'><strong>stadiorum</strong></span> <span class='ocrx_word' id='word_1_980' title='bbox 1772 5425 1869 5486; x_wconf 82' lang='lat' dir='ltr'><strong>trinas,</strong></span> <span class='ocrx_word' id='word_1_981' title='bbox 1888 5422 2018 5475; x_wconf 86' lang='lat' dir='ltr'><strong>latitudi-</strong></span> 
     </span>
     <span class='ocr_line' id='line_1_148' title="bbox 1213 5489 2015 5563; baseline -0.002 -16"><span class='ocrx_word' id='word_1_982' title='bbox 1213 5511 1247 5548; x_wconf 86' lang='lat' dir='ltr'><strong>ne</strong></span> <span class='ocrx_word' id='word_1_983' title='bbox 1258 5497 1349 5557; x_wconf 85' lang='lat' dir='ltr'><strong>unius,</strong></span> <span class='ocrx_word' id='word_1_984' title='bbox 1370 5494 1419 5548; x_wconf 88' lang='lat' dir='ltr'><strong>sed</strong></span> <span class='ocrx_word' id='word_1_985' title='bbox 1428 5508 1490 5546; x_wconf 87' lang='lat' dir='ltr'><strong>cum</strong></span> <span class='ocrx_word' id='word_1_986' title='bbox 1501 5493 1637 5547; x_wconf 84' lang='lat' dir='ltr'><strong>aediliciis</strong></span> <span class='ocrx_word' id='word_1_987' title='bbox 1648 5494 1775 5563; x_wconf 79' lang='lat' dir='ltr'><strong>ingeram</strong></span> <span class='ocrx_word' id='word_1_988' title='bbox 1785 5496 1962 5562; x_wconf 83' lang='lat' dir='ltr'><strong>quatemrlm.</strong></span> <span class='ocrx_word' id='word_1_989' title='bbox 1978 5489 2015 5526; x_wconf 82' lang='lat'><strong>¹¹¹</strong></span> 
     </span>
     <span class='ocr_line' id='line_1_149' title="bbox 1212 5562 1943 5632; baseline -0.001 -16"><span class='ocrx_word' id='word_1_990' title='bbox 1212 5565 1307 5619; x_wconf 87' lang='lat' dir='ltr'><strong>sedem</strong></span> <span class='ocrx_word' id='word_1_991' title='bbox 1319 5564 1414 5617; x_wconf 74' lang='lat' dir='ltr'><strong>CCLX</strong></span> <span class='ocrx_word' id='word_1_992' title='bbox 1422 5563 1549 5627; x_wconf 79' lang='lat' dir='ltr'><strong>millium,</strong></span> <span class='ocrx_word' id='word_1_993' title='bbox 1564 5564 1640 5618; x_wconf 84' lang='lat' dir='ltr'><strong>luter</strong></span> <span class='ocrx_word' id='word_1_994' title='bbox 1650 5579 1751 5632; x_wconf 85' lang='lat' dir='ltr'><strong>magna</strong></span> <span class='ocrx_word' id='word_1_995' title='bbox 1768 5577 1857 5630; x_wconf 87' lang='lat' dir='ltr'><strong>opera</strong></span> <span class='ocrx_word' id='word_1_996' title='bbox 1867 5562 1943 5615; x_wconf 62' lang='grc' dir='ltr'><strong>ἀίω</strong></span> 
     </span>
     <span class='ocr_line' id='line_1_150' title="bbox 1212 5631 1907 5705; baseline -0.003 -18"><span class='ocrx_word' id='word_1_997' title='bbox 1212 5650 1303 5689; x_wconf 84' lang='lat' dir='ltr'><strong>nonno</strong></span> <span class='ocrx_word' id='word_1_998' title='bbox 1324 5635 1399 5688; x_wconf 88' lang='lat' dir='ltr'><strong>later</strong></span> <span class='ocrx_word' id='word_1_999' title='bbox 1419 5636 1567 5705; x_wconf 82' lang='lat' dir='ltr'><strong>magnilica</strong></span> <span class='ocrx_word' id='word_1_1000' title='bbox 1584 5631 1822 5690; x_wconf 68' lang='lat' dir='ltr'><strong>menesatem</strong></span> <span class='ocrx_word' id='word_1_1001' title='bbox 1843 5631 1907 5685; x_wconf 86' lang='lat' dir='ltr'><strong>nolu</strong></span> 
     </span>
    </p>
   </div>
   <div class='ocr_carea' id='block_1_8' title="bbox 0 0 2193 6004">
    <p class='ocr_par' dir='ltr' id='par_1_17' title="bbox 0 0 2193 6004">
     <span class='ocr_line' id='line_1_151' title="bbox 0 0 2193 6004; baseline 0 0"><span class='ocrx_word' id='word_1_1002' title='bbox 0 0 2193 6004; x_wconf 95' lang='lat' dir='ltr'><strong> </strong></span> 
     </span>
    </p>
   </div>
  </div>
 </body>
</html>
