4374 6014
1061 128 1087 163 Δ

337 289 404 356 aad
488 286 520 350 C.
546 285 701 349 Pthil
726 282 937 346 sacuam
966 277 1138 343 NATUR
1166 278 1365 343 insidit«
1390 280 1479 344 oia.
1499 278 1650 343 XXXV.
1679 282 1776 348 CAP.
1797 287 1847 350 to.

336 442 458 511 Propter
478 439 550 493 hunc
568 437 615 507 qui
629 435 860 504 eratSicyoaius,
887 433 980 488 diviso
991 431 1142 488 ilslladice

336 514 395 567 tria
405 512 482 565 iacta
492 515 569 562 sunt:
582 508 717 570 lonicum,
728 505 902 573 Sicyonium,
912 505 1043 557 Atticum.

375 584 402 635 8.
421 578 568 647 Pamphili,
588 577 759 645 cognatioet
777 574 915 641 proelium
926 572 962 626 ad
973 571 1144 634 Phliuntem,

340 659 371 708 et
381 653 502 705 nictans
512 645 733 700 Atheniensium:
745 644 812 696 item
824 644 940 711 Ulysses
950 643 979 694 ia
990 648 1062 696 rate.
1082 642 1144 709 lpse

340 722 461 776 Macedo
471 718 591 779 natione,
603 715 652 768 scd
664 715 770 782 primus
782 713 809 764 in
820 713 931 780 pictura
942 713 1070 764 omnibus
1080 712 1143 764 lite·

341 793 382 846 ris
394 792 533 850 eruditus,
553 788 703 853 praecipue
722 780 901 835 arithmetice
917 789 947 835 et
962 781 1143 852 geometrice,

341 864 403 915 sine
414 860 514 927 quibus
526 856 648 924 negabat
658 860 748 905 artem
759 853 857 919 perlici
867 866 958 919 posse.
978 853 1083 904 Docuit
1095 868 1142 903 ne·

339 932 443 986 minem
465 927 581 979 minoris
602 927 709 978 talento
720 923 802 974 annis
813 922 923 975 decem:
944 936 1026 989 quarn
1039 935 1144 974 meroe·

344 1002 408 1055 dem
420 999 448 1052 ei
459 996 571 1065 Apelles
583 999 611 1046 et
622 991 795 1045 Melanthius
805 993 917 1044 dedere.
952 992 989 1043 Et
1001 989 1083 1042 huius
1094 1005 1143 1042 au·

342 1073 474 1124 ctoritate
485 1065 615 1119 effectum
627 1071 670 1116 eat
680 1062 802 1130 Sicyone
813 1064 941 1128 primum,
962 1058 1063 1113 deinde
1074 1067 1103 1113 et
1114 1062 1144 1112 in

341 1147 405 1194 tota
414 1136 546 1200 Graecia,
566 1140 599 1187 ut
610 1134 690 1201 pueri
712 1133 825 1198 ingenui
844 1136 910 1184 ante
927 1131 1021 1183 omnia
1034 1130 1145 1198 graphi·

341 1226 401 1272 een,
411 1208 465 1261 hoc
475 1214 528 1270 est,
540 1206 679 1273 picturam
692 1203 719 1253 in
730 1203 804 1254 buxo
815 1200 993 1263 docerentur,
1008 1202 1065 1253 reci
1103 1215 1145 1253 re·

342 1288 444 1348 turque
457 1293 504 1330 ars
516 1292 550 1331 ea
560 1280 588 1328 in
601 1278 718 1342 primurn
732 1271 850 1340 gradum
863 1270 1031 1323 liberalium.
1066 1217 1130 1321 hia

341 1365 394 1419 per
406 1348 517 1417 quidem
528 1346 617 1399 honos
629 1344 656 1396 ei
667 1343 770 1405 fuit,ut
780 1343 892 1409 ingenui
903 1345 1145 1401 exercerent,nrox

340 1428 374 1474 ut
385 1418 509 1471 honesti:
521 1420 658 1484 perpetuo
670 1411 871 1474 interdicto,no
882 1411 999 1462 servitia
1009 1408 1143 1462 doceren-

341 1498 397 1542 tur.
434 1487 500 1540 ideo
513 1499 601 1551 neque
611 1485 641 1536 in
654 1482 724 1545 hae,
745 1496 834 1549 neque
851 1481 880 1533 ia
892 1480 1039 1545 toreutice,
1060 1479 1145 1531 uilius

343 1560 394 1629 qui
404 1555 535 1609 servierit
545 1568 632 1621 opera
643 1553 829 1605 celebrantur.

378 1629 403 1680 a.
423 1626 499 1677 Clari
521 1624 604 1677 etiam
618 1622 689 1675 cvii
701 1619 868 1690 Olympiade
883 1622 1019 1673 exstitere
1028 1618 1146 1682 Echion,

342 1702 373 1752 et
385 1691 597 1748 Therimachus.
609 1691 743 1744 Echionis
755 1699 820 1743 sant
830 1690 940 1743 nobiles
951 1692 1086 1759 picturae,
1095 1688 1144 1741 in-

340 1767 393 1821 bcr
404 1771 493 1834 pater,
507 1765 576 1815 item
588 1761 748 1830 Tragoedia
759 1768 787 1814 et
797 1761 962 1814 Comoedia:
983 1760 1145 1814 Semiramis

341 1852 378 1892 ea
389 1835 492 1887 ancilia
502 1849 618 1903 regnora
631 1833 800 1900 adipiscens:
822 1846 890 1882 anus
911 1830 1056 1898 lampadas
1066 1843 1160 1898 praev

340 1905 444 1971 terens,
457 1914 487 1961 et
495 1920 569 1958 novo
578 1910 665 1971 nupta
675 1901 840 1955 verecundia
850 1901 992 1954 notabilis.

274 1978 280 1987 “
376 1978 421 2031 to.
440 1976 541 2029 Verum
552 1989 647 2027 omnes
658 1972 733 2041 prius
745 1973 855 2041 genitos
870 1970 1035 2037 tutoresque
1046 1975 1146 2037 postea

341 2046 486 2112 superavit
495 2044 607 2111 Apelles
617 2046 701 2106 Cous,
721 2041 888 2111 Olympiade
899 2041 981 2093 cxli.
1017 2039 1146 2092 Pictor-ae

361 2116 427 2166 lura
438 2115 514 2165 solus
525 2128 625 2181 prope,
647 2127 729 2182 quam
741 2113 826 2165 ceteri
838 2126 936 2163 omnes
947 2111 1078 2173 contulit,
1097 2123 1146 2161 vo·

341 2130 497 2237 Panrinlbus
518 2185 603 2235 etiam
622 2183 715 2244 editis,
735 2197 805 2250 quae
816 2182 971 2233 doctrinam
984 2194 1045 2232 eam
1057 2181 1146 2231 conti·

341 2259 419 2307 nont.
456 2251 610 2319 Praecipua
622 2253 681 2305 eius
693 2254 721 2304 in
734 2260 796 2306 arte
804 2258 937 2304 venustas
949 2249 1013 2313 luit,
1024 2265 1086 2301 curn
1097 2264 1144 2301 ea·

255 2348 264 2369 ·
341 2321 407 2377 dem
428 2328 522 2375 aetate
540 2322 654 2374 maximi
664 2325 788 2386 pictores
801 2328 908 2372 essent:
931 2334 1047 2387 quorum
1060 2333 1146 2386 opera

345 2407 409 2447 eum
430 2391 624 2452 admiraretur,
645 2389 814 2441 collaudatis
836 2389 973 2451 omnihus,
993 2388 1091 2442 deesse
1110 2389 1146 2440 ils

342 2477 430 2515 unam
447 2454 586 2516 Viaerem
606 2459 726 2522 dicebat,
746 2474 828 2527 quam
845 2459 945 2512 Graeci
960 2458 1075 2512 charita
1094 2473 1144 2510 ro·

343 2539 421 2586 caut:
447 2537 541 2585 cetera
552 2532 647 2583 omnia
659 2530 823 2599 contigisse:
841 2530 890 2581 sed
901 2528 954 2581 hac
964 2528 1017 2580 soli
1028 2529 1084 2581 sibi
1096 2544 1144 2581 ne·

341 2601 447 2654 minem
469 2615 573 2669 parem.
610 2600 648 2650 ls't
667 2599 751 2651 sliam
771 2599 889 2666 gloriam
902 2599 1060 2664 usurpavit,
1082 2613 1145 2649 cum

343 2669 513 2739 Protogenia
524 2685 594 2737 opus
606 2670 731 2721 immensi
743 2668 848 2719 laboris
859 2683 892 2719 ao
903 2683 986 2720 curae
998 2680 1146 2733 supramo-

344 2738 411 2792 dum
422 2740 520 2793 anxiae
531 2741 687 2790 miraretur.
724 2739 804 2791 Dixit
817 2738 901 2799 enim,
913 2737 1007 2791 omnia
1016 2737 1070 2789 sibi
1082 2750 1144 2788 cum

342 2809 395 2862 illo
407 2812 485 2877 paria
496 2825 567 2870 esse,
589 2815 637 2859 aut
649 2809 691 2861 iili
703 2809 834 2860 meliora:
851 2806 900 2860 sed
911 2823 967 2859 uno
977 2823 1007 2859 se
1019 2814 1144 2874 praesta·

344 2891 386 2942 re,
408 2878 482 2945 quod
504 2890 615 2929 monum
637 2879 687 2929 ille
708 2877 742 2930 de
758 2878 856 2929 tabula
868 2893 922 2929 non
933 2878 1019 2929 sciret
1030 2877 1145 2928 tolleres

341 2946 520 3002 memorabili
533 2954 693 3014 praecepto,
708 2945 809 2999 ii'ocere
821 2963 900 3016 saepe
909 2946 1021 3000 nirtriom
1033 2945 1146 3014 diiigen-

341 3017 420 3070 tiom.
456 3017 523 3068 Fuit
534 3021 627 3069 autem
638 3032 693 3069 non
705 3016 821 3068 minoris
837 3014 1041 3084 simplicitatis,
1063 3030 1145 3082 quarn

342 3087 424 3138 ortis.
434 3085 506 3137 Nam
518 3086 636 3137 cedebat
646 3084 795 3152 Amphioni
808 3087 843 3138 de
853 3084 1146 3152 dispositione,Ascle·

340 3154 461 3225 plodoro
472 3153 506 3205 de
519 3153 666 3218 mensuris,
678 3155 731 3206 hoc
741 3161 794 3219 est,
815 3162 921 3222 quanio
932 3153 1000 3223 quid
1011 3169 1028 3205 a
1038 3169 1092 3222 quo
1104 3154 1145 3206 di·

341 3232 421 3279 stare
431 3224 554 3278 deberet

379 3293 422 3349 11.
441 3294 548 3349 Scitum
561 3298 605 3347 est
614 3293 690 3346 inter
701 3292 886 3363 Protogenem
903 3299 932 3347 et
942 3309 1004 3348 eum
1015 3292 1088 3361 quod
1099 3309 1145 3347 ac·

343 3366 423 3422 cidit.
458 3367 510 3419 lile
522 3363 612 3417 Rhodi
623 3365 750 3416 virebat:
768 3379 822 3430 quo
835 3379 895 3415 com
907 3365 1018 3431 Apelles
1030 3364 1146 3416 adnavi-

1194 439 1259 488 tore
1278 448 1310 486 re
1345 431 1487 496 eliensem,
1504 432 1579 501 quod
1598 432 1627 486 ln
1645 435 1769 505 crepidis
1777 452 1836 492 ana
1847 440 1922 493 intus
1932 456 1988 513 pau

1196 505 1288 557 olores
1310 446 1425 555 helmet
1445 516 1540 553 unsasr
1560 502 1657 555 eodem
1678 514 1793 572 postero
1814 510 1860 562 die
1876 513 2001 581 superbo

1195 570 1391 625 emendatione
1404 571 1539 639 pristinae
1550 570 1747 627 admonitionis
1758 578 1909 635 carilionte
1924 583 2004 635 circa

1195 658 1268 706 cros,
1278 640 1452 708 indignatum
1466 640 1652 708 prospexisse,
1669 644 1891 714 denuntiantem,
1906 667 1942 704 ue
1953 667 2002 704 su-

1194 728 1247 782 pra
1259 712 1401 779 crepidam
1414 710 1640 779 iudicaretquod
1652 714 1810 781 etipsumin
1817 722 2002 786 proverbium

1195 784 1281 836 venii.
1318 781 1383 834 Fuit
1395 781 1469 833 eninr
1481 786 1511 833 et
1522 782 1640 832 cenatas
1651 781 1704 846 illi,
1719 794 1923 856 propterquam
1936 805 2005 858 gra·

1196 856 1253 905 tior
1263 849 1422 904 Alexandro
1433 851 1539 917 Magno
1551 856 1626 914 erat,
1646 849 1808 920 frequenter
1818 857 1846 907 in
1856 860 2003 913 officinam

1195 920 1361 976 ventitanti:
1378 934 1451 983 nam,
1462 926 1494 970 ut
1506 917 1635 983 diximus,
1647 921 1683 973 ab
1695 922 1753 974 alio
1764 924 1842 993 pingi
1851 942 1889 990 se,
1900 936 2002 983 retae·

1195 1000 1240 1045 rat
1252 990 1354 1043 edicto.
1390 988 1445 1041 Sed
1457 995 1486 1041 et
1496 989 1524 1039 in
1541 988 1652 1041 officina
1667 991 1798 1059 imperite
1814 997 1900 1047 muita
1911 996 2003 1052 disse·

1194 1061 1271 1115 renti
1282 1060 1424 1113 silentiam
1435 1060 1555 1111 comiter
1566 1059 1712 1124 suadebat,
1732 1062 1819 1115 rideri
1830 1080 1891 1117 eum
1903 1066 2001 1121 dicens

1196 1131 1315 1200 opaerls
1326 1132 1371 1198 qai
1382 1131 1493 1183 colores
1504 1136 1638 1182 tererent.
1675 1132 1797 1184 Tantum
1810 1142 1871 1187 erat
1881 1137 2002 1190 auctori·

1196 1202 1252 1254 tati
1267 1201 1336 1253 iuris
1353 1201 1383 1252 ia
1399 1216 1504 1271 regem,
1524 1199 1632 1269 alioqui
1646 1200 1821 1255 imcunilume
1843 1219 2000 1283 quanquam

1133 1297 1144 1309 ·
1197 1271 1355 1324 Alexander
1365 1269 1499 1323 honorem
1511 1270 1537 1321 ei
1549 1271 1707 1323 clarissimo
1718 1274 1849 1339 praebuit
1862 1276 1999 1344 exemplo.

1198 1340 1324 1410 Namque
1345 1356 1407 1393 curn
1425 1340 1556 1393 dilectam
1575 1340 1629 1393 sibi
1647 1357 1681 1394 ex
1698 1343 1816 1408 pallacis
1827 1344 1885 1396 suis
1895 1345 1999 1415 praeci·

1198 1425 1261 1479 pue,
1272 1412 1382 1463 nomiae
1393 1412 1574 1477 Campaspen,
1587 1409 1689 1464 nudam
1701 1407 1829 1481 pingi'ob
1839 1414 1999 1471 admiratio·

1198 1496 1260 1533 nem
1273 1480 1381 1533 formae
1389 1482 1424 1534 ab
1437 1481 1533 1547 Apelle
1545 1480 1681 1544 iussisset,
1689 1497 1807 1552 eumque
1816 1490 1874 1536 tom
1886 1486 1945 1552 pari
1956 1501 1999 1538 oa·

1198 1558 1276 1618 ptum
1289 1566 1384 1603 amore
1396 1551 1537 1611 sensisset,
1549 1549 1623 1603 douo
1634 1565 1695 1603 enm
1709 1550 1797 1605 dedit
1807 1553 1930 1621 Magnus
1941 1556 1998 1609 ani·

1197 1637 1254 1688 mo,
1273 1621 1364 1673 maior
1376 1620 1493 1687 imperio
1504 1619 1562 1671 sui:
1581 1632 1631 1674 nec
1644 1622 1734 1673 minor
1744 1619 1798 1675 hoc
1809 1620 1897 1688 iacto,
1914 1639 1996 1693 quam

1198 1693 1317 1744 victoria
1327 1691 1431 1757 aliqua.
1466 1691 1576 1758 Quippe
1587 1705 1618 1743 se
1628 1691 1705 1753 aicit,
1722 1706 1773 1743 nec
1782 1697 1877 1746 torum
1889 1702 1996 1747 tantum

1199 1777 1295 1825 suum,
1316 1760 1462 1814 sedetiam
1473 1759 1603 1812 affectam
1617 1760 1731 1813 donarit
1745 1764 1864 1816 artilici:
1885 1780 1919 1817 ne
1929 1763 1998 1818 dile·

1199 1838 1261 1884 ctae
1282 1830 1393 1899 quidem
1417 1836 1545 1896 respectu
1566 1837 1667 1894 motus,
1689 1838 1721 1884 ot
1741 1847 1813 1900 quae
1830 1834 1998 1903 modoregis

1198 1901 1308 1964 fuisset,
1320 1900 1403 1952 modo
1415 1898 1531 1967 pictoris
1540 1907 1624 1953 esset.
1636 1900 1707 1953 Sunt
1719 1902 1767 1969 qui
1779 1901 1912 1957 Venerem
1923 1905 1998 1959 Ans·

1200 1971 1355 2041 dyunrenen
1366 1969 1418 2022 illo
1430 1970 1531 2036 pictam
1543 1968 1694 2091 exemplari
1707 1978 1813 2038 putant.

1235 2038 1276 2092 13.
1295 2039 1407 2107 Apelles
1419 2047 1447 2093 et
1458 2041 1486 2090 in
1499 2041 1616 2092 aemulis
1646 2041 1777 2109 enignus,
1794 2040 1877 2094 Proto

1199 2108 1484 2178 gnationem'primus
1495 2109 1587 2161 Rhodi
1602 2112 1757 2163 constituit.
1795 2056 1931 2165 Sordehat
1949 2112 2000 2167 ille

1198 2181 1267 2244 suls,
1275 2188 1307 2232 ut
1316 2180 1478 2300 plerumque
1487 2179 1653 2232 domestica:
1664 2183 1893 2249 percontantique
1903 2181 2001 2251 quanti

1198 2251 1296 2303 liceret
1309 2265 1420 2318 operae
1442 2255 1511 2311 ecta,
1522 2264 1634 2316 parvum
1643 2253 1736 2302 nescio
1750 2252 1814 2319 quid
1828 2253 1953 2304 dixerat:
1969 2260 2001 2305 at

1198 2321 1246 2373 ille
1266 2321 1467 2389 quinquagenis
1484 2320 1599 2372 talentis
1619 2319 1758 2386 poposclt=
1785 2320 1943 2387 inmanique
1959 2320 2002 2373 dl·

1198 2392 1307 2458 sparsit,
1318 2405 1348 2442 se
1358 2396 1500 2452 entereut
1511 2404 1562 2457 pro
1573 2388 1630 2439 auis
1640 2387 1781 2441 venderet.
1819 2389 1862 2440 lla
1872 2405 1919 2442 res
1931 2405 2001 2442 con·

1200 2463 1297 2513 citarit
1308 2459 1434 2512 Rhodios
1445 2461 1480 2511 ad
1491 2457 1703 2527 intelligendum
1714 2458 1865 2511 matrem:
1881 2474 1934 2512 nec
1944 2459 2002 2512 nisi

1199 2532 1740 2668 “iiiiiiiith‘s‘si'i'iffiimaa.
1755 2594 1929 2653 marsuam
1940 2598 1999 2666 prs·

1198 2669 1256 2730 xit,
1274 2677 1306 2722 ut
1317 2670 1492 2733 (incredibile
1508 2669 1597 2729 dictu)
1608 2668 1696 2734 Apion
1707 2665 1915 2719 Grammaticus
1930 2668 1999 2719 scri·

1199 2744 1275 2805 ptum
1287 2737 1440 2807 reliquerit,
1462 2736 1599 2803 quendam
1611 2732 1645 2788 e'x
1657 2732 1731 2787 lucie
1741 2735 1883 2788 hominum
1896 2736 2000 2789 additi·

1198 2812 1312 2860 nantem
1329 2817 1411 2874 (quos
1426 2814 1641 2874 metoposcopos
1657 2805 1771 2871 vocant)
1795 2822 1829 2860 ex
1845 2808 1880 2859 iis
1896 2807 2000 2860 dixisse

1198 2882 1249 2930 aut
1260 2876 1370 2929 futurae
1380 2877 1479 2928 mortis
1490 2891 1586 2938 annos,
1600 2881 1648 2928 aut
1658 2877 1837 2943 praeteritae.
1868 2876 1930 2929 Non
1943 2875 2000 2929 iae·

1198 2952 1243 3000 rat
1260 2947 1285 2999 ei
1296 2946 1390 3017 gratia
1404 2948 1432 2997 in
1447 2945 1583 2996 comitatu
1593 2946 1741 2998 Alexandri
1760 2962 1820 2998 cum
1832 2945 2000 3011 Ptolemaeo,

1200 3030 1254 3087 quo
1265 3022 1408 3086 regnante,
1419 3012 1618 3067 Alexandriam
1629 3016 1657 3066 vl
1670 3016 1845 3083 tempestatis
1857 3015 1999 3083 expulsus,

1198 3088 1350 3141 sabomato
1367 3086 1463 3138 fraude
1474 3083 1650 3136 aemulorum
1671 3085 1754 3152 plano
1767 3086 1846 3153 regio
1858 3086 1999 3149 imitatus,

1198 3156 1233 3209 ad
1252 3159 1328 3225 regis
1339 3170 1454 3208 coenam
1465 3155 1554 3207 venit:
1567 3153 1779 3222 indignantique
1790 3155 1960 3217 Ptolemaeo,
1971 3164 2000 3208 et

1198 3232 1347 3279 vocatores
1369 3241 1435 3277 suos
1452 3223 1626 3287 ostendenti,
1647 3230 1680 3276 ut
1696 3223 1802 3277 diceret
1813 3240 1830 3277 a
1840 3240 1893 3294 quo
1905 3239 1998 3277 eorum

1198 3296 1333 3349 imitatus
1345 3302 1429 3359 emet,
1450 3303 1562 3361 arrepto
1584 3294 1705 3347 carbone
1721 3296 1859 3347 exstincto
1872 3310 1887 3348 e
1898 3292 2002 3357 ioculo,

1202 3366 1351 3431 imaginem
1362 3368 1391 3418 in
1402 3367 1510 3430 pariete
1522 3364 1689 3426 delineavit,
1714 3370 1883 3429 agnoscente
1893 3364 1998 3414 ruitum

1898 2040 1942 2094 eni
1954 2042 1998 2096 di·
2087 2062 2090 2073 ·

343 3442 449 3506 gomet,
469 3436 567 3487 avidus
578 3434 765 3501 cognoscendi
777 3448 862 3501 opera
871 3433 941 3496 eius,
951 3433 1026 3484 fama
1036 3438 1146 3483 tontum
1199 3435 1277 3501 plani
1288 3447 1362 3502 rege,
1373 3447 1408 3485 ex
1418 3430 1552 3483 inchoato
1564 3433 1699 3498 protinus.
1724 3432 1818 3484 Pinxit
1830 3440 1859 3485 et
1868 3432 2002 3501 Antigoni

343 3506 398 3558 sihi
410 3502 525 3573 cogniti,
536 3506 670 3555 continuo
683 3502 821 3554 officinam
835 3503 925 3571 petiit.
960 3502 1064 3555 Aberat
1075 3501 1146 3568 ipse,
1199 3503 1274 3571 regis
1285 3503 1431 3571 imaginem
1445 3502 1537 3554 altero
1548 3501 1654 3554 lumine
1664 3503 1769 3562 orbam,
1780 3503 1882 3570 primus
1892 3502 2002 3583 excogi-

342 3575 395 3627 sed
416 3575 541 3626 tabulam
554 3573 662 3638 amplae
679 3572 880 3639 magnitudinis
891 3573 919 3623 in
932 3569 1060 3623 machina
1070 3577 1148 3637 apta·
1199 3577 1261 3624 tata
1273 3572 1385 3624 ratione
1396 3570 1467 3624 vitia
1478 3569 1630 3623 condendi:
1641 3571 1782 3640 obliquam
1794 3587 1911 3639 nauaque
1922 3570 2001 3635 iecit,

342 3647 402 3694 tam
414 3643 550 3707 picturae,
562 3655 631 3691 anos
641 3657 698 3692 una
708 3642 894 3694 custodiebat.
919 3641 999 3693 Haec
1010 3640 1146 3708 Protoge·
1200 3648 1231 3693 ut
1243 3643 1316 3709 quod
1329 3641 1441 3708 corpori
1453 3640 1560 3703 deerat,
1576 3640 1702 3708 picturae
1713 3641 1805 3708 potius
1817 3640 1914 3694 deesse
1926 3640 2001 3694 ride·

344 3708 553 3762 nemiorisesse
562 3709 971 3777 respondit,interrogavitque,
979 3724 1147 3777 aqnoqnae·
1200 3717 1290 3764 retur:
1300 3717 1465 3779 tantumque
1475 3726 1535 3763 earn
1548 3717 1655 3777 partem
1667 3727 1683 3764 e
1694 3710 1765 3762 facie
1777 3710 1908 3771 ostendit,
1917 3724 2002 3778 quarn

343 3778 431 3832 situm
450 3776 567 3829 diceret.
602 3776 716 3840 Abhoc,
735 3778 958 3845 inquitApellesz
980 3787 1147 3845 arreptoque
1199 3787 1289 3833 totam
1310 3786 1421 3849 poterat
1434 3781 1591 3834 ostendere.
1628 3780 1698 3833 Sunt
1716 3780 2003 3844 interoperaeiuset

300 3873 303 3879 v
343 3846 477 3916 penicillo
500 3845 602 3898 lineam
620 3860 656 3898 ex
669 3848 766 3898 colore
776 3845 856 3897 duxit
867 3862 990 3897 summae
1001 3849 1147 3900 tenuitatis
1200 3850 1401 3919 exspirantium
1421 3850 1565 3920 imagines.
1609 3851 1803 3914 Quassatam
1822 3847 2002 3903 nobilissima

342 3932 396 3986 per
405 3915 540 3968 tabulam.
573 3915 698 3967 Reverso
710 3916 873 3982 Protogeni,
884 3931 955 3982 quse
966 3922 1147 3984 gemuerant,
1200 3920 1266 3981 sint,
1278 3934 1332 3971 non
1345 3924 1387 3972 est
1398 3917 1484 3973 facile
1493 3919 1578 3973 dicto.

343 4001 414 4040 anus
426 3985 570 4038 indicavit.
607 3984 712 4037 Ferunt
732 3985 867 4037 artitleem
881 3986 1009 4052 protinus
1021 3993 1147 4039 contem·
1236 3987 1277 4043 15.
1295 3988 1432 4042 venerem
1444 3998 1592 4043 exeuntem
1604 4004 1619 4042 ο
1631 3985 1701 4041 mari
1710 3985 1801 4039 Divae
1810 3986 1949 4054 Angustus
1961 3985 2001 4039 (li.

342 4057 453 4125 piatam
474 4055 669 4118 subtilitatem,
691 4055 795 4108 dixisse
805 4056 929 4122 Apellem
947 4058 1069 4109 venisse:
1091 4073 1148 4109 non
1200 4060 1275 4112 eavit
1286 4061 1313 4110 in
1326 4061 1443 4113 delubro
1455 4061 1544 4128 patris
1556 4060 1700 4121 Caesaris,
1722 4072 1791 4126 quae
1802 4054 2000 4124 Anadyomcne

344 4129 420 4182 enim
432 4128 532 4181 cadere
542 4127 570 4178 in
581 4127 667 4180 alium
675 4132 736 4179 tam
747 4126 907 4179 absolutum
923 4139 1002 4192 opus.
1039 4127 1146 4195 lpsunr-
1199 4137 1326 4193 vocatur,
1343 4131 1468 4182 versibus
1480 4130 1596 4183 Graecis
1607 4130 1657 4181 tali
1669 4142 1764 4196 opere,
1785 4126 1848 4179 dom
1859 4126 2000 4189 laudatur,

344 4214 400 4268 que
410 4200 467 4251 alio
480 4198 575 4250 colore
586 4197 741 4251 tenuiorem
760 4197 865 4258 lineam
881 4198 910 4247 io
921 4196 972 4248 illa
982 4198 1043 4263 ipsa
1054 4197 1147 4248 duxis-
1200 4199 1285 4263 victo,
1300 4198 1349 4252 sed
1360 4201 1510 4253 illustrato.
1548 4200 1640 4252 liuius
1651 4199 1811 4252 inferiorern
1821 4203 1928 4264 partem
1941 4210 2001 4247 cor·

343 4284 383 4332 se,
395 4268 626 4337 praecepisseque
637 4267 798 4332 abeuntem,
817 4270 839 4318 si
850 4266 969 4319 redisset
981 4266 1038 4329 ille,
1055 4273 1147 4319 osten·
1199 4275 1309 4336 ruptam
1332 4272 1378 4335 qui
1398 4271 1535 4335 reliceret,
1555 4286 1611 4322 non
1628 4269 1721 4336 potuit
1732 4266 1858 4335 reperiri.
1894 4264 1998 4318 Verum

343 4337 433 4402 deret,
446 4338 634 4405 adliceretqoe
646 4336 718 4389 laune
728 4352 791 4389 esse
802 4352 882 4404 quem
895 4344 1052 4405 quaereret:
1062 4342 1147 4405 atque
1199 4338 1262 4407 ipsa
1280 4338 1385 4391 iniuria
1405 4341 1488 4393 cessit
1504 4342 1532 4393 in
1550 4340 1668 4409 gloriam
1688 4338 1813 4391 artificis.
1850 4333 2001 4388 consenuit

341 4409 386 4460 ita
396 4408 498 4459 evenit.
534 4409 695 4460 Revertitur
705 4409 779 4459 enim
793 4406 915 4474 Apelles,
935 4407 984 4459 sed
1003 4406 1075 4458 vinci
1087 4421 1147 4458 eru·
1199 4407 1270 4461 haee
1282 4408 1380 4462 tabula
1391 4414 1465 4463 carie
1476 4429 1482 4461 ε
1495 4412 1635 4478 aliamque
1647 4423 1698 4476 pro
1711 4424 1745 4462 ea
1756 4407 1831 4460 Nero
1842 4405 1999 4473 principatu

343 4477 469 4539 bescens,
488 4480 575 4528 tertio
597 4479 691 4530 colore
712 4477 801 4529 lineas
822 4477 921 4539 secuit,
942 4476 1049 4528 nullum
1061 4475 1146 4528 relin·
1199 4478 1349 4531 substituit
1368 4495 1429 4545 suo,
1451 4480 1590 4534 Dorothei
1602 4494 1694 4531 manu.
1730 4477 1843 4545 Apelles
1854 4473 1999 4527 inchoare·

344 4559 434 4612 quens
444 4546 564 4612 amplios
574 4546 724 4601 subtilitati
739 4545 838 4597 locum.
876 4547 912 4598 At
922 4546 1093 4614 Protogenes
1104 4545 1145 4596 vi·
1198 4548 1339 4602 nataliam
1350 4547 1490 4604 Venerem
1501 4542 2001 4616 Cois,superatnrusetlamsuamil·

345 4621 422 4665 etem
442 4628 473 4664 se
496 4615 649 4677 confessos,
667 4617 696 4667 in
714 4622 825 4682 portum
837 4615 985 4677 devolavit,
1008 4616 1146 4682 hospitem
1198 4618 1254 4669 lam
1276 4619 1407 4684 priorem.
1442 4620 1545 4671 invidit
1565 4635 1640 4671 mors
1652 4614 1871 4685 peractaparth:
1893 4610 2001 4680 necqui

343 4697 489 4749 maerens.
521 4682 686 4753 Placuitque
695 4685 737 4736 sic
747 4701 809 4737 eam
822 4685 945 4737 tabulam
958 4688 1079 4752 posteris
1090 4691 1146 4738 tra·
1198 4687 1362 4741 succederet
1373 4690 1450 4756 operi
1459 4689 1494 4741 ad
1507 4689 1629 4756 praescri
1651 4695 1679 4738 ta
1690 4689 1862 4739 lineamenta
1873 4685 2000 4735 inventus
2032 4734 2037 4741 ,

345 4751 383 4809 eii,
405 4751 669 4819 omniumquidem,
689 4754 1144 4821 sedartiiicompraecipuomira·
1198 4762 1251 4810 est.
1287 4755 1382 4809 Pinxit
1394 4767 1422 4811 et
1433 4759 1619 4811 Alexandrum
1662 4752 2001 4824 sgnum,iulmentenea·

345 4821 417 4871 solu
453 4822 629 4873 cassaniam
642 4839 703 4875 eam
714 4824 1141 4890 prioreincendiodomuane·
1198 4835 1266 4891 tens,
1278 4828 1307 4879 in
1317 4828 1422 4894 templo
1431 4826 1567 4893 Ephesiae
1579 4820 1802 4889 Dianae,viginri
1815 4819 1939 4874 talentis.
1952 4821 2002 4874 ot·

344 4890 418 4940 saris
429 4888 458 4938 ia
470 4888 578 4940 Palatio
590 4891 690 4944 audior
709 4901 863 4960 spectatam
877 4893 943 4945 olim
961 4898 1041 4945 tanto
1052 4895 1144 4960 spatio
1197 4899 1250 4968 gitl
1263 4896 1385 4949 eminere
1394 4895 1532 4956 ridentur,
1544 4901 1572 4947 ei
1583 4894 1688 4945 fulmen
1700 4900 1779 4944 extra
1789 4888 1914 4941 tabulam
1927 4906 1998 4944 esse·

344 4956 414 5010 nihii
426 4955 501 5009 aliod
513 4959 713 5025 continentem,
723 4979 805 5030 quarn
816 4963 905 5015 lineas
916 4963 1146 5034 risumeliugien·
1197 4969 1339 5035 lingentes
1359 4964 1543 5026 meminerint,
1563 4963 1657 5016 onrnia
1673 4977 1707 5014 ea
1725 4967 1847 5027 quatuor
1858 4961 2002 5013 coloribus

344 5037 398 5089 tes,
420 5028 493 5079 inter
503 5028 618 5109 egregia
629 5032 778 5084 multorom
790 5048 876 5101 opera
886 5033 964 5085 inani
975 5034 1105 5099 similem,
1115 5040 1146 5088 ei
1197 5036 1283 5089 iacta.
1317 5033 1447 5086 Tabulae
1468 5035 1589 5101 pretium
1608 5038 1715 5100 accepit
1730 5045 1841 5094 aureos,
1860 5043 2003 5093 mensura,

345 5096 1068 5171 eoipsoallicientem,omniqueoperenohliiorem.
1197 5117 1388 5159 nonnumero.
1553 5110 1559 5117 '

382 5170 423 5223 12
442 5166 533 5235 Apolli
546 5166 599 5220 luit
610 5169 715 5236 ulloqui
724 5182 858 5241 perpetua
869 5176 1058 5239 consuetudo,
1078 5191 1145 5227 nun·
1232 5174 1275 5229 io.
1294 5173 1389 5226 Pinxit
1404 5177 1432 5227 et
1448 5170 1602 5240 Megabpni
1620 5169 1778 5224 sacerdotis
1788 5168 1899 5222 Dianae
1907 5164 2001 5236 Ephe·

344 5252 427 5305 qnam
438 5244 494 5290 tarn
506 5244 669 5304 occupatam
681 5238 753 5293 diem
765 5244 915 5310 agendlmt
924 5262 979 5298 non
987 5246 1088 5300 lineam
1098 5246 1146 5297 do·
1197 5248 1255 5298 siae
1267 5258 1409 5312 pompam:
1431 5243 1533 5295 clitum
1552 5256 1624 5310 equo
1642 5239 1678 5293 ad
1689 5240 1794 5294 bellum
1807 5238 2000 5293 festinantem:

346 5307 435 5360 cendo
456 5315 600 5361 exerceret
612 5315 717 5361 anem:
740 5311 905 5378 quodebeo
927 5316 956 5367 in
968 5316 1145 5383 proverbium
1234 5316 1306 5368 leam
1319 5313 1443 5381 poscenti
1464 5311 1634 5381 armigerum
1648 5310 1846 5379 porrigentem.
1882 5308 2002 5359 Alexan-

343 5378 430 5429 venit.
466 5376 543 5430 idem
555 5377 682 5445 perlecta
700 5393 786 5447 opera
802 5386 976 5449 proponebat
986 5389 1013 5438 in
1028 5386 1146 5455 pergula
1218 5401 1276 5437 rum
1290 5390 1319 5437 et
1330 5383 1486 5452 Philippum
1506 5382 1616 5450 quoties
1634 5383 1767 5466 pinxerit,
1786 5391 1947 5431 enumerare
1957 5391 2003 5428 su·

342 5447 561 5528 transeuntibus,
581 5454 666 5518 atque
677 5457 742 5516 post
754 5449 840 5518 ipsam
854 5454 977 5505 tabulam
990 5457 1090 5517 latens,
1103 5458 1144 5507 vi·
1216 5468 1362 5507 ervacuum
1377 5462 1428 5507 est.
1464 5452 1605 5504 Mirantur
1616 5468 1676 5504 eius
1688 5450 1847 5503 llahronem
1861 5444 1957 5507 Samii,
1971 5452 2003 5497 ct

340 5520 384 5565 tra
394 5530 465 5581 quse
477 5525 641 5570 notarentur
651 5520 838 5583 auscultabat,
856 5521 970 5585 uulgum
982 5522 1145 5589 diligentio—
1197 5472 1385 5576 hiennadrum
1399 5538 1492 5593 regem
1506 5522 1606 5576 Cariae
1619 5520 1730 5577 Rhodii.
1768 5520 1836 5570 item
1847 5517 2000 5567 Ancaeum:

340 5597 399 5635 rem
411 5584 542 5650 iudicem,
563 5603 644 5656 quam
655 5606 686 5646 se
697 5590 868 5663 praeterens.
904 5588 1063 5658 Feruntque
1074 5607 1146 5647 asu·
1196 5592 1383 5649 Alexandriae
1392 5590 1619 5665 Gorgosthenen
1629 5586 1814 5663 tragoedum:
1833 5585 1939 5640 Romae
1950 5583 2003 5635 Ca·
