4340 6018
320 314 352 375 C.
387 312 532 377 rituli
568 312 774 381 SECUNDI
811 316 976 377 NATUR
1014 317 1201 382 fllsroa.
1241 318 1414 383 blr.1x.
1454 320 1548 381 CAP.
1574 327 1650 386 1-6.
1758 328 1819 390 123

152 465 240 536 Syros
249 480 306 519 non
315 466 470 536 attingunts
482 474 531 518 aut
541 466 653 518 etiamsi
661 466 761 520 mesti
775 467 960 529 momordere,
1012 474 1107 522 monte
1119 471 1288 525 Aristoteles
1299 474 1386 526 tradit
1396 488 1414 526 a
1424 474 1617 541 scorpionibus
1627 473 1752 544 hospites
1761 493 1818 533 non

151 553 206 591 aon
217 539 379 589 sentiuntur
389 536 537 589 maleficia:
548 536 613 588 aliis
622 539 811 604 cuiuscunque
821 537 960 606 gentisin·
1012 537 1099 599 laedi,
1118 538 1264 607 indigenas
1280 546 1411 596 interimi.
1448 543 1503 596 Sed
1522 544 1695 611 reliquorum
1706 562 1820 615 quoque

153 608 226 671 lesti,
237 606 319 660 aride
330 613 427 661 etcum
434 606 768 665 cruciatucxanimautes:
780 607 958 675 quamobrem
1012 607 1189 671 animalium,
1209 618 1237 664 et
1252 620 1401 679 praeterea
1420 615 1595 668 terrestrium
1605 650 1614 678 ,
1626 616 1759 671 dicemus
1776 634 1823 687 gp.

153 689 181 731 et
194 677 260 747 Syri
282 692 338 731 aon
358 682 462 733 necant
482 690 541 730 eos.
578 676 685 731 Contra
701 677 731 730 in
744 675 959 731 Latmocariae
1014 690 1093 730 nera.

513 865 1618 921 ’ψ’-«Ι

606 1003 655 1090 C.
713 1004 971 1093 PLlNll
1029 1004 1365 1093 SECUNDI

219 1184 946 1289 Noruirnbls
1049 1184 1755 1295 flisroritns

731 1391 1079 1466 o1aar
1172 1392 1282 1503 ru.¹

150 1719 170 1769 l.
187 1686 291 1771 Auis
304 1727 421 1781 sarus,
444 1725 515 1779 quae
525 1714 674 1789 terrestris
683 1713 896 1782 appellavimus,
911 1711 961 1766 bo·
1013 1728 1048 1767 cu
1059 1713 1319 1769 oonebacaneatem
1329 1711 1491 1778 Tritonem,
1511 1727 1568 1783 qua
1577 1714 1702 1767 noscitur
1712 1711 1819 1767 forma:

151 1784 384 1852 minumquadam
396 1783 573 1835 consortione
584 1783 724 1853 degentia,
742 1784 958 1836 indicataaatu-
1012 1790 1043 1837 et
1051 1783 1204 1838 Nereidum
1214 1784 1289 1838 falsa
1298 1800 1354 1837 non
1364 1792 1440 1849 est,s
1461 1782 1821 1853 namismodobispidocor·

149 1873 183 1910 ra
195 1865 245 1910 est.
282 1857 324 1907 Er
338 1854 454 1921 reliquis
464 1853 593 1904 minimas
604 1869 666 1907 esse
680 1854 810 1907 volueres
820 1854 958 1907 convenit.
1011 1854 1439 1976 Kornetiamqnabumaname
1469 1855 1545 1923 giem
1557 1854 1669 1908 babent.
1695 1853 1820 1921 Namque

150 1926 340 1992 Quamobrem
352 1924 430 1992 prius
440 1937 603 1990 aequorum,
625 1925 761 1988 amnium,
782 1930 960 1994 stagnorum·
1031 1939 1081 1977 sec
1102 1925 1131 1976 iu
1153 1925 1250 1977 eodem
1269 1931 1396 1992 spectata
1410 1924 1496 1977 litore
1509 1930 1563 1989 est,
1584 1926 1663 1977 euius
1673 1923 1821 1978 morientis

149 2012 204 2065 que
215 1996 352 2049 dicentur.
390 1994 461 2046 Sunt
481 2000 574 2045 autem
586 1995 730 2062 complura
738 1995 768 2046 in
778 1994 828 2059 iis,
849 1995 959 2047 maiora
1011 1995 1097 2047 etiam
1107 1994 1254 2062 gannitum
1266 1995 1376 2047 tristem
1387 1997 1500 2048 accolae
1512 1994 1645 2047 audiuere
1655 1994 1748 2062 longe.
1785 1994 1822 2046 Et

149 2068 234 2121 etiam
248 2064 437 2119 terrestribus.
461 2063 552 2114 Causa
562 2063 688 2127 evidens,
703 2063 827 2117 humoris
838 2065 956 2139 luxuria.
1011 2064 1085 2117 Divo
1096 2067 1220 2133 Augusto
1229 2064 1461 2132 legatusGalliae
1472 2064 1628 2132 complures
1639 2064 1670 2116 in
1679 2063 1766 2124 litore
1776 2078 1823 2131 ap·

147 2135 409 2196 absentantium,
430 2131 597 2200 quibusrita
608 2134 801 2201 pendentibus.
837 2136 868 2187 ln
887 2135 958 2187 mari
1010 2149 1111 2203 parere
1122 2135 1265 2188 matrimes
1276 2134 1413 2188 Nereidas
1424 2133 1547 2202 scripsit.
1584 2130 1822 2187 Auctoreslraboo

148 2214 243 2261 autem
256 2215 312 2258 tam
322 2205 381 2256 lato
391 2203 503 2270 supino,
520 2202 654 2270 mollique
664 2219 697 2256 aa
709 2204 796 2257 fertili
808 2204 958 2258 nutrimen·
1010 2208 1038 2256 iu
1050 2206 1174 2272 equestri
1185 2202 1283 2258 ordine
1294 2202 1481 2272 splendentes,
1495 2205 1585 2257 risum
1595 2205 1630 2258 ab
1641 2200 1687 2255 bis
1698 2204 1727 2255 in
1738 2202 1822 2256 Gadi·

148 2286 191 2343 to,
212 2278 366 2345 accipiente
377 2288 475 2327 causas
486 2273 624 2343 genitales
642 2289 657 2326 e
668 2274 782 2327 sublimi
794 2289 958 2342 semperque
1013 2282 1081 2328 tauo
1093 2289 1198 2328 oceano
1213 2274 1349 2328 marinum
1360 2272 1510 2338 bominem,
1532 2280 1595 2327 toto
1610 2286 1729 2341 corpore
1740 2274 1821 2328 abso·

146 2347 277 2415 pariente
296 2354 406 2408 natura,
427 2344 562 2411 pleraque
578 2345 662 2396 etiarn
685 2344 859 2398 monstrifica
880 2358 959 2411 repe·
1011 2343 1281 2398 lutasimilitudine:
1302 2346 1456 2399 ascendere
1469 2344 1585 2414 navigia
1595 2344 1740 2398 nocturnis
1750 2348 1821 2397 teor·

144 2419 270 2481 riantur,
290 2414 440 2485 perplexis,
462 2419 491 2465 et
511 2415 540 2463 in
555 2420 646 2466 semet
666 2415 751 2467 aliter
769 2422 854 2483 atque
874 2414 958 2467 aliter
1012 2414 1137 2483 poribus,
1148 2414 1300 2483 statimque
1311 2414 1468 2483 demarati,
1478 2430 1547 2483 quas
1557 2415 1701 2479 insederit,
1713 2419 1820 2482 partes:

144 2503 221 2542 nunc
238 2489 309 2542 llatu
327 2500 402 2538 nuuc
423 2482 510 2536 lluotu
532 2483 689 2535 convolutis
705 2484 856 2537 seminibus
872 2490 957 2550 atque
1013 2489 1041 2535 et
1050 2485 1076 2537 si
1087 2485 1192 2536 diutius
1203 2490 1374 2552 permaneat,
1389 2485 1472 2538 etiam
1483 2484 1583 2553 mergi.
1620 2485 1735 2537 Tiberio
1745 2482 1821 2549 prin·

143 2558 305 2627 principiis:
326 2569 394 2606 sera
404 2560 437 2603 ut
448 2554 498 2603 liat
507 2553 583 2619 vulgi
593 2552 701 2618 opinio,
718 2552 853 2620 quidquid
863 2567 957 2605 auca·
1012 2554 1084 2619 cipe,
1102 2560 1199 2605 contra
1219 2553 1416 2621 Lugdunensis
1437 2554 1596 2620 provinciae
1609 2553 1678 2609 litus
1690 2551 1822 2604 ininsula

142 2636 194 2681 tur
204 2629 235 2681 in
248 2631 327 2693 perte
337 2628 454 2673 naturae
463 2620 533 2681 ulla,
545 2632 574 2672 et
585 2620 614 2670 in
625 2621 696 2672 mari
707 2636 782 2685 esse;
793 2627 958 2688 praeterque
1012 2621 1096 2673 simul
1107 2627 1246 2675 trecentas
1252 2622 1370 2687 amplius
1382 2622 1489 2675 belluas
1499 2622 1679 2688 reciprocans
1690 2621 1822 2673 destituit

140 2699 247 2758 multa,
257 2688 554 2810 quassusquamalibi.
565 2688 793 2756 Rerumquidem,
806 2690 958 2743 nonsulnm
1014 2705 1144 2753 oceanus,
1166 2691 1252 2742 nubae
1263 2691 1409 2743 varietatis
1420 2698 1449 2743 et
1460 2690 1675 2758 magnitudinis,
1687 2705 1739 2743 nec
1749 2704 1819 2811 quu-

140 2763 317 2822 animalium
328 2760 400 2811 simu
413 2774 479 2811 acro
490 2773 561 2822 esse,
579 2757 647 2812 lioet
658 2759 818 2827 intelligere
828 2760 958 2812 intuenti·
1013 2761 1106 2813 ciores
1117 2760 1147 2811 in
1154 2758 1306 2811 Santonum
1314 2759 1409 2812 litore:
1421 2760 1551 2827 interque
1557 2760 1681 2828 reliquas
1687 2761 1749 2827 elep
1769 2773 1819 2811 an·

138 2840 201 2889 bus
213 2847 305 2893 uram,
325 2829 458 2899 gladium,
473 2836 579 2880 serras:
600 2829 735 2882 cucumim
746 2845 812 2882 cero
823 2836 852 2882 et
862 2830 957 2883 colerre
1013 2839 1059 2883 tos
1069 2836 1097 2883 et
1108 2829 1221 2892 arietes,
1243 2829 1364 2883 modius
1376 2836 1484 2882 tantum
1507 2829 1640 2883 cornibus
1651 2830 1820 2884 assimilatis.

142 2915 176 2960 at
192 2902 281 2955 odore
290 2898 408 2951 similem
420 2915 426 2949 :
449 2913 503 2965 quo
515 2899 607 2950 minus
619 2899 751 2951 miremur
771 2914 906 2967 equorum
916 2914 960 2952 ca·
1012 2900 1149 2953 Nereidas
1161 2913 1229 2952 reru
1240 2900 1342 2951 stultas
1353 2899 1510 2952 Turranius
1520 2900 1659 2968 prodidit:
1676 2900 1820 2970 expulsam

141 2976 207 3045 pita
219 2973 247 3023 in
260 2981 316 3023 tam
328 2968 423 3036 parvis
434 2969 557 3020 eminere
568 2967 702 3021 cochleis.
1014 2970 1138 3025 belluam
1153 2969 1183 3021 iu
1194 2967 1335 3022 Gaditana
1350 2968 1451 3032 litora,
1473 2970 1551 3022 cuius
1561 2972 1634 3022 inter
1643 2970 1713 3023 duas
1724 2971 1820 3037 pinnas

181 3043 218 3096 tl.
238 3040 363 3092 Plurima
375 3043 469 3091 auteur
490 3045 520 3089 et
532 3038 655 3090 maxima
664 3038 692 3105 in
704 3037 799 3103 indico
811 3039 883 3103 mari
902 3039 960 3092 ani·
1013 3041 1129 3094 ultimae
1141 3038 1247 3092 modae
1259 3040 1354 3092 cubita
1363 3038 1637 3102 sexdecimiuisseut,
1646 3040 1743 3092 dentes
1749 3042 1821 3091 eius·

90 3152 100 3178 ,
144 3110 382 3176 malia,equibus
391 3107 529 3171 balaenae
538 3109 846 3176 quaterndnriugerum,
858 3109 960 3176 pristes
1012 3111 1075 3163 dem
1085 3109 1169 3174 cxli,
1192 3109 1305 3161 maximi
1317 3109 1494 3163 dodrantium
1505 3123 1644 3171 measure,
1659 3107 1819 3161 minimiss-

143 3184 284 3236 dooenum
307 3180 476 3231 cubitorum:
498 3179 600 3245 quippe
616 3178 666 3229 ubi
686 3177 814 3231 locustae
825 3186 960 3246 quaterue
1012 3179 1161 3248 mipedum.
1172 3179 1300 3242 Belluae,
1311 3180 1514 3233 cuidieebatur
1526 3179 1657 3247 exposita
1666 3177 1753 3230 luisse
1762 3178 1818 3229 Aa·

146 3252 246 3305 cubita
268 3250 416 3317 impleant:
438 3247 577 3317 anguillae
598 3262 708 3316 quoque
727 3249 755 3300 in
765 3248 863 3318 Gange
879 3264 959 3301 amne
1012 3250 1156 3313 dromeda,
1168 3264 1233 3302 ossa
1243 3250 1356 3313 Romae,
1371 3255 1525 3318 apportata
1535 3264 1571 3303 ex
1583 3247 1686 3316 oppido
1697 3247 1819 3302 iudaeae

146 3324 271 3375 tricenos
284 3320 378 3389 pedes.
417 3318 471 3372 Sed
491 3318 520 3369 in
532 3319 604 3370 mari
614 3318 727 3371 belluae
746 3319 822 3371 circs
833 3319 959 3371 solstitia
1011 3322 1108 3388 ioppe,
1127 3319 1254 3373 ostendit
1273 3321 1347 3372 iuter
1364 3318 1660 3386 reliquamirsoulain
1672 3316 1819 3371 aedilitate

148 3393 271 3445 maxime
283 3391 418 3442 uisuntur.
434 3389 513 3440 'l'unc
523 3387 583 3441 illic
592 3394 679 3440 ruunt
689 3390 825 3451 turbines,
835 3396 901 3441 tunc
910 3388 959 3440 im·
1012 3406 1063 3443 sua
1072 3392 1112 3442 Μ.
1124 3389 1261 3453 Scaurus,
1278 3390 1455 3459 longitudine
1466 3388 1567 3458 pedum
1580 3387 1646 3452 xb,
1667 3386 1819 3441 altitudine

146 3464 223 3523 bres,
245 3471 311 3512 tuno
330 3461 456 3512 deiectae
467 3458 602 3510 montium
618 3459 693 3526 iugis
705 3460 845 3525 procellae
856 3461 890 3511 ab
900 3459 958 3511 imo
1012 3468 1152 3513 costarum
1163 3459 1276 3512 lndicos
1288 3460 1455 3528 elephantos
1464 3458 1626 3523 excedente,
1636 3459 1732 3526 spinae
1741 3473 1817 3512 cras·

148 3538 263 3585 vertunt
272 3531 371 3593 maria,
387 3529 568 3597 pulsatasque
579 3540 615 3581 es
625 3526 765 3595 profundo
777 3527 885 3581 belluas
895 3543 957 3581 eum
1011 3531 1136 3584 situdine
1146 3529 1341 3597 sesquipedali.

148 3600 280 3654 fluctibus
290 3600 421 3651 rolrunt:
445 3605 474 3650 et
485 3598 555 3650 alias
567 3605 645 3650 tanta
654 3596 824 3665 thynnorum
835 3598 958 3651 oiultitu-
1046 3603 1082 3655 V·
1101 3599 1242 3653 Balaenae
1254 3605 1283 3653 et
1292 3600 1322 3654 in
1333 3607 1431 3653 nostra
1440 3600 1530 3653 maria
1540 3605 1697 3670 penetrant.
1722 3601 1753 3652 lu
1764 3598 1819 3651 Ga·

148 3672 223 3734 dine,
245 3678 278 3722 ut
289 3670 387 3739 Magni
408 3667 559 3721 Alexandri
580 3667 678 3719 classis
698 3666 772 3721 baud
790 3667 848 3720 alio
865 3668 959 3733 modo,
1012 3671 1111 3723 ditano
1130 3685 1238 3737 *oceano
1258 3687 1312 3723 non
1334 3678 1399 3728 ante
1416 3672 1541 3725 brumam
1563 3672 1683 3739 conspici
1701 3684 1748 3722 ess
1764 3673 1818 3721 tra·

148 3757 230 3809 quam
243 3740 362 3793 bostium
374 3739 435 3791 acie
453 3738 537 3790 obria
546 3739 717 3791 contrarium
729 3752 830 3808 agmen
841 3738 959 3792 adversa
1012 3742 1095 3794 dunt:
1108 3739 1190 3793 coiidi
1201 3748 1294 3793 autem
1305 3742 1389 3795 statis
1400 3743 1576 3810 temporibus
1586 3745 1614 3793 in
1625 3740 1744 3809 quodam
1755 3739 1818 3790 sinu
1890 3774 1895 3780 -

148 3811 243 3864 ironte
256 3812 406 3863 direxerit:
419 3806 746 3876 alitersparsisnonerat
756 3808 889 3863 eradere:
901 3825 958 3862 non
1011 3812 1123 3880 placido
1135 3817 1164 3863 et
1176 3811 1287 3879 capaci,
1309 3813 1379 3865 orire
1389 3813 1543 3881 gaudentes
1559 3811 1600 3863 ibi
1612 3824 1718 3879 parere.
1755 3808 1820 3860 lioc

148 3896 225 3946 roce,
237 3896 294 3933 nou
305 3879 409 3942 sonitu,
420 3894 474 3931 non
485 3879 553 3941 ictu,
563 3878 613 3931 sed
625 3877 740 3947 fragore
747 3886 898 3942 terrentur,
907 3894 958 3933 nec
1011 3880 1084 3934 scire
1105 3896 1195 3943 orcas,
1214 3880 1344 3934 intestam
1366 3881 1410 3934 bis
1425 3883 1558 3943 belluam,
1579 3890 1608 3933 et
1629 3882 1707 3932 cuius
1724 3881 1818 3946 imago

147 3952 200 4005 nisi
212 3952 295 4003 ruina
306 3951 463 4003 turbantur.
484 3948 593 4001 Gadara
602 3949 762 4017 appellatur
772 3951 860 4002 Rubri
873 3950 957 4003 maris
1011 3951 1091 4003 nulla
1100 3951 1484 4020 repraesentationeesprimi
1497 3950 1657 4019 possitalia,
1669 3962 1750 4016 quant
1758 3960 1818 4000 car·

148 4023 294 4087 peninsula
302 4021 411 4089 ingens.
448 4018 664 4072 Huiusobiectu
684 4019 958 4073 vastusefficitursi·
1010 4021 1216 4074 nisimmeusas
1234 4022 1366 4085 dentibus
1386 4023 1568 4074 truculentae.
1606 4020 1766 4083 irrumpunt
1776 4029 1818 4068 sr-

147 4109 208 4153 nus,
220 4091 369 4143 duodecim
375 4090 482 4142 dierum
493 4097 522 4141 et
532 4089 655 4143 noctium
666 4090 784 4158 remigio
795 4093 957 4160 enavigatus
1010 4106 1048 4161 go
1058 4092 1088 4143 in
1098 4098 1217 4155 secreta,
1228 4094 1372 4145 acrituios
1383 4108 1487 4154 earum,
1499 4097 1550 4144 aut
1560 4088 1661 4149 iustas,
1670 4084 1817 4139 velarian-

147 4161 311 4216 Ptolemaeo
322 4163 395 4227 regi,
419 4159 529 4227 quando
540 4160 644 4212 nullius
662 4175 749 4214 aurae
764 4161 866 4227 recipit
883 4161 958 4213 alila-
1011 4177 1076 4214 num
1088 4161 1494 4229 grauidaslancinantmorsu,
1512 4160 1687 4221 incursuque,
1710 4152 1819 4206 ceuhl·
1843 4182 1846 4189 ι

147 4242 219 4282 tum.
241 4231 331 4281 liuius
340 4230 394 4283 loci
404 4231 498 4297 quiete
508 4232 661 4297 praecipua
671 4230 706 4284 sd
717 4231 889 4283 immobilem
901 4245 957 4283 ma·
1009 4230 1189 4285 burnicarum
1208 4234 1309 4284 rostris
1328 4232 1445 4284 fodiunt.
1482 4228 1552 4281 illae
1563 4226 1598 4279 ad
1608 4224 1709 4276 uesani
1720 4223 1818 4275 immo-

146 4299 323 4370 gnitudinem
332 4300 443 4354 belluae
454 4301 628 4353 adolescunt.
648 4300 800 4362 Gedrusos,
812 4300 861 4367 qui
871 4301 956 4351 Arbin
1010 4302 1090 4363 biles,
1113 4302 1149 4353 ad
1160 4303 1370 4370 repugnandum
1380 4304 1496 4361 inertes,
1517 4304 1546 4350 et
1557 4294 1680 4362 pondere
1689 4307 1742 4346 suo
1754 4307 1819 4347 oue·

148 4384 261 4423 amnem
275 4369 416 4434 accolunt,
435 4369 587 4424 Alexandri
599 4370 695 4439 Magni
708 4369 837 4422 classium
849 4368 956 4436 praeie-
1011 4378 1098 4433 ratae,
1120 4378 1186 4423 tuno
1199 4371 1350 4438 quidemst
1361 4378 1442 4422 utero
1454 4382 1562 4437 graves,
1581 4363 1742 4433 pariendive
1752 4376 1817 4432 pue·

146 4441 188 4494 cti
199 4437 367 4508 prodidere,
386 4441 412 4492 in
424 4441 552 4493 domibus
572 4439 649 4493 iores
668 4440 789 4493 maxillis
799 4439 956 4501 belluarum
1011 4440 1054 4493 nis
1065 4439 1223 4501 invalidae,
1243 4440 1333 4492 solunt
1345 4439 1479 4491 auxilium
1496 4451 1599 4489 novere
1609 4436 1638 4487 in
1650 4435 1737 4487 altum
1751 4448 1815 4502 pro·

146 4512 251 4572 facere,
272 4509 380 4564 ossibus
401 4518 478 4565 tecta
498 4511 671 4577 contignare,
692 4525 726 4561 er
747 4510 848 4578 quibus
868 4509 958 4561 multa
1010 4510 1118 4578 ingere,
1140 4514 1208 4561 etse
1219 4515 1280 4562 toto
1290 4509 1442 4562 defendere
1452 4521 1565 4561 oceano.
1601 4507 1715 4570 Contra,
1735 4519 1818 4563 oreae

147 4580 350 4649 quadrigeniim
363 4582 519 4634 cubitorum
539 4579 725 4647 longitudinis
743 4585 864 4647 reperta.
902 4579 958 4631 Ex·
1011 4593 1159 4634 occurrere
1169 4576 1312 4644 laborant,
1332 4594 1450 4648 seseque
1470 4592 1626 4646 opponere,
1647 4580 1818 4630 etcareatns

146 4658 213 4705 eunt
224 4658 254 4703 et
264 4652 361 4717 pecori
371 4651 478 4703 similes
491 4650 602 4703 belluae
622 4649 660 4701 ibi
670 4650 699 4702 iu
710 4656 827 4712 terram,
849 4654 957 4716 pastae·
1010 4648 1147 4718 angiutiis
1168 4648 1318 4713 trucidare,
1339 4653 1367 4702 iu
1382 4649 1455 4702 rada
1469 4664 1580 4717 urgere,
1601 4648 1676 4700 saxis
1697 4645 1817 4701 illidere.

147 4736 200 4788 que
210 4721 320 4773 radices
331 4720 464 4772 fruticum
476 4726 613 4773 remeant:
625 4729 654 4773 et
665 4720 800 4788 quaedam
813 4733 956 4787 equorum,
1010 4721 1180 4790 spectantur
1192 4735 1227 4772 ea
1236 4720 1355 4787 proelia,
1366 4735 1416 4773 eeu
1429 4720 1499 4772 ntari
1510 4720 1571 4788 ipso
1579 4716 1815 4781 sibiirsto‚nuliis

146 4791 302 4856 uiuorum,
323 4798 469 4843 taurorum
496 4790 648 4857 capitibus,
676 4806 749 4858 quae
770 4791 957 4857 depascuntur
1009 4792 1039 4845 in
1051 4791 1113 4842 sinu
1124 4790 1223 4852 ventis,
1244 4789 1375 4845 ductibus
1395 4806 1462 4843 sero
1483 4789 1517 4843 ad
1529 4788 1670 4844 anhelitus
1681 4789 1819 4856 ictusque,

145 4868 215 4916 sata.
1009 4870 1130 4929 quantos
1152 4860 1223 4913 nulli
1243 4861 1371 4916 turbines
1390 4862 1512 4914 volvant.
1548 4862 1622 4913 Oros
1641 4865 1670 4912 et
1689 4862 1819 4927 inportu

181 4932 226 4984 ill.
245 4932 403 4984 Maximum
415 4929 520 4984 animal
531 4931 560 4981 in
570 4928 666 4982 indico
679 4930 749 4982 mari
759 4930 857 4997 pristis
868 4937 895 4984 st
906 4931 955 4983 ba·
1010 4932 1134 4984 Ostiensi
1145 4933 1206 4985 risa
1217 4941 1270 4994 est,
1281 4937 1442 5003 oppugnata
1451 4947 1469 4984 a
1479 4931 1595 4984 Claudio
1607 4928 1739 4997 principe.
1760 4925 1817 4980 Ve-

146 5003 228 5055 heus
237 5011 296 5054 est:
317 5005 344 5052 in
358 5001 471 5053 Gallico
489 5015 593 5052 oceano
612 4998 758 5068 physeter,
779 5001 900 5068 ingentis
913 5014 957 5053 eo·

145 5071 257 5124 lamnae
265 5071 350 5125 modo
362 5087 393 5124 se
404 5070 549 5132 attollens,
561 5070 701 5137 altiorque
709 5071 820 5122 narium
828 5072 902 5123 relis
913 5071 955 5123 di·

144 5141 245 5194 luviem
258 5142 398 5209 quandam
416 5148 555 5195 eructans.
592 5142 621 5192 lu
634 5139 776 5193 Gaditano
793 5156 898 5194 oceano
911 5155 955 5193 ar·

143 5212 196 5265 bor
206 5213 235 5265 in
246 5218 356 5266 tantum
367 5214 456 5264 rastis
469 5209 601 5277 dispansa
620 5210 720 5275 ramis,
739 5218 772 5262 ut
782 5227 817 5263 es
827 5227 862 5264 es
872 5225 957 5263 musa

144 5281 247 5335 iremus
260 5294 402 5349 nunquam
413 5282 535 5333 intrasse
547 5280 689 5333 credatur.
720 5284 861 5347 apparent
872 5286 901 5334 et
914 5296 958 5332 ro·

144 5360 190 5405 tae
201 5352 363 5420 appellatae
371 5351 587 5413 asimilitudine‚
598 5352 744 5418 quaternis
754 5350 904 5403 distinctae
914 5365 957 5403 ra·

142 5421 209 5486 diis,
231 5421 373 5477 modiolos
395 5437 491 5477 earum
513 5420 603 5474 oculis
625 5420 733 5473 duobus
744 5422 873 5489 utrinque
885 5419 957 5473 clau·

142 5492 283 5547 dentibus.

177 5563 225 5617 Ν.
245 5564 363 5617 Tiberio
379 5562 498 5630 principi
515 5559 655 5627 nuntiarit
667 5559 904 5627 Olisiponensium
921 5558 958 5610 le·

141 5634 221 5700 gotio
234 5636 271 5688 ob
282 5633 311 5688 id
324 5635 421 5697 missa,
432 5632 524 5685 risum
534 5628 717 5698 auditumque
728 5630 757 5682 in
765 5629 886 5697 quodam
895 5643 956 5697 spe·

1010 5007 1093 5069 uerat
1104 5007 1170 5052 tune
1180 5002 1383 5056 exaedificante
1393 5017 1427 5055 οο
1436 5008 1556 5069 portum,
1571 5000 1692 5052 inritata
1702 4995 1817 5051 naufra-

1010 5071 1063 5140 giis
1074 5077 1216 5139 tergorum
1228 5072 1409 5126 advectorum
1418 5088 1434 5125 e
1442 5071 1550 5124 Gallia:
1562 5070 1723 5136 satiansque
1729 5082 1818 5134 seper

1011 5140 1169 5207 complures
1179 5140 1251 5205 dies,
1260 5142 1371 5197 alveum
1381 5144 1411 5192 in
1422 5141 1494 5193 sado
1504 5140 1677 5202 sulcaverat3
1687 5152 1815 5191 accumu-

1009 5211 1070 5264 lsta
1087 5207 1218 5263 ductibus
1240 5215 1268 5264 in
1289 5219 1407 5276 motum,
1427 5219 1457 5264 ut
1478 5209 1630 5277 circumagi
1642 5204 1816 5260 nullomodo

1010 5285 1120 5348 posset:
1142 5287 1172 5332 et
1183 5281 1248 5335 dom
1259 5284 1388 5352 saginam
1401 5282 1587 5350 persequitur,
1606 5280 1635 5330 in
1645 5278 1715 5329 litus
1725 5270 1815 5324 uuae·

1010 5353 1063 5404 bus
1072 5351 1214 5418 propulsa,
1225 5354 1362 5407 emineret
1373 5352 1457 5405 dorso
1468 5351 1817 5414 multumsuperaquttea·

1010 5420 1088 5473 rinae
1099 5421 1159 5474 rice
1170 5422 1194 5472 ir
1418 5422 1491 5474 ¹uidi
1504 5422 1585 5472 iussit
1597 5419 1701 5468 Caaar
1716 5410 1817 5479 plagas

1010 5490 1168 5557 multiplice

1010 5559 1134 5612 Paeto-³
1552 5548 1817 5615 aucmentandum

1597 5618 1718 5692 ·ariglis
1728 5616 1817 5675 assui·

1492 5490 1667 5547 infectosque
1678 5481 1740 5548 ipse
1752 5488 1816 5531 clm
1910 5520 1914 5529 .
