4340 6018
279 287 498 352 c.·rerN11
528 287 744 391 SECUNDI
782 289 956 350 NATUR.
992 284 1396 349 riisiuttxirml.
1433 286 1677 353 ciam-84.
1750 289 1809 365 15⁵,

152 444 304 499 Hominum
315 440 413 508 paucis
424 453 479 490 non
492 444 548 500 est,
568 453 685 506 quorum
695 437 828 492 saletum
838 437 956 502 maior,

153 522 183 568 et
193 513 249 565 rita
259 511 378 577 longior.
413 508 484 561 Sunt
492 509 539 573 qui
549 523 621 575 equo
633 522 688 559 non
703 508 814 577 quidem
824 508 957 561 iniecere

154 598 223 644 esse,
235 580 284 633 scd
296 580 325 631 in
337 580 401 630 alvo
411 585 523 645 putent:
544 583 572 629 et
585 591 665 629 cervo
675 576 704 628 lo
714 578 812 642 cauda,
827 583 876 629 eut
885 577 958 631 inte·

153 652 245 704 stiriis.
269 648 336 701 ldeo
349 654 455 699 tanmm
466 645 570 698 habent
579 646 803 712 anradtudinem,
813 652 845 698 ut
855 663 872 699 a
883 646 958 698 cani·

152 723 205 775 bus
216 734 270 771 non
275 721 459 785 attingantur.
470 717 520 767 list
528 721 621 768 autent·
632 714 701 767 nibil
712 716 884 784 aliud,quam
895 730 956 783 pur·

153 795 311 859 gennentum
321 790 525 856 pessimumque
536 786 695 867 sanguinis,
715 794 745 840 et
756 786 819 839 ideo
831 801 955 849 animum

153 870 204 914 cst
225 861 306 912 Certe
316 860 395 910 iecur
403 855 474 908 nulli
485 862 537 917 est,
548 855 603 906 nisi
611 856 773 922 sanguineus
781 854 956 908 habentibus.

152 929 258 995 Accipit
268 926 321 979 boc
331 941 349 978 a
358 927 451 987 corde,
463 927 508 976 cui
517 926 655 992 iungitur:
668 924 816 993 tunditque
825 925 853 977 in
863 939 956 977 renas

185 996 299 1051 LXXV.
318 995 374 1049 Sed
384 997 413 1048 in
428 994 495 1048 ielie
511 994 593 1063 nigro
608 994 735 1048 insaniae
744 1009 829 1047 eausa
840 993 954 1057 homini,

152 1064 483 1134 morsquetotoredditu.
512 1064 897 1127 illucetinmorescrimeu,
914 1063 954 1116 bi·

152 1138 186 1189 lis
207 1136 327 1187 nomine.
362 1134 439 1187 Adeo
462 1148 590 1203 uragnum
612 1135 954 1202 estinhscparterirus,

152 1221 214 1257 cum
225 1221 256 1259 se
268 1204 361 1256 iundit
372 1205 400 1255 iu
410 1205 542 1256 animum.
578 1203 652 1265 Quin
669 1212 698 1257 ct
707 1212 769 1258 toto
782 1218 899 1272 corpore
910 1218 955 1255 rs·

152 1290 225 1345 gum,
246 1275 370 1327 colorem
391 1288 500 1342 quoque
519 1273 606 1325 oculis
627 1273 737 1327 auiert:
759 1272 954 1341 illudquidens

153 1344 302 1406 redditum,
313 1343 397 1395 etiam
410 1342 518 1396 ahenis:
540 1343 755 1410 nigrescuntque
766 1349 896 1398 mntacta
905 1357 953 1396 eo:

151 1430 185 1467 ne
195 1413 257 1481 quis
266 1412 384 1465 miretur
392 1411 422 1462 id
434 1427 567 1465 sensnum
579 1427 641 1479 esse
650 1416 831 1480 serpentium.
849 1415 954 1465 Carent

151 1499 194 1545 eo,
204 1482 252 1551 qui
263 1481 431 1535 absinthium
443 1488 592 1533 vescuntur
603 1483 632 1532 in
643 1482 742 1534 Ponto.
771 1481 828 1536 Sed
839 1481 953 1534 renibus

152 1560 180 1607 et
190 1559 269 1620 parte
279 1559 389 1604 tantum
400 1551 493 1605 altera
505 1552 642 1604 intestino
654 1552 789 1621 iungitur,
810 1552 838 1602 in
850 1550 953 1613 corvis,
984 1572 985 1575 ¹

153 1622 353 1686 coturnicibus,
374 1621 530 1689 phasianis:
550 1622 716 1689 quibusdam
736 1621 873 1674 intestino
892 1627 953 1672 tan·

151 1701 221 1756 tum,
232 1698 265 1744 ut
275 1691 421 1754 columbis,
431 1690 567 1758 accipitri,
578 1691 729 1745 muraenis.
747 1690 847 1744 Paucis
859 1690 951 1742 arium

151 1764 181 1815 in
193 1766 292 1814 iecere.
328 1760 508 1828 serpentibus
525 1761 657 1828 'portione
667 1760 787 1814 maxime
798 1763 951 1828 copiosum,

151 1841 181 1885 et
193 1831 321 1898 piscibus.
353 1830 405 1881 Eat
418 1837 509 1885 nutem
521 1831 661 1899 plerisque
672 1838 734 1884 toto
745 1831 888 1892 intestino,
898 1830 951 1881 sic·

151 1910 182 1953 ut
196 1901 332 1967 accipitri,
355 1901 449 1952 mileo.
485 1900 951 1955 Praetereainieooreestctcctis
983 1936 984 1939 =

152 1970 295 2025 onrnibus:
316 1969 409 2021 ritulis
432 1969 544 2039 quidem
566 1970 952 2038 marinissdmultaquoque

153 2039 254 2093 nobile.
287 2041 442 2091 'taurorum
456 2040 522 2092 felic
533 2055 634 2091 aureus
646 2040 757 2093 ducitur
766 2041 855 2093 dolor.
884 2045 952 2094 Aru·

151 2111 240 2176 spicea
249 2108 277 2160 id
286 2109 417 2176 Neptuno
428 2117 458 2162 et
470 2110 593 2162 humoris
604 2112 748 2177 potentiae
754 2110 894 2164 dicavere:
904 2125 952 2178 ge·

151 2179 310 2246 minumque
329 2178 384 2231 iuit
398 2178 471 2232 Dino
481 2181 616 2252 Augusto,
636 2180 747 2249 quodie
759 2180 952 2249 spudActium

152 2249 229 2299 sicit.

184 2317 311 2372 t.xxvl.
330 2319 452 2372 lilerium
471 2322 622 2375 iocusculis
644 2322 732 2375 librae
749 2322 786 2375 ad
805 2331 951 2373 numerum

150 2386 246 2439 huone
259 2389 286 2438 in
298 2402 392 2443 mense
402 2406 555 2460 congruere
565 2393 704 2454 dicuntur,
725 2392 898 2457 totidemque
907 2388 951 2438 in·

149 2456 247 2518 veniri,
269 2467 384 2523 quotum
397 2458 489 2510 lumen
500 2462 560 2511 eius
571 2462 623 2512 sit:
647 2468 793 2526 praeterea
802 2461 902 2511 bruma
911 2459 952 2508 iu·

148 2542 285 2577 crescere.
305 2527 500 2577 cuniculorum
511 2527 539 2572 in
552 2527 669 2574 Baetica
678 2542 762 2588 saepe
772 2528 900 2588 geminae
909 2537 951 2573 re·

146 2595 301 2662 pariuntur.
340 2592 479 2641 Moerum
502 2591 661 2640 rubetarum
683 2589 774 2640 alteru
788 2586 952 2639 tibrauior·

144 2665 230 2716 micis
240 2675 295 2711 non
306 2658 463 2724 attingitur,
482 2663 597 2722 propter
606 2671 749 2719 venenum,
770 2664 802 2706 ut
813 2655 952 2707 arbitran-

143 2740 203 2784 tur.
223 2729 304 2780 lccur
312 2727 432 2778 unanime
443 2727 589 2777 vetustatis
602 2728 722 2792 patiens,
734 2724 858 2779 centenis
867 2721 950 2775 dura-

145 2799 280 2857 rennuis,
292 2796 468 2848 obsidionum
479 2796 606 2861 exempla
615 2794 775 2861 prodidero.

184 2864 324 2918 LXXVll.
336 2866 412 2917 Exta
421 2866 597 2933 serpentibus
609 2872 637 2916 ct
649 2865 762 2917 lacertis
773 2862 866 2932 longa.
885 2864 952 2915 (lae

151 2936 231 2989 cinae
239 2930 427 2986 Volaterrano
438 2933 573 2986 dracones
585 2935 733 2986 emicuisse
744 2933 779 2985 de
791 2936 864 2986 estis
876 2932 951 2984 laeto

150 3003 279 3074 prodigio
298 3002 434 3055 trndtur:
457 3010 486 3055 et
508 3002 635 3069 proiecto
647 3002 715 3054 nihil
731 3001 895 3054 incredibile
905 3002 952 3063 sit,

152 3071 384 3132 existimantibus,
396 3071 503 3139 Pyrrho
516 3071 585 3138 regi,
598 3087 652 3139 quo
665 3073 712 3123 dic
723 3072 815 3138 perlit,
826 3071 953 3138 praecisa

152 3143 306 3195 hostiarum
317 3141 408 3208 capita
421 3141 550 3207 repsisse,
562 3144 724 3206 sanguinem
735 3155 815 3192 suum
826 3140 951 3193 lamben-

153 3215 204 3265 tis.
238 3213 312 3263 Esto
331 3208 440 3262 bomini
450 3213 484 3263 ab
494 3209 627 3262 interiore
638 3213 774 3263 viscerum
785 3217 865 3277 parte
873 3224 952 3277 sepa·

153 3281 429 3343 ranturmembrsna,
450 3279 860 3348 quaepraecordiaappcllant=
884 3281 950 3349 quia

155 3349 232 3404 cordi
240 3349 443 3416 praetenditur,
464 3350 538 3418 quod
550 3348 653 3401 Gracci
666 3350 879 3416 appellaverunt
888 3350 949 3417 ppi-

154 3436 208 3476 ssr.
236 3419 341 3502 ¹Omnia
351 3418 462 3486 quidem
474 3419 765 3485 principalinvisccra,
782 3417 951 3472 membranis

153 3487 951 3625 tldlnltlilldl2⁰llti¹tii.ildititiilis

1007 434 1546 559 gecodaetaugustamtporphyrioni.
1564 436 1808 508 Vestersolidipe

1027 521 1073 559 um
1085 520 1166 571 asper
1177 514 1206 558 et
1218 507 1309 558 durus.
1340 506 1528 558 'i'errestrium
1542 507 1607 560 aliis
1619 508 1809 563 denticulatae

1007 576 1177 645 asperitatis,
1184 575 1249 628 aliis
1256 573 1431 626 cancellatim
1442 575 1589 628 nrordacis.
1605 577 1809 645 Quibusneque

1007 646 1104 699 dentes
1113 644 1251 710 utrinque,
1261 659 1312 696 nec
1322 645 1484 705 ruminatio,
1493 642 1538 696 hic
1548 647 1732 700 coniiciuntur
1744 646 1809 710 cibi,

1006 714 1070 767 hinc
1080 715 1109 764 in
1120 714 1212 764 alsunr
1221 713 1397 765 delabuntur.
1408 712 1719 769 Mediahaecumbilico
1727 715 1809 769 adne-

1007 800 1045 836 xa
1053 784 1083 835 lu
1093 782 1263 844 omuibusin
1273 779 1385 836 homine
1392 784 1493 836 suillae
1504 785 1598 838 intima
1608 794 1687 853 parte
1695 786 1809 838 similist

1008 851 1146 906 stiraccis
1156 850 1810 922 appellaturcolon,ubidolorumniagnacausa

1007 930 1058 977 est.
1069 921 1272 989 Angustissima
1282 921 1405 984 canibus,
1411 937 1465 989 qua
1472 923 1506 975 de
1514 939 1598 978 causa
1605 925 1763 977 vehementi
1769 926 1809 976 ni·

1006 1007 1104 1055 su,nec
1114 993 1175 1044 sine
1185 988 1422 1052 cruciatu,levant
1432 1006 1503 1043 eam.
1519 994 1694 1047 insatiabilia
1705 996 1808 1046 anima·

1006 1063 1085 1124 lium,
1096 1062 1195 1129 quibus
1205 1076 1223 1113 a
1235 1064 1332 1112 ventre
1343 1062 1470 1126 protinus
1481 1069 1560 1115 recto
1571 1065 1705 1117 intestino
1716 1070 1808 1116 trans·

1006 1138 1073 1186 cunt
1088 1132 1152 1194 cibi,
1171 1137 1203 1183 ut
1217 1130 1293 1198 iupis
1312 1129 1455 1194 cervariis,
1476 1137 1504 1182 et
1524 1131 1600 1185 inter
1616 1149 1682 1185 ares
1698 1133 1809 1201 mergis

1006 1202 1124 1255 Ventrcs
1146 1199 1298 1268 elephanto
1317 1204 1446 1266 quatuor,
1468 1207 1563 1252 cetera
1583 1205 1676 1255 suibus
1692 1202 1810 1256 similia:

1006 1270 1101 1340 pulmo
1115 1269 1271 1339 quadrupla
1283 1270 1375 1321 maior·
1385 1267 1500 1320 bubulo.
1528 1271 1633 1323 Avibus
1642 1279 1810 1333 ventercar·

1006 1341 1287 1407 nosuscellosusque.
1322 1341 1354 1393 ln
1371 1345 1472 1391 ventre
1488 1336 1666 1392 hirundinum
1677 1341 1760 1407 pullis
1771 1341 1811 1394 la·

1005 1411 1068 1478 pilli
1087 1408 1206 1462 candido
1228 1416 1277 1462 aut
1294 1407 1406 1463 rubenti
1418 1408 1524 1471 colore,
1544 1409 1591 1474 qui
1602 1409 1750 1463 chelidonii
1761 1426 1809 1462 vo·

1006 1486 1114 1544 cantur,
1125 1480 1243 1548 magicis
1255 1478 1365 1532 narrati
1376 1481 1493 1541 artibus,
1510 1478 1696 1546 reperiuntur.
1731 1483 1768 1533 Et
1779 1480 1809 1531 in

1004 1550 1183 1603 iuvencarum
1202 1549 1326 1603 secundo
1348 1554 1448 1601 ventre
1459 1547 1533 1615 pilae
1544 1548 1716 1602 rotunditate
1725 1549 1811 1618 nigri·

1005 1635 1071 1672 cans
1083 1619 1194 1687 tophus,
1205 1620 1283 1671 nullo
1294 1617 1430 1686 pondere:
1445 1617 1598 1685 singulare,
1608 1623 1639 1668 ut
1651 1622 1757 1685 putant,
1767 1633 1810 1670 re·

1004 1689 1126 1743 medium
1139 1705 1173 1741 ae
1193 1704 1223 1741 re
1235 1687 1418 1756 parientibus,
1428 1687 1454 1739 si
1463 1687 1594 1741 tellurem
1607 1702 1661 1738 non
1671 1687 1809 1755 attigerit.

1039 1758 1153 1811 LXXX.
1172 1703 1353 1810 {ensiculus
1368 1765 1452 1825 atqua
1467 1760 1604 1811 intestina
1616 1756 1713 1824 pingui
1725 1763 1810 1809 acte·

1004 1830 1052 1880 nui
1065 1833 1177 1882 omento
1189 1829 1361 1895 integuntur,
1383 1834 1580 1896 praeterquam
1602 1842 1656 1879 ora
1672 1824 1812 1893 gignenti·

1003 1899 1064 1951 bus.
1100 1898 1175 1949 liuic
1186 1898 1344 1950 adnectitur
1355 1897 1413 1950 lien
1424 1898 1453 1949 iu
1464 1899 1580 1949 sinistra
1588 1905 1670 1966 perte
1679 1897 1812 1948 adsersus

1004 1969 1101 2032 iecori,
1114 1982 1176 2020 cum
1187 1983 1242 2037 quo
1253 1967 1346 2020 locum
1357 1966 1511 2035 aliquando
1521 1973 1678 2035 permutat,
1689 1964 1739 2019 sed
1749 1979 1812 2033 pro·

1005 2040 1124 2108 digiose.
1161 2037 1282 2099 Quidam
1304 2051 1366 2089 eum
1384 2043 1488 2105 putant
1505 2039 1597 2089 inesse
1613 2051 1665 2089 ora
1676 2035 1812 2103 parienti·

1004 2111 1064 2172 bus,
1074 2110 1143 2162 item
1154 2108 1333 2177 serpentibus
1344 2106 1495 2161 admodum
1506 2107 1652 2175 exiguum:
1674 2110 1717 2159 ita
1736 2110 1812 2159 certe

1004 2186 1123 2248 apparet
1131 2179 1162 2230 in
1174 2178 1325 2241 testudine,
1335 2185 1363 2231 et
1375 2178 1529 2241 crocodilo,
1542 2184 1571 2229 ct
1581 2176 1706 2240 incertis,
1726 2183 1755 2228 et
1765 2190 1810 2228 rs·

1005 2253 1059 2302 nis.
1076 2247 1269 2318 Aegocephalo
1281 2249 1325 2301 ari
1333 2263 1389 2300 non
1399 2262 1462 2300 esse
1475 2253 1690 2319 cunctatusque
1699 2246 1732 2297 iis
1740 2258 1812 2313 quae

1005 2327 1120 2372 careant
1134 2319 1279 2388 sanguine.
1314 2316 1460 2370 Peculiare
1471 2332 1570 2370 cursus
1579 2316 1810 2383 impedimentum

1004 2388 1155 2455 aliquando
1166 2388 1194 2439 in
1205 2404 1253 2441 eo:
1275 2388 1457 2453 quamobrem
1473 2387 1597 2438 inuritur
1614 2398 1760 2437 cursorum
1772 2383 1812 2435 la·

1004 2459 1179 2509 borantibus.
1203 2457 1241 2508 Et
1249 2471 1301 2522 per
1310 2455 1411 2508 rulnus
1423 2457 1509 2508 etiam
1520 2460 1642 2516 exemto,
1651 2455 1745 2506 virere
1753 2451 1811 2503 ani·

1005 2524 1224 2576 maliatradunt.
1261 2525 1332 2577 Sunt
1344 2525 1392 2591 qui
1402 2529 1510 2590 putent,
1529 2520 1809 2573 adimisimulrisum

1005 2591 1129 2653 homini;
1140 2593 1439 2660 intemperantiamque
1449 2593 1510 2643 eius
1522 2597 1653 2644 constare
1663 2590 1744 2642 lienis
1754 2604 1813 2641 ma·

1004 2658 1161 2724 gnitudine.
1197 2661 1280 2725 Asiae
1299 2661 1379 2728 regio
1391 2660 1502 2726 Scepsis
1524 2659 1689 2727 appellatur,
1710 2659 1811 2723 inqua

1004 2727 1136 2779 nrinimos
1154 2743 1215 2780 esse
1234 2729 1331 2791 pecori
1349 2727 1473 2790 tradunt,
1494 2736 1523 2781 et
1534 2729 1599 2780 inde
1610 2727 1644 2778 ad
1655 2727 1757 2780 lienem
1768 2728 1810 2778 in·

1004 2801 1089 2848 senta
1100 2793 1231 2846 remedie

1039 2864 1166 2915 dxxxi.
1184 2865 1221 2915 At
1239 2865 1269 2915 in
1287 2862 1395 2917 Brileto
1414 2868 1443 2916 et
1454 2863 1567 2917 ‘l'harne
1584 2864 1712 2933 quatemi
1730 2880 1809 2917 renea

1005 2935 1107 2986 cernis:
1131 2938 1228 2984 contra
1266 2935 1393 2996 conatis,
1413 2934 1624 3001 squamosisque
1644 2934 1724 2985 nulli.
1760 2936 1810 2989 ce·

1005 3011 1067 3055 tero
1088 3004 1204 3055 summis
1223 2949 1380 3055 adbaerent
1402 3004 1513 3056 lumbis.
1549 3003 1658 3056 Dexter
1679 3004 1807 3055 onmibus

1004 3073 1116 3133 elatior,
1126 3078 1155 3124 et
1166 3072 1257 3122 minua
1267 3073 1378 3141 pinguis
1386 3072 1550 3138 sicciurque.
1587 3073 1704 3137 Utrique
1715 3080 1808 3125 nutem

1004 3140 1170 3208 pinguitudo
1181 3155 1196 3192 e
1207 3140 1299 3193 aredio
1311 3144 1377 3203 csit,
1399 3147 1593 3208 praeterquam
1610 3141 1639 3192 in
1652 3140 1739 3191 ritulo
1751 3157 1810 3193 ma·

1003 3212 1073 3263 rino.
1093 3210 1234 3265 Animalia
1243 3211 1273 3261 in
1285 3210 1398 3262 renibus
1407 3210 1602 3277 pinguissima:
1619 3224 1685 3261 ores
1696 3210 1807 3276 quidem

1004 3281 1128 3334 letaliter
1148 3282 1251 3333 circum
1264 3295 1312 3332 eos
1329 3286 1458 3332 concreto
1490 3280 1576 3348 ingui.
1611 3280 1766 3346 Aliquando
1778 3281 1808 3332 in

1004 3353 1045 3404 eis
1057 3350 1235 3403 inueniuntur
1245 3350 1345 3417 lapilli.
1372 3295 1809 3415 Renedhabentonniaquadm·

1004 3422 1115 3489 pedum,
1136 3420 1481 3489 quaeanimalgenerent:
1502 3434 1557 3471 ora
1578 3419 1747 3485 parientium
1767 3426 1808 3472 te·

1004 3490 1086 3542 studo
1096 3490 1168 3553 sola,
1179 3505 1250 3557 quae
1260 3495 1289 3542 et
1300 3490 1357 3540 alia
1369 3488 1462 3540 omnia
1472 3489 1582 3542 viscera
1592 3505 1599 3539 ι
1611 3486 1661 3540 sed
1670 3493 1702 3537 ut
1712 3486 1807 3550 homo,

1004 3559 1117 3613 bubulis
1128 3560 1245 3622 similes,
1255 3561 1331 3611 velut
1343 3574 1359 3611 e
1369 3558 1467 3612 multia
1476 3557 1587 3610 renibus
1599 3557 1778 3624 compositos.

153 3626 369 3693 supprimeretur
380 3628 495 3680 animus.
525 3629 599 3680 lluic
610 3636 686 3681 carte
698 3628 820 3682 retertur
833 3631 952 3694 accepta
1039 3629 1180 3680 lslixlill.
1199 3630 1311 3695 Pectus,
1322 3627 1375 3681 hoc
1386 3633 1439 3692 est,
1450 3643 1525 3691 ossa,
1545 3626 1718 3694 praecordiis
1729 3633 1759 3680 et
1768 3627 1808 3678 vi·

152 3697 290 3749 subtilitas
302 3698 414 3749 mentis:
430 3698 495 3750 ideo
506 3698 584 3751 nulla
595 3705 639 3751 est
649 3699 676 3750 ei
687 3714 761 3762 caro,
772 3698 821 3751 sed
833 3711 952 3751 nervosa
1005 3698 1107 3751 talibus
1120 3704 1220 3750 natura
1231 3697 1434 3752 circumdedit:
1456 3704 1487 3751 at
1497 3698 1602 3760 nentri,
1623 3711 1704 3765 quem
1715 3710 1808 3750 neces·

153 3765 271 3818 exilitas.
293 3768 324 3818 ln
336 3767 431 3818 eadem
444 3769 595 3834 praecipua
609 3767 762 3821 hilaritatis
773 3769 864 3831 sedes,
876 3765 950 3833 quod
1004 3785 1035 3823 se
1046 3775 1108 3820 erat
1130 3770 1296 3833 increscere,
1318 3767 1444 3827 ademit.
1469 3766 1548 3820 Nulli
1558 3766 1720 3818 animalium
1733 3766 1807 3818 cirea

152 3834 268 3888 titillatu
282 3836 403 3887 maxime
414 3836 584 3904 intelligitur
596 3838 711 3900 alarum,
733 3837 768 3888 sd
784 3852 852 3906 quas
863 3836 951 3888 subite
1003 3843 1211 3892 ventremossa.
1248 3839 1349 3891 Pectus
1372 3837 1479 3891 homini
1496 3844 1606 3890 tantum
1627 3836 1725 3898 latum,
1742 3835 1808 3887 reli·

152 3919 205 3956 non
216 3905 284 3957 nlibi
295 3907 422 3958 tenuiore
434 3914 496 3958 cute
507 3905 704 3970 humanmideo
715 3907 849 3959 scabendi
860 3905 952 3958 dnlce-
1004 3907 1066 3976 quis
1078 3910 1244 3971 carinatum,
1257 3908 1419 3960 volucribus
1431 3910 1530 3976 magis,
1541 3914 1569 3960 et
1579 3906 1651 3958 inter
1662 3921 1710 3958 cas
1721 3920 1807 3973 aqua·

152 3973 411 4043 dineibiprosimn.
447 3976 489 4028 0b
509 3974 562 4027 hoc
577 3978 606 4028 in
620 3977 951 4045 proeliisgladiatorum·
1005 3978 1209 4032 ticismaaime.
1246 3980 1347 4031 costae
1363 3975 1732 4035 hominitantumoctonae,
1751 3974 1808 4026 sui·

151 4057 203 4112 que
212 4047 378 4111 spectaculis
386 4052 502 4099 mortem
515 4060 576 4096 eum
587 4046 644 4097 risu
656 4047 778 4099 traiecta
788 4044 951 4112 praecordia
1004 4048 1056 4098 bus
1067 4046 1165 4111 denae,
1175 4048 1330 4117 cornigeris
1339 4049 1487 4111 tredecim,
1497 4047 1674 4113 serpentibus
1684 4043 1807 4109 triginta.

150 4114 314 4166 attulerunt.
1039 4115 1189 4168 LXXXlll.
1207 4117 1282 4168 inira
1298 4118 1390 4167 alvum
1406 4123 1450 4168 est
1468 4116 1590 4183 aprione
1611 4112 1808 4179 partevesies,

184 4182 335 4235 Lxxviir.
354 4182 458 4235 Subest
476 4190 575 4235 uenter
584 4183 760 4236 stomachum
772 4180 950 4246 habentibus,
1004 4200 1076 4253 quae
1087 4185 1156 4236 nulli
1167 4200 1221 4236 ora
1232 4185 1414 4251 gignentium,
1424 4192 1537 4251 praeter
1545 4180 1728 4234 testudinem:
1745 4181 1805 4232 nul·

149 4253 252 4305 ceteris
263 4251 385 4317 simplex,
397 4251 601 4304 runsinantibus
612 4255 748 4319 geminus,
764 4252 897 4320 sanguine
907 4267 952 4303 cs·
1003 4256 1024 4306 li
1048 4254 1103 4305 ruisi
1124 4254 1305 4323 sanguineum
1327 4253 1485 4318 pulmonem
1505 4249 1639 4304 habenti:
1669 4249 1738 4300 sulii
1759 4265 1806 4318 pe·

147 4320 278 4373 rentibus
296 4319 392 4371 nullus.
421 4321 570 4373 intestinus
587 4323 707 4373 enimab
728 4336 777 4374 ore
792 4321 900 4388 incipit,
922 4327 951 4372 et
1005 4323 1086 4375 dibus
1107 4323 1268 4374 carentium.
1297 4322 1452 4373 inteream
1472 4319 1750 4383 etslrumarteriae,
1771 4320 1807 4372 ad

148 4388 884 4458 quibusdameodemrelleetitur,utsepiac,polypc.
920 4390 951 4440 ln
1002 4392 1103 4459 pubem
1117 4392 1272 4453 tendentes,
1290 4405 1361 4458 quae
1380 4390 1431 4442 ilia
1442 4390 1626 4457 appellantur.
1661 4391 1692 4441 ln
1713 4391 1808 4442 resiee

146 4456 262 4509 bomine
282 4456 406 4510 adnexus
426 4460 521 4512 intimo
543 4459 696 4522 stomacho,
717 4460 818 4512 similis
839 4459 950 4512 canino
1004 4461 1063 4529 lupi
1074 4459 1197 4527 lapillus,
1216 4462 1262 4526 qui
1273 4458 1386 4528 Syrites
1395 4468 1521 4513 vocatur.
1557 4457 1612 4511 Sed
1625 4458 1806 4513 inhominuns

145 4526 281 4580 llissolis
295 4528 459 4580 animalium
475 4529 601 4581 infcriori
620 4538 700 4597 parte
718 4530 878 4598 angustior:
897 4530 950 4580 ita-
1006 4530 1168 4599 quibusdem
1191 4529 1253 4581 diro
1273 4531 1397 4582 cruciatu
1407 4528 1525 4582 subinde
1537 4534 1685 4582 nascentes
1693 4529 1806 4594 calculi,

147 4609 201 4664 qne
211 4603 240 4648 et
250 4597 312 4649 ania
323 4605 452 4661 vomunt,
475 4599 541 4666 quia
555 4599 665 4666 repleto
677 4605 792 4668 propter
803 4599 951 4667 angustias
1003 4607 1032 4654 et
1042 4607 1164 4653 setarum
1177 4599 1383 4668 capillamenta.
1403 4601 1505 4654 Vesica
1515 4598 1678 4652 membrana
1685 4606 1806 4664 constat,

147 4667 331 4733 supprimitur
354 4670 447 4719 cibus:
468 4667 543 4735 quod
565 4668 695 4723 accidere
715 4684 771 4721 non
791 4674 885 4736 potest
905 4668 950 4730 iis,
1003 4686 1075 4739 quae
1093 4669 1240 4724 vulnerata
1261 4670 1392 4723 cicatrice
1403 4685 1458 4723 non
1469 4668 1629 4722 solidescit:
1650 4684 1807 4739 nequequs

147 4749 264 4801 quorum
275 4737 403 4802 spatiosa
413 4738 516 4790 laxitas
524 4754 585 4790 enm
597 4741 625 4791 in
633 4738 950 4791 inieriorntransmittit.
1003 4742 1160 4804 cerebrum,
1181 4748 1229 4793 nut
1249 4755 1297 4794 cor
1307 4739 1472 4793 involvitur:
1494 4739 1660 4808 pluraenim
1670 4740 1806 4793 membra·

183 4804 307 4859 cxxix.
326 4807 367 4858 Ab
388 4806 441 4861 hoc
460 4809 618 4861 ventriculo
641 4809 728 4861 lactes
751 4809 779 4860 in
796 4808 908 4860 bomine
921 4813 950 4859 et
1002 4826 1099 4862 narrrnr
1113 4827 1226 4878 genera.

147 4889 210 4939 ore,
220 4890 270 4942 per
281 4892 351 4944 quas
361 4877 469 4929 labitur
478 4879 572 4931 cibus:
593 4880 621 4930 in
633 4878 737 4931 ceteris
748 4876 834 4930 hillae
844 4895 850 4929 :
862 4893 879 4928 a
891 4879 951 4945 qui·
1038 4880 1190 4934 cxxxiv.
1212 4880 1335 4933 Feminis
1346 4879 1443 4933 eadem
1457 4880 1564 4932 omnia:
1583 4887 1749 4948 praeterque
1760 4894 1806 4931 re·

145 4945 199 4998 sus
208 4947 355 5014 capaciora
366 4948 500 5001 intestina
510 4948 544 4999 sd
554 4948 657 5011 ulrum,
677 4948 835 5015 hominique
846 4946 950 4998 flexuo-
1003 4949 1079 5001 siene
1090 4951 1199 5001 iunctus
1207 4952 1353 5013 utriculus,
1363 4951 1436 5003 unde
1444 4949 1654 5001 dictusuterusr
1664 4950 1737 5016 quod
1748 4949 1806 5000 alio

145 5015 263 5067 ιὶωἰιιίι
273 5017 398 5069 orbibus.
438 5017 545 5070 idcireo
556 5020 647 5086 nsagia
657 5018 733 5069 aridi
745 5016 881 5079 ciborum,
889 5016 949 5085 qui·
1002 5019 1114 5070 nomino
1136 5019 1213 5070 locos
1233 5020 1386 5088 appellant,
1408 5018 1627 5085 hocinreiiquis
1639 5018 1807 5069 animalibus

145 5085 242 5137 busab
253 5086 316 5138 alvo
329 5086 442 5155 longius
452 5087 583 5155 spatium.
620 5087 707 5140 iidem
718 5087 810 5138 minus
820 5086 949 5149 solertes,
1002 5088 1124 5140 ruinani.
1162 5088 1240 5140 llaec
1251 5092 1361 5157 viperae
1373 5095 1403 5143 et
1419 5089 1493 5140 intra
1508 5103 1539 5140 ae
1550 5087 1735 5154 parientibus,
1753 5082 1805 5138 du·

146 5155 250 5222 quibus
258 5155 441 5208 obesissimus
449 5165 554 5210 renim.
574 5157 951 5226 Aresquoqucgenrinossi·
1001 5157 1081 5225 ples:
1105 5170 1158 5209 ors
1179 5160 1368 5224 generantium
1391 5157 1502 5211 adnexa
1521 5156 1706 5225 praecordiis:
1726 5162 1756 5209 et
1776 5156 1805 5207 in

145 5238 198 5277 nus
207 5222 312 5277 habent
321 5225 471 5292 quaedam:
479 5241 632 5294 unnnr,quo
643 5233 806 5294 merguntur
815 5225 949 5287 recentia,
1002 5227 1118 5281 muliere
1129 5229 1255 5295 geminos
1266 5232 1342 5281 ninus
1355 5228 1390 5280 ab
1399 5234 1519 5295 utraque
1530 5233 1612 5296 parte
1625 5226 1745 5278 laterum
1757 5223 1807 5275 hs·

145 5302 177 5345 ut
186 5301 298 5361 guttum
315 5295 447 5359 alterum,
462 5295 490 5345 in
501 5310 583 5364 quom
593 5311 629 5351 es
642 5312 675 5349 eo
688 5298 841 5349 demittunt
852 5310 950 5348 conco·
999 5299 1066 5350 bet:
1089 5295 1224 5359 funebris,
1243 5301 1352 5364 quoties
1366 5312 1448 5350 versa
1459 5296 1588 5365 spiritum
1600 5294 1722 5348 inclusit.
1751 5292 1806 5344 Bo·

145 5362 239 5417 mone
257 5370 414 5417 maturatas
434 5372 467 5416 ut
478 5366 608 5433 gallinae,
625 5367 778 5434 palumbes,
794 5365 950 5427 columbas,
1001 5381 1050 5419 ves
1061 5365 1192 5435 gravidas
1203 5374 1305 5435 negent
1320 5374 1514 5435 praeterquam
1530 5367 1650 5419 dextero
1661 5363 1758 5414 vulvae
1768 5362 1807 5413 si·

142 5433 283 5500 perdices
302 5433 491 5488 Ceteraeiere
503 5434 949 5503 carenteo,sedgulapatentiore
1001 5435 1135 5499 nuierre,
1156 5436 1240 5488 edam
1262 5452 1324 5491 cum
1338 5435 1577 5506 geminosierant.
1614 5428 1805 5485 Vulraeiccto

142 5502 686 5571 amaturmtgrsoculimorshcornices.
698 5505 949 5567 Quaedsmneutro

144 5572 950 5644 manusteneasrrcunonhabcntresibuspraolon·
1001 5513 1084 5631 Ram
1097 5506 1211 5570 melion
1232 5522 1313 5575 qum
1333 5507 1419 5561 ‘dito'
1455 5504 1590 5558 mmm*
1609 5504 1726 5550 mm
1746 5498 1807 5564 Μ’

1039 5593 1072 5632 ac
1081 5576 1222 5647 porcaria:
1234 5576 1402 5697 primipga‘e
1410 5576 1470 5629 suis
1480 5573 1600 5641 optima:
1612 5566 1804 5625 mamarius-
