4356 6014
332 280 394 337 248
454 275 485 333 C.
521 269 670 332 rituli
705 266 911 330 SECUNDl
949 264 1120 326 anuuit
1158 262 1347 325 distuli.
1386 261 1469 323 ils.
1508 260 1585 321 XX.
1625 261 1718 321 cae.
1758 262 1881 322 2⁴·3‘2.

333 426 361 475 in
379 428 469 473 totum
486 418 685 473 rubicuothera
701 430 830 483 corpora.
867 415 1006 468 Venerem
1027 426 1139 485 quoque

334 490 463 546 stimulat
483 504 545 541 cunr
566 486 713 540 comandre
735 485 816 536 viridi
831 484 937 548 tritum,
955 491 1138 554 potumquee

336 576 422 614 mero.
459 558 538 610 Vitia
549 557 693 618 eiussunt,
714 553 788 625 quod
804 554 902 607 oculos
913 555 1038 619 hebetat,
1058 556 1140 608 inda·

334 634 427 686 tiones
446 627 525 691 facit,
546 624 720 679 stomachum
740 623 831 678 laedit
846 625 991 692 copiosius,
1006 632 1139 686 nutritum,

336 703 413 754 sitim
424 698 523 768 gignit.
559 696 660 749 cetero
671 700 768 748 contra
781 694 925 764 pituitam,
946 700 975 747 et
985 695 1100 763 gallinis
1111 701 1140 746 et

336 768 502 840 gallinaceis
513 765 628 833 prodest
641 766 759 818 mixtum
778 766 854 817 farre
866 766 895 817 in
907 763 978 816 cibo.
1015 766 1142 816 lumenta

337 840 445 891 urinam
458 837 585 900 reddere,
606 840 690 905 atque
701 850 756 889 noa
766 833 891 902 torqueri
902 832 1027 896 tradunt,
1037 833 1062 884 si
1073 834 1140 884 trito

338 916 438 961 natura
447 909 590 974 tangatur.
999 914 1001 927 ·

372 974 473 1032 XlilV.
492 976 631 1039 Lactucae
641 978 741 1039 sponte
757 973 898 1025 nascentis
909 974 1027 1041 primum
1040 978 1083 1024 est
1093 985 1141 1039 ge·

336 1064 388 1102 nus
397 1047 468 1113 eius,
490 1059 571 1111 quarn
583 1044 725 1110 caprinam
736 1050 846 1105 vocant,
862 1059 916 1111 qua
927 1042 1017 1109 pisces
1028 1036 1142 1093 inmane

338 1118 448 1171 deiecta
457 1116 584 1182 protinus
594 1120 738 1173 necantur,
749 1115 795 1179 qui
807 1120 870 1164 sunt
882 1115 910 1164 in
921 1112 1057 1178 proximo.
1082 1110 1143 1161 liu·

337 1190 380 1239 ius
391 1187 435 1238 lac
446 1183 613 1253 spissatum,
630 1197 695 1234 mox
712 1183 741 1233 in
756 1190 836 1233 aceto
855 1182 977 1250 pondere
994 1180 1141 1233 obolorum

337 1249 430 1317 duum,
456 1252 566 1306 adiecto
578 1266 667 1320 aquae
678 1266 733 1303 uno
745 1251 857 1319 cyatho,
877 1249 1040 1319 hydropicis
1050 1249 1142 1302 datur.

338 1326 425 1378 caule
436 1330 464 1377 ct
475 1322 552 1374 foliis
563 1322 696 1384 centusis,
707 1337 822 1389 asperso
833 1321 902 1384 sale,
919 1320 996 1372 nervi
1008 1320 1087 1371 incisi
1099 1335 1143 1371 sa·

337 1403 451 1448 nactur.
488 1394 597 1446 Eadem
617 1392 687 1444 trita
705 1406 741 1443 ex
760 1396 850 1453 aceto,
870 1389 978 1444 collata
996 1388 1143 1441 matutinis

337 1465 382 1517 bis
394 1480 497 1525 meme,
508 1463 635 1516 dentium
647 1460 774 1514 dolorem
785 1460 941 1528 prohibent.

374 1532 462 1588 XXV.
482 1531 607 1585 Alterum
623 1538 666 1583 est
683 1546 779 1598 genus,
800 1531 872 1597 quod
883 1528 987 1582 Graeci
1002 1540 1142 1594 caesapon

337 1609 449 1656 vocant.
486 1603 575 1653 liuius
596 1600 663 1653 folia
684 1601 769 1663 trita,
792 1606 903 1652 etcum
924 1598 1039 1667 polenta
1058 1597 1143 1662 illita,

340 1671 503 1726 hulceribus
515 1670 669 1723 medentur.
705 1669 824 1722 Haecin
835 1672 910 1721 arvis
922 1668 1054 1720 nascitur.
1072 1668 1143 1720 Ter-

305 1747 329 1791 ί
337 1743 408 1795 tiam
419 1757 506 1810 genus
519 1740 600 1793 estin
611 1739 689 1791 silvis
701 1753 827 1803 nascens,
846 1740 931 1792 isatin
942 1745 1050 1791 vocant.
1085 1737 1144 1788 Hu-

337 1812 382 1864 ius
393 1811 464 1862 folia
475 1810 543 1862 trita
554 1824 614 1860 cum
627 1809 740 1876 polenta
748 1803 911 1861 vulneribus
922 1816 1045 1875 prosunt.
1056 1808 1144 1875 Quar-

297 1897 323 1949 ÷
339 1890 371 1934 to
381 1880 532 1931 infectores
549 1878 676 1933 lanarum
691 1884 823 1931 utuntur:
842 1879 934 1931 simile
954 1884 1016 1930 erat
1027 1870 1143 1943 lapatho

338 1944 463 2003 silvestri
475 1946 562 2009 foliis,
584 1948 637 1998 nisi
648 1948 729 2014 plura
740 1946 863 2011 haberet,
884 1954 914 2001 et
923 1947 1056 2015 nigriora
1072 1946 1143 1998 San·

338 2020 449 2090 guinem
461 2017 547 2069 sistit.
566 2016 767 2087 Phagedaenas
779 2025 808 2071 et
818 2018 1009 2085 putrescentia
1019 2016 1143 2080 hulcera,

247 2102 250 2111 ·
338 2104 411 2157 quae
422 2093 547 2155 serpunt,
558 2094 654 2139 sanat:
672 2088 744 2151 item
754 2093 879 2141 tumores
890 2095 955 2140 ante
967 2086 1143 2156 suppuratio·

338 2175 410 2211 nem.
446 2160 552 2212 contra
572 2159 665 2226 ignem
687 2172 799 2210 sacrum
811 2158 905 2211 radice
918 2157 962 2227 cel
981 2157 1058 2209 foliis
1078 2170 1143 2223 pro·

340 2228 418 2283 dest:
438 2228 484 2282 vel
495 2228 530 2281 ad
542 2228 630 2281 lienes
642 2234 718 2295 pota.
746 2228 827 2282 Haec
837 2228 952 2296 propria
961 2226 1092 2295 singulis.

267 2316 270 2321 ·
373 2296 475 2351 xxvi.
494 2296 658 2351 Comarunia
668 2304 762 2350 autem
773 2305 873 2365 sponte
886 2297 1073 2358 nascentibus,
1083 2309 1146 2347 can·

340 2368 401 2430 dor,
413 2367 502 2419 caulis
513 2367 654 2420 interdum
665 2366 780 2420 cubitali
791 2365 977 2434 longitudine,
998 2373 1026 2419 et
1035 2366 1106 2433 ipso,
1117 2369 1146 2416 et

339 2437 419 2493 foliis
429 2438 569 2487 scabritia.
587 2438 648 2507 ,lix
658 2434 701 2485 his
716 2436 839 2486 rotunda
855 2435 926 2487 folia
941 2442 969 2486 et
985 2436 1083 2486 brevia
1100 2432 1146 2485 ha·

149 2518 202 2565 ‚ze
225 2506 234 2585 ¹¹
251 2534 273 2565 ι,
339 2508 451 2563 beatem
463 2510 528 2555 sunt
544 2501 590 2573 qui
601 2500 753 2573 hieracium
774 2511 880 2566 vocent,
901 2507 1032 2571 quoniam
1042 2502 1144 2570 accipi-

341 2584 399 2627 tres
411 2571 561 2640 scalpendo
579 2568 649 2635 ea'm,
669 2588 805 2642 succoque
821 2574 919 2625 oculos
934 2571 1076 2641 tingendo,
1097 2572 1144 2624 ob·

341 2644 514 2705 scuritatem,
536 2658 597 2695 cum
609 2658 730 2707 sensere,
746 2642 907 2696 discutiant.
944 2642 1047 2697 Succua
1059 2642 1146 2694 omni·

340 2715 393 2766 bus
405 2714 546 2776 candidus,
566 2712 674 2766 viribus
684 2728 795 2783 quoque
805 2712 939 2783 papaveri
950 2711 1065 2766 similis:
1087 2726 1146 2763 car-

341 2784 417 2852 pitur
426 2798 476 2853 per
487 2798 590 2836 messes
605 2784 693 2836 inciso
710 2784 803 2836 caule:
824 2783 954 2835 conditur
968 2783 995 2834 in
1007 2780 1088 2834 fictili
1099 2794 1147 2833 no·

341 2869 385 2918 vo,
395 2855 430 2907 ad
442 2854 530 2907 multa
540 2853 712 2922 praeclarus.
748 2851 838 2906 Sanat
847 2857 940 2905 culnia
951 2853 1096 2904 oculorum
1107 2850 1159 2901 ri·'

340 2926 382 2977 tia
393 2940 454 2977 cum
467 2925 541 2977 lacte
553 2923 717 2976 mulierum:
736 2936 858 2990 argema,
868 2922 1026 2984 nubeculas,
1039 2920 1146 2973 cicatri-

341 3009 395 3055 ces,
407 2994 622 3061 adustionesque
635 3007 745 3044 omnes:
764 2993 909 3061 praecipue
921 2992 1065 3059 caligines.
1092 2989 1144 3040 lm·

340 3056 455 3130 ponittir
466 3062 551 3113 etiam
564 3061 653 3113 oculis
665 3065 695 3112 in
707 3062 772 3113 lana
785 3069 882 3113 contra
893 3060 1050 3129 epiphoras.
1070 3058 1146 3112 ldem

341 3144 439 3183 succus
450 3132 540 3181 alvum
552 3136 664 3199 purgat,
679 3130 708 3182 in
719 3144 803 3196 posca
813 3137 895 3196 pctus
907 3131 942 3182 ad
956 3130 1024 3183 duos
1037 3126 1144 3181 obolos.

340 3199 517 3268 Serpentium
531 3199 634 3253 ictibus
645 3200 809 3253 medeturin
820 3201 884 3251 vino
895 3205 985 3268 potus.
1021 3200 1057 3251 Et
1067 3196 1146 3260 folia,

340 3270 487 3339 thyrsique
498 3269 569 3333 triti,
591 3279 717 3323 exsecto
730 3270 870 3322 bibuntur.
907 3268 1023 3323 vulneri
1032 3268 1145 3320 illinun-

337 3352 389 3394 tur
399 3342 519 3394 maxime
532 3345 630 3394 contra
639 3339 817 3408 scorpionum
830 3342 911 3392 ictus.
930 3337 1036 3391 Verum
1048 3344 1147 3391 contra

342 3408 491 3479 phalangia
511 3411 662 3461 commixto
684 3411 749 3463 vino
770 3425 804 3462 ex
821 3415 910 3463 aceto.
947 3408 1017 3461 Aliis
1037 3422 1146 3476 quoque

341 3481 454 3531 venenis
475 3480 617 3542 resistunt,
639 3481 763 3547 exceptis
785 3494 856 3547 quae
875 3478 1078 3546 strangulando
1100 3493 1145 3529 ne·

271 3553 287 3567 “
343 3555 419 3609 cant,
438 3554 487 3600 aut
498 3547 534 3598 iis
545 3562 615 3613 quae
626 3549 734 3603 vesicae
746 3557 860 3602 nocent:
883 3551 951 3600 item
965 3545 1146 3616 psimmythio

344 3622 470 3681 excepto.
508 3615 690 3682 imponuntur
701 3625 729 3671 et
740 3621 832 3671 ventri
845 3633 878 3670 ex
891 3620 972 3671 melle
985 3626 1071 3686 atque
1083 3631 1145 3668 ace·

343 3692 383 3747 to,
395 3683 431 3735 ad
452 3682 625 3736 detrahenda
646 3686 716 3737 vitia
736 3688 800 3739 alvi.
837 3688 940 3740 Urinae
959 3687 1148 3746 difficultates,

343 3767 443 3805 succus
455 3751 594 3804 emendat.
631 3753 763 3804 eratevas
781 3771 843 3806 eum
860 3766 888 3807 et
904 3754 1067 3822 hydropicis
1082 3755 1146 3806 obo-

344 3820 380 3873 lis
392 3820 499 3873 duobus
510 3820 538 3871 in
550 3826 631 3872 aceto
643 3827 673 3872 et
683 3819 787 3887 cyatho
799 3824 854 3874 vini
865 3823 925 3873 dari
939 3825 1027 3875 iubet.

380 3889 501 3954 Quidam
514 3895 543 3941 et
554 3904 569 3941 e
581 3889 677 3941 sativis
688 3891 823 3959 colligunt
833 3908 945 3945 succum
959 3896 1047 3944 niinus
1058 3892 1147 3946 effica-

345 3976 414 4015 cem.
468 3958 629 4012 Peculiares
650 3974 745 4011 earum
765 3963 837 4014 vires
860 3966 959 4029 partim
980 3963 1035 4014 ianr
1056 3962 1156 4015 dictae.

343 4039 417 4094 sunt,
437 4045 564 4085 somnum
579 4028 709 4093 faciendi,
727 4029 914 4098 Veneremque
930 4029 1082 4094 inhibendi,
1103 4049 1148 4084 ae·

343 4110 415 4155 stum
427 4100 621 4172 refrigerandi,
630 4098 804 4152 stomachum
817 4101 963 4169 purgandi,
983 4102 1147 4170 sanguinent

234 4226 245 4245 ,
343 4172 472 4243 augendi.
510 4170 574 4224 Non
587 4185 691 4237 paucae
701 4177 825 4223 restant:
843 4171 973 4239 quoniam
984 4178 1012 4223 et
1025 4168 1145 4223 indatio·

345 4257 396 4295 nes
416 4241 580 4303 discutiunt,
591 4248 741 4324 ructusque
762 4241 839 4294 lenes
860 4240 976 4293 faciunt.
1010 4241 1069 4294 Nec
1088 4241 1149 4293 ulla

343 4324 389 4363 res
399 4312 426 4361 in
438 4311 507 4364 cibis
520 4311 683 4365 aviditatem
692 4311 803 4375 recitat,
814 4311 976 4380 inhibetque
987 4312 1097 4365 eadem:
1118 4312 1147 4374 in

344 4393 429 4430 eausa
440 4380 631 4450 alterutraque
645 4382 743 4433 modus
759 4387 810 4434 est.
846 4382 894 4435 Sic
904 4389 932 4434 et
949 4382 1041 4434 alvum
1054 4384 1147 4450 copio-

344 4448 433 4498 siores
445 4449 565 4512 solvunt,
578 4452 702 4504 modicae
713 4454 824 4503 sistunt.
861 4452 1015 4504 lentitiam
1028 4455 1147 4521 pituitae

345 4514 484 4583 digerunt,
505 4524 588 4585 atque
605 4529 635 4570 ut
654 4520 738 4588 aliqui
756 4521 947 4584 tradiderunt,
969 4536 1067 4574 sensus
1082 4537 1146 4590 pur·

317 4618 322 4623 -
344 4591 420 4651 gant.
474 4582 616 4639 Stomachi
637 4588 767 4642 dissoluti
791 4592 943 4643 utilissime
966 4593 1145 4642 adiuvantur:

345 4654 374 4704 in
389 4666 423 4704 en
436 4667 487 4702 usu
498 4660 527 4704 et
540 4659 660 4722 oxypori
671 4660 761 4711 obolis
773 4662 952 4726 asperitatem
965 4660 1061 4711 addito
1071 4659 1147 4709 dulci

345 4721 380 4772 ad
393 4720 539 4773 intinctum
555 4724 628 4775 aceti
645 4730 845 4793 temperantes:
865 4730 889 4781 si
908 4730 1029 4781 crassior
1045 4728 1147 4796 pitqita

344 4791 392 4851 sit,
413 4789 516 4841 scillite
531 4798 578 4842 aut
593 4794 657 4844 vino
676 4797 840 4849 absinthite:
859 4807 886 4850 et
903 4799 927 4850 si
940 4799 1027 4850 tussis
1042 4799 1146 4850 sentia·

344 4864 401 4920 tur,
411 4857 557 4925 hyssopite
570 4859 702 4912 admitto.
740 4866 849 4918 Dantur
861 4869 991 4920 coeliacis
1001 4883 1062 4919 cum
1075 4867 1148 4919 intu-

344 4926 383 4980 bo
395 4927 526 4989 erratico,
536 4935 565 4980 et
576 4929 612 4980 ad
622 4930 752 4984 duritiam
767 4937 1003 4999 praecordiorum.
1039 4937 1149 4988 Dantur

346 5004 374 5049 et
386 4994 592 5049 melancholicis
603 4999 737 5052 candidae
749 5004 928 5069 copiosiores,
951 5006 1026 5059 etad
1039 5007 1149 5059 vesicae

345 5065 423 5116 sitia.
461 5065 636 5133 Praxagoras
649 5075 677 5121 et
687 5069 870 5135 dysentericis
883 5076 969 5128 dedit.
1004 5076 1149 5130 Ambustis

346 5149 456 5205 quoque
466 5140 581 5202 prosunt
593 5137 759 5200 recentibus,
770 5143 1061 5213 priusquampustulae
1074 5146 1149 5207 liant,

348 5220 410 5258 cum
422 5205 481 5258 sale
493 5204 591 5257 illitae.
626 5205 751 5258 ilulcera
763 5208 856 5274 etiem,
878 5230 947 5281 quae
959 5220 1081 5282 serpunt,
1102 5231 1147 5267 co·

347 5280 455 5338 creent,
463 5274 547 5327 initio
559 5289 620 5327 cum
631 5274 805 5341 aphronitro,
826 5296 891 5334 mox
902 5287 929 5335 in
941 5286 1015 5336 vino.
1051 5285 1150 5338 Tritae

347 5344 408 5412 igni
422 5360 503 5399 sacro
518 5343 675 5398 illinuntur.
713 5347 853 5401 Convulsa
870 5360 898 5402 et
914 5352 1010 5407 luxata
1022 5355 1147 5407 caulibus

346 5414 423 5468 tritis
433 5431 494 5470 cum
507 5417 659 5484 polentaer
670 5431 744 5484 aqua
752 5415 855 5539 frigida
866 5420 984 5474 leniunt.
1020 5425 1149 5491 biruptio·

347 5499 397 5537 nes
407 5486 579 5553 papularum,
591 5502 625 5540 es
636 5487 703 5539 vino
716 5492 744 5539 et
756 5501 791 5555 po
804 5495 877 5540 eata.
914 5489 944 5541 in
956 5487 1069 5545 cholera
1081 5509 1148 5561 qun·

346 5568 399 5620 que
419 5562 512 5608 coctas
535 5556 638 5623 patinis
660 5546 810 5611 deliciunt:
832 5557 869 5610 ad
888 5559 963 5628 quod
981 5559 1149 5617 utilissimae

1191 408 1408 481 quam-maximi
1420 406 1509 466 caulis
1528 418 1556 466 et
1571 426 1692 465 amarae.
1727 411 1846 479 Quidam
1869 412 1996 469 lactein·

1191 484 1317 537 fundunt.
1352 481 1546 537 Deterreiacti
1557 482 1585 534 hi
1596 484 1693 535 caules
1708 487 1737 535 et
1748 482 1893 536 stenracho
1906 485 1997 537 utilis·
2095 486 2099 489 ’

1191 556 1253 606 simi
1266 542 1430 605 tla'duntur:
1462 552 1536 604 sicut
1548 566 1647 605 somno
1658 552 1766 606 aestiva
1777 555 1897 607 maxime
1907 555 1997 607 lactu·

1192 633 1233 689 ca,
1245 630 1273 677 et
1294 637 1390 675 amara
1406 622 1577 690 lacteusque,
1589 638 1671 689 quam
1693 623 1867 676 meconidem
1885 625 1998 677 vocari-

1192 709 1261 745 mus.
1297 694 1360 745 lioc
1375 691 1420 743 lac
1435 700 1463 744 et
1480 691 1626 744 oculorum
1643 692 1768 745 claritati
1782 707 1844 744 cunr
1865 694 1998 748 muliebri

1192 764 1266 815 lacte
1277 762 1455 814 utilissimum
1471 777 1533 814 esse
1553 762 1733 830 praecipitur,
1754 763 1817 814 dum
1829 766 1998 831 tempestive

1192 831 1279 899 capiti
1299 836 1476 898 inunguntur.
1514 831 1665 883 Oculorum
1685 846 1794 900 quoque
1813 832 1908 895 vitiis,
1927 849 1999 902 quac

1192 901 1299 968 frigore
1309 899 1339 952 in
1351 903 1384 952 iis
1394 900 1554 953 factasunt.
1590 902 1679 953 Minas
1691 909 1720 953 et
1729 902 1801 969 alias
1815 903 1927 955 invenio
1939 904 2000 956 lau.

1192 971 1255 1023 des:
1274 970 1412 1022 Thoracis
1424 970 1509 1022 ctiam
1520 969 1597 1022 vitiis
1608 971 1747 1038 prodesse,
1760 986 1815 1023 nou
1824 986 1903 1025 sectis
1915 988 2001 1039 quana

1193 1043 1372 1102 abrotonum,
1394 1054 1455 1091 cum
1472 1040 1554 1092 melle
1566 1042 1667 1093 Attico.
1703 1039 1823 1108 Purgari
1839 1047 1868 1093 et
1879 1041 1999 1096 feminas

1194 1110 1247 1162 hoc
1258 1110 1329 1161 cibo.
1366 1108 1466 1162 Semen
1478 1111 1629 1162 sativarum
1647 1116 1745 1162 contra
1754 1110 1916 1178 scorpiones
1926 1112 1999 1168 dari.

1194 1177 1306 1232 Semina
1318 1179 1386 1231 trito
1401 1193 1436 1231 ex
1446 1179 1510 1231 vino
1528 1188 1595 1247 poto
1615 1187 1643 1232 et
1659 1180 1808 1233 libidinum
1822 1181 2000 1249 imaginatio·

1193 1264 1243 1302 nes
1254 1249 1281 1300 in
1294 1262 1393 1299 sonrno
1402 1251 1548 1315 compesci.
1587 1251 1739 1301 Tentantes
1748 1266 1837 1318 aquas
1848 1267 1904 1304 nnn
1915 1267 1998 1307 noce·

1193 1333 1224 1372 re
1235 1320 1371 1370 lactucam
1388 1317 1543 1370 edentibus.
1580 1320 1699 1381 Quidam
1716 1327 1811 1371 tamen
1827 1319 2000 1389 frequentio-

1194 1403 1240 1441 res
1253 1388 1282 1438 in
1295 1387 1357 1439 cibo
1369 1386 1480 1440 olllcere
1492 1387 1615 1463 claritati
1626 1390 1770 1441 oculorum
1783 1389 1971 1444 tradiderunt.

1229 1455 1344 1509 xxvii.
1363 1456 1422 1508 Nec
1432 1458 1498 1510 beta
1509 1460 1567 1511 sine
1578 1459 1702 1513 remedio
1715 1464 1759 1510 est
1771 1466 1898 1529 utreque.
1934 1462 2000 1517 Sive

1195 1526 1340 1588 candidae,
1363 1526 1423 1577 sive
1444 1528 1540 1596 nigrae
1558 1527 1640 1580 radix
1659 1543 1766 1591 recens,
1784 1535 1813 1581 et
1833 1530 2001 1597 madefacta,

1197 1610 1333 1663 suspensa
1343 1594 1475 1658 funiculo,
1487 1602 1584 1649 centra
1594 1599 1767 1665 serpentium
1779 1612 1888 1651 morsus
1901 1600 2001 1653 efficax

1196 1682 1257 1719 esse
1269 1666 1381 1717 dicitur.
1418 1667 1542 1720 Candida
1552 1669 1618 1720 beta
1633 1676 1723 1733 cocta,
1744 1674 1844 1720 etcum
1856 1668 1925 1722 allio
1936 1682 1998 1723 cru·

1199 1736 1235 1788 do
1246 1740 1348 1800 sumta,
1372 1740 1471 1788 contra
1483 1738 1586 1789 tincas:
1606 1740 1703 1807 nigrae
1713 1737 1821 1791 radices
1831 1739 1875 1791 ita
1885 1740 1914 1792 in
1926 1754 2001 1808 aqua

1196 1811 1300 1868 coctae,
1312 1804 1482 1873 porriginem
1490 1806 1610 1861 tollunt:
1629 1817 1713 1876 atque
1724 1809 1752 1859 in
1764 1816 1853 1865 totum
1861 1809 2001 1863 efficacior

1196 1891 1259 1930 esse
1269 1873 1393 1927 traditur
1403 1875 1493 1944 nigra.
1528 1875 1632 1929 Saccus
1644 1879 1703 1931 eius
1720 1879 1819 1946 capitis
1830 1879 1942 1933 dolores
1953 1895 1998 1933 re·

1195 1953 1277 2008 teres,
1289 1952 1319 1998 et
1328 1945 1495 2013 vertigines:
1517 1947 1586 2000 item
1597 1951 1722 2000 sonitum
1734 1949 1844 2001 aurium
1855 1951 1944 2011 sedat,
1958 1950 2002 2001 in·

1196 2017 1274 2069 lusus
1287 2016 1336 2067 iis:
1357 2016 1414 2067 ciet
1432 2016 1550 2070 urinam.
1586 2017 1719 2071 Medetur
1735 2017 1920 2086 dysentericis
1931 2020 2001 2073 inie-

1195 2084 1496 2153 ctaetmorboregio.
1532 2085 1652 2139 Dolores
1663 2103 1773 2155 queque
1785 2088 2002 2141 dentiumsedat
2052 2112 2057 2121 ¹

1195 2156 1286 2208 illitus
1307 2170 1416 2208 succus.
1452 2157 1490 2209 Et
1510 2164 1607 2209 contra
1626 2159 1796 2224 serpentium
1819 2158 1892 2211 ictus
1915 2158 2000 2223 calet,

1195 2224 1244 2277 sed
1256 2223 1339 2277 huius
1350 2226 1438 2277 rudici
1449 2225 1595 2279 dumtaxat
1610 2236 1767 2295 expressus.
1803 2227 1867 2295 ipsa
1877 2244 1943 2281 vero
1954 2228 2002 2281 de-

1197 2301 1285 2357 cocta,
1296 2296 1476 2361 pernionibus
1486 2298 1617 2349 occurrit.
1639 2298 1727 2350 Albae
1736 2312 1836 2349 succus
1849 2297 2001 2367 epiphoras

1195 2364 1284 2428 sedat,
1295 2364 1387 2416 fronte
1397 2366 1486 2418 illita:
1507 2366 1640 2419 alurtrlnis
1653 2382 1739 2434 pauco
1751 2365 1887 2430 admixto,
1908 2373 2002 2435 ignem

1195 2449 1317 2485 sacrum.
1354 2434 1419 2488 Sine
1431 2436 1495 2489 oleo
1508 2438 1576 2488 trita
1587 2437 1661 2501 licet,
1680 2434 1790 2489 adustis
1801 2437 1941 2488 medetur.
1965 2436 2004 2490 Et

1198 2509 1296 2554 contra
1306 2504 1467 2570 eruptiones
1479 2508 1658 2573 papularum,
1680 2511 1814 2572 coctaque
1826 2504 1923 2559 eadem
1933 2521 2001 2557 con·

1198 2581 1243 2623 tra
1253 2571 1367 2625 hulcera
1379 2587 1449 2639 quae
1460 2586 1583 2641 serpunt,
1598 2576 1734 2629 illinitur:
1756 2580 1785 2628 et
1796 2572 1928 2641 alopeciis
1939 2590 2002 2628 cru·

1199 2639 1245 2703 da,
1258 2648 1287 2692 et
1299 2640 1459 2694 hulceribus
1481 2659 1553 2712 quae
1574 2644 1716 2712 incapite
1738 2651 1861 2697 manant.
1897 2643 2003 2697 Saccus

1198 2711 1259 2762 eius
1279 2726 1340 2762 cum
1352 2713 1435 2764 melle
1451 2715 1565 2766 naribus
1579 2713 1686 2765 inditus
1701 2719 1786 2780 caput
1802 2718 1911 2781 purgat.
1948 2713 2003 2765 Co·

1199 2783 1291 2848 quitur
1311 2789 1339 2834 et
1361 2797 1423 2833 cum
1445 2782 1579 2835 lenticula
1601 2783 1698 2835 addito
1719 2789 1812 2845 aceto,
1832 2790 1865 2835 ut
1878 2789 2004 2836 ventrem

1198 2848 1318 2903 nnulliat.
1355 2851 1486 2906 validius
1497 2860 1578 2905 cocta
1592 2851 1728 2905 fluxiones
1738 2852 1879 2909 stomachi
1887 2852 1965 2905 sistit
1975 2858 2005 2906 et

1197 2920 1312 2972 velitris.

1232 2988 1358 3042 xxvui.
1377 2989 1429 3041 Eat
1449 2980 1564 3042 et‘fbeta
1585 2986 1734 3054 silvestris,
1755 3007 1838 3060 quam
1864 2991 2005 3044 limonion
2017 2992 2046 3043 -i-

1197 3065 1307 3122 vocant,
1328 3059 1379 3110 alii
1394 3058 1551 3120 neuroides,
1572 3061 1689 3113 nroltum
1703 3062 1857 3114 minoribus
1868 3063 2007 3114 tenuiori·

1197 3128 1304 3196 busque
1316 3142 1349 3180 ac
1366 3127 1544 3181 densioribus
1555 3127 1642 3194 foliis,
1663 3129 1791 3182 undecim
1803 3142 1899 3196 saepe,
1919 3130 2006 3184 caule
2048 3170 2063 3201 ,

1198 3198 1259 3249 lilii.
1296 3199 1387 3250 liuius
1397 3197 1467 3252 folia
1477 3200 1614 3253 ambustis
1626 3198 1717 3262 utilia,
1728 3201 1899 3267 gustantium
1911 3215 1944 3252 os
1955 3200 2004 3251 ad·

1198 3268 1349 3333 stringunt.
1385 3266 1484 3322 Sennea
1504 3271 1646 3323 acetabuli
1665 3283 1797 3322 mensura
1817 3266 2005 3337 dysentericis

1199 3336 1321 3404 prodest.
1357 3340 1436 3406 llqua
1447 3346 1475 3391 et
1487 3355 1503 3392 e
1523 3339 1619 3393 radice
1630 3346 1727 3392 coctae
1748 3338 1873 3393 maculas
1884 3339 2005 3392 vestium

1199 3407 1256 3458 elui
1268 3406 1374 3471 dicunt,
1384 3410 1506 3477 itemque
1517 3411 1750 3462 membranarum.

1235 3476 1336 3529 xxix.
1363 3479 1455 3531 lntubi
1475 3494 1584 3548 quoque
1605 3496 1660 3533 nen
1681 3487 1762 3533 extra
1782 3474 1909 3531 remedia
1928 3482 2004 3528 sunt.

1200 3544 1303 3597 Soccus
1315 3561 1410 3599 eorum
1431 3564 1492 3600 cunr
1509 3564 1623 3603 rosaceo
1643 3557 1672 3604 et
1686 3556 1767 3602 aceto
1784 3546 1883 3614 capitis
1890 3545 2004 3599 dolores

1200 3614 1279 3666 lenit.
1316 3614 1446 3685 idemque
1457 3633 1518 3671 cum
1532 3620 1594 3672 rino
1606 3627 1697 3687 potus,
1704 3616 1833 3671 iocineris
1845 3622 1873 3670 et
1884 3618 2005 3669 recimer

1200 3692 1230 3737 et
1245 3683 1384 3752 epiphoris
1404 3689 1566 3754 imponitur.
1602 3690 1762 3741 Erraticum
1783 3685 1857 3754 apud
1879 3701 1931 3738 nos
1944 3686 2003 3753 qui·

1200 3753 1263 3805 dam
1279 3754 1419 3823 coibulam
1436 3759 1621 3824 appellavere.
1658 3759 1688 3821 ln
1700 3760 1828 3829 Aegypto
1847 3752 2004 3806 cichorium

1200 3830 1311 3883 vocant,
1334 3824 1406 3890 quod
1429 3827 1558 3879 silvestre
1575 3829 1622 3879 sit.
1658 3824 1785 3881 Setinum
1807 3830 1900 3878 autem
1920 3824 2005 3888 scrin,
2024 3818 2045 3861 l-

1200 3890 1273 3960 quod
1285 3900 1328 3943 est
1339 3894 1428 3945 minus
1439 3901 1467 3947 et
1478 3898 1620 3950 venusius.

1235 3961 1322 4013 XXX.
1341 3962 1499 4018 Cichorium
1514 3966 1675 4034 refrigerat.
1709 3966 1740 4017 ln
1757 3966 1820 4018 cibo
1837 3968 1957 4016 sumtum
1974 3970 2011 4014 et

1168 4082 1169 4085 ,
1200 4031 1302 4082 illitum
1314 4031 1509 4099 collectiones,
1530 4051 1681 4105 succusque
1693 4035 1802 4087 decocti
1814 4041 1937 4087 ventrem
1950 4032 2006 4084 sol·

1200 4104 1248 4151 rit.
1269 4100 1398 4165 iocineri,
1410 4112 1438 4157 et
1453 4107 1576 4171 renibus,
1586 4114 1615 4159 et
1625 4102 1770 4158 stomacho
1784 4104 1906 4173 prodest.
1934 4102 2005 4154 ltem

1199 4172 1224 4220 si
1236 4173 1263 4220 in
1275 4180 1355 4224 aceto
1369 4173 1651 4242 decoquatur,urinae
1663 4178 1786 4229 tormina
1797 4173 1922 4225 discutit.
1934 4172 2005 4223 item

1199 4242 1327 4294 nrorbum
1339 4244 1445 4310 reglum
1457 4262 1472 4298 e
1484 4247 1584 4311 mulso,
1599 4248 1625 4299 ai
1636 4250 1697 4300 sine
1708 4246 1785 4299 febre
1796 4244 1843 4295 sit.
1875 4239 2005 4293 Vesicarn

1200 4311 1322 4364 adiuvat.
1358 4313 1507 4368 Mulierum
1518 4318 1628 4384 quidem
1638 4314 1849 4386 purgationibus
1860 4311 2007 4364 decoctum

1198 4381 1228 4433 in
1250 4397 1322 4449 aqua
1341 4380 1411 4435 adeo
1429 4386 1552 4452 prodest,
1572 4395 1602 4440 ut
1622 4397 1764 4441 emortuos
1784 4389 1883 4451 partus
1903 4377 2008 4431 trahat.

1200 4451 1344 4505 adiiciunt
1354 4452 1441 4522 lliagi,
1452 4472 1534 4509 succo
1548 4458 1635 4510 totius
1647 4472 1708 4510 cum
1722 4456 1785 4508 oleo
1797 4456 1951 4522 perunctos
1963 4447 2008 4501 fa·
2020 4460 2040 4497 ÷

1201 4522 1384 4574 vorabiliorea
1395 4524 1465 4588 lieri,
1486 4535 1514 4580 et
1524 4543 1595 4594 quae
1606 4526 1703 4593 velint,
1721 4524 1834 4577 facilius
1846 4526 2008 4592 inpetrare.

1201 4593 1281 4654 Quod
1294 4591 1403 4658 quidem
1422 4602 1537 4660 propter
1553 4596 1723 4661 singularem
1741 4591 1938 4645 salubritatem
1957 4589 2009 4642 ali·

1201 4662 1246 4727 qni
1260 4659 1390 4713 chreston
1402 4664 1554 4728 appellant,
1566 4665 1613 4716 alii
1622 4662 1795 4730 pancration.

1237 4729 1337 4781 xxxi.
1356 4730 1393 4782 iit
1414 4731 1544 4784 silvestre
1566 4748 1667 4801 genus,
1687 4729 1735 4780 alii
1759 4723 1941 4795 hedypnoida
1960 4740 2010 4778 vo·

1201 4806 1275 4860 cant,
1286 4799 1394 4850 latioris
1405 4797 1478 4852 folii.
1514 4800 1693 4854 Stomachum
1705 4797 1871 4849 dissolutum
1884 4795 2007 4848 adstrin-

1200 4869 1244 4937 git
1261 4875 1354 4920 cocta:
1376 4868 1515 4936 crudaque
1534 4870 1611 4923 sistit
1631 4870 1734 4922 alvum.
1771 4868 1807 4920 Et
1819 4864 2008 4931 dysentericis

1201 4936 1326 5004 prodest,
1340 4938 1429 5003 magis
1440 4954 1501 4990 cum
1517 4940 1601 4992 lente.
1638 4939 1731 5005 Rupta
1741 4943 1770 4989 et
1781 4933 1916 4989 convulsa
1927 4942 2006 4986 utre·

1201 5019 1367 5127 suegenere
1385 5007 1525 5060 iuvantur.
1562 5010 1632 5063 item
1645 5008 1743 5076 quibus
1760 5007 1891 5074 genitura
1899 5003 2008 5057 valetu-

1221 5077 1272 5124 inis
1284 5076 1383 5128 morbo
1393 5074 1498 5129 effluat.

1236 5142 1350 5195 xxxii.
1369 5145 1445 5198 Seria
1457 5151 1485 5198 et
1496 5146 1558 5214 ipsa
1566 5145 1695 5200 lactucae
1706 5143 1863 5207 simillima,
1885 5140 2006 5194 duorum

1201 5227 1335 5283 generum
1353 5220 1410 5266 est:
1428 5215 1568 5269 silvestris
1584 5216 1694 5268 melior.
1731 5216 1820 5284 Nigra
1838 5214 1903 5275 ista,
1922 5216 2006 5265 ctae·

1201 5284 1283 5337 stiva.
1331 5284 1465 5338 Deterior
1495 5284 1614 5338 hiberna
1634 5297 1661 5339 et
1683 5286 1837 5338 candidior.
1881 5282 2006 5346 Utraque

1202 5369 1305 5418 antara,
1316 5355 1460 5409 stomacho
1471 5355 1632 5420 utilissima,
1654 5357 1803 5424 praecipue
1815 5366 1895 5422 quem
1906 5348 2007 5401 humor

1202 5428 1293 5476 vetat.
1331 5426 1399 5476 Cum
1421 5431 1501 5478 aceto
1520 5427 1548 5478 in
1572 5426 1634 5479 cibo
1651 5426 1820 5494 refrigerant
1836 5420 1881 5474 rel
1899 5418 2006 5472 illitae:

1203 5493 1411 5561 discutiuntque
1422 5502 1451 5547 et
1461 5495 1542 5559 alios,
1553 5511 1634 5565 quam
1645 5496 1791 5549 stomachi.
1829 5492 1896 5543 Cum
1907 5489 2005 5555 polen-

1203 5571 1231 5614 ta
1242 5563 1413 5617 silvestrium
1423 5565 1534 5622 radices
1548 5564 1689 5621 stouracbi
1702 5580 1786 5621 causa
1796 5562 1956 5615 sorbeatur:
1977 5564 2005 5609 et
