4340 6018
271 347 302 407 C.
332 343 486 407 PLlNll
519 344 729 406 securo:
765 344 932 405 Nerea.
962 346 1151 408 litsrott
1188 346 1275 409 ΗΒ.
1301 348 1398 409 l'lli.
1436 348 1528 421 cir.
1553 350 1673 412 20-25.
1742 353 1801 414 tle

148 499 250 569 leqaiis
261 495 348 549 ieras:
368 498 469 563 quippe
480 494 601 558 abdam,
613 500 756 563 serpentes
767 493 876 546 extrahi
886 506 949 546 caa-
1002 498 1166 564 praecipuus
1181 505 1310 553 votorum
1326 500 1405 553 locus
1421 504 1479 563 est,
1500 514 1559 552 eum
1575 500 1635 569 spel
1646 501 1740 553 nullos
1752 510 1803 557 est.

148 580 188 632 tu,
198 568 316 634 cogique
326 567 354 617 in
365 578 491 633 poenam,
507 580 604 618 veram
615 565 756 618 falsumne
765 564 812 626 sit,
824 565 883 616 vita
893 578 950 616 aen
1002 564 1100 632 Neque
1110 568 1292 635 profugienti,
1303 586 1364 623 enm
1377 570 1521 637 potuisset,
1533 570 1594 623 iera
1604 572 1758 623 institerat:
1775 583 1803 627 ct

148 639 312 693 decreverit.
1001 637 1185 703 procumbens
1198 638 1232 688 ad
1245 640 1383 703 arborem,
1400 638 1488 701 hiato,
1500 655 1554 707 quo
1567 648 1713 702 terruerat,
1725 645 1804 697 mise·

180 710 307 760 berlaum
318 706 405 757 autori
417 705 498 757 indes
511 704 614 766 cauda,
634 704 707 755 sieut
723 710 751 756 et
762 718 892 771 equorum
904 718 950 754 aa·
1002 707 1139 758 rationem
1151 708 1310 771 quaerebat.
1348 712 1386 761 os
1401 722 1496 759 mersu
1513 710 1637 763 avidiore
1647 710 1817 768 inhaeserat-

148 793 198 829 res.
236 775 364 841 Namque
376 783 404 826 et
416 774 464 826 has
476 781 556 825 notas
567 774 783 842 generosissimo
793 774 892 841 ruique
902 788 950 825 na·

148 856 211 899 tera
220 846 328 897 tribuit.
364 845 482 896 immota
493 856 561 912 erge
574 842 710 909 placidus,
727 844 857 906 clemens,
866 842 948 894 blan·

147 915 286 981 dicatique
298 913 408 975 similis,
420 914 492 981 qood
506 926 598 964 raram
608 920 664 964 est:
676 913 799 966 crebrior
810 916 885 965 enin:
896 912 950 964 ira·

147 983 256 1037 condia.
291 983 360 1035 Eius
375 983 405 1034 in
422 983 556 1051 principio
572 989 646 1034 terra
666 984 840 1037 verberatur:
861 983 950 1033 inere·

76 1059 80 1069 '
147 1063 340 1120 mentoterga,
358 1068 408 1105 eeu
419 1054 538 1121 quedam
550 1053 744 1114 incitamento,
763 1052 949 1120 flagellantur.

147 1123 192 1175 Vis
202 1136 311 1175 semrom
321 1120 350 1173 in
361 1129 483 1189 pectore.
512 1118 556 1172 Ex
567 1122 643 1172 omni
655 1121 778 1185 vulnere,
788 1125 846 1173 sive
857 1135 949 1187 ungue

147 1195 296 1262 impresso,
318 1191 378 1243 sire
389 1193 487 1253 deute,
509 1196 570 1242 ater
580 1190 694 1258 profluit
705 1193 826 1258 sanguis.
862 1191 948 1242 lidem

146 1264 252 1325 satiati,
266 1262 374 1315 innoxii
385 1270 456 1313 sunt.
491 1260 672 1311 Generositas
681 1260 709 1311 in
721 1261 851 1327 periculis
862 1260 950 1311 maai·

148 1348 188 1383 ure
210 1330 445 1398 deprehenditur:
466 1344 520 1379 non
537 1329 567 1379 in
586 1329 636 1380 illo
653 1329 854 1391 tantummode,
876 1330 949 1397 qued

178 1412 277 1455 eruens
290 1401 347 1451 teia
358 1400 403 1450 diu
416 1414 447 1450 se
460 1405 569 1450 terrere
581 1400 642 1450 selo
654 1406 758 1459 tuetur,
773 1414 806 1449 ao
815 1399 892 1450 velot
901 1413 947 1449 co·

147 1488 173 1539 gr
185 1478 322 1521 testatur:
342 1469 520 1535 cooriturque
536 1483 592 1519 non
608 1474 740 1534 tanquam
754 1469 875 1535 periculo
886 1481 950 1520 eoa·

148 1550 217 1599 etus,
227 1539 276 1589 sed
289 1546 418 1604 tanquam
429 1538 570 1589 aasentias
581 1537 680 1595 iratos.
694 1536 747 1588 lile
758 1538 878 1589 nobilior
889 1536 948 1587 ani·

147 1612 182 1661 roi
198 1607 380 1674 significatio:
400 1606 553 1674 quamlibet
572 1620 672 1675 magna
689 1620 787 1657 canum
803 1614 831 1659 et
845 1621 948 1658 venan-

148 1679 215 1729 tium
235 1684 352 1743 urgente
375 1676 409 1736 ri,
431 1675 593 1727 contemtim
615 1676 802 1742 restitansque
825 1675 899 1728 cedit
921 1676 949 1726 in

147 1746 261 1813 campis,
271 1753 300 1798 et
310 1746 356 1796 ubi
368 1746 488 1811 spectari
500 1749 610 1810 potest:
631 1744 702 1797 idem
715 1745 762 1797 ubi
771 1744 893 1813 virgulta
902 1744 950 1795 sil·

146 1831 249 1883 vasque
258 1816 423 1881 penetravit,
435 1814 570 1866 acerrimo
581 1828 662 1865 corso
674 1813 780 1876 fertur,
798 1814 876 1866 reiut
886 1814 950 1865 abs·

147 1884 281 1938 condente
295 1884 493 1950 turpitudinem
504 1883 576 1934 lece.
612 1883 684 1933 Dum
696 1882 835 1948 sequitur,
855 1883 948 1933 insilit

146 1955 230 2018 saltu,
251 1968 306 2021 quo
317 1954 346 2004 in
359 1954 426 2022 iuga
436 1968 491 2021 non
505 1953 603 2004 utitur.
641 1951 810 2004 vulneratos
820 1953 951 2004 observa·

146 2028 222 2077 tiene
234 2025 306 2074 mua
317 2036 507 2089 percurrerem
518 2022 605 2081 novit,
616 2033 643 2073 et
651 2022 681 2072 in
692 2021 868 2087 quantalibet
879 2023 948 2074 ntul-

146 2094 265 2146 titudine
276 2095 391 2160 appetit.
426 2095 498 2145 Eum
510 2106 575 2143 vero
587 2091 635 2157 qui
651 2091 735 2143 telum
746 2091 857 2158 quidam
868 2093 950 2143 mise·

146 2164 191 2227 rit,
202 2163 252 2214 sed
263 2171 358 2214 tannen
370 2176 425 2213 non
436 2160 633 2223 vulneraverit,
642 2168 802 2228 correptum
814 2170 950 2214 rotatum-

146 2248 200 2301 que
211 2231 321 2293 sternit,
332 2248 383 2285 nee
392 2232 529 2283 vulnerat.
567 2232 634 2282 Cum
645 2245 696 2298 pro
708 2232 809 2283 catalis
819 2232 898 2284 loeta
909 2232 950 2282 di·

145 2303 245 2364 micat,
268 2302 412 2354 oculorum
431 2302 518 2352 acient
531 2300 652 2353 traditor
663 2300 785 2370 deligere
796 2302 825 2353 in
837 2308 949 2363 terram,
985 2290 993 2315 ⁸

145 2388 178 2424 ne
190 2371 331 2424 venabula
341 2377 514 2438 expavescet.
551 2371 651 2423 Cetera
664 2370 737 2423 dolis
749 2378 844 2422 eareat
863 2378 893 2423 et
903 2386 948 2421 su·

143 2441 285 2507 spinione:
298 2456 349 2493 nec
360 2441 435 2492 limis
446 2441 591 2490 intuentur
602 2439 701 2501 oculis,
711 2441 852 2507 aspicique
863 2439 952 2490 simili

144 2510 231 2561 mado
241 2510 350 2562 nolunt
363 2509 506 2561 Creditum
518 2516 570 2569 est,
583 2512 747 2563 emoriente
757 2507 869 2559 humum
881 2523 951 2559 uror·

142 2579 214 2643 deri,
225 2579 426 2642 lacrimamque
436 2578 494 2628 leto
505 2576 574 2626 dari
584 2577 675 2641 Atque
685 2575 738 2626 hoo
749 2577 816 2637 tale,
825 2582 884 2626 tarn
893 2591 953 2627 sae·

141 2662 210 2699 rum
232 2647 351 2704 animal,
372 2643 590 2694 rotaramorbes
605 2644 777 2704 circumacti,
800 2658 952 2710 currusque

140 2716 261 2775 inanes,
283 2719 313 2764 et
332 2711 549 2778 gallinaceorum
569 2712 682 2773 cristae,
701 2719 855 2777 cantusque
867 2713 952 2763 etiam

139 2783 237 2849 magis
248 2786 364 2841 terrent,
374 2779 424 2833 sed
436 2780 556 2830 maxime
566 2779 654 2846 ignes.
689 2780 897 2847 Aegritudioenr
910 2780 951 2832 ia·

136 2850 229 2903 stidii
241 2854 348 2900 tantum
361 2848 461 2900 sentit:
481 2852 509 2900 in
521 2863 574 2915 qun
591 2848 717 2901 medetur
734 2850 761 2901 ei
776 2850 952 2913 contumelia,

137 2922 168 2972 in
181 2920 294 2970 rabiem
304 2924 405 2986 mente
416 2932 587 2971 annexarum
598 2918 714 2970 lascivia
723 2919 876 2971 simiarum.
897 2919 952 2970 Gu-

140 2995 237 3042 status
249 2986 350 3038 deinde
360 2990 473 3055 sanguis
483 2990 512 3038 iu
524 2987 647 3038 remedie
657 2990 708 3039 est.

176 3057 243 3108 XX.
263 3054 386 3107 Menum
402 3057 485 3108 simul
497 3055 615 3121 plurium
627 3070 747 3123 pugnarn
758 3056 864 3107 Rornae
875 3058 950 3124 pria·

142 3141 210 3192 ceps
227 3124 305 3176 dedit
320 3125 352 3186 Q.
366 3124 504 3177 Scaevola
519 3124 548 3175 P.
560 3125 635 3175 iilius
652 3125 680 3175 ia
696 3125 786 3176 curuli
796 3125 953 3177 aedilitate.

144 3196 265 3248 mosum
280 3201 373 3245 antem
388 3196 548 3247 iubatorum
565 3193 670 3259 primus
685 3195 809 3245 omnium
821 3193 855 3245 1..
866 3194 953 3255 Sulla,

144 3265 192 3332 qni
206 3270 306 3330 postea
314 3262 435 3315 dictator
445 3262 510 3325 suit,
520 3264 547 3313 iu
560 3270 699 3328 praetura.
721 3261 790 3314 Post
800 3279 861 3314 eum
873 3263 954 3314 Pom·

144 3334 227 3400 peius
239 3332 359 3398 Magnus
369 3334 398 3384 in
409 3333 488 3384 circo
499 3328 556 3394 DC,
567 3333 595 3382 io
606 3332 640 3383 iis
651 3332 809 3384 iubatorum
822 3331 951 3385 CCCXV.

145 3402 250 3455 erasm
258 3402 379 3454 dictator
389 3402 485 3454 CCCC.

179 3470 258 3522 xxi.
277 3472 452 3536 Capereeus,
472 3470 624 3521 arduiernt
635 3468 773 3537 quondam
784 3469 892 3534 operis,
912 3468 954 3520 fo·

146 3544 260 3606 reisque
271 3540 401 3591 maxime.
433 3538 592 3605 Principatu
605 3537 715 3590 Claudii
724 3553 803 3590 ossus
815 3539 952 3589 munnam

148 3609 253 3671 docuit,
262 3609 419 3675 pudendam
429 3622 518 3674 paene
530 3609 597 3659 talis
606 3607 684 3660 ieras
694 3608 817 3667 nemine,
828 3606 951 3673 pesteris

148 3679 264 3733 Gaetuli
284 3693 354 3745 sago
374 3684 474 3727 eontra
496 3677 651 3742 ingruentis
671 3679 802 3741 impeturn
825 3676 950 3726 obtecto:

148 3748 222 3816 qood
233 3747 421 3814 spectaculum
432 3745 461 3796 in
472 3757 583 3795 arenam
596 3742 893 3808 protinustrenslatorn
900 3749 953 3806 est,

148 3820 195 3870 rix
217 3815 343 3869 credibili
365 3813 448 3867 medo
469 3818 649 3880 torpescente
661 3818 742 3865 tanta
761 3812 814 3863 illa
828 3812 952 3875 latitate,

149 3888 274 3953 quamvis
286 3885 339 3935 leri
349 3884 454 3935 iniecta
464 3891 562 3949 operto
574 3884 675 3948 eapite,
687 3884 727 3933 ita
735 3888 767 3932 ut
778 3880 954 3935 devinciatur

149 3971 204 4007 sen
216 3968 390 4021 repugnans:
402 3953 532 4004 videlicet
544 3952 634 4003 omnis
646 3952 688 4002 vis
698 3957 810 4003 constat
819 3952 847 4002 is
855 3951 953 4001 oculis.

150 4025 212 4087 Quo
222 4025 314 4075 minus
325 4037 425 4072 mtrem
436 4022 483 4083 sit,
507 4038 523 4072 a
533 4018 702 4087 Lysimacho
714 4020 866 4074 Alexandri
877 4022 953 4071 iussu

149 4094 231 4146 sirnal
242 4092 349 4143 incluse
362 4091 570 4157 strangulatum
581 4090 698 4141 leonem.

185 4163 253 4228 luge
273 4160 399 4212 subdidit
419 4174 478 4223 eos,
500 4158 773 4226 primusqueliomae
792 4159 827 4210 ad
840 4170 953 4211 cerrum

147 4232 242 4281 iunxit
252 4232 292 4281 ht.
302 4229 448 4290 Antonius,
456 4236 485 4280 et
494 4227 607 4293 quidem
618 4228 694 4279 civili
703 4227 789 4289 bello,
800 4242 862 4280 curn
873 4229 954 4280 dimi·

147 4305 247 4353 catum
260 4304 335 4349 esset
343 4298 371 4348 in
383 4297 551 4350 Pharsalieis
562 4297 679 4363 campis:
698 4311 752 4349 nen
763 4298 825 4350 sine
835 4298 953 4364 quodam

149 4372 268 4418 ostento
280 4372 440 4431 temporum,
462 4376 614 4435 generosos
627 4366 744 4432 spiritns
755 4367 849 4435 iugum
860 4367 956 4420 subire

148 4435 206 4488 illo
216 4433 349 4502 prodigio
369 4438 556 4503 significante:
577 4451 640 4487 nam
656 4434 731 4502 quod
746 4437 786 4487 ita
801 4443 899 4488 vectus
911 4443 955 4489 est

150 4521 214 4557 eum
226 4505 312 4556 mima
323 4503 487 4572 Cytheride,
507 4519 591 4571 supra
604 4513 730 4557 monstra
744 4506 829 4557 etiam
841 4506 953 4557 illarum

151 4574 342 4626 calamitatem
355 4574 418 4629 init
456 4575 566 4626 Primus
587 4583 679 4627 autem
691 4573 831 4626 hominum
844 4575 953 4627 leonem

151 4658 234 4697 manu
255 4651 379 4698 tractare
401 4659 493 4705 ausus,
513 4649 543 4694 et
562 4643 710 4695 ostendere
725 4642 955 4706 urattsueiactom,

150 4713 456 4767 llaaneeelarissimis
467 4713 623 4766 Poenorum
642 4713 776 4765 traditore
798 4713 956 4765 damnatos-

151 4796 204 4849 qne
213 4782 265 4834 illo
275 4788 456 4851 argumente;
477 4783 608 4849 queniam
621 4782 692 4834 nihil
707 4798 764 4835 non
774 4796 957 4848 persuasurus

150 4851 194 4902 vir
204 4859 260 4903 tam
275 4853 393 4905 artificis
409 4852 519 4919 ingenii.
530 4852 687 4904 videbator:
708 4859 737 4907 et
755 4852 828 4905 mele
838 4852 957 4906 credili·

151 4922 245 4974 bertas
256 4923 293 4984 ei,
305 4924 351 4974 cui
361 4925 388 4973 in
399 4928 508 4973 tantum
519 4922 650 4974 cessisset
659 4925 744 4975 etiam
755 4922 862 4975 feritas.

88 5044 92 5053 Α
185 4990 259 5042 Sunt
278 5007 356 5044 rere·
370 4998 398 5043 et
417 4991 536 5043 fortuita
558 5006 653 5043 eorum
668 5006 779 5059 quoque
793 4993 958 5045 elementiae

150 5059 288 5126 exempla.
315 5061 431 5113 Mentor
440 5060 634 5129 Syracusanas
646 5062 675 5113 ia
686 5061 771 5128 Syria
783 5062 863 5114 leone
874 5062 957 5114 ebrio

149 5129 318 5195 simpliciter
337 5130 494 5193 volutante,
512 5133 651 5182 attonitus
671 5146 782 5198 parere,
804 5145 866 5181 com
884 5130 980 5182 relu-⁴

149 5197 240 5264 giemi
250 5197 373 5265 undique
383 5197 448 5252 iera
463 5205 616 5266 opponeret
627 5216 701 5262 sese,
721 5206 750 5253 et
759 5200 881 5266 vestigia
892 5200 958 5251 lam·

148 5268 231 5320 beret
242 5266 370 5319 adulanti
380 5268 492 5332 similis,
512 5269 708 5323 animadvertit
719 5270 748 5321 in
760 5269 829 5334 pede
841 5269 902 5321 eirss
913 5276 957 5320 tu·

149 5350 257 5389 morem
268 5337 437 5404 vulnusque,
458 5346 488 5391 et
499 5344 625 5391 esoacto
636 5339 747 5391 sarculo
758 5338 887 5391 liberavit
898 5352 958 5389 cru·

149 5405 234 5458 ciatn.
272 5406 387 5460 Pictura
397 5422 492 5460 mrum
511 5406 584 5460 hone
594 5407 743 5462 testaturS
766 5409 881 5460 recusit.
918 5404 960 5458 Si·

147 5474 210 5527 mili
221 5476 306 5527 medo
317 5476 398 5545 Elpis
409 5477 520 5532 Samius
531 5478 659 5542 natione,
677 5480 703 5530 in
715 5424 839 5531 Aiyriwa
847 5474 960 5528 deletus

146 5558 228 5606 aare,
237 5544 320 5599 iuxta
328 5546 397 5599 litos
406 5555 558 5612 conspecto
570 5548 651 5601 leone
663 5548 741 5601 hiatu
753 5547 864 5607 minaei,
878 5544 960 5596 arho-

147 5627 207 5665 rem
220 5612 289 5683 iuga
300 5616 381 5682 petit,
393 5616 498 5668 Libere
506 5614 590 5670 Patre
601 5618 748 5671 inruente:
760 5615 889 5683 queniam
899 5619 957 5666 tum

181 5682 279 5738 Pars.
298 5685 397 5740 ilrsr.
418 5698 538 5738 seron.

1002 776 1142 838 dentibus,
1154 777 1352 844 cruciabatque
1362 778 1465 842 inedia,
1477 782 1664 846 tumpoennin
1672 782 1803 847 ipsiseius

1002 845 1076 909 telis,
1096 849 1317 911 suspectantem,
1337 862 1370 896 ac
1388 848 1465 899 reiut
1482 850 1566 900 nrotis
1578 851 1706 915 precibus
1720 866 1802 903 eran·

1001 920 1071 966 tem:
1093 913 1158 965 dun:
1171 912 1288 964 iurtoitu
1300 915 1388 965 fidens
1399 930 1454 967 non
1466 923 1509 968 est
1518 923 1616 970 eontra
1626 918 1725 982 ieram,
1735 922 1804 973 mul·

1001 990 1031 1035 te
1044 983 1149 1036 diutius
1159 982 1307 1044 miraculo,
1319 998 1400 1049 quam
1410 991 1495 1046 sueto,
1512 996 1650 1038 cessatam
1662 996 1714 1039 est.
1750 990 1804 1044 De·

1001 1054 1235 1122 gressunandem
1252 1052 1349 1104 evellit
1366 1052 1524 1118 praebenti,
1546 1065 1573 1107 et
1590 1059 1803 1124 quasimaxime

1002 1130 1164 1189 opusessct,
1187 1122 1416 1173 accommodanti.
1452 1123 1649 1192 Traduntque,
1671 1129 1804 1194 quamdiu

1002 1194 1080 1245 navis
1089 1207 1125 1245 ea
1134 1194 1164 1244 in
1175 1190 1258 1243 litore
1269 1192 1391 1253 steterit,
1412 1191 1540 1243 retulisse
1556 1198 1675 1262 gratiam
1687 1206 1804 1250 venatus
1838 1204 1849 1225 ·

1001 1262 1167 1329 aggerando.
1206 1262 1267 1325 Qua
1284 1260 1317 1313 de
1334 1274 1418 1315 eausa
1429 1261 1531 1315 Libero
1543 1262 1621 1314 Patri
1630 1267 1763 1332 templum
1775 1269 1804 1317 in

1001 1332 1085 1384 Samo
1097 1331 1176 1413 Elpis
1187 1333 1316 1393 sacrarit,
1327 1332 1399 1399 quod
1412 1331 1447 1382 ab
1458 1345 1492 1381 eo
1502 1331 1577 1382 iacto
1589 1334 1690 1384 Graeci
1701 1332 1805 1399 κεχηνό-

1000 1418 1046 1456 sae
1056 1400 1189 1449 Aaouocoo
1199 1400 1385 1466 appellavere.
1421 1398 1558 1451 Miremur
1573 1410 1671 1467 postea
1686 1406 1805 1471 vestigia

1000 1467 1142 1519 hominum
1154 1468 1275 1536 intelligi
1290 1484 1307 1520 a
1319 1468 1395 1532 ieris,
1417 1484 1478 1520 eum
1491 1471 1576 1521 etiam
1588 1471 1692 1522 auxilia
1703 1472 1738 1525 ab
1747 1487 1805 1525 uua

1001 1537 1162 1589 animalium
1173 1538 1305 1603 spereoti
1324 1540 1379 1589 Cur
1389 1538 1461 1590 enim
1478 1554 1532 1589 non
1545 1538 1579 1590 nd
1592 1540 1650 1592 alia
1661 1541 1736 1592 ieret
1756 1552 1805 1595 nat

1001 1607 1073 1658 unde
1092 1605 1216 1657 medicas
1232 1622 1330 1658 uranus
1347 1606 1465 1658 hominis
1480 1608 1589 1659 solumi
1609 1610 1664 1660 nisi
1679 1610 1806 1662 fortevis

1001 1677 1138 1728 malorum
1149 1675 1233 1726 etiam
1245 1676 1319 1727 ieras
1331 1678 1422 1728 omnia
1432 1678 1551 1744 experiri
1564 1679 1649 1744 cogit.

1036 1748 1130 1812 Aeque
1151 1745 1359 1797 memorandum
1375 1754 1403 1798 et
1421 1746 1455 1797 de
1467 1746 1600 1812 panthera
1610 1747 1698 1798 tradit
1708 1746 1806 1801 Deme·

1000 1815 1075 1867 trius
1086 1811 1236 1879 Physicus:
1257 1815 1392 1867 iacentem
1404 1816 1431 1865 in
1443 1815 1536 1866 media
1546 1819 1589 1866 ria
1602 1816 1721 1867 hominis
1733 1817 1805 1869 desi-

1001 1885 1089 1946 derio,
1100 1888 1215 1948 repente
1227 1887 1389 1950 apparuisse
1403 1886 1474 1951 patri
1486 1884 1627 1936 cuiusdam
1641 1884 1753 1947 Philini,
1766 1902 1806 1937 as-

1001 1952 1151 2007 sectatoris
1163 1952 1331 2018 sapientiae:
1347 1956 1426 2005 illum
1439 1968 1542 2021 pavore
1552 1955 1676 2021 coepisse
1688 1956 1807 2024 regredi,

1002 2023 1090 2077 ieram
1107 2035 1174 2071 vero
1188 2023 1417 2076 circumvolutari
1434 2040 1489 2077 non
1509 2024 1592 2076 dabie
1603 2024 1806 2086 blandientem,

1001 2104 1118 2161 seseque
1128 2089 1332 2145 conflictantem
1345 2106 1481 2155 moerere,
1500 2095 1546 2161 qul
1557 2095 1641 2144 etiam
1651 2096 1679 2143 in
1691 2093 1808 2160 panthe-

1000 2178 1032 2215 ra
1041 2161 1160 2229 intelligi
1173 2170 1274 2229 posset.
1312 2164 1401 2216 Foeta
1411 2170 1486 2225 erat,
1508 2163 1608 2213 catulis
1619 2164 1717 2229 procul
1729 2166 1756 2214 in
1768 2163 1807 2215 io·

1001 2249 1081 2287 reare
1094 2230 1223 2298 delapsis.
1261 2232 1382 2284 Primum
1396 2248 1474 2300 ergo,
1485 2231 1675 2283 miserationis
1687 2232 1742 2284 luit
1754 2246 1807 2284 non

1002 2315 1199 2369 expavescere:
1220 2303 1387 2368 proximum,
1405 2305 1430 2355 ei
1443 2316 1536 2354 euram
1552 2300 1710 2353 intendere:
1731 2316 1809 2353 seen·
1909 2360 1913 2369 ἱ

1001 2380 1110 2439 tusqoe,
1122 2385 1177 2437 qua
1189 2370 1318 2423 trahebat
1329 2379 1434 2425 restem
1446 2371 1579 2439 angulum
1589 2371 1646 2424 leri
1656 2373 1768 2435 inlecto,
1778 2378 1809 2423 ut

1003 2454 1113 2492 causam
1126 2438 1234 2489 doloris
1245 2436 1394 2503 intellexit,
1405 2441 1541 2508 simulque
1551 2442 1650 2493 salutis
1661 2456 1728 2493 suae
1738 2457 1808 2493 mer·

1004 2511 1108 2572 eedem,
1129 2508 1232 2559 exemit
1243 2511 1363 2561 catulos:
1386 2524 1473 2577 eaque
1489 2524 1549 2560 curu
1567 2512 1602 2560 iis
1614 2520 1810 2577 prosequente,

1003 2576 1831 2711 e::ss:dissereremeruet:·

1005 2662 1797 2848 ..:relzisu=1.::u:h:a...

1119 2822 1125 2835 ι
1663 2818 1671 2843 9
1800 2811 1809 2822 ¹

1005 2858 1095 2905 antem
1106 2854 1135 2904 in
1146 2851 1269 2903 Arcadia
1277 2860 1415 2903 serratum
1426 2865 1444 2901 a
1455 2850 1687 2902 draconensrrnt.
1699 2851 1724 2902 N
1727 2853 1810 2903 utrie-

1004 2929 1049 2975 rat
1060 2936 1121 2973 eom
1130 2932 1209 2988 puer,
1220 2919 1354 2973 dilectum
1362 2919 1524 2973 admodum:
1536 2933 1810 2988 parensqueserpen·

1003 2994 1041 3043 tis
1051 2998 1178 3043 natumm
1192 2995 1221 3041 et
1232 2990 1449 3057 magnitudinem
1461 2995 1595 3050 metuens,
1606 2990 1635 3039 iu
1646 2989 1809 3041 solitudines

1004 3062 1122 3124 tolerat3
1145 3062 1173 3110 ln
1194 3059 1295 3126 quibus
1317 3060 1506 3110 circumvento
1527 3057 1667 3107 latronum
1687 3058 1808 3119 insidiis,

1004 3130 1155 3197 agnitoque
1168 3142 1250 3191 voce,
1270 3128 1406 3180 subvenit.
1442 3126 1511 3178 Nam
1528 3139 1599 3193 quae
1610 3125 1645 3176 de
1656 3125 1809 3178 tutantibus

1004 3199 1125 3252 ferarum
1137 3197 1210 3248 laete
1220 3197 1343 3257 nutritis,
1365 3212 1425 3247 cum
1437 3203 1527 3248 essent
1539 3195 1669 3261 expositi,
1691 3197 1811 3261 prodon-

1003 3276 1057 3329 tor,
1067 3268 1140 3318 slcut
1150 3266 1184 3317 de
1195 3264 1388 3316 conditoribus
1399 3268 1502 3316 nostra
1513 3265 1614 3330 slope,
1624 3267 1808 3333 magnitudini

1004 3336 1126 3389 latorum
1137 3340 1254 3400 accepta
1273 3332 1342 3387 lerrl
1352 3335 1482 3402 aequius,
1501 3348 1583 3400 quam
1594 3334 1718 3387 ferarum
1730 3343 1807 3386 nato-

1003 3404 1192 3458 raeerbitror.

1039 3473 1140 3525 xxllt.
1160 3468 1300 3523 Panthera
1321 3477 1351 3523 et
1370 3472 1454 3539 tigris
1475 3471 1647 3523 macularum
1670 3473 1809 3526 varietate
1866 3528 1871 3539 ,

1005 3556 1091 3609 prope
1110 3540 1190 3593 selae
1208 3541 1360 3593 bestiarum
1383 3547 1557 3607 spectantur:
1578 3542 1679 3593 ceteris
1694 3556 1765 3593 unus
1777 3556 1810 3593 ac

1005 3624 1070 3662 suos
1081 3612 1213 3676 cuiusque
1223 3611 1332 3675 generis
1343 3609 1421 3659 eelor
1436 3616 1487 3660 est.
1524 3610 1649 3663 Leonum
1660 3617 1768 3662 touton:
1781 3613 1808 3662 in

1005 3678 1089 3745 Syria
1098 3679 1186 3795 niqer.
1198 3676 1343 3727 Pantherls
1353 3679 1382 3725 in
1395 3678 1512 3728 eandida
1525 3677 1625 3729 breves
1637 3680 1809 3731 macularum

1005 3748 1087 3798 oculi.
1148 3751 1229 3796 amnt
1240 3743 1326 3795 odore
1336 3758 1430 3796 earam
1442 3747 1512 3796 mire
1532 3745 1678 3799 sollicitari
1690 3749 1808 3816 quadro·

1005 3816 1089 3883 pedes
1098 3820 1221 3876 cunctas,
1241 3813 1290 3865 sed
1301 3812 1402 3879 eapitis
1411 3812 1547 3866 torvitate
1557 3818 1666 3868 terreri.
1704 3817 1809 3878 Quern-

1005 3887 1100 3937 obrem
1112 3884 1254 3936 occultato
1266 3896 1309 3945 ee,
1330 3881 1440 3950 reliqua
1451 3882 1596 3936 dulcedine
1606 3887 1740 3937 inritatae
1751 3901 1810 3938 eor·

1005 3956 1119 4020 ripiunt.
1156 3952 1227 4005 Sunt
1238 3952 1286 4018 qui
1296 3951 1412 4004 tradant
1426 3953 1457 4003 in
1467 3968 1544 4005 arnse
1554 3953 1588 4004 ils
1598 3956 1717 4006 similem
1728 3956 1810 4006 lunae

1005 4038 1066 4076 esse
1077 4022 1224 4085 maculam,
1235 4029 1405 4075 crescentem
1416 4024 1444 4073 ia
1456 4024 1547 4085 orbes,
1559 4029 1588 4074 et
1598 4031 1741 4076 cavantem
1750 4024 1810 4089 pari

1005 4091 1090 4144 modo
1100 4106 1213 4144 cornua.
1225 4091 1304 4142 Nunc
1314 4092 1415 4154 varias,
1428 4099 1457 4144 et
1467 4092 1569 4160 pardos
1578 4096 1626 4158 qui
1634 4104 1727 4153 mares
1735 4096 1810 4152 sunt,

1006 4161 1149 4229 appellant
1167 4163 1196 4212 in
1211 4176 1244 4212 eo
1259 4162 1334 4212 omni
1350 4176 1466 4228 genere,
1488 4162 1658 4213 creberrimo
1677 4158 1811 4211 inhiriea

1006 4231 1152 4298 Syriaque.
1164 4229 1283 4292 Quidam
1295 4231 1329 4281 ab
1341 4229 1376 4280 iis
1389 4228 1537 4297 pantheras
1548 4230 1671 4279 candore
1681 4228 1744 4280 sole
1755 4228 1811 4280 dis·

1006 4306 1139 4353 cernunt:
1150 4314 1201 4351 nee
1211 4298 1300 4351 ndhtm
1312 4297 1396 4350 aliam
1408 4298 1593 4350 differentiam
1605 4298 1705 4349 inveni.

1040 4368 1140 4421 xxiv.
1159 4367 1436 4421 senatusconsultum
1447 4367 1597 4430 iuit'retus,
1618 4382 1653 4418 ne
1665 4367 1762 4419 liceret
1772 4369 1808 4419 h·

1006 4438 1130 4489 iricanas
1140 4437 1169 4487 in
1182 4437 1288 4487 ltaliam
1300 4434 1448 4487 advehere.
1467 4435 1632 4488 Contrahoc
1642 4437 1707 4487 tulit
1715 4436 1749 4489 ad
1762 4452 1810 4504 po·

1006 4505 1436 4575 pulumcn.hulidius'l'ribnnus
1446 4505 1546 4572 plebis,
1556 4507 1740 4628 permisitque
1753 4509 1810 4558 Cir·

1006 4577 1128 4628 censium
1150 4575 1243 4641 gratia
1257 4576 1416 4641 importare.
1452 4575 1560 4627 Pmmus
1579 4581 1673 4630 eutem
1711 4592 1811 4628 esurus

1006 4646 1149 4698 aedilitate
1159 4659 1210 4694 sua
1219 4644 1311 4695 varias
1323 4650 1433 4696 centnm
1453 4646 1656 4714 quinquaginta
1667 4647 1810 4699 universas

1006 4714 1093 4767 misit:
1104 4714 1170 4766 dein
1182 4713 1462 4783 Pompeioshiagnes
1471 4715 1692 4786 quadringentas
1702 4717 1811 4769 decenn

1006 4785 1124 4838 orvans
1182 4790 1243 4835 stus
1253 4783 1467 4851 quadringentas
1476 4787 1586 4854 viginti

1041 4853 1131 4906 XXV.
1163 4854 1224 4906 dem
1234 4854 1269 4917 Q.
1279 4855 1437 4917 Tuberone,
1446 4855 1534 4907 Fabio
1545 4856 1621 4909 Max.
1633 4854 1750 4909 cossw
1756 4855 1813 4907 No·

1008 4941 1059 4977 aas
1069 4926 1169 4986 Maias,
1180 4922 1297 4976 Theatri
1308 4925 1437 4978 Marcelli
1450 4924 1642 4988 dedicatione,
1654 4925 1740 4992 tigrin
1752 4925 1810 4992 pri·

1008 4993 1811 5047 rensemniumiiemaeesteaditincaveamansoeiaetum:

1009 5063 1096 5114 Divus
1105 5075 1172 5113 vere
1184 5062 1316 5114 Claudius
1327 5064 1410 5115 simul
1421 5071 1549 5132 quatuor.
1576 5065 1677 5133 Tigrin
1686 5065 1812 5131 Hyrcani

1010 5140 1038 5184 et
1048 5131 1107 5182 indi
1118 5129 1219 5193 imant,
1238 5133 1342 5184 amutal
1352 5133 1513 5185 velocitatis
1524 5133 1694 5195 tremendae,
1713 5140 1742 5185 et
1754 5146 1811 5185 ma·

1009 5201 1084 5251 xime
1097 5201 1237 5267 cognitae,
1257 5201 1321 5253 dum
1344 5202 1453 5268 eapitur
1473 5209 1550 5254 totus
1566 5205 1626 5254 eius
1643 5202 1747 5265 laetos,
1767 5202 1814 5267 qni

1010 5282 1118 5334 semper
1128 5284 1292 5322 numerosas
1305 5276 1356 5323 est
1392 5271 1433 5324 sb
1443 5272 1596 5324 insidiante
1606 5273 1725 5338 rapitur,
1736 5278 1812 5333 sque

1010 5351 1092 5404 quam
1100 5338 1217 5390 maxime
1225 5340 1337 5405 pernici,
1347 5338 1814 5407 atqueinreeentessoblndetrsus·

1010 5408 1107 5458 lerter.
1143 5409 1178 5458 ht
1189 5408 1237 5459 ubi
1245 5424 1361 5462 vaenum
1367 5409 1459 5461 cubile
1466 5412 1574 5477 reperit
1582 5409 1668 5468 loeta,
1679 5405 1812 5468 (maribus

1010 5478 1083 5529 enim
1100 5490 1232 5530 enranon
1245 5485 1289 5530 est
1304 5478 1439 5540 tabelias)
1458 5477 1702 5536 fermentaverat,
1723 5472 1812 5528 0⁶0st

1010 5545 1163 5614 vestigans.
1199 5548 1307 5615 Raptor
1315 5549 1490 5615 appropinqe
1722 5542 1814 5597 bittit

1011 5616 1240 5669 wateneiis.
1275 5616 1458 5711 mmfflw
1746 5612 1813 5669 ’ἰπὶ
