4356 6014
772 744 821 831 C.
877 744 1133 834 PLlNll
1188 746 1516 835 SECUNDl

390 923 1107 1028 usruussrs
1202 888 1902 1059 alrsro‘nrne
2166 868 2175 1137 Ι

848 1128 1194 1202 LIBER
1277 1126 1441 1202 XVII.

322 1478 344 1531 1.
356 1441 515 1530 Neruas
526 1477 745 1539 arborum,terrs
756 1475 882 1542 marique
891 1480 991 1543 sponte
999 1490 1051 1527 sua
1061 1489 1122 1544 pro·

322 1546 501 1608 venientium,
514 1547 589 1599 dicta
600 1552 651 1599 εει.
661 1546 760 1597 Restat
771 1559 876 1608 earum,
884 1560 954 1613 quae
964 1552 1025 1599 arte
1037 1552 1065 1598 et
1075 1545 1123 1596 hu·

322 1617 413 1669 munis
428 1616 549 1685 ingeniis
565 1617 636 1667 liunt
647 1614 739 1666 verius
748 1640 757 1675 ι
779 1627 861 1679 quana
871 1620 1030 1667 nascuntur.
1066 1612 1122 1665 Sed

321 1685 399 1752 prius
408 1685 505 1737 mirari
517 1683 663 1744 succurrit,
675 1697 730 1750 qus
739 1680 886 1734 retulimus
896 1684 1013 1752 penuria
1022 1697 1073 1750 pro
1083 1684 1122 1734 iu·

322 1754 411 1806 diviso
431 1766 560 1818 possessa
570 1767 587 1803 a
598 1751 679 1815 feris,
700 1748 950 1818 depugnantem
964 1752 998 1805 iis
1009 1750 1122 1804 homine

323 1823 398 1875 circa
410 1820 528 1872 caducos
547 1820 661 1883 fructus,
684 1820 759 1872 circa
770 1819 922 1887 pendentes
941 1836 1008 1874 vero
1020 1826 1119 1873 etcum

323 1890 447 1952 alitibus,
458 1891 487 1941 in
499 1895 578 1941 tanta
588 1889 752 1941 deliciarum
763 1890 853 1955 pretia
863 1891 984 1952 senisse,
1002 1889 1121 1941 clarissi-

322 1975 368 2012 mo
381 1963 431 2079 But
440 1958 568 2027 equidem
584 1959 715 2021 arbitror)
730 1959 858 2023 exemplo
869 1958 902 2009 Is
913 1959 1016 2021 Crassi,
1036 1966 1120 2025 atquc

323 2030 371 2079 Cn.
411 2028 501 2079 omitii
511 2025 695 2079 Ahenobarbi.
727 2028 842 2077 Crassus
859 2028 1120 2094 oratorfuitinpri-

325 2097 378 2148 nris
388 2096 507 2147 numinis
517 2096 649 2147 Romani:
671 2094 770 2145 domus
787 2094 814 2149 ei
826 2096 986 2159 magnilica:
1008 2095 1059 2147 sed
1068 2096 1120 2146 ali·

323 2171 426 2231 quanto
438 2166 625 2230 praestantior
636 2163 664 2213 in
676 2162 774 2213 eodem
784 2161 905 2227 Palatio,
915 2162 948 2225 (i.
960 2163 1060 2228 Catuli,
1071 2164 1121 2231 qui

323 2233 448 2284 Cimbros
459 2247 520 2284 cum
530 2232 559 2283 C.
571 2231 663 2284 Mario
676 2230 757 2282 fudit.
788 2231 880 2284 Multo
891 2246 958 2284 reso
969 2231 1120 2299 pulcherri-

321 2316 368 2353 ma
379 2314 514 2353 consensu
525 2302 646 2353 omnium
658 2305 751 2352 aetate
762 2314 797 2352 ea
806 2302 834 2351 in
845 2300 916 2353 colle
926 2298 1071 2364 viminali,
1090 2302 1120 2353 C.

321 2369 434 2436 Aquilii,
453 2369 554 2436 equitis
565 2368 695 2430 Romani,
719 2368 849 2420 clarioris
861 2369 910 2421 illa
922 2372 1017 2432 etiarm
1037 2384 1118 2438 quam

321 2436 391 2489 iuris
403 2437 492 2488 civilis
503 2437 634 2500 scientia,
656 2452 716 2487 oum
729 2442 821 2489 tamen
832 2437 944 2490 obiecta
955 2440 1055 2491 Crasso
1066 2454 1118 2492 sua

324 2516 376 2563 est.
405 2506 646 2558 Nobilissimarum
659 2506 781 2572 gentium
793 2506 887 2569 ambo,
909 2510 1026 2559 Crassus
1037 2514 1120 2575 atquo

323 2576 474 2639 Domitius,
496 2588 638 2627 censuram
653 2580 716 2641 post
734 2575 893 2626 consulatus
906 2577 988 2627 sinrul
998 2592 1119 2645 gessere,

324 2661 397 2702 anno
416 2642 545 2698 conditae
566 2643 647 2695 Urbis
665 2642 805 2705 chxll,
826 2643 999 2712 frequentem
1019 2646 1119 2712 iurgiis

323 2723 437 2787 propter
456 2712 709 2766 dissimilitudinem
728 2726 845 2765 morum.
875 2715 947 2765 'lum
967 2716 1014 2765 Cn.
1026 2714 1120 2766 Domi·

324 2789 387 2851 tius,
407 2791 440 2836 ut
460 2781 680 2836 eratrehemens
700 2786 809 2843 natura,
829 2787 1120 2848 praetereaaccensus

324 2853 479 2923 odio,quod
489 2866 523 2905 ex
535 2851 721 2903 aemulatione
733 2849 924 2902 aridissimum
936 2857 988 2914 est,
997 2853 1120 2918 graviter

322 2922 460 2989 increpuit
469 2920 542 2971 tanti
552 2933 694 2971 censorem
705 2915 841 2981 habiture,
850 2935 901 2988 pro
915 2920 999 2972 domo
1009 2920 1070 2972 eius
1079 2934 1120 2972 se·

324 2993 454 3046 stertidm
469 2989 570 3040 millies
581 2986 733 3039 identidem
744 2990 918 3053 promittens.
944 2992 981 3041 Et
993 2990 1116 3050 Crassus,

323 3069 354 3113 at
368 3073 500 3125 praesens
510 3056 622 3123 iugenio
634 3070 752 3123 seniper,
770 3062 799 3107 ει
809 3056 901 3109 faceto
913 3057 1007 3124 lepore
1020 3057 1118 3117 solers,

249 3120 256 3131 ⁸
323 3129 453 3182 addicere
463 3140 494 3176 so
503 3125 658 3189 respondit,
669 3126 791 3191 exceptis
801 3140 849 3177 sex
861 3126 1015 3178 arboribus.
1033 3128 1071 3176 Ac
1083 3139 1117 3176 ns

323 3214 380 3250 uno
391 3194 499 3264 quidem
510 3193 633 3256 denario,
652 3194 678 3243 si
687 3193 883 3256 adimerentur,
893 3200 994 3245 emtam
1004 3194 1118 3247 salente

321 3266 463 3320 Domitio:
487 3263 609 3325 Crassus,
631 3264 762 3315 Utrumne
773 3265 922 3332 igiturego
933 3278 1003 3325 sum,
1020 3263 1118 3330 inquit,

324 3349 436 3405 quaeso,
446 3332 565 3395 Domiti,
578 3331 703 3400 exemplo
714 3334 817 3401 gravis,
829 3334 864 3384 ab
876 3334 938 3398 ipsa
949 3347 1011 3384 mee
1022 3346 1118 3385 censu·

323 3420 356 3457 ra
366 3402 513 3466 notandas,
525 3402 573 3469 qui
584 3402 614 3452 in
625 3401 716 3464 domo,
739 3416 808 3469 quae
819 3399 887 3453 mihi
898 3401 1057 3455 hereditate
1067 3402 1116 3453 ob·

321 3473 408 3533 venit,
419 3473 538 3526 comiter
548 3467 684 3523 habitem:
706 3484 741 3521 aa
752 3476 792 3531 tu,
814 3472 861 3537 qui
872 3471 900 3521 H
909 3470 943 3523 -S
956 3472 1057 3524 millies
1068 3485 1118 3523 sex

324 3544 438 3595 arbores
458 3536 604 3593 aestimari
626 3541 684 3599 Eae
696 3537 845 3602 fuereloti,
865 3541 963 3606 patule
977 3554 1117 3591 ramorum

321 3606 877 3733 irritabat:irretierit
886 3608 1117 3728 titillari·

321 3748 565 3809 Durareruatque,
586 3743 717 3809 quoniam
729 3749 757 3793 et
769 3744 802 3795 de
814 3745 978 3812 longissimo
990 3760 1060 3797 nero
1071 3760 1115 3796 ar·

321 3819 420 3868 borum
431 3810 560 3870 diximus,
579 3811 615 3861 ad
625 3809 745 3863 Neronis
756 3813 845 3877 princi
867 3816 876 3863 i
901 3813 1036 3876 incendia,
1056 3814 1116 3879 qui·

321 3888 372 3938 bus
383 3879 517 3935 cremarit
528 3878 643 3940 Urbem,
662 3878 742 3931 annis
753 3828 887 3933 obside
924 3880 1027 3933 Postea
1038 3882 1115 3933 cultu

321 3953 422 4006 virides
432 3951 609 4016 iuvenesque,
616 3947 832 4015 niprincepsille
839 3949 1115 4003 accelerassetetiam

321 4025 451 4077 arborum
463 4023 593 4073 mortem.
616 4018 654 4069 Ac
664 4032 698 4070 ae
709 4017 770 4084 quis
782 4018 860 4071 rilem
872 4019 906 4070 de
917 4024 1010 4072 cetero
1022 4020 1116 4071 Crassi

323 4094 448 4155 domum,
468 4087 591 4156 nihilque
605 4086 634 4139 in
648 4102 683 4140 ea
696 4085 823 4154 iurgante
834 4087 960 4140 Domitio
978 4087 1064 4141 fuisse
1076 4087 1116 4140 di·

322 4164 438 4217 cendum
451 4164 565 4228 praeter
574 4159 688 4210 arbores
698 4156 810 4221 iudicet,
830 4159 885 4209 inm
897 4157 1040 4211 columnas
1050 4174 1116 4226 qua·

321 4240 386 4285 tuor
397 4229 539 4300 Hymettii
555 4228 714 4289 marmoris,
735 4227 890 4279 aedilitatis
903 4226 998 4347 gratia
1012 4228 1049 4282 ad
1059 4244 1115 4282 scc-

322 4316 385 4351 num
397 4300 547 4352 ornandum
558 4297 697 4359 adrectae,
708 4296 736 4348 in
747 4297 820 4348 atrio
830 4297 891 4349 eius
921 4311 1000 4348 emus
1012 4304 1116 4351 statue·

321 4372 376 4427 rat,
388 4382 449 4419 cum
460 4369 488 4420 in
497 4367 610 4435 publico
621 4367 741 4419 nondum
753 4373 844 4419 essent
854 4365 928 4419 ullae
935 4381 1115 4420 marmoreae.

322 4436 393 4487 Tam
403 4448 500 4486 recens
510 4443 552 4489 est
568 4437 721 4503 opulentia:
737 4441 875 4503 tantoque
884 4443 949 4487 tunc
958 4436 1020 4503 plus
1030 4435 1116 4489 hono·

323 4500 363 4554 ris
375 4501 488 4554 arbores
498 4503 626 4556 dumibus
636 4504 837 4568 afferebant,ut
845 4506 906 4557 sine
916 4506 974 4557 illis
986 4506 1116 4558 neiniarl·

325 4571 454 4623 citiarum
483 4570 575 4624 uidem
586 4577 704 4639 pretium
715 4575 868 4626 servaverit
878 4573 1027 4626 Domitius.

357 4638 447 4691 Fuere
459 4653 475 4689 a
502 4638 538 4689 iis
549 4647 578 4692 et
587 4644 751 4708 cogitamine
761 4643 892 4709 antiquis:
908 4642 1052 4695 Fronditio
1063 4644 1114 4693 mi·

323 4708 367 4759 liti
377 4708 431 4771 illi,
452 4708 497 4773 qui
509 4709 651 4772 praeclara
661 4709 793 4775 facinora,
812 4712 980 4765 Vulturnum
991 4717 1115 4763 transna-

323 4784 394 4837 tans,
416 4774 514 4828 ironde
525 4777 610 4841 capiti
626 4777 772 4841 imposita,
785 4779 918 4831 adversus
929 4778 1114 4832 Hannibalem

323 4844 426 4896 edidit:
448 4842 592 4897 stolonum
607 4843 834 4911 Liciniaegenti:
855 4848 896 4900 ita
911 4849 1070 4916 appellatur
1085 4849 1113 4899 in

321 4912 391 4979 ipsis
402 4912 547 4965 arboribus
558 4912 700 4962 fruticatio
711 4912 832 4967 inutilla:
844 4917 956 4969 undeet
966 4918 1111 4985 pampina-

323 4982 364 5034 tio
374 4983 487 5034 inventa
496 4980 586 5046 primo
599 4978 707 5032 Stoloni
720 4979 796 5033 dedit
809 4998 918 5039 nomen
954 4987 1020 5039 Fuit
1031 4991 1060 5038 ει
1068 5000 1111 5037 ar·

321 5053 419 5104 borum
432 5064 498 5102 cura
507 5047 614 5113 legibus
625 5047 737 5112 priscis:
747 5057 912 5120 cautumque
924 5055 1025 5107 estXll
1036 5055 1114 5107 tabu·

320 5122 367 5184 lis,
378 5126 409 5172 ut
458 5120 468 5169 i
478 5116 581 5169 iniuria
593 5115 737 5169 cecidisset
748 5118 861 5182 alienas,
876 5122 966 5176 lueret
976 5124 1007 5175 in
1018 5124 1111 5191 singu·

320 5191 408 5255 lasse
433 5186 542 5240 sxxv.
577 5184 651 5248 Quid
664 5186 869 5251 existimamus,
888 5198 1056 5245 venturasne
1065 5206 1111 5245 eas

321 5258 473 5310 credidisse
488 5253 522 5308 ad
534 5268 618 5322 supra
628 5252 732 5306 dictam
743 5256 965 5312 aestimationem
975 5260 1050 5325 iilos,
1065 5261 1114 5328 qui

319 5325 470 5395 frugiferas
486 5326 557 5378 tanti
573 5324 755 5376 taxaveranti
774 5325 831 5377 Nec
846 5328 936 5381 minus
947 5330 1112 5383 miraculum

318 5396 347 5445 in
358 5410 440 5463 pomo
457 5400 507 5459 est,
528 5393 675 5445 multarum
699 5393 774 5446 circa
789 5396 947 5450 suburbana
962 5397 1054 5450 fructu
1064 5413 1113 5449 sn·

319 5478 372 5515 nuo
384 5466 494 5519 addicto
503 5463 576 5516 binis
587 5462 708 5515 millibus
724 5468 877 5515 nummum:
899 5466 1006 5519 maiore
1017 5467 1112 5533 singa-

570 5662 576 5691 i

1172 1476 1265 1530 larum
1275 1475 1379 1539 reditu,
1399 1489 1480 1543 quam
1493 1472 1969 1542 eratapudautiquospraediorum.

1173 1547 1215 1598 Ob
1227 1546 1280 1598 hoc
1290 1544 1385 1609 insita,
1405 1552 1434 1598 et
1444 1545 1574 1597 arborum
1586 1556 1695 1611 quoque
1706 1541 1848 1595 adulteria
1857 1542 1968 1608 ucogl·

1172 1621 1235 1667 tata
1243 1621 1315 1677 sunt,
1322 1621 1355 1666 ut
1364 1630 1415 1668 nec
1423 1629 1506 1682 poma
1517 1613 1684 1682 pauperibus
1691 1616 1881 1664 nascerentur.
1892 1611 1970 1663 Nunc

1174 1699 1240 1751 ergo
1252 1684 1390 1749 dicemus,
1410 1699 1464 1752 quo
1474 1684 1596 1735 maxime
1606 1680 1690 1735 modo
1705 1686 1814 1732 tantum
1825 1695 1860 1733 ex
1871 1678 1912 1731 his
1923 1694 1967 1731 ιε-

1174 1752 1261 1821 ctigal
1283 1755 1438 1820 contingat,
1458 1768 1551 1805 reram
1573 1750 1685 1805 colendi
1705 1749 1842 1801 rationem
1861 1748 1970 1800 absolu·

1172 1829 1286 1890 umque
1297 1823 1445 1889 prodituri.
1463 1823 1500 1875 Et
1512 1822 1575 1874 ideo
1588 1838 1642 1875 non
1654 1821 1769 1887 vulgata
1779 1818 1970 1877 tractabimus,
2042 1874 2054 1885 ⁸

1174 1907 1302 1959 hecquae
1309 1900 1436 1945 constare
1444 1890 1704 1952 animadvertimus;
1715 1886 1877 1940 sediucerta
1886 1895 1970 1952 atque

1173 1959 1266 2022 dubia,
1278 1963 1307 2011 in
1319 1962 1416 2028 quibus
1427 1961 1549 2014 maxime
1561 1960 1669 2012 fallitur
1679 1959 1746 2010 rita.
1770 1956 1840 2007 Nam
1853 1955 1969 2023 diligen-

1171 2029 1240 2079 tiam
1251 2030 1279 2081 in
1290 2031 1469 2096 supervacuis
1480 2030 1622 2094 affectare,
1632 2044 1687 2080 non
1697 2031 1823 2078 nostrum
1834 2030 1884 2077 εει.
1897 2027 1970 2077 Ante

1173 2098 1265 2149 omnia
1276 2100 1304 2150 in
1316 2099 1485 2164 universum,
1507 2107 1535 2151 ει
1545 2114 1616 2167 quae
1626 2096 1661 2153 ad
1672 2101 1772 2149 cuncta
1782 2093 1912 2146 arborum
1923 2109 1970 2160 ge·

1171 2180 1240 2217 aera
1259 2168 1400 2234 pertinent
1419 2168 1449 2219 in
1466 2184 1618 2230 comarune,
1638 2168 1673 2219 de
1688 2164 1766 2219 caelo
1782 2169 1911 2230 terraque
1928 2161 1968 2213 di-

1172 2249 1276 2288 cemus.

1207 2303 1242 2354 ll.
1262 2304 1398 2372 Aquilone
1407 2305 1527 2359 maxime
1537 2300 1818 2373 gaudent,densiores
1829 2301 1863 2353 ab
1874 2298 1969 2353 afflatu

1172 2371 1232 2423 eius
1243 2373 1437 2440 laetioresque,
1458 2381 1487 2427 et
1502 2375 1636 2426 materiae
1650 2370 1791 2424 firmioris.
1827 2369 1889 2432 Qua
1899 2370 1927 2419 in
1939 2383 1969 2419 re

1172 2440 1297 2509 plerique
1307 2442 1453 2505 falluntur,
1461 2459 1522 2495 cum
1530 2443 1559 2495 iu
1570 2443 1660 2494 cineis
1672 2440 1837 2508 pedamenta
1846 2454 1900 2490 non
1911 2438 1969 2488 sint

1171 2524 1189 2561 a
1198 2518 1281 2562 rento
1294 2528 1327 2563 eo
1339 2514 1516 2580 opponenda,
1537 2518 1566 2564 ει
1580 2511 1609 2563 id
1620 2518 1727 2563 tantum
1741 2524 1758 2560 a
1771 2507 1970 2575 septemtrione

1171 2578 1346 2634 servandum.
1383 2581 1456 2644 Quin
1474 2583 1557 2633 immo
1576 2580 1742 2647 tempestiva
1762 2575 1967 2644 frigorapluri·

1171 2661 1247 2699 mum
1258 2651 1387 2703 arborum
1398 2651 1524 2703 firmitati
1534 2650 1688 2711 conferunt,
1698 2656 1726 2700 et
1737 2647 1776 2699 sic
1788 2647 1892 2713 optime
1904 2657 1966 2709 ger·

1171 2719 1292 2767 minant:
1303 2719 1417 2784 alioqui,
1427 2720 1451 2769 si
1461 2719 1641 2771 blandiantur
1651 2718 1753 2775 Austri,
1760 2714 1967 2769 defatiscentes,

1171 2798 1205 2835 ac
1215 2786 1305 2850 magis
1315 2786 1399 2837 etiam
1410 2788 1438 2837 in
1450 2784 1527 2839 liure.
1542 2785 1613 2838 Nam
1625 2786 1650 2836 ei
1662 2800 1723 2836 cum
1734 2783 1896 2843 defloruere,
1905 2794 1968 2846 pro·

1171 2853 1247 2903 tinus
1258 2860 1413 2920 sequuntur
1422 2854 1534 2916 imbres,
1552 2854 1582 2904 in
1602 2859 1690 2904 totum
1703 2867 1789 2918 poma
1801 2852 1967 2918 depereunt:

1171 2920 1241 2972 adeo
1252 2928 1284 2971 ut
1295 2921 1461 2988 amygdalae
1474 2929 1502 2974 et
1513 2922 1576 2988 piri,
1587 2921 1670 2971 etiam
1682 2920 1707 2970 si
1717 2920 1828 2971 omnino
1841 2918 1969 2971 nubilum

1170 2987 1233 3051 fuit,
1244 2990 1423 3042 Austrinusre
1434 2988 1528 3052 flatus,
1537 2990 1667 3039 amittant
1679 2987 1779 3038 foetus.
1804 2988 1886 3038 Circa
1895 2984 1966 3037 Ver·

1170 3057 1252 3125 gilisa
1273 3056 1382 3124 quidem
1404 3058 1500 3124 pluere
1520 3056 1741 3109 inimicissimum
1759 3053 1854 3106 vitiet
1871 3054 1968 3107 oleae:

1170 3128 1300 3194 quoniam
1317 3133 1383 3178 tunc
1400 3127 1491 3178 coitus
1509 3130 1553 3179 cst
1569 3140 1677 3178 aarum:
1699 3124 1753 3176 hoc
1764 3127 1808 3176 εει
1817 3122 1891 3176 iliud
1901 3137 1968 3190 qua·

1169 3194 1292 3246 triduum
1305 3195 1376 3248 olcis
1386 3194 1587 3257 decretorium,
1605 3192 1652 3247 bic
1668 3192 1804 3245 articulus
1815 3194 1967 3246 Austrinus

1169 3264 1256 3317 nubili
1266 3265 1378 3333 spurci,
1397 3266 1472 3337 quod
1483 3264 1610 3316 diximus.
1646 3262 1753 3329 Fruges
1765 3276 1875 3343 quoque
1886 3261 1966 3328 peius

1169 3340 1361 3388 maturescunt
1371 3335 1508 3393 dustrinis
1519 3334 1627 3394 diebus,
1637 3332 1687 3384 sed
1698 3331 1826 3383 celerius.
1840 3330 1892 3382 llla
1901 3336 1966 3383 sunt

1170 3403 1254 3455 noxia
1265 3403 1383 3473 frigora,
1394 3419 1465 3474 quae
1477 3402 1730 3472 septemtrionibus,
1746 3406 1794 3452 aut
1804 3404 1965 3467 praeposte-

1169 3473 1207 3525 ris
1227 3473 1297 3525 fiunt
1316 3473 1400 3527 horis.
1436 3475 1563 3527 Hiemem
1576 3470 1688 3540 quidem
1704 3469 1880 3536 llquiloniam
1894 3482 1964 3530 esse,

1170 3543 1298 3594 omnibus
1319 3544 1389 3595 satis
1408 3544 1596 3596 utilissimum.
1632 3540 1738 3592 imbres
1758 3552 1825 3591 vero
1841 3543 1963 3589 tunoex·

1172 3610 1286 3676 petendi
1305 3611 1419 3662 evidens
1439 3616 1591 3673 causaest,
1612 3609 1742 3677 quoniam
1758 3608 1871 3659 arbores
1882 3604 1961 3657 foetu

1170 3677 1372 3741 exinanitas,et
1382 3677 1516 3730 loliorum
1527 3691 1636 3746 quoque
1647 3678 1796 3729 ambricae
1808 3673 1965 3744 languidas,

1169 3745 1299 3798 naturale
1310 3752 1354 3798 εει
1364 3746 1444 3798 avide
1454 3749 1570 3799 esurire.
1607 3746 1691 3798 Cibus
1703 3751 1795 3799 autem
1808 3759 1903 3797 earum
1914 3745 1964 3796 im·

1168 3816 1226 3866 ber.
1256 3813 1349 3876 Quare
1359 3814 1481 3881 tepidam
1492 3830 1553 3868 esse
1564 3813 1693 3877 hiemem,
1703 3821 1734 3866 ut
1745 3815 1871 3869 absumta
1882 3820 1962 3882 partu

1169 3881 1312 3947 arborum,
1330 3890 1464 3950 sequatur
1474 3884 1602 3951 protinus
1614 3891 1774 3952 conceptus,
1792 3882 1882 3949 idest,
1902 3897 1963 3952 ger·

1167 3950 1295 4013 minatio,
1307 3966 1340 4003 ac
1350 3951 1450 4005 deinde
1461 3953 1518 4006 alia
1526 3952 1691 4007 florescendi
1700 3952 1861 4015 exinanitio,
1881 3953 1962 4005 inuti·

1168 4019 1305 4073 lissimum
1316 4022 1516 4090 experimentis
1527 4022 1660 4076 creditur.
1689 4023 1762 4084 Quin
1773 4023 1856 4073 immo
1868 4023 1891 4075 si
1900 4021 1960 4089 plu·

1167 4104 1212 4142 res
1223 4089 1263 4140 ita
1273 4091 1467 4145 continuentur
1477 4093 1552 4156 anni,
1574 4094 1657 4147 etiam
1669 4092 1744 4159 ipsae
1755 4089 1907 4143 moriantur
1916 4106 1959 4141 ar-

1167 4159 1260 4222 bores,
1277 4160 1388 4227 quando
1399 4162 1504 4215 nemini
1515 4163 1600 4216 dubia
1609 4176 1699 4229 poena
1709 4168 1752 4215 est
1762 4160 1790 4212 in
1801 4158 1876 4214 fame
1887 4161 1961 4213 labo·

1168 4228 1299 4281 rontium.
1333 4231 1409 4297 Ergo
1421 4233 1469 4300 qui
1483 4232 1557 4287 dixit
1577 4231 1681 4285 hiemes
1692 4245 1804 4283 serenas
1816 4230 1961 4297 optandas,

1167 4311 1222 4349 non
1232 4311 1284 4365 pru
1297 4298 1443 4354 arboribus
1461 4301 1612 4356 rotafecit.
1649 4300 1707 4354 Neo
1719 4315 1767 4367 per
1777 4298 1901 4351 solstitia
1909 4299 1958 4350 im·

1167 4368 1232 4420 bres
1251 4367 1357 4420 ritibus
1376 4371 1541 4424 conducunt.
1576 4370 1701 4423 llibcrno
1721 4368 1831 4436 quidem
1848 4368 1963 4434 puls-ere

1167 4436 1300 4490 laetiores
1310 4438 1371 4490 lieri
1384 4455 1497 4504 messes,
1517 4438 1685 4493 luxuriantis
1695 4435 1801 4503 ingenii
1811 4433 1961 4487 fertilitate

1167 4503 1334 4559 dictumest.
1369 4508 1483 4577 Alioqui
1493 4516 1560 4561 rota
1570 4508 1698 4560 arborum
1710 4505 1875 4569 frugumque
1886 4517 1961 4553 com-

1165 4574 1262 4627 munia
1271 4580 1344 4638 sunt,
1356 4577 1431 4630 uires
1442 4579 1563 4631 diutinas
1575 4575 1680 4627 sedere.
1696 4574 1793 4629 Causa,
1804 4583 1857 4618 non
1869 4568 1960 4622 solum

1166 4642 1233 4709 quin
1254 4645 1373 4696 animam
1395 4652 1488 4698 terrac
1506 4647 1712 4697 evanescentem
1729 4634 1905 4690 exhalatione
1916 4639 1959 4690 in·

1167 4710 1281 4763 cludunt
1292 4718 1320 4765 et
1333 4713 1524 4780 comprimunt,
1545 4717 1673 4777 retroque
1684 4710 1769 4773 agunt
1779 4704 1807 4755 in
1817 4707 1891 4760 sires
1903 4706 1960 4761 ira·

1165 4795 1229 4846 gum
1240 4787 1323 4845 atque
1334 4779 1455 4833 radices:
1475 4795 1569 4831 rerum
1580 4777 1652 4846 quod
1664 4782 1692 4828 et
1710 4775 1845 4841 liquorem
1857 4778 1958 4829 sensim

1165 4850 1305 4914 praebent,
1324 4862 1423 4913 purum
1436 4855 1580 4915 praeterea
1591 4846 1828 4911 levissimumque,
1850 4847 1958 4912 quando

1164 4915 1212 4966 six
1224 4929 1358 4981 uquarum
1369 4917 1530 4969 caelestium
1540 4930 1637 4982 spuma
1649 4920 1700 4966 εει.
1729 4913 1804 4981 largo
1816 4913 1915 4967 huntur
1924 4931 1959 4968 ex

1165 4981 1208 5033 his
1220 4997 1273 5033 non
1284 4984 1426 5036 universas
1439 4985 1612 5052 ingurgitans
1628 4982 1806 5049 diluensque,
1828 4986 1876 5037 sed
1890 4998 1956 5053 quo·

1164 5049 1248 5103 niodo
1271 5051 1368 5105 sititur
1386 5053 1536 5115 distillans,
1556 5053 1634 5106 reiut
1651 5067 1685 5103 ex
1702 5053 1787 5104 ubere
1804 5052 1855 5104 alit
1865 5054 1958 5105 omnia

1167 5134 1237 5187 quae
1248 5135 1301 5172 noa
1312 5119 1437 5173 inundat.
1459 5123 1557 5175 'l'ellus
1568 5135 1676 5188 quoque
1686 5120 1736 5172 illo
1745 5120 1830 5172 modo
1841 5120 1959 5175 fermen-

1164 5189 1257 5252 tescit,
1268 5195 1297 5243 et
1306 5193 1380 5242 succi
1390 5192 1481 5258 plena,
1503 5207 1537 5245 ac
1546 5188 1761 5243 lactescentibus
1772 5190 1840 5242 satis
1852 5206 1906 5243 non
1917 5189 1956 5243 ef-

1163 5257 1249 5321 foeta,
1261 5274 1322 5310 cum
1333 5266 1441 5328 tempus
1451 5262 1550 5329 aperit,
1562 5259 1663 5328 tepidis
1675 5257 1781 5311 arridet
1791 5258 1877 5311 horis.
1914 5258 1957 5310 lta

1164 5327 1283 5379 maxime
1294 5327 1433 5383 frumenta
1444 5332 1636 5398 pinguescunt,
1651 5336 1844 5397 praeterquam
1854 5327 1901 5379 ubi
1912 5341 1954 5378 ca·

1164 5395 1236 5447 lidus
1254 5411 1363 5462 semper
1381 5404 1499 5460 aerest,
1520 5404 1550 5449 ut
1561 5400 1591 5450 in
1602 5400 1738 5465 Aegypto.
1775 5395 1955 5451 continuatio

1164 5464 1235 5518 enim
1247 5472 1276 5518 et
1286 5466 1348 5533 ipsa
1358 5466 1616 5532 cousuetudo,idenr
1628 5467 1702 5535 quod
1713 5466 1810 5519 modus
1821 5465 1907 5519 aliubi
1918 5463 1958 5514 ci-

2164 684 2174 853 l
