4368 6008
4 538 9 741 l

305 309 336 369 C.
367 304 738 369 rutmttsacurtnl
776 309 941 372 NATUR.
979 308 1164 372 tiisrott.
1205 311 1286 371 titt.
1313 310 1395 373 XX.
1436 312 1527 371 CAP.
1551 315 1666 374 57-69.
1778 319 1839 379 253

190 462 246 513 stit.
282 459 352 513 item
372 456 463 522 redu,
483 470 553 525 quae
568 473 630 511 enm
642 458 729 526 myrti
740 458 885 517 nominoio
904 475 986 530 passo

190 528 283 598 tepido
294 527 472 598 gargarizata
482 527 592 595 anginis
602 527 740 581 medetur.

176 614 204 675 †
224 597 308 651 uvir.
325 597 471 655 Cuminum
483 596 611 657 silvestro
621 604 666 650 est
676 604 834 666 praetenue,
845 600 987 665 quaternis

190 674 238 721 sut
257 668 347 734 quinis
368 666 447 719 foliis
458 665 547 719 veluti
558 666 686 720 serratis.
720 666 775 721 Sed
786 675 814 721 et
824 670 915 721 sativo
928 684 986 720 ma·

190 753 258 807 gnus
274 752 348 800 usus,
359 735 386 787 in
398 734 536 789 stomachi
547 736 697 802 praecipue
707 737 846 789 remediis.
865 737 988 790 Discutit

191 805 319 874 pituitas,
332 810 360 858 et
372 804 542 866 inflationes,
553 805 652 857 tritum
665 811 766 859 etcum
778 821 847 873 pane
858 815 989 870 sumtum,

191 874 236 927 rel
247 881 342 943 potum
353 889 389 927 er
400 888 474 942 aqua
483 875 615 942 vinoque:
629 877 751 926 tormina
759 889 867 944 quoque
879 882 907 928 et
917 878 988 927 inte·

190 945 327 997 stinmum
337 942 460 996 dolores.
494 941 692 997 Verumtamen
706 959 787 997 omne
797 945 931 1011 pallorem
949 944 989 996 bi·

191 1015 319 1066 bentibus
338 1013 439 1083 giguit.
472 1012 517 1067 lta
536 1018 612 1065 certe
633 1013 727 1066 lerunt
744 1012 837 1080 Porcii
848 1014 988 1079 Latronis,

193 1083 261 1134 clari
271 1083 345 1137 inter
355 1083 506 1152 magistros
518 1081 637 1144 dicendi,
649 1088 844 1146 assectatores,
856 1083 987 1134 similitu·

193 1150 285 1206 dinem
297 1153 399 1205 coloris
409 1152 511 1205 studiis
521 1153 656 1203 conuecti
667 1153 807 1223 imitatos:
818 1151 934 1217 etpaulo
944 1167 990 1203 an·

192 1230 222 1275 te
236 1220 340 1276 lulium
359 1220 505 1273 Vindicem
527 1228 695 1273 assertorem
717 1220 945 1283 illumaNerone
957 1222 990 1273 li·

193 1290 320 1356 bertatis,
330 1292 657 1358 captationetestamenti
667 1289 709 1342 sic
719 1290 914 1342 lenocinatum.
935 1289 990 1341 Na·

193 1361 264 1413 rium
274 1361 438 1429 sanguinem
451 1359 573 1427 pastillis
583 1359 701 1411 inditum
711 1359 755 1412 rel
766 1365 887 1411 esaceto
897 1373 992 1410 reeens

193 1430 277 1482 sistit.
312 1428 348 1481 lit
359 1427 502 1481 oculorum
515 1426 657 1496 epiphoris
669 1443 719 1496 per
729 1444 759 1481 se
770 1430 940 1496 impositum,
950 1434 993 1479 tu-

193 1499 332 1552 mentibus
345 1513 407 1549 cum
418 1497 501 1552 melle
512 1498 634 1566 prodest.
669 1497 826 1551 lnlantibus
840 1498 944 1566 imponi
959 1495 991 1547 in

192 1575 290 1621 rentre
302 1568 372 1620 satis
384 1573 435 1620 est.
457 1567 557 1621 Morbo
569 1568 646 1636 regio
658 1567 687 1619 in
697 1568 762 1621 rino
772 1567 835 1620 albo
846 1582 864 1618 a
875 1566 992 1619 balineis

193 1637 291 1691 datur:
311 1635 506 1703 Aethiopicum
518 1637 635 1691 maxime
646 1637 675 1689 in
686 1653 781 1706 posca,
801 1637 864 1690 etin
876 1637 992 1705 ligmate

193 1721 256 1758 cum
268 1704 359 1756 melle.
395 1704 525 1757 lllrieano
564 1706 680 1758 aulatim
702 1707 798 1759 urinae
818 1706 990 1759 incontinen-

192 1774 259 1827 tiam
271 1771 395 1827 cohiberi
406 1782 512 1840 putant.
541 1722 664 1829 iaticum
676 1774 759 1827 datur
768 1773 804 1827 ad
813 1775 944 1827 iocineris
954 1774 992 1825 ri·

194 1845 234 1897 tia
245 1848 358 1905 tostum,
370 1844 467 1895 tritum
477 1843 504 1893 in
516 1850 607 1897 aceto.
635 1845 705 1897 ltem
716 1846 751 1897 ad
762 1846 934 1911 vertiginem.
954 1842 991 1893 lis

194 1928 271 1976 reru,
288 1926 356 1979 qnos
368 1912 460 1964 acrior
471 1916 551 1965 urina
561 1913 698 1979 mordeat,
718 1915 747 1965 in
758 1912 832 1965 dulci
846 1915 941 1967 tritum
953 1912 994 1963 ri·

194 1998 239 2033 no.
275 1980 316 2031 Ad
328 1981 470 2033 vulvarum
482 1982 549 2034 vitia
559 1982 586 2034 in
598 1986 677 2035 rino:
694 1990 868 2051 praeterque,
879 1981 992 2048 imposi-

194 2050 233 2103 tis
244 2050 349 2107 rellerc
360 2049 448 2102 foliis:
461 2053 572 2104 testium
587 2052 749 2116 tumoribus,
761 2059 874 2116 tostum,
885 2053 993 2105 tritum·

177 2120 993 2261 *qugiii'tils'tileeiivi’oiriiiiiuenidrgritatileiiciiiiresiai'raetereaad

197 2266 338 2326 serpentes
348 2274 408 2311 cunr
421 2259 494 2323 oleo,
514 2259 549 2311 ad
561 2262 730 2329 scorpiones,
741 2260 774 2312 ed
786 2259 993 2328 scolopendras.

196 2320 277 2379 Sistit
295 2333 324 2381 et
340 2328 520 2382 vomitionem
531 2345 649 2384 nauseas
669 2345 705 2384 ue
723 2345 756 2383 er
767 2330 842 2393 vino,
860 2334 993 2398 quantum

196 2395 428 2464 apprehenderint
448 2404 505 2452 tres
522 2399 613 2467 digiti.
650 2347 770 2466 iropter
782 2400 871 2453 colum
884 2410 993 2466 quoque

196 2466 302 2519 bibitur
312 2467 497 2535 illiniturque,
506 2469 550 2520 vel
562 2469 698 2534 penicillis
707 2468 818 2520 ferrens
829 2465 995 2548 adprimitur

197 2532 303 2586 insciis.
338 2534 422 2588 Stran
444 2536 583 2588 elationes
593 2537 692 2589 vulvae
704 2543 799 2603 potum
810 2535 838 2588 in
850 2550 915 2586 rme
927 2548 993 2600 ape·

196 2604 244 2667 rit,
263 2604 352 2655 tribus
363 2550 502 2655 drachmis
513 2605 541 2654 in
553 2606 642 2656 tribus
653 2604 762 2672 cyathis
774 2604 840 2655 vini.
876 2604 994 2655 Auribus

195 2672 353 2724 instillatur
365 2670 401 2725 ad
411 2670 521 2722 sonitus
531 2678 614 2739 atque
625 2672 741 2726 tinnitus
753 2689 812 2724 cnm
824 2673 891 2724 sebo
903 2670 996 2722 rituli·

195 2756 243 2802 no,
252 2740 295 2792 rel
307 2739 399 2793 melle.
436 2738 583 2808 sugillatis
596 2741 717 2794 illinitur
728 2758 790 2796 cunr
802 2740 894 2804 melle,
904 2746 932 2792 et
942 2753 996 2791 ura

195 2823 288 2878 passa,
300 2813 330 2860 et
341 2815 432 2862 aceto.
469 2808 612 2877 Lentigini
623 2810 717 2878 nigrae
729 2827 762 2863 ex
775 2817 865 2862 aceto.

231 2877 327 2932 Llllli.
347 2878 399 2933 Est
416 2881 526 2930 cumino
547 2879 728 2942 simillimum,
750 2877 994 2948 quodGraeciro·

196 2953 262 2999 cant
278 2948 371 2999 ammi.
409 2947 530 3008 Quidam
555 2962 619 2999 vero
638 2946 830 3017 Aethiopicum
854 2949 994 3000 cuminum

194 3017 224 3068 id
246 3032 307 3069 esse
325 3015 497 3067 existimant.
534 3016 721 3083 Hippocrates
741 3019 846 3087 regium
860 3017 994 3085 appellat,

58 3128 65 3149 ,
120 3092 155 3139 ''..
171 3092 180 3109 ’
194 3085 327 3138 videlicet
347 3087 415 3154 quia
431 3084 569 3137 efficacius
581 3086 716 3154 Aegyptio
726 3087 869 3139 iudicarit.
906 3086 993 3140 Pleri-

195 3153 376 3223 quealterius
396 3160 514 3208 traturae
534 3155 562 3206 in
584 3162 673 3206 tntum
687 3163 795 3222 putant,
816 3158 946 3224 quoniam
958 3157 995 3205 sit

195 3223 296 3276 exilius
317 3229 345 3276 et
362 3223 515 3276 candidius.
550 3223 656 3275 Similis
676 3231 767 3276 autern
789 3231 816 3277 et
838 3224 902 3277 hnic
919 3240 994 3277 usus.

196 3293 322 3360 Namque
336 3300 366 3365 et
379 3293 495 3361 panibus
505 3293 698 3345 Alexandrinis
711 3294 867 3357 subiicitur,
887 3300 916 3346 et
931 3309 995 3346 con-

195 3362 328 3416 dimentis
340 3363 535 3428 interponitur.
563 3360 721 3414 lnllatinnes
734 3370 761 3414 et
773 3364 893 3414 tormina
905 3362 995 3414 discu-

195 3433 239 3484 tit
276 3431 375 3483 Urinas
385 3438 413 3481 et
426 3438 567 3483 menstrua
578 3433 641 3483 ciet.
660 3431 800 3499 Sugillata
811 3439 839 3485 ct
850 3432 993 3484 oculorum

195 3498 343 3568 epiphoras
365 3498 488 3567 mitigat.
530 3501 597 3552 Cum
620 3500 671 3551 lini
692 3502 797 3554 sentina
818 3502 993 3570 scorpionum

193 3571 268 3622 ictus
286 3568 314 3620 ln
326 3566 506 3636 rino‘potum
519 3569 658 3622 drachmis
676 3569 791 3632 duabus,
812 3572 995 3640 privatimque

196 3646 377 3702 cerastarum,
399 3654 460 3692 cum
474 3639 535 3706 pari
547 3640 677 3705 portione
690 3640 829 3706 myrrhae.
866 3641 993 3693 Colorem

194 3724 304 3830 quoque
315 3709 467 3761 bibentium
480 3709 610 3762 similiter
621 3715 710 3760 mutat
721 3709 749 3760 in
764 3709 910 3776 pallorem.
929 3707 993 3760 Sui·

215 3786 274 3830 tum
287 3793 348 3830 cum
359 3794 414 3830 uva
424 3794 506 3847 passa
517 3784 547 3831 et
558 3779 659 3842 resina,
671 3778 782 3830 rulram
795 3785 904 3846 purgat.
924 3779 994 3828 Tra·

196 3847 265 3900 dunt
280 3847 392 3901 facilius
411 3848 557 3917 concipere
575 3863 631 3912 eas,
652 3862 723 3915 quae
744 3848 897 3901 odorentur
908 3846 935 3898 id
945 3861 996 3915 per

194 3919 308 3970 coitum.
576 3966 580 3973 ,

231 3987 303 4039 le.
321 3986 365 4039 De
383 3985 495 4056 cappari
515 3987 585 4039 satis
601 3986 720 4039 diximus
741 3988 815 4039 inter
834 3987 995 4056 peregrinos

193 4055 321 4107 frutices.
332 4055 393 4107 Non
403 4057 536 4108 utendum
544 4060 744 4109 nansmarino:
755 4059 931 4111 innocentius
942 4059 995 4108 lta·

194 4124 278 4177 licum
291 4132 341 4176 est.
377 4124 491 4185 Ferant,
502 4140 560 4188 eos,
571 4127 619 4192 qui
630 4128 758 4193 quotidie
768 4128 796 4179 id
810 4128 902 4187 edunt,
914 4140 994 4193 para-

195 4192 251 4261 lysi
264 4208 318 4245 non
331 4190 495 4259 periclitari,
506 4208 556 4245 nec
567 4195 648 4246 lienis
660 4195 813 4247 doloribus.
833 4196 923 4247 Radix
935 4195 996 4245 eins

196 4262 432 4330 vitiliginesalbas
443 4263 529 4324 tollit,
538 4263 562 4312 si
574 4264 641 4314 trita
650 4263 677 4312 in
685 4262 750 4315 Sole
760 4263 900 4317 fricentur.
920 4263 995 4328 Sple-

193 4331 264 4382 uicis
276 4329 390 4398 prodest
401 4330 429 4379 in
441 4329 504 4380 rino
517 4337 599 4395 potus
610 4330 711 4382 radicis
717 4338 813 4383 cortex
821 4330 927 4382 duabus
936 4331 995 4381 dra-

193 4399 293 4460 chmis,
313 4398 407 4448 demto
427 4396 600 4449 balinearum
612 4415 672 4451 usu.
708 4400 867 4466 Feruntque
888 4398 995 4453 XXXV

193 4467 294 4521 diebus
305 4466 467 4532 perusinam
477 4472 506 4517 et
516 4466 608 4518 alvum
618 4474 708 4521 totnm
719 4469 820 4523 lienem
832 4469 932 4521 emitti.
949 4469 996 4520 Bi·

191 4536 310 4589 biturio
320 4536 477 4588 lumborum
490 4536 644 4600 doloribus,
654 4553 688 4589 ac
698 4539 831 4607 paralysi.
862 4538 995 4590 [lentium

193 4607 307 4659 dolores
327 4604 407 4658 sedat
418 4605 516 4658 tritum
528 4621 562 4660 ex
574 4614 656 4661 aceto
667 4623 760 4660 semen
779 4608 933 4671 decoctum,
951 4608 994 4660 rel

192 4675 365 4729 manducata
375 4675 465 4727 radix.
502 4676 662 4730 lniunditur
680 4682 709 4728 et
728 4678 836 4730 aurium
848 4677 939 4729 dolori
950 4676 995 4730 de·

194 4751 304 4799 coctum
318 4744 390 4797 oleo.
407 4744 532 4798 Hulcera
543 4761 614 4814 quae
625 4746 818 4815 phagedaenas
830 4754 940 4809 vocant,
951 4746 993 4798 fn·

193 4816 234 4867 lla
245 4824 274 4868 et
284 4814 364 4866 radix
375 4828 473 4868 recens
485 4830 545 4867 cum
558 4817 642 4870 melle
652 4823 758 4869 sanant.
777 4817 823 4871 Sic
833 4823 861 4871 et
872 4825 994 4869 strumas

194 4885 310 4937 discutit
328 4883 421 4937 radix:
444 4885 604 4952 parotidas,
624 4887 844 4956 vermiculosque
865 4894 947 4941 cocta
965 4890 993 4939 in

194 4969 277 5022 aqua.
312 4954 446 5006 iocineris
457 4969 568 5024 quoqne
578 4957 659 5008 malis
671 4958 804 5009 medetur.
833 4958 909 5010 [lant
920 4956 992 5011 etad

194 5024 303 5076 taenias
322 5024 350 5073 in
371 5029 451 5076 aceto
474 5025 605 5078 etmelle.
641 5024 993 5080 Orisexbulcerationesin

194 5093 410 5147 aeetodeeoeta
427 5093 519 5147 tollit:
539 5094 683 5150 stomacho
703 5096 818 5149 inutiles
838 5111 898 5149 esse
918 5097 994 5149 inter

194 5170 323 5216 auctores
335 5164 473 5215 contenit.

188 5234 206 5277 ι*
228 5233 289 5286 LX.
310 5233 482 5300 Ligusticum
503 5233 604 5301 (aliqui
612 5248 747 5302 panacem
758 5238 870 5297 vocant)
888 5239 992 5285 stoma·

193 5300 246 5355 cho
258 5303 389 5356 utileest.
425 5304 495 5357 item
513 5305 734 5356 convulsionibus
754 5311 782 5356 et
794 5302 992 5355 inflationibus.

194 5372 265 5424 Sunt
273 5380 304 5492 pt
314 5376 360 5442 qul
371 5374 494 5425 cunilam
505 5373 638 5425 bubulam
650 5373 867 5442 appellaverint,
879 5378 911 5423 ut
922 5370 993 5423 dixi·

191 5454 254 5492 ntus
284 5443 355 5494 also.

225 5476 300 5564 L'xt.
321 5511 440 5563 cunilae
448 5516 563 5577 praeter
571 5512 687 5562 natham
699 5511 780 5579 plura
791 5518 856 5565 sunt
867 5512 895 5564 in
907 5509 992 5564 modi·

191 5581 252 5632 cina
264 5594 375 5648 genera.
413 5579 493 5641 Quae
511 5577 792 5648 bubulasppellatur,
812 5596 905 5637 semen
916 5581 990 5649 pult·

1039 460 1079 531 gil
1089 459 1183 527 habet,
1204 461 1275 516 utile
1284 460 1319 514 ad
1333 461 1445 517 rainere
1455 463 1714 519 commanducatum
1725 464 1840 532 impasi-

1042 540 1167 600 tumque,
1177 538 1207 583 ut
1220 533 1316 600 quinto
1327 539 1392 599 post
1402 532 1448 584 die
1458 534 1592 587 solvatur.
1629 535 1666 587 iit
1677 543 1773 588 contra
1783 550 1841 587 ser-

1040 609 1137 670 pentes
1156 604 1183 652 in
1204 604 1268 653 rino
1280 601 1395 665 bibitur,
1415 618 1449 654 ac
1460 603 1555 655 tritum
1567 604 1667 673 plagae
1678 605 1840 670 imponitur.

1042 670 1212 723 Vulneraab
1224 671 1258 722 iis
1270 669 1347 725 iacta
1364 670 1557 739 perfricantur.
1593 674 1663 727 item
1684 674 1839 727 testudines

1042 755 1102 791 cum
1118 740 1294 805 serpentibus
1312 750 1484 809 pugnaturae
1504 740 1556 793 hac
1575 756 1606 794 se
1622 746 1759 797 eveniunt:
1781 742 1840 810 (psi-

1043 807 1161 876 danrque
1180 808 1208 859 in
1221 806 1273 858 hoc
1293 825 1344 861 usu
1358 824 1506 876 panaceam
1518 819 1627 864 vocant.
1664 811 1750 865 Sedet
1758 822 1786 865 et
1798 821 1839 865 tu·

1043 892 1142 958 utores,
1165 884 1193 928 et
1215 877 1336 957 ririliunr
1356 879 1438 940 aiala,
1457 883 1540 943 sicca,
1558 878 1604 933 rel
1613 880 1691 933 iuliis
1702 881 1789 947 tritis,
1810 866 1839 934 in

1043 961 1116 999 omni
1129 961 1178 997 usu
1190 960 1258 998 mire
1270 959 1422 1013 congruens
1435 963 1469 998 ex
1481 950 1554 1001 riou.

1040 1022 1066 1080 ψ
1078 1015 1164 1066 tht.
1175 1014 1290 1066 Estalia
1301 1015 1401 1077 cunila,
1407 1015 1564 1082 gallinacea
1573 1017 1715 1085 appellata
1725 1022 1830 1071 nostris
1845 1036 1864 1089 p

1044 1083 1158 1135 Graecis
1179 1085 1321 1151 origanum
1345 1084 1576 1138 Heracleoticum.
1612 1087 1730 1139 Prodest
1753 1090 1841 1141 aculis

1043 1155 1110 1205 trita
1119 1152 1217 1204 addito
1231 1152 1298 1206 sale.
1335 1154 1446 1204 'i'ussim
1460 1170 1569 1222 qunque
1579 1155 1718 1219 enrendat,
1732 1163 1760 1209 et
1769 1157 1839 1210 ioci·

1043 1236 1137 1273 nerum
1158 1222 1234 1273 sitia.
1270 1220 1403 1274 Laterum
1424 1221 1715 1289 doloreseumiarina,
1737 1225 1842 1279 oleoet

1042 1302 1124 1343 aceto
1135 1292 1163 1341 in
1171 1290 1355 1347 sorbitionem
1364 1298 1527 1359 temperata.
1546 1292 1697 1360 Praecipue
1708 1310 1774 1348 vero
1785 1312 1840 1349 ser·

1043 1360 1166 1427 pestium
1179 1376 1293 1412 morsus.

1078 1428 1321 1482 exstruentium
1340 1445 1427 1498 genus
1447 1438 1491 1485 est
1509 1431 1578 1493 citis,
1598 1446 1668 1498 quae
1687 1446 1703 1482 a
1724 1432 1840 1486 Graecis

1044 1497 1200 1560 masculae
1210 1500 1314 1552 nostris
1324 1500 1453 1569 cunilago
1465 1507 1590 1562 vocatur,
1602 1499 1697 1552 odoris
1707 1501 1842 1566 foedi,ra·

1046 1566 1117 1619 dicis
1135 1566 1270 1636 lignosas,
1290 1564 1359 1619 folio
1370 1570 1479 1635 aspero.
1497 1570 1580 1622 Vires
1591 1570 1650 1621 eius
1662 1568 1842 1623 vehementis·
1908 1605 1914 1617 .

1045 1637 1130 1688 simas
1141 1638 1169 1687 in
1181 1637 1306 1690 omnibus
1317 1637 1464 1705 generibus
1481 1654 1575 1691 earnm
1588 1638 1713 1691 tradunt.
1749 1641 1840 1692 iliani-

1045 1705 1112 1773 pulo
1123 1720 1232 1773 quoque
1243 1707 1302 1759 eius
1312 1707 1431 1770 abiecto,
1442 1722 1537 1761 omnes
1548 1726 1563 1761 e
1575 1714 1635 1760 tuta
1646 1707 1728 1759 donno
1737 1709 1843 1761 blattas
1895 1756 1904 1773 ,

1045 1775 1192 1828 contenire
1201 1776 1236 1827 ad
1247 1792 1317 1829 eaor.
1353 1772 1486 1828 Privatim
1498 1776 1629 1829 adversus
1636 1777 1797 1844 scorpiones
1808 1792 1843 1831 ex

1045 1856 1131 1911 posca
1142 1842 1257 1910 pollere.
1285 1845 1389 1898 Tribus
1400 1843 1475 1898 foliis
1486 1861 1521 1899 ex
1532 1846 1595 1898 oleo
1607 1854 1742 1913 peruncto
1756 1845 1843 1898 homi·

1045 1928 1089 1975 ne,
1106 1910 1136 1963 iu
1159 1913 1201 1965 ari
1211 1920 1362 1981 serpentes.

1079 1981 1143 2033 bill
1173 1983 1454 2052 .Econtrarioquae
1467 1984 1843 2053 mollisrneatur,pilosiori·
1873 2022 1878 2027 -

1044 2050 1097 2105 bus
1107 2051 1186 2103 foliis
1196 2066 1230 2104 ac
1240 2053 1324 2107 ramis
1336 2054 1480 2119 aculeatis,
1493 2057 1561 2106 trita
1572 2054 1662 2107 asellis
1674 2055 1786 2107 odorem
1798 2053 1846 2109 ha·

1045 2123 1101 2185 het,
1113 2122 1209 2190 digitis
1219 2128 1298 2183 tactu
1309 2124 1369 2177 eius
1381 2120 1650 2177 cohaerescentibus.
1671 2124 1769 2177 Altera
1783 2122 1845 2176 thu·

1046 2191 1094 2253 ris,
1114 2207 1194 2260 quarn
1208 2192 1391 2245 libanotidem
1409 2193 1592 2260 appellamus.
1628 2192 1760 2245 Morietur
1772 2200 1845 2246 utra·
1867 2209 1872 2217 ·

1047 2274 1101 2326 que
1114 2268 1211 2314 eontra
1221 2270 1365 2330 serpentes
1378 2278 1413 2315 cx
1428 2265 1492 2316 vino
1502 2262 1546 2314 rel
1559 2269 1649 2316 aceto.
1687 2261 1795 2315 Pulices
1806 2271 1846 2316 et·

1046 2326 1102 2381 iam
1119 2331 1255 2383 contritae
1272 2346 1333 2383 cum
1345 2347 1416 2399 aqua
1426 2346 1543 2399 sparsae
1555 2336 1663 2383 necant.

1082 2394 1167 2451 LXV.
1187 2398 1284 2465 Satiffl
1301 2414 1411 2468 quoque
1433 2416 1500 2453 suos
1524 2417 1590 2454 usus
1610 2399 1704 2452 habet.
1742 2401 1846 2452 Strccus

1047 2464 1107 2516 eius
1118 2481 1178 2518 curn
1199 2483 1312 2521 rosaceo
1325 2469 1463 2522 auriculas
1473 2472 1559 2522 iurat.
1596 2471 1659 2538 ipsa
1671 2468 1706 2520 ad
1718 2471 1791 2521 ictus
1801 2470 1845 2522 bi·

1046 2533 1133 2597 bitur.
1168 2535 1216 2586 Fit
1228 2552 1263 2587 ex
1274 2552 1309 2587 ea
1319 2543 1460 2597 montana,
1481 2538 1606 2603 serpyllo
1618 2537 1727 2601 similis,
1749 2539 1846 2591 eillcax

1039 2609 1144 2661 ,contra
1154 2610 1306 2670 serpentes.
1338 2604 1452 2656 Urinam
1464 2610 1570 2657 moret:
1586 2611 1686 2673 purgat
1697 2612 1725 2657 et
1735 2621 1752 2658 a
1763 2612 1847 2673 partu

1047 2671 1189 2724 mulieres.
1226 2672 1440 2724 concoctionem
1450 2674 1520 2725 mire
1530 2672 1654 2737 adiurat,
1675 2678 1704 2725 et
1721 2674 1846 2728 adcibos
1886 2688 1890 2695 ·

1049 2738 1212 2794 ariditatem
1223 2747 1348 2807 utraque,
1359 2741 1403 2794 rel
1415 2743 1442 2791 in
1455 2744 1593 2794 cruditate
1605 2742 1707 2795 ieiunis
1718 2744 1745 2795 in
1757 2746 1846 2812 potin·

1049 2825 1084 2862 ne
1095 2824 1217 2877 aspersa.
1254 2809 1373 2862 Laxatis
1390 2825 1498 2878 quoque
1509 2811 1596 2863 utilis.
1631 2812 1736 2865 Contra
1748 2827 1845 2880 respa·

1048 2893 1108 2930 runt
1121 2887 1149 2932 ct
1159 2878 1265 2935 similes
1275 2879 1361 2941 ictus,
1381 2894 1415 2931 ea
1431 2879 1523 2932 farina
1543 2878 1700 2934 hordeacea
1712 2887 1741 2935 et
1752 2897 1846 2950 posca,

1047 2949 1208 3068 {utilissima
1242 2948 1418 3002 libanotidis
1439 2949 1494 3002 alia
1514 2965 1619 3020 genera
1639 2950 1697 3004 suis
1718 2951 1847 3007 dicentur

1060 3033 1126 3071 ocis.

1046 3171 1116 3217 mus,
1137 3161 1234 3208 contra
1245 3158 1358 3209 morbos
1368 3157 1524 3210 comitiales
1545 3159 1658 3212 bibitur.
1696 3161 1847 3223 Castor-ct

1047 3225 1130 3277 aliter
1141 3224 1359 3288 demonstrabat,
1371 3227 1450 3282 caule
1459 3229 1543 3288 rpbro
1557 3234 1585 3279 et
1595 3227 1691 3295 longo,
1697 3222 1790 3280 densis
1800 3243 1846 3297 ge·

1046 3293 1156 3358 niculis,
1167 3295 1442 3358 foliisleuri‚semine
1453 3296 1526 3358 albo,
1539 3297 1625 3359 tenui,
1635 3303 1717 3364 gustu
1730 3298 1846 3364 piperis,

1047 3364 1141 3416 utilem
1155 3365 1283 3434 gingivis,
1301 3365 1438 3428 dentibus,
1449 3367 1506 3416 oris
1518 3366 1659 3428 suavitati,
1672 3374 1701 3417 et
1711 3366 1846 3419 ructibus.
1884 3412 1887 3417 .

1082 3432 1194 3486 vau.
1214 3435 1365 3501 origanum
1377 3435 1450 3504 quod
1472 3436 1500 3486 in
1513 3450 1612 3502 sapore
1624 3435 1743 3487 cunilam
1754 3449 1848 3486 aernu-

1047 3500 1130 3565 latur,
1152 3509 1182 3553 ut
1193 3502 1322 3566 diximus,
1342 3505 1424 3572 plora
1434 3518 1537 3572 genera
1551 3505 1580 3555 in
1596 3504 1734 3556 medicina
1746 3503 1846 3556 habet:

1047 3572 1135 3623 onitin
1148 3571 1191 3623 vel
1202 3573 1313 3639 prasion
1325 3572 1476 3640 appellant,
1499 3586 1551 3622 nnn
1565 3572 1702 3624 dissimile
1712 3569 1845 3641 hyssopo.

1048 3634 1180 3692 Privatim
1193 3642 1252 3693 eius
1269 3656 1334 3692 unus
1347 3647 1445 3694 contra
1457 3642 1581 3694 rosiones
1592 3638 1728 3693 stomachi
1739 3644 1765 3692 ln
1777 3642 1848 3709 tepl-

1048 3709 1085 3761 da
1096 3725 1175 3776 aqna,
1196 3716 1224 3762 et
1238 3717 1336 3762 contra
1347 3710 1515 3762 cruditates:
1527 3718 1632 3763 contra
1644 3726 1761 3764 araneos
1773 3726 1848 3764 scor·

1048 3781 1197 3847 pionesque
1208 3780 1311 3830 inrinn
1323 3780 1402 3833 albo:
1424 3778 1522 3831 luxata
1540 3786 1569 3833 et
1589 3780 1700 3834 incussa
1717 3782 1744 3832 in
1757 3788 1847 3845 aceto,

1048 3854 1077 3901 et
1087 3847 1160 3910 olco,
1171 3856 1199 3900 et
1209 3849 1279 3901 lana.

1084 3916 1208 3973 LXVIll.
1225 3918 1447 3989 'rragoriganum
1464 3918 1584 3971 similius
1599 3925 1642 3972 est
1660 3919 1785 3986 serpyllo
1797 3919 1846 3970 sil·
1876 3938 1879 3943 ·

1048 3987 1144 4040 rostri.
1166 3987 1279 4040 Urinam
1289 3990 1354 4052 ciet,
1364 3988 1488 4041 tuniores
1499 3989 1623 4050 discutit,
1631 3996 1730 4040 eontra
1741 3988 1847 4038 viscum

1048 4063 1153 4124 potum,
1174 4060 1339 4125 viperaeque
1351 4059 1436 4111 ictum
1448 4058 1678 4118 efficacissimum,
1689 4053 1846 4105 stomacho-

1048 4126 1202 4193 queacitla
1223 4128 1357 4189 ructanti,
1381 4135 1410 4181 et
1432 4126 1612 4195 praecordiis.
1650 4122 1848 4174 'tussientibus

1049 4210 1157 4262 quoque
1168 4211 1229 4247 curn
1242 4197 1326 4249 melle
1337 4195 1430 4258 datur,
1446 4202 1475 4247 et
1487 4191 1647 4263 pleuriticis,
1662 4197 1692 4243 et
1703 4190 1847 4256 peripneu-

1049 4264 1172 4314 utoniols.

1084 4330 1181 4382 hxtx.
1200 4333 1362 4385 Heraclium
1385 4345 1494 4399 qtrnqne
1506 4332 1560 4381 tria
1572 4341 1676 4399 genero
1687 4324 1786 4380 habet:
1808 4328 1849 4379 ni-

1048 4401 1135 4467 grius,
1145 4399 1293 4452 latioribus
1305 4401 1390 4460 loliis,
1398 4401 1577 4465 glutinosum.
1612 4398 1737 4451 atterum
1751 4396 1849 4452 exilio·

1048 4471 1134 4530 ribus,
1145 4469 1266 4531 nrollius,
1276 4468 1441 4536 santpsucbo
1453 4484 1507 4517 non
1520 4468 1664 4529 dissimile,
1675 4468 1748 4535 qnod
1759 4468 1848 4538 aliqui

1049 4539 1161 4607 prasion
1172 4554 1272 4591 vocare
1283 4540 1399 4589 malunt.
1436 4537 1563 4588 Tertium
1575 4543 1618 4588 est
1628 4538 1705 4589 inter
1713 4537 1782 4590 haec
1792 4554 1848 4593 me·

1048 4609 1132 4670 dium,
1153 4609 1241 4658 minus
1261 4623 1343 4675 quam
1366 4605 1578 4658 ceteraeliicax.
1601 4605 1740 4673 Optimum
1753 4614 1847 4661 autem

1048 4679 1198 4732 creticum.
1235 4675 1555 4729 Nemetiucnndeolet.
1581 4674 1740 4727 Proximum
1753 4676 1847 4744 Smyr·

1047 4764 1156 4813 naeum,
1168 4747 1292 4799 odorins.
1327 4745 1564 4808 Heracleoticum,
1585 4744 1725 4813 adpotum
1741 4746 1847 4810 utilius,

1047 4817 1121 4887 quod
1134 4817 1221 4884 qnitin
1234 4822 1343 4869 vocant.
1589 4824 1602 4837 “·

1082 4884 1240 4940 Communis
1253 4891 1345 4937 autem
1358 4898 1426 4937 osus
1436 4888 1579 4967 serpentes
1590 4883 1698 4953 fugare,
1708 4887 1847 4952 percussis

1046 4958 1107 5010 esui
1118 4956 1185 5008 dare
1196 4953 1351 5018 decoctum,
1372 4961 1439 5021 potu
1450 4967 1558 5005 urinam
1570 4955 1654 5019 ciere,
1675 4955 1772 5022 ruptis,
1783 4970 1848 5006 con·

1045 5027 1133 5078 ruinis
1154 5024 1257 5076 mederi
1280 5040 1341 5076 cum
1353 5025 1466 5092 panacis
1478 5024 1582 5087 radice,
1602 5023 1765 5092 hydropicis
1784 5038 1847 5075 eum

1046 5099 1107 5157 ilco,
1119 5101 1167 5147 ant
1178 5109 1239 5145 cunr
1252 5093 1385 5162 hyssopo,
1401 5092 1541 5146 acetabuli
1552 5094 1689 5145 mensuris
1699 5092 1846 5145 decoctum

1046 5164 1208 5217 adsertam.
1232 5163 1313 5215 *item
1330 5164 1365 5216 ad
1383 5164 1515 5226 scabiem,
1534 5163 1717 5232 pruriginem,
1738 5174 1847 5229 psoras,

1045 5236 1073 5286 in
1086 5234 1265 5286 descensione
1275 5234 1458 5286 balinearum.
1485 5232 1588 5286 Succus
1599 5233 1712 5286 auribus
1723 5228 1844 5281 infundi-

1045 5310 1164 5355 turcum
1176 5301 1258 5355 lacte.
1285 5304 1424 5356 Tonsillis
1435 5316 1545 5372 quoqne
1555 5309 1585 5356 et
1595 5303 1657 5353 uris
1669 5300 1805 5360 medetur,
1815 5303 1846 5349 et

1045 5372 1145 5440 capitis
1154 5369 1324 5425 hulceribus.
1360 5372 1475 5427 Venena
1484 5374 1542 5440 opii
1555 5376 1584 5424 et
1592 5371 1674 5439 gypsi
1687 5366 1845 5433 exstinguit

1044 5440 1200 5504 decoctum,
1221 5442 1246 5493 si
1266 5458 1327 5494 cum
1344 5444 1437 5496 cinere
1456 5445 1484 5493 in
1505 5443 1569 5492 rino
1591 5440 1709 5489 bibatur.
1747 5435 1845 5488 Alvum

1043 5510 1136 5562 mollit
1147 5512 1286 5563 acatalmn
1298 5527 1437 5552 ...mm
1466 5506 1614 5575 Sugiliatis
1626 5505 1755 5556 illinitur.
1775 5506 1845 5559 lteisr

1044 5581 1188 5637 dentium
1452 5572 1844 5638 >acemanecestriae

1083 3064 1340 3155 wafi’rpemts,
1358 3046 1437 3155 quain
1449 3095 1478 3140 et
1490 3087 1680 3154 siliquastrum
1692 3088 1860 3157 appellari-r
2042 3109 2046 3117 ·
