4340 6018
351 311 408 367 na
465 307 495 366 c.
529 305 679 366 cuiun
714 296 924 362 seconor
961 290 1129 353 aaron
1163 253 1359 351 hieron.
1394 292 1479 351 cin.
1505 288 1607 347 vrri.
1640 288 1736 348 cir.
1758 289 1878 351 aean

348 462 498 513 ocioracta
510 462 623 518 remeat,
642 455 798 516 iterumque
807 444 992 512 consequitur,
1010 442 1146 497 acsubln·

348 530 395 581 de:
420 528 507 580 donec
522 530 551 578 in
566 539 663 576 narem
675 531 803 586 regresso
819 516 900 568 irrita
910 514 1008 567 feritas
1019 512 1108 565 saevit
1118 511 1147 562 ie

347 599 441 651 litore.

381 668 484 720 xxvi.
504 662 630 714 Camelos
639 659 713 708 inter
722 661 847 707 armenta
858 653 947 721 pascit
959 652 1067 713 Oriens,
1081 663 1147 718 quo·

346 752 408 789 rum
419 737 474 788 duo
484 744 595 797 genera,
605 726 735 777 Bactriae
744 726 908 777 etdrabiae:
919 722 1061 781 differunt,
1073 718 1147 786 quod

345 806 414 858 illac
425 805 488 855 hina
504 799 606 849 hubent
617 794 717 847 tubera
733 796 761 844 in
773 792 870 854 dorso,
892 790 1075 858 hassingula:
1093 789 1146 841 sub

344 881 457 941 pectore
467 869 595 925 alterurn,
606 865 649 914 cui
657 863 828 915 incumbant.
861 860 1146 925 Dentiumsuperiore

345 942 450 999 ordine,
469 937 603 996 utbores‚
624 940 718 984 careat
729 933 759 983 in
770 940 886 998 utroque
897 944 1007 997 genere.
1043 930 1146 979 Omnes

344 1017 437 1061 etitem
449 1006 635 1056 iumentorum
647 1002 807 1053 ministeriis
818 999 901 1050 dorio
913 1000 1081 1064 iunguntur,
1103 1002 1146 1046 at·

344 1094 397 1146 que
407 1075 491 1128 etiam
503 1074 628 1140 equitatu
640 1073 669 1123 in
680 1071 803 1139 proeliis.
816 1068 959 1121 Velocitas
971 1068 1146 1131 interequos,

342 1147 391 1199 sed
402 1160 470 1197 suae
481 1147 579 1208 cuique
591 1155 745 1203 mensurae,
756 1139 837 1190 sicuti
848 1140 928 1189 vires.
950 1137 1009 1189 Nec
1020 1136 1096 1186 ultra
1105 1149 1147 1184 as·

342 1221 451 1268 suetum
463 1212 590 1280 procedit
600 1209 730 1278 spatium,
742 1224 791 1261 nec
803 1206 1001 1275 plusinstituto
1009 1219 1093 1256 onere
1104 1217 1147 1255 re·

342 1284 419 1350 cipit.
440 1282 541 1334 Odium
554 1281 686 1332 adversm
696 1293 780 1345 equos
791 1284 892 1344 gerunt
903 1274 1040 1326 naturale.
1064 1273 1146 1324 Sitim

343 1360 371 1406 et
389 1350 539 1420 quatriduo
557 1350 693 1401 tolerant:
714 1347 937 1414 implenturque,
958 1360 1018 1395 cum
1035 1341 1146 1395 bibendi

342 1422 511 1482 occasiocst,
522 1426 551 1469 et
562 1422 589 1468 in
598 1418 789 1484 praeteritum,
801 1423 829 1466 et
840 1417 868 1465 in
879 1412 1146 1474 luturum,obturba·

342 1502 373 1543 ta
381 1491 588 1558 proculcatione
599 1490 674 1553 prius
683 1501 768 1551 aqua:
779 1485 861 1535 aliter
873 1491 941 1550 potu
951 1497 1004 1533 non
1016 1481 1146 1547 gaudent.

342 1559 449 1612 Vivent
469 1558 671 1625 quinquagenis
691 1556 786 1616 annis,
810 1552 992 1620 quaedamst
1013 1549 1145 1601 centenis.

343 1630 432 1681 Utcun
453 1643 486 1677 uc
496 1627 601 1678 rabiem
612 1633 641 1677 et
650 1625 728 1690 ipsae
740 1623 872 1675 sentiunt.
894 1618 1037 1672 castrandi
1050 1633 1146 1686 genus,

342 1643 568 1755 etianvieminas,
589 1708 659 1761 quae
676 1692 751 1744 bello
769 1696 982 1758 praeparentur,
1003 1688 1145 1739 inventum

341 1774 399 1818 est:
413 1765 544 1816 fortiores
555 1764 597 1815 ita
605 1766 678 1814 liunt
689 1763 765 1813 coitu
776 1767 886 1826 negato.

376 1832 491 1885 XXVll.
510 1834 619 1884 Harum
630 1833 725 1898 aliqua
735 1829 892 1881 similitudo
907 1828 935 1878 in
947 1826 1001 1878 duo
1013 1824 1147 1877 transier-

319 1944 325 1949 .
342 1912 388 1955 tur
398 1902 542 1954 aninvnliar
555 1903 652 1954 h'abnn
663 1899 812 1966 Aethiopes
821 1907 929 1959 vocant,
941 1897 1015 1947 collo
1026 1895 1145 1946 similem

342 1988 422 2039 equo,
444 1971 562 2039 pedibus
573 1978 601 2024 et
611 1971 738 2023 cruribus
748 1969 823 2031 hovi,
843 1967 949 2020 causele
960 1968 1059 2032 capite,
1076 1965 1146 2016 albis

341 2041 457 2094 maculis
473 2040 586 2092 rutilum
602 2039 725 2092 colorem
744 2036 997 2107 distinguentibus,
1016 2033 1089 2085 unde
1100 2048 1146 2099 ap-

342 2112 448 2178 pellata
467 2108 717 2175 camelopardalis,
736 2108 883 2160 dictatoris
894 2106 1020 2158 Caesaris
1033 2104 1144 2156 Circen·

266 2229 274 2245 ,
341 2182 416 2233 sibus
428 2180 502 2231 ludis
514 2182 632 2247 primum
649 2181 710 2229 risa
720 2179 833 2229 llomae,
860 2178 903 2228 lix
915 2190 948 2226 ee
959 2172 1077 2226 subinde
1089 2188 1147 2225 cer·

342 2252 428 2312 nitur,
441 2256 557 2317 aspectu
568 2249 667 2315 niagis,
678 2262 760 2314 quam
769 2246 895 2308 scritate,
905 2245 1070 2311 conspicua:
1082 2258 1146 2309 qua·

341 2321 468 2372 raetiam
480 2320 539 2371 ovis
552 2318 629 2373 ieros
638 2333 738 2369 nomen
749 2316 866 2367 invenit.

376 2389 504 2441 xxviii.
525 2388 651 2453 Pompeii
661 2386 756 2453 Magni
767 2386 886 2451 primum
897 2382 954 2436 ludi
966 2381 1147 2434 ostenderunt

342 2456 449 2517 chama,
460 2472 540 2525 quem
551 2457 625 2508 Galli
637 2458 734 2505 rollum
746 2455 892 2515 vocabant,
904 2453 996 2518 cliigic
1007 2451 1072 2517 lupi,
1085 2464 1148 2517 par·

342 2527 442 2579 dorum
455 2526 581 2577 maculis.
599 2523 685 2575 lidcm
696 2538 729 2575 cs
741 2523 899 2589 Aethiopia,
911 2538 978 2588 quas
991 2528 1092 2571 vocant
1103 2516 1146 2581 av}-

341 2612 413 2655 πους,
433 2610 549 2662 quarum
561 2593 646 2660 pedes
655 2593 834 2659 posteriores,
851 2593 967 2659 pedibus
980 2589 1106 2641 humanis
1118 2594 1147 2639 et

341 2663 478 2725 cruribus,
490 2664 598 2730 priores
608 2662 733 2712 manibus
744 2660 823 2714 luere
834 2662 949 2713 similes.
968 2660 1032 2712 llec
1041 2656 1146 2711 animal

340 2740 440 2800 postea
451 2732 539 2785 Roma
549 2747 603 2782 non
613 2731 694 2782 vidit.

377 2802 478 2853 xxix,
497 2801 597 2853 lisdem
612 2800 686 2852 ludis
705 2807 733 2853 et
750 2800 928 2863 rhinoceros,
949 2800 1030 2849 unius
1040 2799 1068 2849 in
1080 2811 1146 2848 nare

341 2886 450 2932 cornus,
475 2872 565 2938 qualis
575 2884 659 2936 saepe
670 2870 753 2920 visus.
789 2870 868 2921 Alter
880 2868 925 2920 hic
934 2869 1046 2935 genitus
1057 2866 1146 2918 hostis

340 2937 501 3005 elephanto:
515 2956 598 2992 cornu
606 2939 642 2989 ad
653 2953 722 2989 saxa
733 2939 830 2989 limato
839 2943 1145 3004 praeparatsepugnae‚

339 3010 367 3060 in
380 3008 562 3060 dimicatione
573 3009 666 3058 alvum
676 3009 796 3059 maxime
807 3012 912 3073 petens,
929 3021 1010 3073 quam
1021 3006 1075 3055 scit
1085 3017 1145 3054 esse

340 3076 511 3128 molliorem.
534 3075 693 3142 Longitudp
705 3077 731 3129 ei
742 3090 801 3143 par,
814 3089 896 3127 crura
906 3075 994 3125 multo
1005 3073 1156 3132 breviora,

340 3145 545 3196 colorbuseus.
770 3178 778 3185 .
965 3168 969 3175 «

375 3212 466 3265 XXX.
483 3212 596 3279 Lyncas
605 3211 690 3280 rulgo
700 3214 901 3282 frequentaret
912 3210 1053 3278 sphingas,
1064 3208 1144 3260 lusco

340 3282 408 3350 pilo,
420 3283 548 3334 mammis
559 3284 588 3332 in
599 3289 712 3348 pectore
723 3284 852 3353 geminis,
861 3278 1009 3346 Aethiopia
1021 3277 1144 3346 general,

340 3353 485 3420 multaque
496 3351 553 3402 alia
565 3354 680 3403 nvonstri
691 3354 809 3404 similla:
831 3358 968 3419 pennatos
979 3364 1074 3417 equos,
1085 3363 1144 3399 cor-

339 3421 421 3472 nibus
433 3429 566 3481 armatos,
577 3436 646 3489 quos
658 3428 895 3490 pegasosvocsnt:
908 3426 1060 3481 crocottas,
1069 3419 1145 3470 reiut

341 3504 375 3542 ex
386 3505 453 3541 cane
465 3490 585 3556 lupoque
595 3499 754 3557 conceptos,
776 3492 870 3543 omnia
878 3489 1007 3543 dentibus
1018 3487 1145 3553 frangen-

340 3566 390 3615 tes,
403 3559 584 3623 protinusque
596 3557 730 3609 derorata
742 3563 922 3611 conficientes
933 3566 1041 3609 ventre:
1053 3570 1145 3607 cerco·

258 3676 261 3681 ,
340 3623 465 3691 pitheens
477 3626 564 3690 nigris
575 3626 721 3688 capitibus,
744 3629 803 3691 pilo
813 3629 932 3686 asinino,
954 3634 984 3676 et
994 3623 1145 3675 dissimiles

340 3694 529 3745 ceterisrocc:
548 3694 750 3745 lodicesboves
760 3696 918 3757 unicornes,
938 3695 1144 3757 tricornesqne:

337 3763 527 3814 lencrocntam
540 3762 761 3828 pernicissimam
772 3762 871 3823 ieram,
887 3764 957 3814 asini
971 3762 1029 3814 iere
1040 3762 1144 3827 magni-

336 3830 442 3891 tudine,
462 3834 588 3885 cruribus
600 3830 730 3884 cervinis:
755 3832 838 3892 collo,
855 3831 951 3893 cauda,
962 3839 1075 3898 pectore
1087 3830 1145 3881 leo·

338 3901 392 3963 nis,
414 3901 507 3966 capite
518 3902 640 3962 melium,
655 3900 763 3952 bisulca
774 3900 887 3968 ungula,
899 3914 949 3953 ore
958 3900 993 3951 nd
1005 3914 1088 3951 aures
1100 3914 1144 3949 us·

339 3986 392 4039 que
403 3971 530 4034 rescisso,
550 3972 673 4024 dentium
684 3970 747 4023 loco
759 3986 821 4023 osse
834 3977 977 4037 perpetuo.
1013 3970 1094 4020 Hanc
1106 3967 1145 4019 fe·

339 4056 400 4094 rans
413 4040 549 4094 humanas
560 4057 643 4094 voces
660 4040 774 4092 tradunt
790 4041 905 4091 imitari.
941 4039 1020 4107 Apud
1031 4039 1143 4092 eosdem

339 4119 451 4179 atquae
473 4121 589 4164 tucatur
609 4112 679 4173 eale,
705 4110 894 4177 magnitudine
906 4110 970 4176 equi
989 4108 1144 4169 fluviatilis,

338 4182 428 4235 cauda
449 4181 602 4248 elephanti,
625 4181 720 4233 colore
742 4182 823 4248 nigra
841 4179 884 4231 rel
905 4178 994 4230 inira:
1016 4178 1144 4229 maxillas

338 4251 408 4316 apri,
422 4254 531 4305 maiora
537 4251 706 4303 cubitalibus
713 4265 817 4302 cornua
825 4249 937 4311 habens,
943 4248 1068 4310 mobilia,
1075 4262 1144 4314 quae

339 4319 449 4369 alterna
460 4321 488 4369 in
502 4338 594 4389 pugna
603 4322 689 4384 sistit,
700 4322 846 4388 variatque
858 4318 1143 4384 intestaautohliqua,

339 4394 479 4451 utcunque
490 4393 562 4441 ratio
578 4391 752 4443 monstravit.
788 4389 842 4443 Sed
859 4389 1050 4441 atrocissimos
1061 4385 1145 4447 habet

338 4463 437 4507 tauros
447 4455 593 4509 silvestres
604 4465 725 4513 maiores
737 4460 904 4529 agrestibus,
916 4459 1067 4510 velocitate
1079 4465 1144 4510 ante

341 4538 447 4585 omnes,
457 4525 553 4577 colore
564 4527 664 4591 fulvos,
675 4531 763 4581 oculis
773 4531 916 4591 caeruleis,
927 4529 984 4596 pilo
997 4531 1024 4578 in
1036 4535 1144 4579 contra·

341 4595 413 4645 rium
424 4608 516 4655 verso,
539 4594 609 4645 rictu
621 4598 657 4647 ad
667 4613 749 4650 aures
761 4600 930 4659 dehiscente,
950 4599 1030 4649 iuxta
1040 4610 1144 4649 cornua

340 4661 469 4714 mobilia:
492 4664 599 4729 tergori
609 4664 717 4716 duritia
727 4668 829 4729 silicis,
850 4683 931 4719 omne
942 4682 1077 4733 respuens
1087 4666 1144 4716 vul·

341 4746 402 4781 nus.
439 4730 526 4781 Feras
537 4747 632 4783 omnes
643 4741 794 4784 versantur:
815 4737 867 4801 ipsi
879 4751 934 4787 non
946 4737 1039 4798 aliter,
1059 4749 1141 4802 qnam

342 4797 432 4850 foveis
442 4799 525 4866 capti,
537 4799 651 4853 feritate
661 4816 771 4867 semper
781 4803 929 4856 intereunt.
941 4806 1020 4871 apud
1031 4803 1142 4858 eosdem

342 4869 419 4920 nasci
426 4869 534 4919 Ctesias
541 4870 646 4930 scribit,
653 4886 733 4937 qrram
745 4872 945 4924 mantichoram
958 4874 1145 4940 appellat,tri·

343 4936 413 5003 plici
424 4937 547 4988 dentium
559 4938 657 4991 ordine
669 4941 833 5004 pectinatim
844 4943 1012 5005 coeuntium,
1033 4943 1106 4993 sacis
1116 4949 1144 4994 et

341 5006 476 5057 auriculis
487 5004 615 5070 hominis,
636 5008 725 5060 oculis
737 5009 855 5075 glaucis,
876 5010 970 5062 colore
981 5012 1144 5080 sanguineo,

342 5090 461 5142 corpore
472 5076 575 5137 leonis,
595 5077 684 5129 cauda
699 5078 858 5144 scorpionis
873 5078 956 5130 modo
967 5081 1145 5146 spiculainii·

340 5150 465 5214 gentem:
487 5149 573 5207 nocis,
590 5153 623 5197 ut
632 5148 657 5197 si
667 5149 817 5199 misceatur
828 5146 938 5198 fistulae
949 5156 977 5198 et
987 5150 1070 5201 tuhae
1082 5164 1144 5201 con·

341 5221 449 5267 centus:
461 5215 621 5268 velocitatis
628 5230 753 5283 magnae,
765 5215 1145 5287 huosaaicorporisvclprae·

340 5286 617 5353 cipuesppetentcm.

375 5355 476 5409 xxxi.
495 5357 526 5408 ln
541 5355 621 5407 lndia
641 5363 670 5407 et
682 5355 769 5407 boves
785 5354 880 5406 solidis
891 5355 1014 5423 ungulis,
1034 5359 1146 5410 unicor-

342 5440 404 5476 nesr
424 5432 451 5477 et
465 5425 550 5478 ieram
563 5426 761 5487 nomineaain,
781 5422 904 5476 hinnulei
914 5425 997 5490 pelle,
1019 5426 1146 5491 pluribus

342 5493 601 5562 candidioribusque
618 5494 750 5556 oraculis,
770 5508 911 5545 sacrorum
929 5493 1027 5545 Liberi
1042 5495 1144 5548 Patris.

342 5564 441 5619 Orsaei
452 5566 513 5617 lndi
522 5565 619 5617 simius
633 5563 783 5619 candentes
794 5569 856 5617 toto
867 5578 984 5633 corpore
998 5570 1144 5617 venantur.

874 5688 882 5717 l

1200 443 1387 509 hsperrimam
1399 444 1492 492 autem
1502 439 1589 492 isram
1597 443 1816 502 monocerotem,
1827 439 1938 506 reliquo
1946 454 2008 493 cor·

1200 527 1269 579 pore
1279 527 1350 578 equo
1360 510 1492 572 similent,
1511 511 1604 576 capite
1615 523 1706 571 cervo,
1718 508 1836 577 pedibus
1845 510 2007 577 elephanto,

1200 582 1290 632 cauda
1311 595 1389 646 apro,
1410 579 1517 646 mugitu
1537 580 1624 645 gravi,
1644 592 1700 630 rino
1719 593 1804 630 cornu
1823 579 2007 645 nigromedia

1199 649 1291 701 fronte
1306 651 1464 702 cubitorum
1481 648 1564 700 duum
1582 647 1730 702 eminente.
1767 648 1848 699 lianc
1864 649 1951 700 ferum
1961 650 2005 701 vi·

1201 735 1260 771 vani
1271 725 1374 786 negant
1383 720 1453 784 capi.

1233 789 1348 841 xxxii.
1366 785 1764 854 Apndllesperioshethiopas
1776 785 1839 837 fons
1849 792 1892 839 est
1900 785 2006 856 Nigris,

1198 865 1230 910 ut
1249 857 1376 925 plerique
1395 856 1608 918 existimavere,
1629 855 1689 907 Nili
1708 861 1805 923 caput:
1832 864 2006 924 argrrmenta,
2043 875 2047 881 ·

1199 941 1268 993 quae
1281 927 1409 987 diximus,
1432 923 1614 992 persuadent:
1635 928 1715 976 iuxta
1725 925 1797 976 hunc
1808 925 1870 977 iera
1881 927 2003 992 appella·

1198 1002 1246 1047 tur
1256 997 1426 1063 estoblcpas,
1442 995 1553 1046 modica
1563 994 1696 1062 alioquin,
1708 996 1864 1061 ceterisque
1874 994 2005 1048 menrhris

1199 1065 1285 1128 iners,
1296 1074 1377 1132 caput
1389 1070 1495 1116 tantum
1506 1079 1660 1131 praegrave
1669 1079 1754 1132 segre
1765 1064 1872 1116 ferens:
1886 1064 1917 1115 id
1927 1065 2003 1117 deie-

1200 1143 1275 1187 ctum
1287 1148 1396 1200 semper
1406 1134 1561 1185 interram:
1581 1134 1652 1185 alias
1663 1134 1820 1186 internecio
1831 1133 1945 1185 humani
1955 1148 2003 1202 ge·

1200 1208 1285 1267 neris,
1305 1204 1432 1256 omnibus
1445 1203 1493 1272 qui
1504 1202 1601 1255 oculos
1612 1204 1672 1255 eius
1691 1202 1785 1256 videre
1798 1204 1947 1258 confestim
1959 1219 2004 1256 er-

1199 1274 1376 1339 spirantibus.

1233 1342 1361 1395 XXXlll.
1380 1340 1485 1394 Eadem
1496 1349 1525 1393 et
1533 1342 1658 1393 basilisci
1669 1343 1809 1409 serpentis
1819 1348 1862 1394 est
1873 1343 1925 1393 vis.
1951 1345 2006 1411 Cy·

1199 1414 1311 1463 reneica
1325 1409 1397 1463 hunc
1413 1419 1527 1478 generat
1538 1412 1694 1477 provincia,
1714 1411 1871 1463 duodenem
1882 1426 1936 1463 nnn
1949 1427 2009 1465 am·.

1200 1481 1273 1549 plius
1285 1481 1438 1548 digitorum
1449 1480 1649 1547 magnitudine,
1672 1481 1791 1532 candida
1800 1483 1828 1531 in
1841 1482 1934 1548 capite
1945 1497 2003 1533 ma·

1199 1550 1274 1613 cula,
1285 1559 1316 1601 ut
1327 1549 1447 1617 quedam
1459 1549 1618 1602 diademate
1629 1552 1776 1618 insignem.
1809 1550 1898 1602 sibilo
1910 1565 2005 1603 omnes

1198 1618 1278 1687 fugat
1298 1625 1455 1685 serpentes:
1479 1635 1530 1670 nec
1553 1620 1627 1672 ileru
1646 1621 1807 1687 multiplici,
1829 1628 1861 1670 ut
1871 1622 2005 1688 reliquae,

1199 1703 1298 1755 corpus
1308 1689 1440 1754 impellit,
1458 1689 1506 1740 sed
1519 1689 1611 1741 celsus
1622 1697 1651 1741 et
1663 1699 1770 1741 erectus
1781 1691 1808 1739 in
1820 1689 1913 1741 medio
1927 1690 2004 1740 ince-

1198 1758 1275 1809 dens.
1305 1760 1395 1810 Necat
1406 1758 1531 1820 frutices,
1543 1775 1597 1809 non
1609 1766 1755 1809 contactos
1766 1758 1856 1821 modo,
1867 1773 1963 1810 verum
1975 1764 2006 1808 ct

1199 1828 1308 1880 afflatos
1318 1847 1324 1878 r
1335 1830 1428 1879 exurit
1439 1827 1549 1889 herbas,
1560 1830 1663 1895 rumpit
1674 1842 1749 1878 saxa.
1782 1827 1861 1878 'l'alis
1871 1828 1914 1877 ris
1927 1827 2004 1878 virale

1199 1904 1250 1949 est.
1283 1898 1425 1949 Creditum
1438 1898 1591 1965 qnondam,
1604 1912 1638 1948 ex
1650 1911 1722 1965 equo
1734 1896 1856 1948 occisum
1866 1895 1956 1959 hasta,
1977 1904 2005 1947 et

1198 1981 1248 2033 per
1259 1982 1319 2018 eam
1332 1968 1467 2018 subeunte
1477 1968 1514 2031 vi,
1537 1982 1592 2018 oon
1603 1968 1722 2034 equitem
1734 1966 1828 2028 niodo,
1845 1966 1893 2018 sed
1904 1980 2005 2033 equum

1200 2037 1485 2103 qnoqueabsumtum.
1520 2038 1611 2102 Atque
1622 2036 1685 2088 huic
1702 2037 1751 2087 tali
1769 2044 1894 2088 monstro
1908 2040 2005 2101 (saepe

1199 2107 1406 2158 enimenectum
1417 2107 1599 2172 concupivere
1612 2121 1692 2173 reges
1703 2104 1811 2169 videre)
1824 2106 2005 2156 mustelarum

1198 2177 1275 2226 virus
1287 2176 1375 2227 exitio
1386 2182 1444 2228 esta
1462 2175 1532 2227 adeo
1544 2184 1660 2227 naturae
1673 2173 1740 2234 nihil
1753 2175 1862 2242 placuit
1872 2188 1932 2226 esse
1943 2175 2004 2226 sine

1199 2249 1266 2313 pori.
1298 2246 1427 2296 lniiciunt
1437 2260 1484 2296 eas
1497 2246 1622 2296 cateruis
1634 2244 1715 2297 facile
1728 2247 1847 2313 cognitis
1860 2244 1914 2294 soli
1925 2244 2004 2294 taber

1199 2322 1300 2367 necant
1309 2315 1375 2367 illae
1387 2316 1470 2365 sinvul
1483 2316 1583 2378 odore,
1603 2314 1827 2382 moriunturque,
1848 2321 1876 2367 et
1888 2321 2005 2364 naturae

1198 2400 1291 2453 pugna
1303 2384 1457 2435 coniicitur.

1233 2454 1361 2508 xxxiv.
1381 2452 1436 2506 Sed
1447 2454 1474 2505 in
1484 2454 1567 2506 ltalia
1577 2470 1686 2523 quoque
1697 2454 1819 2507 creditur
1828 2454 1955 2519 luporum
1966 2453 2004 2501 vi-

1198 2539 1245 2574 sus
1258 2525 1438 2575 essenorius:
1450 2525 1723 2592 vocemquehomini,
1734 2539 1815 2593 quem
1823 2526 1929 2591 priores
1939 2535 2004 2570 con-

1199 2594 1384 2660 templentur,
1407 2594 1530 2647 adimere
1540 2595 1574 2645 ad
1587 2610 1726 2662 praesens.
1761 2595 1866 2645 laertes
1875 2590 1926 2642 hos
1938 2602 2002 2656 pnr-

1199 2678 1304 2730 vosque
1315 2663 1408 2715 Africa
1427 2672 1455 2716 et
1465 2666 1607 2731 Aegyptus
1623 2667 1752 2732 gignunt:
1774 2676 1889 2730 asperos
1900 2667 2003 2711 truces·
2065 2672 2072 2677 ·

1200 2747 1253 2798 quc
1263 2732 1394 2798 frigidior
1406 2733 1497 2799 plaga.
1515 2735 1653 2785 llomines
1661 2735 1690 2783 in
1702 2733 1783 2798 lupos
1795 2734 1873 2794 recti,
1884 2742 2004 2780 rursrrm

1199 2818 1250 2868 que
1263 2803 1374 2854 restitui
1386 2804 1450 2863 sihi,
1470 2801 1573 2853 falsum
1587 2818 1648 2853 esse
1661 2804 1831 2853 confidenter
1842 2800 2004 2852 existimare

1199 2870 1343 2932 debemus,
1353 2878 1403 2921 aut
1413 2871 1527 2921 credere
1537 2872 1639 2931 omnia,
1652 2886 1721 2937 quae
1733 2869 1863 2920 fabulosa
1873 2875 1916 2921 tot
1925 2881 2004 2918 secu·

1198 2939 1233 2990 lis
1245 2942 1437 3003 comperimus.
1470 2938 1548 2988 Unde
1558 2947 1649 2989 tamen
1661 2939 1716 2986 ista
1726 2938 1810 3002 vulgo
1819 2939 1905 2987 intirs
1917 2934 2007 2987 sitta·

1198 3023 1243 3058 ma
1254 3007 1281 3056 in
1294 3014 1411 3066 tantum,
1422 3010 1454 3054 ut
1466 3010 1493 3055 in
1503 3005 1659 3055 nvaledictis
1668 3004 1829 3069 versipelles
1840 3003 1951 3065 habeat,
1964 3002 2006 3054 in·

1198 3072 2007 3137 dicabitur.EvanthesinterauctorcsGraeciaenonspre-

1198 3154 1250 3206 tus,
1263 3142 1478 3193 tradithrcadas
1488 3143 1619 3203 scribere,
1630 3140 2005 3209 ergentednthieuiusdam,

1197 3220 1273 3265 sorte
1286 3213 1409 3264 serviliae
1420 3212 1533 3273 lectum,
1545 3213 1581 3263 ad
1591 3219 1720 3279 stagnum
1733 3208 1871 3276 quoddam
1880 3209 2004 3277 regionis

1198 3284 1257 3336 cius
1267 3282 1340 3339 doci,
1352 3282 1511 3348 vestituque
1521 3281 1551 3332 in
1562 3296 1665 3349 quercu
1675 3285 2004 3348 suspensotransnatare,

1197 3361 1281 3420 atquc
1293 3352 1369 3403 abire
1379 3352 1407 3401 in
1418 3352 1539 3415 deserta,
1562 3351 1810 3418 transfigurarique
1821 3353 1849 3400 in
1859 3348 1963 3415 lupum,
1974 3355 2004 3398 ct

1197 3438 1259 3475 cunr
1278 3421 1382 3474 ceteris
1398 3421 1521 3472 eiusdem
1542 3422 1653 3489 generis
1668 3420 1835 3488 congregari
1855 3434 1904 3485 per
1915 3431 2003 3469 annos

1197 3507 1303 3542 novem.
1325 3492 1386 3553 Quo
1399 3490 1562 3556 intempore
1573 3494 1597 3541 si
1610 3490 1722 3541 homine
1731 3506 1761 3542 se
1771 3488 1948 3548 abstinuerit,
1961 3500 2004 3536 ro·

1197 3564 1268 3611 verti
1281 3560 1316 3610 ad
1327 3560 1401 3611 idem
1412 3566 1555 3625 stagnumr
1577 3565 1677 3611 etcum
1692 3559 1924 3620 transnatavcrit,
1945 3554 2004 3605 elli·

1197 3630 1270 3696 giem
1282 3628 1421 3693 recipere,
1442 3629 1477 3678 ad
1491 3629 1638 3693 pristinum
1652 3627 1776 3678 habitum
1794 3626 1889 3677 addito
1901 3639 2003 3676 norem

1198 3711 1331 3749 annornm
1345 3697 1432 3747 senio.
1462 3695 1493 3747 ld
1506 3710 1615 3762 quoqne
1627 3695 1739 3758 Fabius,
1750 3696 1866 3747 eandem
1880 3697 2004 3760 recipere

1197 3770 1310 3817 vestem.
1338 3766 1439 3815 Mirum
1451 3770 1493 3815 est
1504 3780 1558 3830 quo
1570 3765 1702 3831 procedat
1714 3764 1823 3818 Graeca
1833 3764 2002 3816 credulitas!

1197 3831 1311 3887 Nullum
1321 3841 1377 3885 tam
1389 3833 1711 3900 impudensmendacium
1719 3844 1770 3897 est,
1781 3842 1812 3886 ut
1820 3841 1892 3887 teste
1898 3839 2003 3885 careat.

1198 3906 1296 3971 ltaque
1307 3905 1457 3970 Agrippas,
1478 3905 1526 3970 qui
1537 3904 1749 3971 Olympionicas
1760 3906 1886 3971 scripsit,
1907 3908 2005 3954 namat

1197 3975 1397 4026 Denvaenctum
1410 3971 1585 4024 Parrhasium
1598 3974 1628 4023 in
1639 3975 1786 4036 sacrificio,
1799 3973 1873 4040 quod
1883 3972 2004 4025 Arcades

1197 4044 1256 4095 lovi
1269 4044 1382 4109 Lycaeo
1396 4042 1605 4093 humanaetiam
1617 4050 1675 4094 tum
1688 4044 1782 4094 hostia
1792 4042 2000 4103 iaciebant,im·

1199 4113 1297 4165 molati
1310 4114 1386 4178 pvreri
1394 4113 1706 4180 extadegustasse,etin
1714 4110 2004 4179 lupumseconvertls·

1197 4199 1239 4235 se:
1261 4182 1378 4235 eundem
1391 4183 1500 4233 decimo
1512 4198 1584 4233 anno
1595 4184 1758 4235 restitutum
1770 4182 1931 4241 athleticae,
1946 4194 2004 4230 cer·

1196 4260 1271 4304 tasse
1287 4256 1315 4302 in
1328 4253 1467 4320 pugilatu,
1486 4254 1678 4320 victoremque
1700 4252 1832 4320 Olympia
1851 4264 2002 4301 reversum.

1198 4324 1271 4385 Quin
1284 4330 1312 4374 et
1323 4324 1427 4375 caudae
1444 4322 1525 4375 huius
1543 4325 1673 4376 animalis
1685 4323 1808 4375 creditur
1820 4320 1901 4387 rulgo
1912 4319 2003 4370 inesse

1196 4394 1364 4445 amatorium
1378 4395 1451 4443 rirus
1461 4394 1561 4462 exiguo
1572 4396 1599 4445 in
1613 4394 1694 4445 villo:
1706 4408 1833 4460 euntque,
1845 4388 2004 4453 cunicapia·

1197 4470 1252 4525 tur,
1272 4463 1368 4514 abrici:
1390 4479 1439 4515 nec
1451 4463 1523 4514 iderti
1537 4464 1651 4529 pollere,
1673 4463 1726 4512 nisi
1738 4460 1841 4510 riv-enti
1853 4457 2003 4518 direptum.

1197 4533 1276 4594 Dies,
1288 4534 1387 4599 quihus
1399 4540 1487 4595 coeat,
1499 4540 1560 4582 teto
1571 4546 1643 4583 anno
1655 4545 1708 4581 non
1717 4522 2000 4605 anrpliuqduodeeim.

1197 4603 1320 4653 Eundem
1332 4602 1359 4651 in
1372 4602 1444 4651 fante
1455 4602 1529 4652 vesci
1541 4607 1624 4651 terra.
1660 4600 1735 4648 lnter
1746 4606 1872 4662 auguria,
1889 4590 1923 4641 ad
1936 4591 2004 4646 dex-

1197 4678 1286 4721 teram
1300 4671 1513 4720 commeantium
1525 4669 1651 4733 praeciso
1664 4667 1773 4725 itinere,
1784 4664 1808 4713 si
1820 4662 1902 4730 pleno
1914 4660 2002 4717 idere

1196 4738 1304 4801 iecerit,
1314 4738 1417 4787 nullum
1430 4738 1551 4786 omnium
1563 4734 1756 4802 praestantius.
1786 4732 1856 4782 Sunt
1867 4732 1895 4781 in
1908 4746 1941 4783 eo
1952 4746 2002 4799 ge·

1196 4824 1271 4867 nere,
1282 4808 1328 4873 qui
1338 4805 1454 4855 cervarii
1467 4813 1609 4865 vocantur,
1631 4804 1739 4869 qualevn
1750 4818 1766 4855 e
1776 4801 1870 4853 Gallia
1881 4801 1909 4851 in
1922 4801 2003 4853 Pom·

1197 4877 1251 4941 peii
1261 4873 1357 4940 Magni
1370 4888 1454 4925 arena
1464 4879 1616 4939 spectatum
1630 4875 1757 4924 diximus.
1794 4873 1867 4923 Huic
1876 4872 2002 4937 qnumris

1196 4946 1223 4995 in
1234 4945 1308 4995 fame
1318 4942 1470 5005 nvandenti,
1482 4944 1507 4993 si
1517 4946 1678 5009 respexerit,
1691 4941 1859 4993 oblivionem
1871 4940 1925 4992 cibi
1937 4940 2001 4992 sub·
2078 4942 2083 4953 '

1199 5027 1296 5081 repere
1306 5012 1391 5071 aiunt,
1403 5012 1614 5079 digressumque
1627 5026 1761 5080 quaerere
1773 5010 1858 5063 alind.

1231 5080 1346 5132 XXXV.
1367 5081 1446 5143 Quod
1459 5081 1493 5132 ad
1505 5091 1649 5149 serpentes
1661 5083 1770 5142 attinet,
1792 5082 1936 5149 vulgatum
1949 5088 2001 5144 est,

1200 5152 1322 5202 colorem
1334 5150 1393 5200 eius
1405 5151 1552 5217 plerasque
1563 5158 1656 5203 terrae
1668 5149 1787 5211 habere,
1807 5151 1835 5200 in
1847 5166 1900 5219 qua
1911 5151 2002 5202 occul·

1197 5228 1298 5272 lentur.
1315 5221 1462 5271 innumera
1472 5235 1533 5271 esse
1544 5236 1653 5288 genera.
1672 5221 1794 5273 Cernetis
1806 5235 1923 5287 corpore
1934 5220 2001 5270 envi-

1198 5304 1264 5341 nere
1274 5289 1417 5344 cornicula
1436 5302 1520 5356 saepe
1540 5290 1762 5360 quadrigemina:
1785 5304 1901 5357 qnorum
1913 5297 2000 5349 nvntu,

1199 5359 1309 5427 reliquo
1330 5372 1446 5424 corpore
1468 5359 1622 5422 occultato,
1643 5361 1798 5413 sollicitent
1820 5359 1855 5412 ad
1874 5376 1904 5412 se
1926 5372 2000 5408 sves.

1197 5428 1341 5481 Geminum
1353 5436 1437 5493 capnt
1447 5426 1673 5495 amphisbaenas,
1695 5431 1815 5493 honest,
1835 5436 1863 5481 et
1875 5444 1891 5480 a
1902 5424 2000 5486 canda,

1198 5505 1328 5564 tanquam
1340 5511 1436 5563 parum
1448 5505 1524 5549 esset
1534 5515 1589 5550 uno
1604 5516 1652 5555 ore
1664 5498 1743 5561 tonet
1754 5514 1898 5553 renonum.
1928 5496 2000 5547 Aliis

1197 5580 1329 5635 squamas
1340 5580 1411 5631 esse,
1421 5566 1483 5619 allis
1494 5570 1629 5635 picturas:
1649 5572 1775 5623 omhibus
1787 5567 1902 5621 exitiale
1914 5566 1999 5617 virus.
