4356 6014
24 676 25 761 i
115 724 135 771 ,

287 288 319 346 c.
356 266 503 347 remu
540 283 747 346 secunus
778 281 946 346 sarua
982 284 1168 347 :cisson
1201 286 1280 345 mn
1302 286 1405 349 xm.
1436 290 1535 351 cir.
1557 294 1681 357 cs-rs.
1755 296 1813 358 ns

160 440 220 491 lotc
228 434 376 505 fungosam
389 436 464 487 intus
474 432 814 496 medullammtsambuci:
826 434 960 502 quaedam

160 521 223 561 sero
236 508 410 568 inanitatem,
422 512 454 556 ut
465 504 624 557 arundines.
650 503 751 556 i'eruia
761 503 861 555 calidis
873 504 961 556 irasci·

162 586 207 631 tur
217 576 296 639 lueis,
308 584 392 643 atque
404 584 481 626 trans
491 575 591 635 naaria,
601 573 770 641 geniculatis
781 574 888 625 nodata
897 588 959 625 sea·

162 649 211 714 pis.
243 644 306 696 Duc
317 647 376 697 eius
387 659 507 713 genera:
528 641 664 694 nartheca
674 641 776 694 Graeci
788 649 897 706 cocunt,
917 658 961 694 aa·

163 721 321 783 surgentem
340 715 368 765 in
381 713 572 766 altitudinem:
595 711 766 778 narthecyan
779 725 843 764 ccrc
854 726 963 778 semper

162 783 301 837 bunriicm.
318 786 340 837 Α
351 783 468 852 genibus
479 781 611 835 exeuntia
620 780 689 833 fciia
700 781 869 843 niaxiuraut
880 794 962 848 quae·

160 870 210 923 que
221 861 315 907 terrac
326 852 462 921 proxima.
481 853 581 904 cetero
592 859 692 903 natura
703 849 886 917 eadenr,quae
897 866 962 902 ane·

122 950 126 959 ·
160 924 216 986 tlrc,
227 929 257 976 et
270 921 363 974 fructu
375 921 484 973 similis.
514 920 592 974 Nulli
603 920 735 972 fruticum
748 919 845 972 leuitas
857 920 961 971 nraicrs

160 996 193 1045 cb
214 992 243 1045 iri
263 998 375 1061 gestatu
397 990 521 1056 facilior,
542 990 705 1044 baculorum
725 1004 805 1043 usum
824 989 962 1043 senectuti

117 1076 122 1091 ¹
164 1064 285 1131 praebet.

31 3210 82 3243 aiiii!
93 3196 146 3255 §L-’ye

161 1132 293 1191 exunt.
305 1128 406 1184 Seneca
420 1127 680 1197 ferulae‚tirapsiam
691 1127 803 1197 quidam
814 1140 963 1192 vocarere3

159 1200 267 1267 decepti
284 1214 329 1262 ec,
350 1200 481 1280 queniam
501 1198 594 1252 fercla
614 1199 674 1251 aine
685 1198 769 1250 dubio
788 1195 962 1263 esttbapsin,

160 1270 205 1324 scd
216 1270 260 1321 sci
271 1283 390 1337 generis,
402 1268 480 1320 fciiis
492 1268 633 1331 foeniculi,
655 1267 731 1319 inani
743 1267 832 1328 caule,
853 1281 903 1318 nec
914 1280 962 1318 es·

161 1340 275 1393 cedente
297 1338 386 1390 baculi
403 1339 620 1407 longitudinem:
642 1352 736 1389 semen
749 1334 962 1404 quaieferulae,

162 1409 239 1461 radix
251 1408 380 1460 camlids.
399 1408 489 1460 lncian
502 1409 575 1460 lacte
588 1413 690 1468 nranat,
700 1413 729 1459 et
738 1412 961 1457 contusascccu:

164 1494 212 1532 nee
234 1477 366 1529 corticem
382 1477 526 1529 abdicant.
563 1476 838 1528 Orneiaearencna:
860 1474 963 1541 quippe

160 1548 245 1600 etiam
267 1545 442 1599 fodientibus
462 1552 557 1598 nocet:
577 1546 602 1596 si
617 1544 730 1596 minim
744 1542 870 1610 adspiret
883 1557 962 1605 aura,

159 1617 347 1668 intunreacunt
358 1631 490 1682 ccrpcra:
513 1612 812 1682 faciemqueinradunt
829 1613 964 1680 igncssa·

159 1686 212 1739 cri:
234 1686 270 1737 nb
281 1684 309 1736 id
321 1693 416 1738 ceratc
427 1686 504 1752 prius
522 1685 645 1737 illinunt·
681 1681 852 1747 Quibusdam
868 1690 962 1734 tanuen

159 1756 399 1810 merbisauaiiiari
407 1756 502 1807 dieunt
510 1753 621 1815 scudici,
627 1754 795 1821 pennixtam
802 1752 881 1804 aliis:
893 1753 961 1804 item
983 1802 984 1805 ,

158 1825 187 1877 in
200 1826 342 1892 alopeciis,
352 1825 549 1893 sugillatisque
559 1839 592 1877 ac
602 1823 764 1876 liuentibus:
781 1837 831 1875 ceu
843 1837 907 1874 rerc
921 1836 963 1873 re·

159 1894 251 1948 media
262 1894 363 1955 desint,
375 1902 406 1945 ut
417 1895 525 1947 scelera
535 1908 590 1947 nen
600 1899 733 1946 tractent.
750 1890 805 1945 Sed
816 1891 872 1943 ista
882 1904 962 1958 prae·

160 1971 259 2017 texunt
276 1965 360 2016 ncsio
373 1964 572 2015 instrumento:
594 1960 962 2082 tantuntqueiaatadentiae

159 2040 212 2095 est,
223 2040 254 2084 ut
264 2047 397 2086 uenenum
409 2034 480 2085 artis
490 2048 552 2086 ease
561 2033 759 2101 persuadeant.
785 2034 809 2083 'f
829 2032 908 2098 speia
918 2035 961 2081 est

156 2103 187 2154 in
199 2101 296 2155 Africa
307 2101 557 2156 uehementissime.
584 2102 703 2166 Quidam
716 2100 823 2154 caulem
834 2099 962 2152 incidunt

156 2186 333 2241 permenses,
356 2179 386 2224 et
406 2172 652 2240 inipsuetcarant
664 2171 769 2231 radice,
788 2185 842 2237 quo
863 2184 961 2222 mecca

158 2241 289 2304 confluat,
310 2229 521 2310 arefactumque
533 2241 647 2294 tollunt.
683 2241 740 2292 alii
751 2239 829 2300 iulia,
846 2240 962 2299 enciens,

156 2310 280 2364 radicem
292 2311 411 2363 tundunt
422 2312 450 2363 in
467 2312 533 2379 pila,
551 2318 581 2362 et
590 2325 702 2361 succum
714 2310 743 2359 in
756 2306 822 2359 Suis
833 2313 961 2359 coactum

157 2378 287 2432 dividunt
306 2381 333 2432 iu
342 2381 482 2448 pastillos.
510 2379 584 2431 Nero
595 2379 700 2431 Caesar
711 2375 866 2429 claritatem
878 2377 906 2429 ei
917 2375 962 2428 de·

155 2448 200 2501 tiit
221 2450 306 2502 initis
324 2450 445 2517 imperii,
465 2449 608 2500 nocturnis
618 2446 839 2515 grassationibus
851 2460 963 2498 conver·

156 2518 285 2572 hemam
299 2517 399 2571 faciem
411 2518 523 2568 illinena
533 2517 586 2569 sibi
597 2532 659 2569 cum
672 2515 766 2578 thure,
785 2530 914 2583 ceraque,
935 2521 964 2565 et

155 2588 315 2640 mutuate
328 2593 426 2637 contra
441 2584 544 2636 famam
558 2592 649 2636 cutem
664 2587 802 2638 sinceram
818 2582 964 2637 circumfe-

154 2670 233 2707 rens.
270 2655 364 2720 ignem
376 2652 475 2705 ferulis
486 2652 592 2718 optime
602 2654 711 2706 serrari
722 2660 828 2707 certum
840 2659 891 2715 est,
902 2667 961 2704 eas·

154 2722 305 2842 quffiqe
306 2721 679 2857 ffitpgfggqetffiilsfrbernuorts
688 2790 756 2859 ligni
766 2789 869 2854 frutex,
879 2789 962 2842 semi·

155 2862 258 2926 nisque
269 2865 299 2910 et
315 2858 370 2910 cibi
382 2859 498 2927 vulgati,
520 2860 598 2913 caule
613 2874 722 2929 quoque
733 2875 789 2912 una
800 2860 963 2927 plerumque

156 2931 303 2994 decerpto.
323 2927 452 2980 &rende
468 2930 527 2980 eics
537 2943 641 2996 genera
652 2930 812 2999 peregrina:
824 2929 962 2997 siquidem

157 2998 307 3051 Arabicum
318 2998 462 3062 pestilens,
472 2998 593 3049 Africum
604 2999 724 3066 gingivis
732 2999 883 3059 inimicum,
891 3000 964 3050 lilar-

159 3067 295 3120 maricam
308 3066 406 3129 sciris,
427 3072 456 3118 et
472 3068 594 3131 oninium
607 3067 808 3119 inflationibus.
843 3068 963 3133 Apulum

158 3138 281 3189 semitm
293 3136 376 3188 facit:
387 3134 561 3187 stomachum
572 3142 601 3187 et
612 3135 704 3187 altum
715 3143 818 3189 moret.
842 3135 962 3203 Quidam

150 3205 188 3258 id
201 3209 378 3273 cynosbaton
389 3210 500 3268 recent,
509 3205 559 3257 alii
569 3204 818 3273 cplreostaphylen.

83 3272 163 3333 ‘eidi
196 3276 284 3329 ΧΙΝ.
303 3275 446 3328 Fruticcsi
466 3283 509 3327 est
520 3277 631 3343 generis
642 3283 672 3327 et
681 3278 752 3336 sari,
772 3276 847 3327 cirea
865 3274 961 3326 Nilum

160 3361 288 3407 macena,
305 3340 521 3396 ducrum'ferme
532 3337 688 3396 cubiturum
706 3343 864 3407 altitudine,
884 3345 964 3411 p'olli·

162 3415 220 3467 cari
232 3413 427 3475 crassitudine,
449 3430 528 3465 ccnra
544 3414 650 3479 papyri,
668 3413 808 3480 similique
824 3414 964 3467 nranditur

161 3482 259 3535 music:
279 3482 375 3535 radice
396 3481 521 3535 ferrariis
542 3481 658 3534 cilicinis
679 3484 846 3550 praecipua,
867 3484 963 3535 carbo-

164 3552 559 3618 nisusu,propterduritianr.
751 3564 755 3576 ¹

196 3621 294 3673 xbvt.
314 3620 374 3674 Nun
386 3621 570 3674 emittendum
583 3626 665 3673 estet
680 3622 753 3688 quod
765 3621 912 3689 llabyiune
922 3636 964 3674 se·

161 3691 234 3744 titur
243 3691 271 3742 in
282 3691 378 3757 spinis,
397 3690 525 3757 quoniam
539 3706 593 3741 uun
605 3690 695 3742 aliubi
704 3693 783 3753 sirit,
801 3696 875 3743 sieut
886 3698 915 3744 ei
927 3693 965 3741 ri·

162 3776 237 3813 actim
250 3761 278 3812 in
288 3760 449 3812 arboribus:
469 3759 519 3812 setl
540 3758 611 3811 illud
628 3764 655 3811 in
666 3761 747 3827 spina
758 3767 874 3823 tactunr,
893 3775 964 3828 quae

161 3830 240 3899 regia
264 3836 391 3882 vocatur.
427 3830 539 3891 Mirum,
561 3830 633 3897 quod
647 3831 744 3882 ecdem
757 3830 803 3881 die
820 3831 964 3898 germinat,

162 3915 216 3967 que
227 3899 361 3952 iniectum
373 3906 424 3953 eat.
440 3899 568 3952 lniicitur
578 3906 671 3951 autam
683 3900 745 3965 ipsc
757 3901 840 3951 Canis
851 3906 925 3961 ortu,
936 3906 965 3952 et

162 3969 306 4022 celerrime
316 3969 446 4023 arborem
458 3974 583 4036 ceeupat.
621 3969 762 4021 Caudium
772 3985 806 4021 ec
816 3972 922 4031 riuum,
935 3975 965 4020 et

161 4040 224 4094 idea
244 4045 351 4092 serum.
386 4036 472 4107 Spina
485 4038 536 4092 ilia
549 4036 965 4092 nascituretiitbeu'asinlscm

162 4124 314 4230 gram-qq.
329 4178 438 4231 Frutex
458 4183 502 4233 est
521 4184 551 4231 et
569 4176 695 4244 cytisus,
714 4179 750 4230 ab
770 4175 965 4228 Aristomache

164 4247 329 4300 Atheniensi
338 4248 415 4299 ntiris
426 4247 557 4299 laudibus
568 4246 744 4313 praedicatus
752 4245 853 4314 pabulo
863 4247 966 4307 oriani,

164 4316 261 4368 aridus
273 4331 338 4367 reru
350 4317 432 4369 etiam
444 4332 539 4368 suum:
558 4316 731 4383 spondetque
741 4319 838 4383 iugero
849 4316 908 4366 eius
919 4330 963 4365 an·

163 4399 220 4437 aua
232 4382 326 4436 il—S.
338 4385 380 4436 rel
392 4387 523 4439 mediocri
533 4386 595 4438 solo
606 4385 725 4438 reditus.
762 4386 885 4447 Utilitas,
896 4399 965 4450 quae

163 4453 296 4516 eruo,aed
308 4455 386 4507 ccicr
394 4459 523 4518 satietas,
533 4454 966 4522 perquammodiccpinguescen·

164 4525 471 4593 teqcsdmpedemact
479 4524 892 4591 tcnrurtabcrdeunrspemcne
904 4523 965 4576 Nun

165 4608 201 4665 eq
216 4594 273 4646 alio
285 4594 389 4661 pabulo
401 4596 484 4647 lactis
495 4595 587 4647 maier
597 4595 677 4661 copia
688 4600 737 4647 aut
755 4593 863 4655 melier,
883 4606 967 4658 super

166 4664 968 4732 cnrniapecudummedicinaamcrbiscmniusupraestan·

163 4735 283 4797 influis
293 4741 325 4787 et
336 4735 493 4788 nutricibus
503 4736 532 4787 in
543 4734 654 4787 defectu
665 4734 747 4787 lactis
757 4732 965 4798 aridum,atque

163 4802 192 4854 in
203 4818 274 4872 aqua
283 4804 441 4867 decoctum,
453 4805 530 4872 potui
542 4818 603 4856 eum
615 4804 678 4857 rinc
690 4803 748 4854 dari
759 4803 852 4855 iubet:
867 4801 967 4852 firrnic-

163 4886 208 4925 res
214 4874 405 4941 celsioresque
414 4874 612 4928 infantesfcre.
624 4872 749 4927 viridem
755 4874 838 4925 etiam
845 4871 967 4938 gallinis,

163 4945 248 4995 autsi
257 4946 375 5008 aruerit,
388 4944 586 4997 madefactum.
622 4946 693 5010 ripas
706 4957 815 5011 quoquc
826 4955 967 5008 nunquam

164 5011 260 5067 defore
270 5016 356 5081 cytisi
369 5013 472 5082 pabulo
484 5014 670 5080 confingente,
686 5014 854 5080 promittunt
864 5011 966 5067 Demu-

161 5083 250 5135 rritus
261 5091 291 5136 et
301 5081 520 5137 Aristomachus.
545 5082 607 5135 Nec
618 5083 695 5135 aliud
706 5083 823 5135 nsicnris
835 5083 968 5149 impendii

163 5159 213 5205 eat.
249 5152 361 5207 Seritur
372 5170 434 5206 cum
445 5152 565 5206 horden:
587 5160 719 5214 autserc,
729 5155 843 5213 semine,
864 5160 896 5205 ut
907 5168 969 5219 pcr-

163 5234 238 5277 rum:
260 5223 307 5278 rel
318 5224 408 5287 caule,
429 5230 562 5276 autumno
574 5229 640 5274 ante
652 5224 784 5275 brumam.
812 5224 843 5274 Si
854 5226 983 5289 semine,¹

163 5292 322 5347 nradldum:
352 5295 426 5348 etsi
449 5293 542 5347 desint
563 5293 685 5354 imbres,
706 5300 797 5345 satum
817 5292 969 5359 spargitur.

162 5357 278 5417 l'iamae
299 5364 439 5417 cubitales
460 5370 590 5419 seruntur
609 5361 708 5414 scrobe
723 5360 823 5429 pedali.
860 5359 970 5412 Seritur

162 5442 209 5495 per
222 5434 405 5502 aequinoctia
424 5430 650 5486 tenerufrutice:
671 5432 819 5498 perficitur
835 5428 968 5481 triennia:

162 5497 316 5557 densetltur
325 5516 410 5556 seruc
423 5502 680 5569 succlamabimus:
694 5500 795 5554 llorere
808 5498 969 5561 desinit,sel

790 5615 876 5622 ’.μ
922 5614 955 5622 ..i-
976 5614 1005 5622 ,a

1013 433 1091 503 pueri
1102 435 1146 487 vel
1155 448 1224 488 anus
1235 435 1373 489 uilissima
1383 450 1478 506 opera.
1496 440 1586 493 Canus
1595 440 1742 510 adspectu:
1753 443 1815 498 bre·

1013 505 1148 571 siterque,
1159 506 1185 556 si
1196 506 1258 572 quis
1271 508 1425 575 exprimere
1435 508 1650 563 siritilitudiuem
1661 512 1741 577 rciit,
1764 529 1815 566 an·

1013 573 1149 693 quietioris
1167 574 1268 627 trifolii
1290 577 1392 629 frutex.
1423 579 1512 630 fiatur
1522 580 1688 633 animalibus
1698 591 1763 648 post
1774 584 1814 634 bi·

1033 657 1097 692 urrnr
1109 655 1231 708 semper:
1252 644 1421 700 hiemercro
1436 648 1509 715 quod
1526 649 1643 713 inaruit,
1664 648 1814 703 madidum.

1014 710 1126 763 Satiant
1136 726 1222 779 equus
1234 712 1321 766 denae
1333 716 1430 777 librae,
1451 722 1479 768 et
1499 721 1626 784 portione
1638 721 1747 774 crincra
1758 721 1816 774 aui·

1015 780 1119 836 maiia:
1141 781 1286 849 obiterque
1306 783 1382 835 inter
1393 784 1504 838 ordines
1515 787 1611 839 uilium
1623 797 1652 841 ct
1662 805 1746 857 caepe
1757 791 1815 843 seri

1014 849 1107 901 fertile
1119 856 1170 901 est.
1199 850 1330 903 inuentus
1342 852 1387 904 bic
1397 853 1489 907 frutex
1501 856 1529 907 iu
1542 857 1653 925 Cytbuc
1664 859 1764 922 insula,
1774 860 1814 912 in·

1015 918 1049 970 de
1060 918 1215 970 translatus
1226 927 1270 970 est
1289 919 1319 970 in
1330 934 1423 973 carnes
1433 924 1580 990 Cycladas,
1602 942 1667 980 nrcx
1683 928 1713 979 in
1732 929 1814 982 urbes

1015 987 1145 1050 Graecas,
1165 1001 1264 1056 magno
1275 990 1350 1041 casei
1372 1000 1518 1057 proventu:
1561 1003 1658 1064 rcpter
1669 997 1743 1064 queri
1754 1012 1812 1051 ma·

1017 1057 1090 1108 sinte
1106 1058 1192 1108 ntiror
1201 1072 1294 1109 rarum
1306 1072 1366 1110 esse
1379 1061 1406 1109 in
1419 1059 1508 1112 ltalia.
1536 1009 1597 1115 gun
1609 1074 1747 1129 aestuum,
1760 1082 1814 1118 ncn

1016 1125 1161 1193 frigorum,
1173 1122 1227 1178 urin
1256 1126 1410 1188 randinum,
1421 1137 1469 1180 aut
1480 1132 1551 1182 uisis
1562 1133 1689 1187 iniurium
1699 1150 1814 1203 expute-

1015 1196 1076 1248 scit.
1114 1194 1217 1247 ildiicit
1254 1197 1367 1264 yginus,
1389 1213 1423 1248 ue
1435 1197 1555 1250 bostium
1568 1203 1689 1269 quidem,
1702 1213 1815 1273 propter

1015 1265 1119 1315 nullam
1131 1267 1249 1332 gratiam
1260 1266 1338 1334 ligni.

1051 1333 1177 1385 lihl'til.
1188 1336 1348 1386 Nascuntur
1358 1341 1386 1387 et
1397 1335 1425 1385 in
1436 1335 1504 1387 nrari
1513 1336 1628 1397 frutices
1635 1339 1814 1409 arboresque,

1016 1403 1136 1454 minores
1148 1405 1175 1453 in
1187 1412 1290 1457 nostro.
1326 1403 1449 1456 Rubrum
1461 1407 1544 1467 cuim,
1564 1414 1592 1458 ct
1602 1415 1680 1461 tutus
1691 1411 1814 1464 Orientis

1015 1472 1145 1524 Oceanus
1166 1473 1288 1524 refertus
1304 1479 1348 1525 est
1359 1473 1445 1525 siliis.
1481 1475 1542 1527 Nun
1555 1475 1640 1528 babet
1653 1478 1748 1545 lingua
1757 1481 1815 1533 alia

1015 1542 1219 1607 nomen,·quud
1231 1542 1333 1595 Graeci
1353 1551 1453 1594 rccant
1467 1544 1587 1612 phycos:
1610 1546 1738 1612 quoniam
1750 1548 1813 1616 aiga

1014 1608 1263 1680 herbarummagis
1274 1612 1438 1664 uocabulum
1459 1613 1640 1681 intelligitur:
1662 1614 1707 1667 bic
1722 1623 1815 1669 cutem

1014 1686 1058 1732 ert
1068 1680 1172 1732 frutex.
1194 1681 1449 1736 Fclialataccicse
1459 1684 1542 1735 uiridi
1552 1683 1654 1753 gignit,
1675 1685 1747 1751 quud
1759 1685 1816 1752 qui·

1015 1747 1079 1801 dam
1100 1764 1202 1821 prason
1223 1757 1337 1817 uocant,
1362 1751 1412 1803 alii
1433 1759 1554 1805 ansbera.
1587 1754 1714 1807 alterum
1730 1770 1817 1823 genus

1015 1818 1150 1883 mandem,
1172 1821 1324 1887 capillaceo
1335 1821 1415 1883 fclic,
1425 1818 1679 1888 ainrile'foetsieulc,
1700 1826 1728 1876 iu
1739 1826 1816 1877 satia

1015 1888 1156 1940 metitur:
1176 1891 1304 1967 appetius
1314 1891 1343 1942 in
1356 1891 1437 1943 stadis
1446 1891 1520 1945 fraud
1531 1893 1627 1963 procul
1640 1894 1739 1958 litore,
1757 1909 1816 1946 ser·

1015 1964 1222 2025 neutrumque:
1242 1960 1531 2015 etinteritautrimnc.
1562 1964 1643 2016 circa
1652 1965 1817 2017 cretamin·

1015 2027 1104 2080 sulcat
1116 2034 1184 2079 nato
1193 2032 1221 2080 ic
1232 2031 1319 2096 petris
1331 2044 1590 2111 Qirpurasqucqtss
1601 2032 1737 2098 inliciunt,
1757 2033 1817 2085 lau·

1016 2097 1162 2151 (latissimo
1173 2114 1191 2150 a
1201 2105 1282 2167 parte
1291 2098 1450 2167 Aquilonis,
1465 2111 1514 2155 aut
1525 2105 1660 2171 spongiis.
1689 2102 1815 2156 'i'crtium

1014 2175 1059 2285 ¹est
1069 2168 1188 2287 grnqrini
1200 2169 1307 2233 simile,
1327 2172 1422 2226 radice
1433 2174 1632 2242 geniculataet
1642 2173 1732 2236 caule,
1752 2188 1816 2240 qua·
1837 2174 1841 2181 '

1026 2244 1125 2287 sterce
1139 2238 1204 2289 ami.

1049 2303 1151 2357 libili.
1168 2307 1250 2361 atiud
1261 2322 1347 2375 genus
1354 2309 1487 2362 fruticum
1499 2311 1588 2378 bryon
1600 2318 1726 2375 rcemcr,
1746 2310 1816 2363 fuiiu

1014 2374 1150 2437 lactucae,
1160 2379 1303 2443 rugosiore
1311 2384 1430 2442 mutum,
1440 2381 1493 2431 iam
1503 2378 1555 2431 hcc
1566 2381 1683 2434 imerius
1691 2396 1816 2435 isaacem.

1015 2444 1046 2494 lu
1056 2443 1115 2494 alto
1127 2458 1193 2496 verc
1204 2446 1280 2498 abies
1291 2452 1321 2498 et
1330 2463 1447 2516 quercus
1458 2448 1574 2500 cubitali
1586 2450 1744 2501 altitudine.
1764 2451 1816 2503 liu·

1015 2514 1068 2564 mis
1080 2526 1175 2563 earum
1194 2514 1347 2569 adbaerent
1366 2515 1499 2570 concleae.
1532 2518 1643 2579 Qui-reu
1654 2526 1683 2570 et
1693 2519 1765 2583 tingi
1777 2518 1817 2570 la·

1015 2595 1065 2631 nas
1078 2581 1203 2632 tradunt.
1231 2583 1368 2637 Glauciam
1379 2588 1463 2638 etiarn
1475 2587 1606 2652 quarelam
1619 2585 1692 2638 ferre
1703 2587 1731 2636 iu
1742 2586 1814 2637 altu:

1016 2648 1158 2717 naufragis
1168 2647 1235 2704 baec
1245 2651 1418 2718 deprehensa
1427 2656 1663 2723 mirantibusque.
1692 2654 1816 2708 litaliae

1016 2718 1164 2794 medeatur
1175 2722 1361 2788 praegrandes
1381 2724 1455 2774 eirca
1473 2721 1635 2789 Sicyonem:
1655 2724 1721 2774 ritis
1742 2726 1815 2776 enim

1017 2789 1118 2854 passim
1130 2790 1268 2843 irascitur:
1288 2790 1338 2843 sed
1348 2792 1416 2844 fleus
1427 2792 1488 2843 sine
1498 2790 1584 2852 feliis,
1605 2791 1690 2843 rubro
1701 2793 1815 2845 cortice.

1018 2858 1103 2909 t'itet
1115 2858 1208 2924 palcra
1226 2859 1356 2912 fruticum
1376 2860 1494 2931 generis.
1529 2861 1758 2914 Eutrallcrcclis
1770 2876 1816 2913 cc·

1017 2928 1125 2979 lucrinas
1137 2929 1212 2994 porri
1222 2928 1322 2982 fronde
1333 2932 1456 2983 nascitur
1465 2930 1565 2993 frutex,
1572 2939 1599 2982 et
1611 2929 1684 2982 alius
1695 2931 1777 2994 lauri,
1787 2940 1818 2984 et

1017 2995 1115 3063 thymi,
1136 3001 1182 3064 qui
1197 3000 1279 3051 ansbc
1290 3000 1374 3053 eiecti
1385 3001 1413 3052 in
1423 3001 1557 3067 pumicem
1569 3001 1815 3069 usnsbguruntur.

1053 3067 1083 3116 l..
1103 3069 1139 3117 at
1150 3069 1178 3117 ic
1186 3069 1304 3119 Oriente
1315 3071 1413 3119 mirum
1424 3076 1475 3132 est,
1483 3070 1577 3122 statim
1588 3072 1702 3136 accptc
1713 3085 1762 3136 per
1772 3085 1816 3121 sc·

1016 3134 1148 3187 litudiues
1165 3135 1235 3186 nibil
1247 3137 1333 3203 gigni,
1355 3144 1466 3202 praeter
1486 3141 1606 3206 spinam,
1625 3153 1696 3205 quae
1715 3139 1815 3192 sitiens

1016 3212 1141 3266 tueatur,
1155 3211 1185 3255 et
1196 3204 1268 3256 banc
1278 3221 1368 3257 raram
1383 3206 1544 3259 admodum:
1556 3208 1585 3257 iu
1597 3208 1668 3259 mari
1682 3223 1746 3261 reru
1757 3209 1814 3260 iiu-
1896 3218 1900 3227 ’

1017 3275 1067 3325 brc
1079 3275 1164 3324 stirne
1182 3273 1285 3335 uicere,
1303 3275 1411 3327 laurum
1425 3276 1552 3340 nraainte,
1572 3277 1710 3329 etcliram
1723 3276 1813 3329 feren·
1910 3312 1913 3317 «

1016 3351 1072 3395 tem
1084 3344 1193 3404 baccas,
1205 3350 1305 3395 etcum
1317 3345 1403 3411 pluat,
1419 3342 1531 3413 fungos,
1544 3347 1590 3412 qui
1600 3346 1666 3398 Scia
1675 3347 1814 3399 tactimu·

1017 3419 1113 3464 tantur
1133 3414 1161 3463 ic
1179 3413 1325 3479 pumicem.
1361 3414 1503 3466 fruticum
1515 3416 1640 3482 ipsorum
1652 3416 1814 3483 magnitude

1017 3486 1124 3535 ternum
1136 3482 1292 3533 cubitorum
1304 3490 1360 3535 cst:
1379 3484 1513 3536 caniculis
1524 3482 1638 3545 referta,
1649 3487 1694 3536 ris
1707 3491 1738 3536 ut
1749 3499 1813 3551 pro*

1015 3552 1125 3671 qucerc
1137 3567 1152 3603 e
1163 3552 1226 3602 uari
1237 3558 1327 3604 tutum
1338 3552 1384 3616 sit,
1406 3568 1497 3607 rerrrus
1512 3553 1676 3621 plerumque
1687 3554 1765 3620 ipsus
1776 3555 1813 3604 iu·

1016 3637 1050 3672 ra
1070 3622 1189 3672 cutibus.

1053 3693 1098 3741 lii.
1116 3690 1173 3751 Qui
1191 3690 1359 3759 navigavere
1378 3692 1408 3743 in
1428 3690 1512 3744 lndcs
1530 3689 1681 3742 Alexandri
1702 3690 1816 3755 milites,

1017 3759 1143 3812 frundcnr
1165 3763 1335 3812 marinarum
1353 3761 1484 3814 arborum
1495 3759 1678 3813 tradiderein
1691 3761 1813 3828 equari·

1015 3830 1105 3883 sideru
1128 3828 1225 3893 fuisse,
1245 3837 1383 3883 executum
1395 3831 1460 3885 Sole
1478 3830 1604 3899 protinus
1615 3830 1643 3882 in
1655 3830 1744 3884 salem
1755 3845 1816 3884 ara·

1017 3907 1148 3951 suentem.
1185 3900 1283 3951 iuncus
1300 3915 1409 3969 qunque
1424 3901 1553 3968 lapideos
1565 3915 1697 3968 perquam
1709 3899 1815 3954 similes

1017 3969 1091 4020 seris
1111 3983 1161 4035 per
1178 3967 1279 4021 litura:
1301 3979 1329 4022 et
1345 3971 1373 4022 iu
1383 3972 1441 4023 altu
1452 3970 1585 4038 quaedam
1596 3970 1758 4022 arbusculas
1769 3983 1815 4021 eu·
1853 3976 1860 3997 ·

1017 4036 1183 4090 icrebubuii
1203 4053 1303 4089 cornus
1323 4055 1458 4102 ranrusas,
1479 4048 1508 4092 et
1519 4040 1705 4092 cacuminibus
1715 4039 1815 4091 ruben·

1018 4114 1075 4158 tes:
1097 4120 1158 4158 cum
1171 4114 1367 4170 tractarentur,
1388 4111 1453 4161 uitri
1465 4109 1549 4162 nrcdc
1563 4108 1691 4174 fragilem
1710 4110 1738 4158 in
1751 4108 1815 4173 igne

1017 4184 1112 4227 autent
1125 4182 1154 4227 ut
1165 4174 1269 4228 ferrum
1281 4178 1496 4239 inardescentes,
1507 4178 1647 4229 restinctis
1657 4174 1753 4226 colore
1761 4190 1814 4226 auc

1018 4244 1159 4297 redeunte.
1196 4247 1301 4298 Eodem
1327 4255 1416 4298 tractu
1442 4248 1594 4298 insularum
1614 4244 1699 4294 sileas
1723 4247 1817 4308 operit

1018 4320 1122 4376 mnus,
1134 4327 1292 4382 quanquam
1304 4316 1419 4367 altiores
1430 4315 1551 4382 platanis
1562 4311 1726 4380 populisque
1737 4312 1817 4365 altis·

1018 4383 1107 4436 eineis.
1143 4382 1226 4434 folia
1236 4383 1272 4435 iia
1282 4385 1362 4446 lauri,
1374 4383 1424 4436 ilos
1436 4385 1525 4436 siclae
1534 4390 1565 4433 et
1575 4381 1661 4434 odore
1670 4387 1700 4434 et
1711 4380 1816 4436 ecicre.

1018 4454 1137 4513 llaccae,
1158 4458 1191 4502 ut
1202 4451 1284 4514 cleis,
1304 4459 1332 4504 et
1344 4455 1418 4519 ipsae
1429 4453 1525 4505 odoris
1534 4446 1659 4515 iucundi,
1680 4459 1816 4506 autumno

1019 4529 1174 4582 nascentes,
1194 4519 1273 4572 foliis
1292 4521 1574 4589 nunqua-deciduis.
1609 4521 1718 4573 Herum
1727 4523 1816 4576 mico·

1018 4607 1064 4645 res
1075 4597 1150 4642 tutas
1162 4591 1261 4657 integit
1280 4606 1364 4642 mare.
1401 4592 1586 4644 Maximarum
1607 4592 1753 4644 cacumina
1771 4605 1818 4645 ex·

1018 4660 1479 4727 stant,adquaenaresreligantur,
1489 4668 1584 4714 etcum
1592 4664 1817 4723 recessitaestus,

1018 4732 1054 4783 ad
1066 4731 1182 4784 radices.
1218 4730 1296 4781 Alias
1309 4740 1418 4798 queque
1429 4732 1543 4786 arbores
1554 4731 1582 4782 in
1593 4731 1654 4783 alta
1666 4732 1701 4783 ab
1712 4731 1817 4783 eisdem

1021 4802 1179 4868 accepimus
1190 4801 1287 4854 ecdem
1300 4800 1328 4852 in
1338 4801 1411 4853 mari
1429 4803 1513 4865 ubas,
1534 4816 1643 4868 semper
1662 4801 1731 4854 fclia
1749 4799 1817 4855 reti-

1019 4878 1129 4926 nentes:
1151 4871 1243 4923 fructu
1253 4885 1349 4924 earum
1361 4871 1456 4938 lupina
1466 4871 1560 4924 sirrdli.

1055 4936 1818 5011 fill.iubatradit,cirea'frcglcdytaruminaclaafru·
1846 4910 1876 4999 ,³
1935 4947 1940 4955 ⁴

1020 5015 1102 5066 ticam
1113 5013 1141 5065 in
1151 5014 1209 5065 alto
1220 5014 1314 5065 uocari
1326 5012 1409 5065 laidis
1420 5013 1533 5076 currem,
1552 5009 1670 5063 corallio
1692 5006 1819 5064 mutilem,

1020 5086 1080 5136 sinc
1092 5082 1184 5136 foliis:
1206 5083 1361 5148 praecisum
1382 5090 1489 5135 nmtato
1502 5082 1597 5134 colare
1607 5080 1637 5129 in
1650 5081 1758 5143 nigrum
1770 5074 1819 5125 du·

1020 5168 1142 5205 rescere:
1164 5165 1225 5202 cunr
1237 5153 1329 5214 cadat,
1350 5151 1450 5218 frangi.
1487 5153 1567 5213 item,
1585 5148 1670 5200 alium
1682 5147 1726 5212 qui
1739 5156 1820 5197 ruca-

1021 5229 1067 5274 tur
1085 5219 1362 5287 charitublepharcn,
1381 5219 1521 5273 efficacem
1531 5221 1561 5271 iu
1571 5214 1731 5271 amaturiia:
1754 5224 1817 5276 spa·

1021 5287 1109 5341 tbaiia
1120 5304 1154 5340 eu
1166 5289 1259 5342 facere
1270 5296 1299 5343 et
1310 5289 1428 5342 monilia
1448 5289 1582 5343 feminas:
1602 5283 1705 5338 sentire
1714 5293 1777 5331 eum
1787 5289 1818 5327 se

1022 5359 1092 5425 ⁰³9¹,
1103 5357 1253 5425 ‘futurique
1263 5374 1366 5411 cornus
1375 5358 1468 5420 mmo,
1479 5367 1508 5412 et
1520 5357 1653 5431 hebetare
1662 5350 1750 5402 aciem
1759 5342 1816 5395 fer·

1021 5428 1055 5479 fi·
1085 5426 1166 5491 Quod
1185 5427 1211 5479 si
1230 5426 1385 5483 fefellerint
1405 5428 1538 5491 insidiae,
1558 5418 1717 5487 inlepidum
1728 5419 1821 5465 trun*

1022 5498 1145 5567 figurati.
