4368 6008
276 294 309 355 c.
339 291 490 355 ternu
516 291 728 402 secunao
757 292 926 358 aaron
954 296 1148 363 uterere
1175 299 1259 363 uta.
1284 299 1404 364 xxti
1428 302 1522 364 cnr.
1543 256 1661 365 rum.
1766 305 1827 369 ate

172 448 360 517 quassanti
369 441 977 510 nannulntqnnnsrinsdeeontnzinnee·
1028 450 1110 504 enula
1123 447 1258 521 ioillsqos
1275 451 1426 515 marita,
1447 436 1565 521 capillos
1584 453 1667 524 aigro
1677 454 1828 510 colorata·

172 524 204 581 tn
225 520 319 567 nutem
341 512 461 567 duritias
481 518 511 565 st
529 520 651 567 suumne
671 511 795 567 metuat.
830 513 976 568 Stomocbi
1028 521 1132 573 ficiunt.

173 584 287 654 quidem
299 596 392 646 causo,
412 581 545 649 polentae
566 581 650 634 modo
662 584 825 649 potionibus
836 584 974 655 inspergi·
1063 588 1193 644 LXXlV.
1210 590 1313 659 lupini
1323 606 1432 660 quoque
1445 592 1588 646 silvestres
1598 599 1671 656 sunt,
1681 595 1758 647 omni
1768 608 1829 647 rno-

174 662 230 709 tur.
256 653 581 716 Quaeruntanrbustam
602 655 976 722 autenticoctacuraapost·
1028 657 1202 713 dominorss
1216 664 1322 725 satiris,
1344 670 1537 730 praeterquam
1554 664 1748 719 amaritudine.
1784 665 1830 716 Ex

175 739 210 780 ee
230 722 305 784 trito,
329 728 359 803 et
370 735 420 788 per
431 721 553 802 cribrum
563 666 652 772 causo
663 719 780 786 fumare,
801 738 867 776 otox
879 740 975 793 proee-
1029 730 1158 782 omnibus
1178 743 1248 796 quae
1270 731 1398 794 eduntur,
1417 734 1493 783 sicco
1509 732 1579 784 nulli
1594 730 1849 803 minusponterta·

175 789 626 848 dentecurattoneaddttomeila
648 790 976 863 Exposoacoqoiturad
1029 804 1082 862 est,
1099 812 1153 851 uec
1167 799 1228 865 plus
1238 799 1381 851 utilitatis.
1415 800 1672 854 Mitescuntcinere
1689 810 1739 854 aut
1756 818 1829 872 aqua

14 894 23 933 p
130 870 297 934 -p-guttura.
326 862 377 913 list
388 869 418 913 et
428 860 560 933 palustris
573 861 633 923 leue
643 875 692 928 per
702 877 732 914 se
743 878 858 917 nascens
867 863 896 916 in
904 878 977 932 aqua
1029 866 1136 923 calidis.
1172 867 1302 919 colorem
1315 867 1433 921 bominis
1448 868 1654 937 frequentiores
1663 872 1693 922 in
1704 872 1767 923 cibo
1780 888 1828 925 ex·

177 948 233 986 non
254 927 424 998 profluente,
455 924 685 999 refrigeratoriae
706 941 838 986 naturast
860 941 977 1001 prepter
1029 936 1166 990 bilnrsntr
1194 937 1282 988 amari
1302 944 1401 989 contra
1419 938 1532 1004 aspides
1551 941 1655 992 taient.
1700 940 1830 994 llulcers

179 1000 251 1068 quod
262 1000 474 1065 collectionibus
485 1000 615 1064 illinitur,
626 1008 655 1052 et
665 1002 784 1055 mamam
797 1001 937 1070 podagris,
948 1006 977 1055 et
1029 1013 1101 1069 atta,
1122 1004 1197 1057 aridi
1216 1006 1435 1073 decorticatique
1450 1008 1518 1069 triti,
1537 1008 1682 1075 supposito
1704 1010 1830 1073 linteolo,

172 1085 277 1143 pereo,
297 1071 536 1139 etcumpoiantet
555 1070 975 1143 glutinatctiatsranoaprcci·
1029 1075 1279 1143 advirumcorpus
1298 1075 1436 1144 redigunt.
1473 1075 1608 1141 Strunras,
1627 1080 1780 1145 parotidas,
1799 1081 1830 1131 in

174 1140 284 1199 dentia.
1030 1151 1111 1199 aceto
1121 1145 1196 1196 oocti
1206 1144 1369 1196 discutiunt.
1405 1144 1509 1197 Sucous
1520 1145 1698 1200 decoctorum
1710 1162 1771 1199 cum
1784 1163 1830 1200 ru·

168 1214 183 1267 .'
208 1208 311 1266 lxxi.
330 1209 383 1261 Est
394 1207 531 1261 silvestris
541 1212 570 1260 ot
582 1205 764 1280 elelisphacos
775 1210 854 1264 dicta
864 1224 881 1263 s
892 1211 977 1266 Grae·
1029 1222 1060 1268 ta
1078 1221 1108 1267 et
1125 1216 1230 1281 pipere,
1250 1213 1296 1265 rel
1316 1214 1345 1265 in
1355 1212 1428 1266 iebrl
1438 1213 1522 1265 datur
1533 1214 1568 1266 ad
1580 1217 1686 1269 reatris
1696 1217 1830 1272 animalia

170 1274 978 1415 illrllll'lieentia‘{titillatio{t
1029 1283 1829 1422 llllilutltll‘lltlallatis,bll‘lltl

365 1382 373 1410 j
843 1388 850 1402 s
949 1402 953 1410 ,
1567 1388 1576 1404 0

137 1420 294 1493 pallorum
352 1416 492 1482 anseius
503 1384 668 1483 silrffltrius,
692 1417 884 1488 odoregravit
908 1418 978 1473 baec
1030 1425 1108 1485 tosti,
1119 1422 1186 1474 etin
1197 1421 1309 1475 delruto
1320 1422 1395 1489 poti,
1408 1422 1453 1475 rel
1466 1436 1501 1474 ex
1510 1420 1593 1473 melle
1609 1424 1704 1475 sumti.
1740 1423 1828 1476 iidem

173 1491 279 1541 mitior.
340 1488 397 1540 olio
409 1482 493 1537 babet
505 1486 805 1557 cotoneimalieffigie,
824 1489 874 1542 ssd
888 1490 977 1542 miuo-
1029 1492 1193 1545 ariditatem
1206 1491 1263 1545 cibi
1277 1491 1394 1553 iaciunt,
1414 1490 1560 1544 fastidium
1572 1491 1730 1545 detrabunt.
1751 1493 1828 1547 Fari.

172 1558 382 1621 matcaudida,
404 1569 479 1623 qaae
495 1571 558 1609 com
572 1556 865 1625 ramisdecoquuntnt.
901 1560 978 1613 Men·
1030 1578 1067 1615 ns
1077 1576 1172 1617 eorum
1185 1568 1266 1615 aneto
1285 1561 1410 1622 subacta,
1427 1561 1542 1629 papulae
1553 1563 1730 1630 pruritusque
1741 1565 1768 1613 in
1778 1563 1827 1615 bo-

106 1646 112 1665 ·
173 1643 219 1681 ses
231 1627 296 1690 ciet,
309 1635 337 1680 et
347 1627 496 1678 urinuret
506 1626 667 1693 pastinacae
677 1627 750 1680 ictus
762 1635 852 1680 unm.
870 1629 978 1697 Torpo-
1030 1634 1111 1686 lincis
1122 1631 1200 1684 illita
1210 1628 1329 1693 cohibet,
1346 1637 1375 1682 et
1385 1644 1434 1697 per
1444 1646 1474 1682 se
1484 1630 1572 1683 siccat
1583 1629 1706 1683 bulcera.
1741 1631 1826 1684 Livo-

173 1703 338 1749 remeutenr
352 1695 700 1761 obducitpercussoloco.
732 1696 918 1750 Bibiturcum
931 1699 977 1750 ab·
1030 1717 1077 1755 res
1097 1699 1235 1753 emendat.
1270 1699 1504 1752 inflammationes
1523 1714 1587 1751 cum
1608 1701 1722 1769 polenta
1740 1700 1830 1754 sedat.

174 1763 282 1817 sintbio
294 1764 331 1817 ad
344 1764 547 1831 dysenteriam.
584 1766 652 1817 cum
668 1765 734 1817 rino
745 1767 844 1821 endem
855 1783 976 1821 commo·
1030 1770 1205 1825 silvestrium
1224 1768 1364 1822 efficacior
1383 1770 1427 1823 ris
1447 1776 1490 1822 est
1500 1774 1599 1819 contra
1610 1770 1789 1823 coxendicum
1800 1778 1830 1823 ct

174 1842 272 1887 rantes
282 1848 389 1887 menses
399 1832 501 1885 trahite
517 1833 692 1887 abundantes
701 1836 779 1887 sistit
790 1835 905 1889 decoao
917 1840 977 1890 eius
1031 1840 1187 1892 lumborum
1199 1837 1383 1892 debilitatem.
1419 1838 1464 1889 iix
1478 1835 1576 1891 iisdem
1590 1838 1707 1891 decocta
1716 1838 1830 1908 lentigi-

173 1912 249 1971 poto.
286 1904 340 1957 Per
356 1918 387 1955 so
405 1903 541 1970 imposita
560 1903 648 1956 herba
658 1903 804 1960 vulnerum
815 1907 977 1973 sanguinem
1030 1925 1089 1972 nes,
1110 1907 1302 1961 atterentium
1320 1914 1411 1961 cutem
1428 1908 1584 1976 corrigunt:
1606 1909 1706 1961 sivero
1718 1908 1831 1962 admel-

174 1971 295 2026 coitibet.
330 1971 460 2026 Sanam
479 1974 653 2040 serpentium
662 1989 781 2028 memus.
816 1974 889 2027 Etsi
900 1976 929 2026 in
940 1977 978 2027 ri·
1030 1975 1550 2043 nemassitudinemdecoquanturtel
1565 1977 1656 2041 sativi,
1677 1977 1831 2044 vitiligines

175 2057 212 2095 no
223 2042 404 2111 decoquatur,
421 2044 547 2110 pruritus
558 2045 673 2097 testium
685 2046 775 2097 sedat.
811 2044 920 2108 Nostri,
931 2046 977 2112 qui
1030 2045 1437 2115 nigrssetleprasemendant.
1473 2045 1563 2099 Setini
1578 2056 1831 2114 quoquot-umpunt

142 2124 164 2171 a·
175 2127 249 2165 nunc
259 2120 333 2176 sunt,
344 2112 467 2166 herbarii
475 2112 669 2181 elelisphacum
680 2112 796 2177 Graece,
809 2113 978 2191 Latineeal·
1030 2116 1214 2170 carbunculos
1235 2117 1372 2184 impositi:
1393 2122 1531 2180 panos¹et
1549 2121 1673 2169 strumas
1694 2118 1830 2182 minuunt,

14 2190 16 2237 l
175 2182 250 2251 'Q'
269 2190 383 2246 vocant,
404 2189 515 2236 mentm
537 2183 670 2244 solutilem,
690 2198 798 2249 cunam,
821 2183 976 2236 odoratam.
1030 2190 1081 2239 aut
1099 2191 1255 2248 maturant,
1278 2186 1351 2238 cocti
1372 2198 1405 2236 es
1425 2190 1521 2238 aretur
1543 2184 1719 2238 cicatricibus
1737 2185 1829 2237 uendi·

176 2250 275 2304 Partus
295 2258 436 2305 emanant
457 2266 491 2304 ea
503 2253 635 2320 apposita
644 2251 810 2306 extrabant:
830 2253 900 2307 item
914 2266 977 2305 rer·
1032 2255 1096 2307 dum
1107 2255 1229 2308 colorem
1241 2254 1368 2307 reddunt.
1404 2252 1435 2306 Si
1446 2268 1512 2306 vero
1524 2254 1642 2307 caelesti
1655 2269 1728 2322 aqua
1740 2254 1829 2307 discu-

175 2335 235 2375 ntes
245 2323 354 2375 aurium
364 2319 579 2391 linteorumque.
1031 2328 1266 2391 quantunsuceus
1276 2324 1325 2375 iile
1337 2337 1461 2390 smegma
1473 2325 1516 2374 tlte
1527 2338 1582 2390 quo
1592 2323 1686 2376 lovere
1696 2338 1832 2392 gangrae-

114 2434 122 2469 ι
211 2423 324 2477 cxxii.
343 2424 465 2478 ciceret
481 2425 611 2478 sternere
632 2430 675 2478 est
705 2422 783 2477 rnna
800 2421 979 2476 sternent·
1031 2409 1094 2457 '¹²¹⁷
1107 2398 1401 2475 emptionemque,
1418 2391 1694 2475 hl¹⁰0f²¹⁸¹¹¹¹¹ffl¹⁰2
1716 2394 1832 2444 ‘¹⁰¹¹'st

112 2481 117 2493 ⁸
177 2494 215 2557 le,
235 2494 322 2545 odore
332 2493 419 2561 gravi.
456 2460 978 2562 silargiussunn’ntur,alvussolvitur,
1031 2477 1114 2545 ΜΨ·
1126 2460 1533 2584 ἓψᾱὲὶαᾱὴῗῗωὶῧᾞ
1548 2467 1649 2580 ‘'nuh“
1660 2460 1831 2581 ”annm

176 2569 205 2615 ct
215 2562 321 2613 inflatio
332 2559 516 2623 contrabitur,
526 2571 555 2615 et
567 2563 698 2614 tormina.
710 2563 827 2615 Tostom
839 2562 978 2614 salubrius
1030 2540 1117 2585 ’Μ’
1163 2545 1228 2613 Ψ
1272 2545 1314 2582 ¹¹⁸·
1374 2543 1421 2648 ’Ἥ
1440 2544 1496 2647 (ξω
1542 2544 1603 2581 ⁰⁰⁸¹
1622 2544 1674 2647 5⁶⁰
1711 2544 1797 2648 ⁰⁰?

173 2630 306 2683 babetur.
342 2629 485 2691 Cicercula
507 2632 660 2682 etiamnum
682 2631 771 2699 magis
790 2631 818 2685 in
835 2632 897 2684 alvo
916 2645 978 2698 pro·
1031 2605 1361 2720 ‘nwwmi'flf'uffi
1421 2611 1438 2647 ³
1471 2610 1609 2718 ¹q¹ssi⁰q¹¹⁶
1632 2611 1829 2717 ghm⁸¹⁹⁰⁰‘

173 2700 245 2751 licit.
270 2697 373 2749 Farina
384 2698 658 2766 utriusquabuiccru
669 2701 812 2755 manantia
823 2700 923 2767 capitis
932 2713 977 2750 sa·
1031 2671 1226 2735 ‘mmm‘
1250 2674 1280 2719 ¹⁸·
1323 2672 1520 2733 ”murm
1556 2680 1617 2718 ‘'⁰¹''
1667 2681 1830 2721 ΜΘΝ

172 2776 234 2829 met,
247 2766 541 2820 efficaciussilvestris.
568 2768 639 2821 item
651 2770 817 2832 comitiales,
836 2776 865 2822 et
875 2769 978 2822 iocine-
1030 2740 1117 2794 h⁰¹b³
1133 2739 1258 2799 ‘mai’
1279 2750 1351 2803 'qm
1367 2736 1394 2786 ¹¹¹
1411 2742 1507 2802 P⁰t¹¹¹¹¹
1527 2735 1639 2788 mum
1675 2736 1781 2790 snm*
1801 2745 1832 2790 “

174 2852 238 2891 rum
256 2845 388 2898 tumores,
409 2842 438 2889 et
455 2837 626 2905 serpentium
639 2839 720 2891 ictus.
757 2839 819 2893 ciet
830 2854 939 2891 menses
950 2842 979 2890 et

172 2906 280 2969 urinas,
290 2920 378 2975 grano
389 2908 518 2960 maxime.
554 2907 692 2960 Entendat
704 2914 733 2961 et
744 2907 874 2970 lichenas,
897 2913 925 2960 et
936 2912 978 2959 te·

174 2977 261 3028 stium
273 2973 517 3039 indanrmationes,
526 2976 635 3043 regium
647 2979 784 3038 morbum,
800 2975 978 3047 hydropicos.

172 3044 305 3099 Laedunt
316 3045 408 3096 omniu
419 3043 487 3094 boec
496 3059 600 3113 genera
620 3045 829 3105 exbuleeratam
848 3049 978 3107 vesicam,

161 3121 206 3168 „et
220 3128 310 3167 renes.
346 3112 518 3180 Gangraenis
540 3112 657 3166 utiliora
679 3130 740 3165 cum
761 3114 854 3175 melle,
875 3122 904 3165 ct
924 3113 977 3175 his,

174 3197 249 3252 quae
262 3181 393 3234 cacoetbe
405 3188 548 3233 rorantur.
568 3183 754 3235 verrucarum
767 3184 795 3234 in
807 3182 976 3248 omnigene·

173 3267 209 3309 rc
221 3252 313 3320 prima
322 3250 402 3303 Luna
412 3251 529 3318 singuiis
541 3254 635 3319 granis
651 3252 775 3320 singulas
787 3258 913 3319 tangunt,
932 3265 977 3303 ea·

214 3336 326 3389 agrena
345 3322 374 3371 in
394 3320 512 3373 linteolo
524 3319 649 3393 deligato
661 3328 765 3387 poetae
776 3321 916 3383 abiiciunt,
936 3319 979 3371 ita

190 3391 270 3459 uguri
283 3389 381 3442 vitium
400 3392 580 3443 arbitrantes.
616 3389 713 3443 Nostri
726 3391 897 3457 praecipiunt
908 3391 977 3441 orie·

174 3461 265 3515 tinum
278 3461 305 3509 in
316 3473 388 3526 aqua
398 3474 458 3511 cum
469 3460 527 3511 sele
538 3458 708 3525 discoquere,
718 3474 752 3513 ex
764 3474 797 3511 eo
808 3460 903 3511 bibere
914 3473 978 3524 cya-

173 3528 243 3581 thos
255 3528 336 3581 binos
347 3529 375 3578 in
393 3527 602 3580 difficultatibus
613 3528 720 3581 urinae·
756 3527 803 3580 Sic
815 3534 843 3581 et
854 3527 977 3581 calculos

174 3597 268 3669 pellit,
278 3598 459 3666 morbumque
472 3598 589 3664 reglum.
625 3596 755 3651 Eiusdem
768 3597 845 3650 loliis
857 3611 978 3649 sarmen-

175 3668 215 3720 tis
236 3666 413 3731 uedecoetie,
431 3681 504 3733 aqua
527 3681 608 3736 quam
631 3666 977 3719 maximecolidantorbos

173 3684 277 3805 pegam
296 3735 395 3799 mollit,
417 3743 446 3789 et
463 3737 555 3804 ipsum
568 3735 686 3787 calidum
702 3737 976 3804 tritumqueillitum.

147 3805 334 3858 *Columbini
344 3804 452 3857 decocti
465 3804 695 3872 aqua,borrorem
706 3807 845 3859 tertianae
857 3813 886 3858 et
897 3820 978 3874 quat·

175 3884 260 3927 tanae
270 3876 394 3926 utinuere
405 3874 536 3928 creditur.
567 3874 602 3943 pli
624 3890 683 3926 rum
701 3883 794 3929 autern
808 3892 868 3928 eum
881 3875 992 3944 gallae

175 3943 293 4064 gintidio
313 3945 420 4008 tritum,
442 3944 585 4001 oculorum
601 3890 762 3999 {ulceribus
774 3960 812 3999 ex
824 3960 906 4014 passo
918 3959 975 3997 nte·

195 4021 267 4066 elur.

1029 2808 1151 2862 soablern
1170 2804 1379 2873 quadrupedum
1390 2804 1522 2866 omniunt,
1542 2804 1571 2856 in
1585 2819 1697 2858 amurca
1709 2805 1828 2868 decocti,

1029 2879 1075 2931 vel
1085 2882 1204 2942 unoque
1214 2873 1323 2940 liquore
1334 2872 1543 2939 postremisto.
1579 2874 1830 2928 Funnsernnsto·

1030 2961 1091 2999 rum
1104 2945 1209 2997 culices
1220 2948 1312 2995 necat.

1063 3011 1175 3066 LXXV.
1193 3012 1312 3069 irionem
1324 3010 1397 3062 inter
1405 3007 1501 3077 fruges
1513 3024 1639 3064 emeras
1654 3011 1774 3063 similem
1786 3027 1829 3065 es·
1848 3024 1857 3057 t

1031 3096 1062 3134 se
1072 3082 1200 3144 diximus,
1221 3088 1276 3134 eta
1287 3081 1402 3135 Graccis
1414 3079 1554 3146 erysimon
1566 3081 1674 3132 rotam:
1697 3080 1773 3133 Galli
1787 3096 1854 3143 lo-:r

1031 3153 1085 3204 iarn
1097 3151 1249 3223 appellant.
1282 3149 1334 3201 Est
1344 3156 1437 3202 sutem
1449 3147 1624 3219 irutleosum,
1634 3149 1710 3201 loliis
1721 3164 1831 3219 emese,

1030 3218 1829 3354 &collateraneae,litlot

1029 3361 1243 3414 uacationibus.
1281 3323 1411 3410 Deteret
1421 3357 1501 3425 regio
1514 3358 1621 3420 morbo,
1633 3362 1662 3409 et
1670 3358 1830 3411 lunebornst

1030 3430 1115 3492 vitiis,
1135 3427 1300 3496 pleuriticis,
1318 3427 1495 3489 torminibus,
1528 3427 1670 3480 oosllsult.
1706 3428 1830 3480 illinitur

1029 3513 1096 3551 reto
1118 3498 1276 3565 parotidum
1295 3503 1325 3549 et
1345 3496 1563 3548 carcinomatum
1575 3496 1665 3548 nesib.
1701 3498 1834 3550 Tertium-

1028 3567 1176 3651 ardoribus
1187 3582 1222 3650 ex
1232 3580 1312 3639 aqua,
1321 3564 1394 3618 allas
1404 3564 1568 3647 commotis:
1596 3564 1752 3619 tutantibus
1763 3580 1829 3634 quo·

1029 3635 1829 3768 ἓιυέτὴυὶῖιξιῗιιιιῆιιιιιῐὲἲίοἓὶθίιὶῖοωάἕοιῖῑιὲξειῗὲηῗὲῗξιηῖᾞ.

1029 3776 1100 3828 licor
1115 3782 1222 3844 petum.
1258 3772 1389 3826 Medetnr
1405 3778 1434 3824 et
1444 3772 1618 3840 suspiriosis:
1638 3775 1704 3825 item
1715 3774 1827 3836 tistulis,

1029 3860 1090 3898 cont
1101 3846 1223 3913 axungia
1236 3845 1332 3905 reteri,
1342 3842 1383 3893 ito
1392 3856 1426 3894 ne
1436 3841 1512 3893 intus
1523 3841 1652 3894 addatur.

1062 3913 1185 3966 Lxxvr.
1205 3912 1371 3964 Hominum
1382 3913 1488 3963 maine
1508 3910 1696 3973 (ntdtxtnus)
1716 3910 1827 3963 cumino

1031 3983 1123 4036 simile
1133 3992 1185 4046 est,
1196 3995 1291 4035 estere
1302 3996 1395 4063 porro,
1406 3979 1564 4063 dodrantali
1573 3979 1730 4033 altitudine.
1748 3978 1826 4030 liuo-

211 4115 337 4167 hxxltl.
356 4114 477 4167 Demo
488 4114 818 4183 quaeduminetentions
828 4116 891 4168 mos
902 4114 974 4166 dixi
1028 4067 1091 4172 3¹0¹:
1103 4047 1826 4179 {intefreunl'e'remstztritrfrfftngffinwffidwolxonffi

175 4200 315 4239 muscose
325 4185 480 4251 potentiam
492 4185 520 4237 ei
530 4185 665 4238 minorem
676 4193 794 4245 veteres,
804 4199 886 4250 qnam
898 4185 976 4235 bras·
1029 4202 1110 4255 genta
1132 4195 1161 4240 et
1180 4189 1337 4254 albugines.
1373 4187 1463 4238 Alteri
1481 4183 1626 4235 candidius
1636 4196 1731 4235 semen
1742 4188 1772 4234 et
1783 4196 1827 4233 ru-

173 4257 253 4308 sicae
263 4256 397 4307 tribuere.
417 4255 520 4306 Corma
530 4255 698 4320 serpentium
710 4257 783 4306 ictus
794 4268 828 4304 ex
840 4260 930 4314 noeto,
941 4249 976 4302 ad
1029 4256 1151 4307 tundlus.
1188 4257 1311 4321 Utroque
1332 4262 1394 4306 tneo
1416 4250 1601 4306 extrahuntur
1616 4252 1706 4302 eculei
1719 4264 1751 4303 ea
1764 4264 1825 4303 cor·

174 4324 383 4380 crocodilorum
395 4321 732 4389 honrinumqnemorsum.
769 4320 798 4374 Si
809 4322 869 4388 quis
881 4334 975 4373 ertum
1028 4339 1105 4392 pore,
1125 4338 1177 4390 per
1192 4340 1223 4376 sa
1241 4323 1318 4375 illito
1339 4338 1373 4374 sn
1393 4335 1480 4388 aquo:
1503 4319 1574 4371 iolla
1591 4333 1628 4371 ex
1643 4324 1723 4371 aceto
1739 4322 1827 4386 impo-

173 4391 509 4464 qoutidieisiunusedot,
521 4392 620 4444 lienem
632 4390 809 4444 eiusabsumi
827 4389 974 4442 conlaetari
1026 4394 1094 4456 sita,
1112 4409 1201 4463 panos
1218 4407 1269 4460 per
1283 4406 1315 4443 se
1328 4391 1373 4442 rei
1392 4404 1454 4441 cum
1471 4388 1554 4441 melle
1572 4387 1737 4440 discutiente
1758 4388 1826 4441 ltetn

173 4467 308 4516 auctorem
320 4460 468 4512 affirmem
504 4460 778 4522 Farinoeiusrurus,
796 4459 847 4511 sed
868 4466 896 4512 et
917 4471 974 4508 ma·
1028 4464 1199 4529 temnentes,
1207 4462 1366 4531 priusquam
1375 4457 1746 4527 capitulaciontornsasque
1755 4459 1827 4511 eorl·

172 4533 256 4585 cuias
276 4536 340 4583 toto
361 4545 478 4597 corpote
494 4529 630 4583 emendet.
667 4527 974 4596 Serpetelrulceranon
1028 4535 1144 4585 monlon,

172 4602 296 4670 potitore
317 4602 347 4652 in
368 4600 496 4651 mammis
519 4599 748 4651 efficacissimum.
784 4597 974 4649 Carbunculus
1063 4602 1202 4657 Lxxvtl.
1219 4601 1294 4665 Quin
1314 4604 1345 4653 st
1362 4598 1443 4667 ipsae
1462 4597 1826 4667 composueruntque

174 4671 282 4753 rumpit
299 4683 333 4751 ex
354 4670 430 4750 rino.
467 4669 569 4722 Urinae
586 4668 773 4790 difficultates,
794 4665 977 4788 inflationeg,
1027 4678 1164 4725 sustusu.
1192 4670 1408 4755 intelludictum
1419 4666 1739 4788 “uwfssssml‘fflum‘
1762 4668 1827 4718 llos

173 4741 975 4876 litterariaetantillitati&
1027 4743 1271 4880 lltllllllt
1281 4745 1827 4879 titillationem:

174 4876 395 4946 magnitudinem
406 4877 491 4930 melle
502 4878 652 4930 collectum
659 4877 877 4944 devoratumque
888 4876 975 4929 norro
1028 4880 1159 4935 Medetur
1168 4889 1198 4934 et
1209 4879 1348 4948 podagris,
1368 4880 1485 4945 allisque
1496 4876 1649 4938 doloribus,
1666 4889 1700 4927 ex
1713 4888 1826 4942 oxymo-

174 4947 231 5014 gitr
252 4947 319 4998 item
339 4947 526 5013 impetigines,
549 4953 807 5008 etaottococtum,
828 4955 857 4999 et
873 4951 974 5014 quarto
1029 4950 1089 5004 lite.
1126 4944 1574 5003 Curatiobaeeaceterisdillert.
1611 4945 1826 4996 Acetisestario

177 5015 366 5068 dissolutam.
403 5016 800 5083 Panosinmelleimpositum
821 5030 976 5084 suppurare
1027 5034 1083 5071 uno
1103 5021 1174 5072 dilui
1196 5019 1287 5071 meliis
1308 5017 1405 5069 uncias
1420 5012 1607 5067 &minatum
1626 5020 1682 5067 est:
1705 5014 1826 5064 itatem·

174 5082 317 5152 probibet.
351 5088 429 5154 Aqua
446 5087 555 5140 demoti
565 5087 712 5154 perniones
722 5094 751 5140 et
761 5088 883 5155 pruritus
894 5091 975 5137 sanat
1028 5090 1134 5155 peratis
1146 5088 1278 5142 sextariis
1295 5087 1396 5148 tribus,
1417 5085 1536 5137 decerta
1555 5083 1644 5134 lamna
1655 5081 1716 5133 lolii
1733 5086 1826 5133 sexta·

175 5153 308 5208 ferendo.
344 5156 419 5218 Quin
431 5157 599 5209 etuniterso
609 5157 729 5224 corpori,
740 5159 764 5208 si
775 5157 836 5225 quis
848 5155 974 5223 quotidie
1027 5157 1079 5209 riis
1100 5159 1207 5215 duobus
1229 5171 1315 5224 usque
1335 5154 1370 5207 ad
1390 5152 1618 5215 erassitudinem,
1648 5151 1767 5202 calidum
1788 5163 1825 5200 ne

173 5223 287 5277 ieiunus
305 5225 417 5286 biberit.
439 5226 973 5279 meliorenttierieolnremenistintant.
1028 5226 1237 5293 ipsumimponl
1257 5225 1412 5278 dolentibus
1433 5220 1572 5277 membris.
1608 5217 1762 5273 Eudemia
1807 5231 1824 5267 a

175 5293 336 5347 Cibisidetn
349 5293 608 5349 bominiaallenom.
636 5294 812 5348 Vomitiones
823 5294 975 5357 movebat·
1027 5294 1152 5348 extrahit
1162 5310 1226 5347 ossa
1236 5295 1335 5347 mmo.

174 5377 240 5415 rum
250 5365 355 5426 turbat,
375 5364 464 5430 copiti
479 5371 508 5415 et
526 5364 671 5417 stomacho
681 5378 841 5417 onerosum.
877 5363 974 5416 Genua
1061 5364 1213 5417 mxxviii.
1232 5364 1356 5429 Qiliaria
1371 5362 1529 5431 appellatur
1549 5357 1644 5423 herba,
1664 5362 1826 5423 qnasnscst

171 5432 542 5555 quaoqsqtdeqtstffibusspd
563 5433 751 5556 mediolanium
1027 5435 1147 5518 millum..
1178 5435 1256 5555 lloretc
1277 5435 1363 5553 mtd’i
1366 5440 1422 5555 stu
1416 5446 1500 5553 ⁰1⁰2ss
1499 5444 1575 5550 acrpus
1585 5428 1650 5480 rino
1660 5422 1763 5485 inlusa,
1772 5437 1821 5490 po·

211 5518 271 5565 nm
297 5518 384 5557 eset
481 5517 597 5556 sumen
654 5518 742 5557 eeu·
1086 5518 1324 5555 consummemur
1548 5532 1555 5547 ·

170 5584 243 5636 ‘lm
252 5571 437 5635 05¹1¹V¹¹¹5d⁹⁸r
457 5570 536 5639 1³¹¹hil
545 5520 721 5641 ‘inimum‘
1116 5574 1187 5628 Ἤ,
1203 5572 1323 5626 Brontes
1342 5584 1436 5626 tmen
1456 5574 1500 5623 est
1522 5565 1625 5635 spicam
1636 5561 1753 5616 teones
1764 5561 1825 5616 ber·
