4340 6018
268 328 305 391 0·
345 328 495 389 rainu
537 326 745 389 SECUND!
784 328 952 393 NATUR

15 498 33 551 ¹.
87 481 100 517 i
141 479 294 537 euentura
316 474 947 547 longiusseriarctissimetrenmmriquerae·

143 552 256 605 minisse
277 548 434 609 maveaiet,
452 554 483 599 ut
491 547 578 599 semel
588 560 714 616 quaeqae
725 545 865 600 dicantus
892 545 947 603 Sed

144 622 199 676 nisi
208 618 282 688 apud
296 618 408 681 Medos,
423 624 452 669 et
462 618 491 667 in
501 615 626 678 Perside,
646 616 724 668 nasci
735 616 834 669 noluit.
868 617 948 670 Haec

145 700 186 746 est
197 691 387 752 autern,cuius
394 685 654 755 granaParthorum
666 700 802 753 proceres
814 689 946 754 incoque·

145 778 175 815 re
185 760 307 811 diximus
319 757 480 820 esculentis,
502 754 715 809 commendandi
726 752 832 809 balitus
841 758 945 828 gretia.

143 831 201 886 Nec
210 829 269 881 alia
279 829 364 881 arbor
375 827 509 878 laudatur
520 827 549 879 in
561 824 662 879 Medis.

177 900 249 954 Vill.
267 896 422 966 lanigeras
444 896 543 965 Serum
563 894 591 948 in
612 894 759 949 mentione
775 896 867 963 gentis
888 896 947 951 mus

144 968 328 1024 narravimus.
365 966 435 1019 item
449 967 547 1019 indiae
567 965 698 1017 arborum
721 966 947 1035 magnitudinem.

144 1040 228 1093 linum
239 1054 256 1093 e
267 1036 456 1105 peculiaribus
467 1036 563 1088 indiae
574 1034 710 1104 Virgilius
722 1035 875 1089 celebravit
885 1038 948 1088 ebe·

144 1126 217 1172 oum,
228 1121 362 1175 nusquam
374 1107 442 1158 alibi
455 1109 529 1159 nasci
541 1106 693 1173 protenus.
712 1106 874 1159 Herodotus
885 1119 946 1158 eant

143 1178 308 1245 Aethiopiae
321 1175 444 1243 intelligi
456 1177 564 1239 maluit,
584 1181 611 1228 in
623 1176 724 1230 tributi
732 1176 821 1230 'ricem
833 1176 946 1244 regibus

143 1248 267 1307 Persidis
287 1247 435 1300 emeterio
458 1247 518 1299 eius
541 1255 673 1299 centenas
695 1245 848 1314 phalangas
860 1247 945 1299 tertio

145 1333 252 1388 quoque
264 1331 335 1368 anuo
347 1315 501 1382 pensitasse
511 1315 673 1383 Aethiopas,
689 1331 749 1367 cum
761 1330 829 1368 auro
841 1324 870 1368 et
879 1316 945 1368 ebo·

143 1405 182 1453 re,
194 1384 348 1455 prodendo.
386 1384 450 1437 Non
461 1385 645 1438 omittendum
659 1385 688 1436 id
700 1400 822 1454 quoque,
833 1386 946 1437 vicenos

144 1457 244 1512 dentes
252 1453 464 1522 elephantorum
476 1455 743 1523 grandes,qu0niam
755 1456 795 1507 ita
805 1455 945 1521 significa-

142 1529 190 1591 rit,
206 1524 357 1591 Aethiopas
368 1524 466 1576 eadem
477 1539 561 1575 causa
573 1524 693 1590 pendere
705 1524 814 1577 nebron
850 1527 945 1577 Tanta

143 1597 220 1651 ebori
229 1595 383 1647 auctoritas
395 1600 467 1656 erat,
477 1594 558 1645 Urbis
569 1600 682 1645 rnoatrae
694 1593 891 1646 trecentesimo
900 1594 946 1646 de-

143 1668 213 1719 cimo
226 1678 309 1717 arrrrov
325 1671 392 1714 tunc
403 1663 475 1714 enim
487 1663 645 1729 auctor-ille
656 1662 871 1723 historiamearp
881 1678 945 1729 cone

44 1726 133 1783 emm.
142 1736 215 1789 didit
225 1732 485 1799 Thuriis-iuliane.
510 1722 583 1795 'Quo
594 1718 796 1799 aragis'mirnm
808 1739 859 1795 est,
871 1731 945 1800 quod

143 1805 235 1859 eidem
248 1802 399 1864 eredimus,
418 1804 463 1869 qui
476 1799 582 1852 Padum
593 1816 701 1853 amnem
714 1802 838 1865 vidisset,
858 1803 946 1855 nemi-

142 1890 206 1928 nem
218 1873 252 1926 ad
264 1873 291 1922 id
305 1881 415 1937 tempus
425 1873 507 1923 Asiae
519 1871 718 1943 Graeciaeque,
729 1877 777 1923 aut
788 1872 843 1923 sibi
851 1872 946 1940 cogni·
961 1935 964 1941 ,

142 1952 211 1996 tum.
248 1940 412 2009 Aethiopiae
434 1939 534 2003 forma,
557 1949 588 1992 ut
607 1940 736 2003 diximus,
756 1956 843 2010 nuper
859 1943 947 1994 allata

141 2012 249 2068 Neroni
268 2012 397 2079 principi,
420 2026 511 2063 raram
534 2010 661 2064 arborem
686 2011 803 2063 Meroen
823 2025 947 2080 usquea

55 2074 235 2151 “dispens
256 2082 310 2134 iine
333 2081 459 2148 imperii,
482 2096 529 2148 per
550 2078 735 2133 DCCCXCVi
755 2082 946 2148 Adpaesuum,

141 2153 304 2220 nullamque
315 2152 399 2203 uliam
414 2149 466 2200 nisi
477 2150 631 2221 palmarum
641 2150 755 2218 generis
767 2165 827 2203 esse
839 2151 946 2203 docuit.

140 2221 210 2275 iden
230 2222 360 2274 fortassis
375 2224 402 2272 in
416 2216 695 2272 tributi'auctoritate
705 2221 793 2273 tertia
803 2235 848 2274 res
860 2219 947 2273 fuerit

141 2292 173 2345 ab
189 2344 196 2351 ,
215 2306 256 2355 us.

151 2308 222 2414 dli.
243 2362 348 2415 Romae
367 2375 429 2415 eam
448 2360 570 2427 Magnus
593 2357 742 2425 Pompeius
765 2357 947 2426 intriumpho

138 2429 336 2485 Mithridatico
348 2429 479 2483 ostendit.
502 2428 623 2481 Accendi
633 2429 773 2481 Fabianus
784 2438 880 2496 negat:
893 2428 948 2479 uri·

137 2506 184 2554 tur
196 2508 291 2553 tamen
302 2499 389 2551 odore
400 2499 521 2551 iucundo
567 2500 631 2550 Duo
641 2514 746 2566 genera
758 2498 831 2550 eius:
854 2511 947 2549 rarum

138 2569 175 2634 id,
197 2571 273 2637 quod
295 2568 402 2632 melius,
424 2567 582 2627 arboreum,
602 2573 700 2617 trunco
716 2566 809 2626 enodi,
831 2566 947 2617 nraterie

136 2639 218 2710 nigri
239 2634 406 2703 splendoris,
428 2650 460 2685 uc
482 2634 525 2686 rel
546 2634 608 2684 eine
630 2642 690 2685 urte
714 2635 844 2699 protinus
854 2634 948 2684 iucnn·

135 2706 178 2760 di:
204 2707 325 2757 alterum
345 2703 513 2755 fruticosum
535 2703 619 2770 cytisi
641 2703 735 2766 modo,
758 2708 785 2754 et
798 2703 948 2755 totalndia

134 2775 178 2828 dis
206 2787 307 2826 ereum.

169 2789 212 2897 ii.
233 2844 284 2894 liat
295 2841 333 2893 ibi
344 2848 373 2894 et
381 2842 463 2908 spina
473 2840 582 2901 similis,
602 2841 652 2911 sed
663 2838 838 2908 deprehensa
848 2839 891 2892 vel
903 2839 946 2891 lu·

137 2911 241 2972 oerum,
262 2910 325 2978 igni
345 2915 472 2976 protinus
488 2910 674 2963 transiliente.
712 2913 791 2963 Nunc
802 2925 849 2962 eas
860 2924 948 2976 expos

137 2998 216 3045 nam,
227 2995 296 3099 qufas
308 2981 410 3031 mirata
422 2987 465 3031 est
473 2979 625 3034 Alexandri
635 2982 731 3049 Magni
742 2981 870 3041 victoria,
880 2980 947 3031 orbe

208 3056 336 3102 ateacto

139 3066 227 3173 angl·
245 3119 330 3173 Ficus
340 3118 381 3170 ibi
392 3117 478 3169 exilia
487 3115 673 3183 pomahnbet.
709 3117 775 3186 ipsa
791 3132 822 3169 se
838 3131 947 3238 semqrer

140 3204 250 3251 serens,
269 3189 356 3240 vastis
377 3186 542 3238 diffunditur
564 3187 661 3239 reims:
683 3201 801 3254 quorum
814 3186 892 3238 imia
911 3201 947 3239 eo

139 3258 168 3313 tn
182 3266 289 3312 terram
302 3264 460 3318 currantur,
473 3264 504 3307 ut
515 3272 606 3308 annuo
618 3259 711 3324 spatio
723 3258 885 3324 inligantur,
896 3272 945 3309 no·

141 3343 261 3397 remque
280 3328 333 3379 sibi
355 3326 537 3394 propaginem
560 3326 664 3379 iaciant
675 3327 750 3379 circa
760 3333 905 3394 parentem
916 3328 946 3378 in

143 3400 250 3461 orbem,
268 3395 388 3465 quodam
411 3411 497 3464 opere
515 3397 646 3464 topiario.
683 3398 759 3448 lutra
779 3411 872 3461 sepem
885 3411 945 3447 eam

143 3468 284 3521 aestivant
295 3473 431 3533 pastores,
440 3481 554 3533 opacam
567 3468 673 3532 pariter
685 3473 714 3519 et
726 3466 859 3517 munitam
870 3464 947 3517 vallo

144 3538 263 3599 arboris,
273 3534 376 3588 decora
385 3536 477 3602 specie
488 3537 583 3587 subter
594 3535 724 3596 intuenti,
737 3535 879 3601 proculve,
890 3535 946 3585 for-

144 3606 237 3657 nicato
247 3606 361 3657 ambitu.
374 3605 539 3672 Superiores
551 3605 675 3657 eiusdem
687 3605 756 3656 renni
768 3604 794 3655 in
805 3605 946 3656 excelsum

145 3675 276 3739 emicant,
295 3675 401 3726 silvosa
410 3672 597 3738 multitudine,
619 3681 699 3726 vasto
711 3674 807 3726 matris
819 3688 944 3740 corpore,

144 3752 174 3796 ut
185 3743 238 3796 Lx
250 3759 348 3811 passus
359 3744 484 3811 plerique
495 3743 563 3795 orbe
575 3744 718 3813 colligant,
729 3743 897 3796 umbravere
906 3743 945 3796 bi-

146 3828 181 3865 na
199 3816 294 3867 stadia
314 3814 451 3881 operiant.
488 3813 632 3865 Foliorum
650 3814 772 3866 latitudo
784 3813 877 3880 peltae
889 3816 945 3866 etii·

145 3882 216 3952 giem
227 3885 414 3936 Anrazonicae
435 3881 531 3934 habet:
555 3883 606 3934 hac
627 3897 712 3936 cauma
731 3884 853 3934 hactum
871 3884 943 3934 inte·

145 3966 220 4020 gens,
242 3968 367 4006 crescere
380 3950 516 4020 prohibet.
552 3953 698 4021 Ratusque
717 3959 769 4015 est,
791 3968 842 4005 nec
863 3951 945 4005 fabae

145 4021 362 4089 magnitudinem
375 4022 528 4074 excedens:
550 4021 599 4073 sed
621 4037 670 4088 per
689 4021 761 4074 solia
771 4022 885 4075 Solibus
897 4037 943 4074 cu-

144 4097 202 4143 ctus
214 4092 357 4159 praedulci
369 4107 480 4158 sapore,
500 4091 599 4158 dignus
610 4092 746 4144 miraculo
757 4094 879 4145 arboris:
900 4092 943 4160 gi·

144 4162 238 4228 guitur
249 4164 323 4213 eirca
334 4164 478 4215 Acesincm
491 4162 610 4212 maxime
623 4175 742 4215 amnem.

175 4229 241 4281 xli.
258 4230 426 4282 Maioralia:
438 4236 557 4297 pomoet
566 4230 710 4284 suaritate
720 4228 947 4298 praecellentior,

144 4313 198 4366 quo
210 4298 354 4363 sapientes
367 4300 495 4351 indorum
516 4300 621 4351 vivunt.
658 4299 768 4352 Folium
779 4300 838 4351 aias
851 4298 943 4350 arium

103 4396 107 4415 ι
144 4368 286 4426 imitatur,
307 4367 481 4433 longitudine
501 4368 585 4419 trium
603 4368 775 4429 cubitorum,
794 4366 947 4420 latitudine

54 4450 111 4491 me:
143 4437 236 4489 dudm.
275 4435 407 4488 Fructum
421 4438 524 4489 cortice
542 4437 642 4497 mittit,
664 4436 856 4499 admirabilem
869 4438 944 4489 succi

143 4504 297 4568 dulcedine,
306 4512 336 4557 ut
347 4521 400 4558 uno
410 4514 560 4574 quaternos
572 4508 664 4557 satiet
682 4507 780 4558 Arbori
790 4521 889 4559 nomen
899 4522 944 4573 pa·

144 4575 197 4638 lae,
209 4589 293 4642 pomo
304 4575 426 4629 arianae.
454 4576 580 4627 Plurima
588 4576 668 4627 estin
681 4573 821 4643 Sydracis,
833 4575 945 4643 expedi-

15 4652 45 4705 r.
61 4674 68 4699 ι
85 4636 250 4719 ¹!'„.„tionum
265 4643 417 4698 Alexandri
432 4646 581 4698 termina·⁸
591 4645 645 4695 Est
655 4650 684 4696 et
696 4645 752 4697 alia
762 4646 861 4697 similis
873 4645 946 4710 huic,

145 4712 251 4766 dulcior
263 4729 357 4781 punio,
375 4714 427 4767 sed
447 4715 656 4767 interaneorum
666 4714 823 4768 valetudini
832 4715 945 4769 infesta.

144 4782 463 4921 fduqqqqtetdlexandcr,
481 4802 516 4837 na
531 4784 591 4853 quis
611 4785 729 4853 agminis
740 4785 822 4838 suiid
833 4799 945 4852 pomum

177 4920 252 4975 Xlll.
272 4923 386 4979 Genera
396 4923 527 4976 arborum
539 4920 707 4978 Macedones
718 4940 875 4987 narravere,
887 4941 943 4978 ma·

19 4988 26 5079 :
57 4991 201 5075 „„,',ss,3iore
213 5008 247 5045 ex
260 5000 340 5061 parte
352 4995 413 5045 sine
435 4993 603 5046 nominibus.
640 4994 693 5046 Est
703 5000 733 5046 et
743 4993 901 5048 terebintho
911 4997 948 5046 si·

143 5061 217 5114 milis
229 5071 335 5126 cetera,
347 5078 430 5130 pomo
442 5062 611 5133 amygdalis,
633 5065 739 5117 minore
762 5070 870 5116 tantum
887 5080 945 5117 ma·

179 5132 296 5195 tudine,
318 5134 487 5201 praecipuae
498 5133 658 5201 suavitatis.
686 5130 717 5184 ln
727 5124 839 5186 Bactris
850 5135 948 5202 utique

178 5217 213 5255 ne
223 5203 314 5271 aliqui
326 5201 515 5257 terebinthum
527 5218 589 5255 esee
600 5218 650 5270 pro
672 5203 707 5255 rii
719 5204 832 5270 generis
842 5205 946 5270 potius,

141 5284 222 5339 quam
244 5272 368 5325 similem
384 5274 421 5337 ei,
443 5279 616 5341 putaverunt.
652 5218 707 5325 gad
730 5272 947 5337 underestesli.

87 5386 103 5403 .,
142 5342 332 5405 neasiaciunt,
343 5341 423 5399 foliis
433 5358 512 5409 moro
524 5338 744 5412 similis5eaiyce
756 5345 949 5412 pomi,cynor·
977 5340 980 5355 '

114 5416 121 5429 '
142 5408 239 5465 rhodo.
268 5414 373 5467 Serunt
384 5429 445 5468 eam
457 5413 485 5466 in
497 5413 613 5483 eampis,
635 5430 687 5470 nee
697 5422 741 5470 est
751 5415 861 5485 gratior
871 5413 947 5466 ulla*

140 5492 465 5619 mniu'qcoqqqqquqqdm
484 5552 600 5617 sterilis,
622 5562 817 5623 praeterquam
830 5553 944 5609 amastri

138 5616 241 5673 tenna
280 5620 389 5677 Passim
410 5637 478 5676 vero
489 5638 559 5691 quae
570 5625 651 5693 piper
662 5625 793 5693 merant,
810 5623 947 5691 iuniperis

176 5688 279 5745 Para.
301 5692 398 5746 iirsr.
417 5690 552 5748 Nerua.

977 5482 981 5495 '
999 5484 1181 5538 ratissimum.
1199 5487 1290 5540 Arbor
1299 5486 1382 5554 nigra
1391 5490 1444 5547 est,
1455 5482 1644 5560 magnitudine
1655 5478 1746 5539 oleae,
1757 5475 1799 5527 fo-

995 329 1183 393 Hieron
1226 331 1414 393 bili-XII.
1458 332 1548 395 CAP.
1574 338 1673 410 mla
1739 341 1796 402 ddi

1000 478 1107 537 nestris
1117 479 1238 535 similem
1249 494 1405 550 quanquam
1418 483 1446 535 in
1457 481 1551 538 ironte
1561 486 1676 539 Caucasi
1688 486 1801 542 Solibus

1001 549 1133 628 oppoqita
1141 550 1171 617 gi
1211 551 1338 605 itantum
1352 567 1400 605 eas
1411 553 1498 621 aliqui
1509 554 1658 610 tradidere.
1687 559 1802 614 Semina

1000 564 1800 756 tintenias..

1001 762 1149 825 tenueque
1159 756 1235 822 Sole,
1251 727 1359 813 rn'crnm
1369 708 1443 829 duod
1454 769 1571 814 uocatur
1583 712 1802 835 pipenlon'gums’

1000 828 1136 894 paulatim
1156 842 1234 881 vero.
1247 828 1420 883 dehiscentes
1441 836 1622 896 maturitate,
1649 837 1801 889 ostendunt

1000 896 1149 949 candidum
1162 897 1256 964 pipere
1278 897 1353 965 quud
1365 900 1465 953 deinde
1475 909 1578 954 tostum
1590 902 1713 967 Solibus,
1725 906 1800 958 coio-

1000 981 1032 1019 re
1042 966 1174 1033 rugisque
1186 973 1320 1020 mutatur.
1357 968 1458 1020 Verum
1479 979 1508 1023 et
1526 973 1561 1025 iis
1572 988 1624 1025 aaa
1633 974 1738 1025 iniuria
1748 984 1800 1038 cst,

1001 1042 1085 1103 atqua
1097 1035 1168 1089 oaeii
1180 1037 1345 1103 intemperie
1357 1035 1605 1094 carbunculanturt'
1626 1043 1748 1111 fiuntque
1758 1061 1801 1097 se·

1001 1109 1077 1158 mina
1088 1121 1169 1158 cassa
1178 1113 1207 1159 et
1216 1107 1322 1169 inania,
1344 1107 1418 1176 quod
1429 1118 1532 1162 rorant
1547 1110 1687 1175 breciam,
1705 1114 1746 1166 sic
1756 1115 1801 1166 ln·

1000 1175 1099 1227 dorum
1121 1176 1220 1244 lingua
1239 1176 1416 1246 significante
1435 1178 1572 1231 abortum.
1607 1182 1802 1238 anenomn'.

999 1247 1802 1384 tiltitlttgtlrldtlililtttllllln‘ildilb

1000 1382 1082 1439 huius
1092 1386 1201 1438 arboris
1213 1387 1302 1446 radix,
1314 1394 1345 1439 ut
1355 1387 1442 1454 aliqui
1456 1389 1662 1452 existimavere,
1671 1392 1745 1457 quod
1755 1408 1802 1443 ru·

1000 1462 1065 1507 cant
1074 1455 1285 1522 zimpiberialii
1297 1473 1362 1509 rere
1373 1457 1519 1523 zingiberi,
1535 1472 1691 1525 quanquam
1702 1458 1801 1528 sapor's
1817 1474 1845 1531 q·

998 1523 1100 1576 simile.
1137 1526 1167 1575 ld
1190 1527 1265 1576 enim
1283 1527 1311 1578 in
1324 1527 1426 1578 Arabia
1448 1533 1532 1593 utque
1551 1527 1755 1595 Troglodytiea
1769 1534 1802 1582 in

999 1594 1075 1645 villis
1085 1594 1217 1656 nascitur,
1230 1610 1331 1662 parrae
1342 1594 1454 1656 herbae,
1463 1596 1556 1647 radice
1567 1596 1694 1648 candida.
1722 1599 1800 1652 Cele-

999 1665 1070 1716 riter
1080 1679 1113 1715 ea
1123 1665 1225 1715 cariem
1236 1666 1332 1728 sentit,
1342 1668 1467 1734 quamvis
1475 1666 1504 1717 in
1515 1671 1595 1717 tanta
1607 1666 1802 1721 amaritudine.

1001 1732 1125 1785 Pretium
1137 1733 1198 1785 eius
1209 1735 1236 1785 ia
1249 1734 1345 1795 libras,
1357 1735 1402 1788 vi.
1429 1734 1514 1802 Piper
1532 1736 1648 1803 longum
1667 1735 1802 1790 facillime

999 1801 1176 1855 adulteratur
1186 1803 1373 1857 Alexandrino
1394 1805 1493 1874 sinapi.
1529 1809 1641 1859 Emitur
1661 1806 1690 1858 ia
1707 1806 1803 1870 libras,

999 1870 1035 1933 X,
1046 1872 1108 1924 ΧΥ.
1127 1871 1235 1934 Album,
1247 1875 1281 1935 X,
1293 1872 1353 1935 Vll,
1366 1875 1485 1944 nigrum,
1505 1877 1541 1938 x,
1551 1877 1600 1929 iv.
1634 1876 1720 1927 Usum
1741 1877 1803 1929 eius

1000 1940 1072 1994 adeo
1082 1942 1220 2008 placuisse
1231 1944 1330 1995 mirum
1342 1950 1394 1997 est.
1429 1948 1458 1997 ln
1471 1945 1537 1997 aliis
1557 1947 1659 2012 quippe
1679 1946 1803 1999 suauitas

1001 2011 1084 2078 cepit,
1104 2011 1131 2061 in
1151 2010 1215 2063 aliis
1233 2013 1342 2081 species
1361 2013 1505 2068 inuitauit:
1526 2014 1737 2081 huicnecpomi
1751 2032 1803 2068 nec

1000 2081 1102 2133 bacone
1115 2084 1318 2135 commendatio
1330 2091 1373 2137 est
1388 2080 1495 2152 diique:
1516 2085 1578 2137 sola
1599 2085 1710 2151 plaeere
1729 2102 1802 2137 amu·

1000 2149 1131 2210 ritudine,
1152 2157 1180 2203 et
1192 2150 1261 2206 hanc
1271 2153 1388 2207 inlndos
1400 2154 1467 2220 peti.
1497 2152 1567 2215 Quia
1577 2155 1629 2205 illa
1639 2155 1746 2221 primus
1757 2171 1802 2207 ex·

1000 2218 1086 2287 periri
1109 2219 1177 2271 cibis
1199 2222 1308 2274 voluiti
1331 2230 1379 2274 aut
1396 2224 1441 2274 eui
1456 2226 1484 2274 in
1497 2223 1654 2292 appetenda
1667 2225 1802 2279 aviditate

1001 2291 1111 2342 esurire
1120 2305 1175 2341 non
1186 2289 1240 2343 suit
1251 2293 1320 2344 satis
1331 2291 1343 2342 i
1361 2294 1513 2359 Utrumque
1533 2294 1663 2347 silvestre
1671 2295 1802 2363 gentibus

1001 2362 1058 2411 suls
1069 2365 1121 2421 est,
1132 2367 1160 2411 et
1171 2367 1263 2413 tamen
1275 2363 1398 2429 pondere
1410 2364 1520 2425 emitur,
1540 2370 1571 2414 nt
1582 2378 1680 2417 aurum
1702 2366 1748 2419 rel
1759 2379 1804 2417 ar·

1000 2436 1124 2496 gentum.
1159 2428 1269 2496 Piperis
1286 2433 1413 2483 arborem
1427 2431 1481 2484 iam
1494 2439 1523 2484 et
1536 2432 1725 2499 ltaliababet,
1745 2450 1803 2487 ma·
1859 2456 1865 2471 =

1000 2500 1088 2549 ierem
1101 2504 1205 2563 myrto,
1220 2516 1270 2552 nec
1281 2501 1447 2553 absimilem.
1482 2503 1803 2570 Amaritudogranoea·
1853 2518 1859 2527 ·

1001 2566 1073 2626 dem,
1086 2580 1158 2633 quae
1169 2569 1259 2634 piperi
1271 2576 1380 2621 musteo
1393 2568 1515 2621 creditur
1528 2586 1599 2625 esse.
1627 2571 1716 2624 Deest
1726 2579 1803 2625 tosta

1000 2634 1051 2686 illa
1061 2637 1217 2697 maturitas,
1239 2637 1357 2703 ideoque
1369 2644 1397 2690 et
1413 2652 1444 2688 ru
1466 2653 1544 2690 arum
1557 2640 1715 2707 colorisque
1727 2642 1802 2693 simi·

1000 2703 1101 2755 litudo.
1136 2703 1318 2757 Adulteratur
1338 2653 1465 2772 iuniperi
1481 2707 1574 2761 baccis
1594 2710 1732 2763 mirerim
1745 2717 1801 2765 tra·

1001 2771 1137 2826 bentibus.
1174 2774 1203 2827 ln
1217 2774 1339 2840 pondere
1351 2775 1461 2842 quidem
1472 2776 1569 2828 multis
1581 2777 1680 2831 modis.

1035 2840 1096 2893 XV.
1117 2843 1168 2894 Est
1188 2844 1338 2896 etiamnum
1359 2845 1387 2895 in
1399 2844 1479 2896 ludia
1495 2846 1599 2911 piperis
1610 2850 1688 2914 grani
1700 2846 1801 2913 simile,
1820 2856 1843 2897 4

1001 2911 1075 2978 quod
1088 2920 1202 2965 vocatur
1242 2911 1438 2985 aryophyilon,
1460 2915 1800 2985 grandinsiragiliusque.
1851 2944 1857 2951 ⁴

1000 2981 1128 3033 Tradunt
1143 2982 1172 3033 in
1183 2982 1213 3033 ln
1236 2999 1279 3036 reo
1293 2982 1356 3034 luco
1367 2984 1395 3035 id
1406 2983 1496 3051 gigni.
1531 2984 1685 3039 Adrehitur
1705 2987 1801 3040 odoris

999 3052 1100 3118 gratia,
1118 3050 1186 3104 Fert
1198 3058 1227 3104 et
1237 3055 1265 3103 in
1278 3053 1365 3120 spinis
1374 3054 1481 3119 piperis
1492 3053 1712 3121 similitudinem,
1723 3071 1802 3123 prae·

1002 3123 1083 3187 cipue
1092 3121 1290 3185 amaritudine,
1303 3112 1377 3175 foliis
1388 3123 1479 3188 parvis
1492 3122 1645 3190 densisque,
1653 3127 1731 3191 cypri
1744 3140 1802 3178 mo·

999 3189 1045 3253 do,
1064 3191 1150 3241 rantis
1162 3193 1246 3243 trium
1259 3191 1433 3253 cubitorum,
1452 3192 1556 3244 cortice
1569 3193 1684 3259 pallido,
1704 3195 1800 3250 radies

1000 3259 1058 3310 iata
1078 3260 1252 3327 lignosaque,
1272 3261 1357 3313 buxei
1378 3261 1490 3313 coloris.
1526 3262 1590 3314 Hac
1609 3262 1638 3314 in
1655 3277 1800 3331 aquaram

998 3329 1103 3382 semine
1125 3339 1243 3397 excepta
1261 3330 1289 3382 in
1311 3346 1394 3384 aereo
1413 3328 1484 3383 rase'
1500 3333 1734 3387 medicamentum
1754 3337 1788 3389 nt

999 3398 1073 3464 quod
1092 3407 1210 3453 rocatm
1220 3400 1338 3469 Lycion.
1350 3396 1418 3452 *Ea
1434 3400 1515 3468 spina
1536 3403 1602 3454 etin
1613 3403 1692 3457 Pelio
1705 3414 1800 3460 monte
1823 3414 1846 3463 ι’

999 3470 1133 3531 nascitur,
1151 3470 1347 3540 adulteratque
1359 3470 1597 3524 medicamentum.
1621 3473 1691 3527 item
1702 3474 1800 3542 aspho-

998 3537 1054 3589 deli
1066 3539 1155 3602 radix,
1166 3548 1214 3591 uut
1225 3540 1265 3592 fel
1276 3540 1472 3603 bubulum,aut
1483 3539 1713 3603 absinthium,vel
1723 3543 1800 3607 rhus,

1000 3607 1044 3659 vel
1064 3622 1185 3660 amurca.
1221 3609 1330 3674 Lycion
1352 3610 1526 3675 aptissimum
1547 3611 1706 3675 medicinae,
1725 3615 1800 3680 quod

1000 3682 1220 3742 estspumosum.
1257 3677 1318 3730 lndi
1338 3676 1367 3728 in
1386 3678 1492 3733 utribus
1504 3679 1671 3733 camelorum
1682 3688 1732 3733 aut
1743 3682 1800 3735 rhi.
1816 3686 1837 3735 i·

998 3753 1159 3798 nuceretum
1182 3745 1212 3797 id
1233 3740 1359 3799 mittunt.
1396 3746 1509 3813 Spinam
1529 3749 1619 3815 ipsum
1642 3750 1800 3805 inGraecia

998 3815 1111 3883 quidam
1121 3815 1327 3884 pyxacanthum
1338 3814 1500 3869 Chironium
1511 3824 1621 3869 vocant.

999 3892 1017 3925 ’ί
1033 3885 1103 3937 XVl.
1124 3887 1161 3937 Et
1171 3884 1257 3937 macir
1278 3901 1313 3938 ex
1325 3885 1404 3938 india
1415 3885 1571 3950 advehitur,
1589 3893 1685 3940 cortex
1696 3889 1798 3943 rubens
1808 3906 1829 3947 s

998 3954 1101 4006 radicis
1113 3968 1237 4021 magnae,
1248 3956 1482 4019 nominearboris
1504 3972 1584 4009 suae:
1607 3956 1697 4024 qualis
1707 3960 1743 4010 sit
1754 3973 1798 4021 ee,

997 4023 1798 4163 {1:33lrr:truhtherdflltrdblitltlll‘³¹¹

1032 4160 1120 4215 xvii.
1139 4162 1296 4219 §accharon
1307 4169 1336 4216 et
1347 4165 1449 4221 Arabia
1460 4164 1525 4227 iert,
1540 4163 1590 4217 sed
1603 4161 1744 4215 laudatius
1754 4163 1800 4215 ln·

998 4232 1057 4284 din:
1079 4237 1228 4286 astantem
1238 4233 1293 4297 mei
1305 4234 1332 4284 in
1345 4233 1524 4285 arundinibus
1534 4232 1697 4295 collectum,
1716 4247 1795 4301 gum·

997 4303 1082 4352 mium
1104 4302 1188 4353 modo
1210 4303 1371 4363 candidum,
1392 4300 1518 4353 dentibus
1529 4301 1641 4369 fragile,
1663 4302 1800 4370 amplissi-

998 4385 1071 4421 mum
1085 4370 1163 4422 nucis
1174 4371 1318 4424 avellanae
1329 4369 1568 4440 magnitudinem
1579 4371 1800 4427 medicinaetan·

998 4447 1056 4492 tum
1070 4455 1161 4491 usunr.

1032 4506 1133 4562 XVlll.
1152 4509 1332 4561 contermina
1343 4506 1420 4563 indis
1434 4524 1502 4577 gens
1510 4510 1615 4564 Ariana
1630 4512 1800 4580 appellatur,

998 4579 1075 4632 cuius
1094 4578 1174 4651 spina
1189 4578 1368 4637 lacrimarum
1387 4581 1525 4647 pretiosa,
1543 4580 1675 4650 myrrhae
1689 4583 1799 4646 similis,

999 4664 1113 4702 accessu
1132 4656 1248 4717 propter
1264 4647 1377 4702 aculeos
1392 4649 1485 4703 anxio.
1520 4650 1562 4703 lbi
1573 4657 1602 4704 et
1613 4651 1704 4704 imtex
1712 4653 1800 4721 pesti·

998 4721 1057 4772 iens
1068 4718 1195 4787 raphani,
1212 4717 1283 4772 torio
1295 4718 1378 4782 lauri,
1394 4719 1482 4772 odore
1492 4735 1579 4789 equos
1589 4722 1733 4785 invitante,
1749 4723 1799 4790 qui

999 4804 1088 4858 paene
1103 4789 1229 4856 equitatu
1250 4789 1553 4845 orbaritAlexandrum
1565 4793 1656 4858 primo
1669 4795 1799 4849 introitur

1000 4858 1072 4927 quod
1091 4867 1119 4911 et
1131 4860 1158 4913 in
1170 4859 1425 4914 Gedrosisaeeidit.
1462 4848 1662 4914 item⁴laurino
1678 4862 1748 4914 iulio
1770 4867 1800 4915 et

998 4930 1038 4981 ibi
1057 4932 1137 4994 spina
1152 4930 1255 4981 traditu
1266 4936 1317 4994 est,
1338 4930 1416 4983 cuiue
1432 4928 1526 4999 liquor
1540 4930 1689 4998 adspersus
1701 4932 1799 4992 oculis,

998 4999 1165 5050 caecitatem
1187 4999 1305 5052 inferret
1325 5000 1452 5052 omnibus
1463 5000 1637 5053 animalibus.
1673 5001 1798 5055 Necnon

976 5120 977 5127 ,
998 5065 1276 5136 etherbapraecipui
1297 5068 1393 5125 odoris
1412 5069 1520 5123 referta
1538 5069 1800 5138 minutisserpenti·
1842 5066 1850 5079 “

976 5184 977 5189 ,
998 5137 1062 5201 bus,
1083 5152 1198 5204 quarum
1209 5139 1266 5190 ictu
1280 5141 1405 5205 protinus
1421 5138 1596 5193 moriendum
1608 5146 1692 5193 esset.
1729 5139 1799 5190 an-

998 5206 1110 5259 sieritus
1121 5206 1218 5270 tradit,
1228 5209 1257 5260 in
1265 5209 1426 5276 Hyrcaniae
1436 5207 1610 5262 convallibus
1621 5209 1681 5262 tinia
1692 5206 1799 5260 similes

999 5292 1061 5330 esse
1072 5277 1198 5337 arbores,
1210 5285 1425 5345 quaererentur
1437 5276 1528 5341 occini,
1537 5292 1571 5330 ex
1582 5279 1684 5346 quibua
1692 5276 1797 5331 dedunt

998 5346 1052 5401 mei
1064 5344 1140 5397 horis
1150 5348 1296 5398 matutinis
1307 5346 1424 5399 duabus.

1033 5415 1107 5467 xlx.
1128 5413 1227 5469 Vicina
1237 5424 1280 5469 est
1290 5415 1558 5482 Baebianaioqua
1567 5414 1700 5469 bdellium
1709 5407 1789 5461 nomi

999 5555 1037 5607 lio
1050 5556 1168 5619 roboris,
1179 5554 1273 5609 fructu
1284 5554 1409 5622 caprifici
1420 5559 1568 5618 naturaqe
1723 5545 1729 5558 “
1761 5546 1798 5600 aq

998 5623 1119 5681 brochon
1140 5625 1290 5693 appellant,
1313 5623 1371 5739 alqi1
1384 5620 1531 5683 malachan
