4340 6018
239 256 249 267 κ
280 299 312 358 C.
348 296 497 357 PLINll
534 296 739 358 saccant
774 298 941 361 NATUR.
977 300 1164 365 lllSTOR.
1198 301 1276 383 blB.
1300 302 1395 364 vttt.
1426 305 1525 367 CAP.
1548 305 1671 368 rt-te.
1753 311 1809 370 tat

153 452 184 505 ln
204 449 338 500 tormenti
361 459 440 500 usum
461 448 582 510 veniunt,
603 446 767 511 Galliarum,
787 449 961 513 utarbitror,

155 521 266 575 intento
279 536 286 569 r
299 525 375 570 certe
386 516 502 569 Gallicis
513 518 596 571 hodie
608 518 767 571 nominibus
780 517 958 571 discernitur:

157 605 207 643 uec
219 587 302 645 facile
313 587 439 651 dixerim,
462 588 556 655 quaid
568 595 661 642 aetate
672 591 804 655 coeperit.
832 588 959 658 Antiquis

157 660 227 713 enim
239 665 318 709 torus
331 664 512 710 estramcnto
525 666 598 721 erat,
618 657 738 725 qualiter
750 659 834 712 etiam
847 675 919 711 nunc
929 659 958 710 in

103 778 113 801 .,
156 729 263 784 castris.
301 728 433 793 Gausapa
447 729 534 793 patris
546 728 601 780 urei
612 729 747 780 ntenioria
759 744 889 796 coepere:
904 744 960 781 ant-

152 797 298 868 phimalla,
308 805 416 849 nostra:
429 798 504 848 sicut
515 797 615 850 rillosa
625 798 711 849 etiam
724 799 868 851 rentralia.
887 799 957 851 Nam

153 869 250 922 tonica
259 867 312 919 lati
324 868 407 929 clavi,
427 868 455 918 in
474 868 586 919 modom
599 881 738 935 gausapae
749 869 806 922 texi
816 885 890 921 nunc
900 870 957 936 pri·

154 954 226 990 mum
240 938 349 1004 incipit.
386 938 525 989 Lanarum
538 938 636 1006 nigrae
648 938 754 989 nullum
776 941 898 992 celerem
920 939 960 991 bi·

153 1010 229 1062 bunt.
267 1009 310 1059 De
330 1007 500 1075 reliquarum
512 1007 616 1059 iniectu
626 1009 685 1058 suis
695 1009 765 1060 locis
776 1008 909 1074 dicemus,
929 1007 959 1059 in

155 1075 309 1145 conchyliis
320 1078 443 1139 marinis,
453 1085 502 1129 aut
514 1076 661 1129 herbarum
673 1086 783 1130 natura.

188 1144 316 1199 LXXlV.
345 1147 451 1199 Lanam
465 1148 493 1198 in
504 1146 568 1199 colo
580 1155 608 1199 et
619 1146 682 1199 tusc
694 1148 866 1214 Tanaquilis,
888 1163 959 1215 quae

154 1218 251 1270 eadem
264 1217 334 1269 Caia
344 1218 467 1270 Caecilia
479 1225 580 1269 vocata
590 1223 647 1279 est,
659 1216 804 1284 intemplo
816 1216 902 1284 Saugi
913 1217 960 1268 du·

156 1303 239 1350 rasse,
251 1286 387 1354 prodente
398 1302 438 1349 se,
458 1293 608 1339 auctorest
618 1288 657 1337 Μ.
671 1287 760 1339 Varro
773 1305 780 1338 s
794 1286 960 1356 -factansque

155 1359 188 1411 ab
199 1373 232 1410 ea
243 1364 338 1423 togam
350 1358 454 1425 regiam
465 1357 626 1408 undulatam
634 1358 661 1407 in
670 1356 895 1420 aedeFortunae,
906 1372 961 1424 qua

155 1427 212 1480 Ser.
223 1426 336 1479 'l'ullius
348 1424 443 1478 tuerat
454 1441 529 1478 usus.
560 1425 626 1476 lnde
647 1426 762 1487 lactum,
783 1434 815 1478 ut
825 1428 960 1479 nubentes

154 1496 276 1564 virgines
288 1496 472 1548 comitaretur
494 1496 572 1549 colus
584 1499 686 1559 consta,
705 1495 822 1547 otiosus
834 1511 894 1547 com
905 1502 961 1548 sta-

155 1568 235 1627 mine.
274 1567 316 1617 Ea
326 1566 418 1632 priam
428 1565 519 1617 texuit
530 1573 634 1618 rectam
645 1567 779 1627 tunicam,
791 1565 887 1632 quales
899 1581 959 1617 cum

154 1645 220 1702 toga
232 1650 300 1703 pura
311 1637 418 1687 tirones
430 1634 592 1696 induuntur,
604 1650 747 1702 nonaeque
759 1642 872 1702 nuptae.
907 1635 960 1685 Un-

154 1708 249 1757 duiata
263 1707 349 1757 vestis
365 1706 456 1773 prima
466 1722 482 1758 e
494 1704 697 1757 laudatissimis
708 1704 776 1756 fuit:
797 1705 863 1757 inde
879 1718 959 1757 soro·

154 1775 274 1827 riculata
286 1773 412 1828 defluxit.
449 1778 546 1844 'l'ogas
557 1790 635 1826 rasas
648 1773 888 1843 Phryxianasque,
910 1773 961 1824 ot-

155 1847 183 1896 ri
195 1846 313 1913 Augusti
333 1845 494 1896 novissimis
511 1845 683 1911 temporibus
705 1845 838 1910 coepisse,
860 1843 961 1895 scribit

154 1914 320 1967 Fenestella.
357 1916 477 1967 Crebrae
497 1921 683 1982 papaveratae
704 1915 890 1981 antiquiorem
911 1909 959 1963 ha·

153 1984 220 2036 bcnt
242 1984 387 2052 originem,
409 1985 464 2037 iam
476 1984 528 2036 sub
541 1983 653 2035 Lucilio
665 1990 750 2048 poeta
759 1980 801 2033 'in
812 1984 960 2050 Torquato

152 2061 277 2107 notatae.
297 2054 464 2106 Praeteritae
475 2053 548 2119 apud
561 2056 695 2105 Etruscas
703 2052 839 2120 originem
850 2052 961 2105 invene·

154 2140 191 2176 re.
229 2124 349 2175 Trabeis
368 2137 434 2175 usos
446 2122 553 2189 accipio
574 2138 668 2191 reges:
688 2121 778 2188 pictas
793 2127 884 2175 vestes
904 2121 960 2172 iam

152 2192 225 2261 apud
237 2193 391 2246 Homerum
403 2193 499 2256 fuisse,
512 2191 584 2244 unde
595 2190 779 2258 triumphales
791 2199 883 2244 natae.
901 2191 960 2241 Acu

154 2262 248 2315 iacere
260 2263 289 2313 id
300 2262 427 2331 Phryges
437 2264 613 2325 invenerunt,
636 2260 754 2330 ideoque
771 2258 961 2330 Phrygioniae

152 2333 311 2401 appellatae
322 2342 393 2386 sunt.
429 2336 532 2385 Aurum
554 2334 678 2385 intexere
689 2332 718 2382 in
731 2331 827 2383 eadem
840 2333 906 2382 Asia
916 2328 958 2380 in·

150 2403 228 2453 :enit
240 2403 352 2454 Attalus
367 2417 432 2454 rex:
453 2402 525 2454 unde
546 2417 648 2454 nomen
670 2401 808 2453 Attalicis.
842 2399 960 2452 Colores

153 2473 280 2524 diversos
291 2473 418 2539 picturae
427 2471 552 2524 intexere
563 2470 693 2538 Babylon
705 2470 826 2531 maxime
839 2469 960 2520 celebra·

150 2542 202 2602 rit,
223 2548 252 2593 et
263 2556 363 2593 nomen
376 2541 518 2608 imposuit.
554 2539 684 2590 Plurimis
696 2553 762 2590 vcro
774 2538 846 2588 liciis
857 2544 961 2596 terere,

150 2624 225 2677 quae
238 2611 379 2676 polymita
391 2609 543 2673 appellant,
559 2607 729 2658 Alexandria
738 2606 879 2656 instituit:
900 2620 960 2655 scu·

149 2679 222 2729 tulis
244 2677 379 2738 dividere,
400 2676 503 2726 Gallia.
538 2673 672 2726 Metellus
683 2673 777 2739 Scipio
794 2672 961 2724 tricliniaria

148 2744 333 2811 Babylonica
351 2746 510 2795 sestertium
533 2745 701 2809 octingentis
718 2742 841 2793 millibus
854 2742 960 2793 senisse

145 2818 211 2867 iam
224 2818 300 2874 tunc,
317 2813 411 2878 posuit
423 2813 452 2864 in
463 2814 577 2864 Catonis
590 2812 760 2874 criminibus,
771 2826 843 2877 qnae
854 2810 959 2863 Neroni

146 2881 275 2952 principi
297 2881 461 2950 quadragies
481 2883 614 2934 sestertio
627 2896 715 2948 nuper
725 2888 839 2933 stetere.
869 2880 960 2934 Servii

146 2950 243 3005 'l'ullii
254 2958 427 3017 praetextae,
444 2952 541 3018 quibus
553 2953 662 3020 signum
675 2951 816 3003 Fortunae
828 2952 862 3003 ab
874 2966 908 3003 eo
918 2949 959 3001 di·

149 3028 232 3075 catae
254 3027 417 3086 coopertum
436 3027 505 3079 erat,
526 3021 662 3072 duravere
680 3022 715 3072 ad
733 3018 830 3071 Seiani
846 3023 958 3072 exitum.

151 3092 313 3156 Mirumque
325 3088 380 3141 ruit
391 3105 441 3141 nec
453 3088 668 3149 conaitricem,
688 3104 739 3142 nee
751 3088 908 3141 teredinum
920 3091 960 3140 in·

152 3160 241 3211 iunias
262 3159 383 3212 sensisse
405 3159 482 3211 annis
494 3158 580 3210 DLX.
617 3158 746 3210 Vidimus
757 3159 813 3208 iam
826 3165 855 3211 et
866 3159 960 3211 riven-

153 3232 225 3281 tium
234 3229 352 3292 vellera,
362 3244 491 3297 purpura,
502 3242 596 3289 cocco,
616 3226 772 3295 conchylio,
782 3227 960 3295 sesquipeda·

154 3298 230 3351 libus
250 3299 333 3353 libris
355 3298 470 3362 iniecta,
491 3297 569 3349 reiut
584 3297 685 3350 illesic
697 3297 776 3350 nasci
787 3304 905 3365 cogente
916 3298 959 3351 iu·

156 3383 246 3420 sorra.

189 3436 304 3490 LXXV.
322 3439 354 3489 ln
366 3437 427 3504 ipsa
441 3451 492 3489 ove
506 3435 576 3488 satis
592 3435 790 3504 generositatis
802 3434 960 3487 ostenditur

157 3507 296 3560 brevitate
307 3521 428 3568 crurum,
449 3508 553 3558 ventris
564 3505 668 3557 vestitu
679 3522 686 3555 :
708 3505 810 3573 quibus
820 3503 909 3556 nudus
919 3521 960 3557 es·

157 3587 208 3639 set,
219 3577 313 3646 apicas
325 3577 472 3639 secabant,
483 3574 714 3641 damnabantque.
742 3573 843 3642 Syriae
855 3574 961 3627 cubita·

157 3648 197 3698 les
218 3651 309 3697 ovium
326 3643 441 3706 caudae,
466 3645 668 3712 plurimumque
680 3645 753 3697 inea
765 3652 843 3710 parte
854 3643 960 3696 lanicii.

157 3718 280 3768 ominari
298 3731 394 3783 agnos,
415 3715 469 3765 nisi
487 3715 734 3782 quinquemestres,
755 3722 960 3780 praematurum

158 3786 346 3837 existimatur.
380 3786 431 3836 Est
444 3790 472 3835 et
484 3786 510 3834 in
522 3784 669 3850 Hispania,
679 3783 729 3835 sed
740 3784 860 3837 maxime
870 3784 961 3834 Corsi·

157 3871 196 3917 ca,
213 3871 268 3906 nen
280 3856 401 3907 masinae
414 3853 543 3906 absimile
556 3854 660 3920 pecori,
671 3869 760 3922 genos
775 3867 960 3917 ntasmonum,

157 3926 268 3990 caprino
280 3924 359 3986 villo,
368 3938 448 3992 quam
461 3923 571 3990 pecoris
583 3922 694 3984 velleri,
705 3923 825 3992 propios.
837 3923 961 3984 Quorum

157 4008 172 4045 e
183 4007 284 4060 genere
307 4002 336 4046 ct
356 3994 454 4044 oribus
475 4000 557 4045 natos
579 3993 663 4059 prisci
679 3993 796 4044 Umbros
816 3997 960 4045 vocarunt.

159 4063 378 4114 infirmissimum
391 4063 487 4129 pecori
500 4070 592 4130 caput,
614 4064 792 4129 quamobrem
804 4076 931 4114 aversum
944 4077 962 4112 a

157 4130 223 4184 Sole
235 4133 311 4200 pasci
322 4130 485 4199 cogendum.
518 4134 607 4195 Quam
620 4131 788 4183 stultissima
798 4131 960 4183 animalium

157 4200 259 4253 lanata.
295 4202 357 4264 Qua
378 4203 497 4254 timuere
516 4201 633 4268 ingredi,
654 4217 738 4252 unum
754 4196 841 4253 co'rnu
851 4208 960 4268 raptum

157 4276 311 4336 sequuntur
329 4270 960 4340 Vitalcngissimaannix,inAethiopiaXlll.

158 4339 260 4405 Capris
280 4340 377 4392 ecdem
396 4341 459 4394 loco
478 4340 526 4405 Xi,
546 4340 574 4392 in
592 4340 703 4409 relique
726 4343 793 4393 orbe
813 4340 959 4408 plurimum

158 4408 283 4530 olctoai„
300 4409 449 4480 Utrumque
465 4425 553 4479 genus
563 4411 640 4462 intra
651 4416 781 4477 quartum
793 4409 897 4462 coitum
908 4410 959 4462 im·

155 4483 257 4543 petor.

147 4548 157 4557 '
191 4547 317 4603 cxxvi.
336 4549 443 4616 Caprae
454 4552 565 4616 pariunt
577 4555 605 4601 et
617 4553 775 4615 quaternos,
783 4548 831 4600 sed
843 4562 906 4600 raro
915 4547 962 4601 ad-

157 4618 278 4669 modum.
296 4615 405 4670 Ferunt
415 4619 536 4687 quinque
548 4618 698 4679 mensibus,
710 4624 742 4668 ot
754 4633 828 4671 oves.
855 4620 961 4684 Caprae

157 4686 350 4755 pinguitudine
362 4689 551 4741 sterilescunt.
588 4690 659 4739 Ante
671 4688 768 4739 trimas
780 4687 871 4739 minus
881 4688 960 4740 utili·

156 4764 199 4810 ter
209 4764 357 4826 generant,
377 4765 406 4809 et
417 4758 445 4809 in
456 4765 570 4811 senecta
579 4756 655 4809 ultra
666 4757 887 4825 quadriennium.
916 4757 960 4808 ln-

158 4827 262 4894 cipiunt
273 4828 395 4896 septime
416 4844 520 4892 mense,
540 4827 630 4880 adhuc
649 4829 794 4879 lactentes.
829 4826 962 4879 Mutilum

159 4897 314 4964 inutraque
325 4913 396 4949 sexu
407 4899 515 4951 utilius.
535 4898 642 4951 Primus
652 4899 679 4948 in
691 4897 736 4949 ilie
747 4898 837 4948 coitus
848 4913 903 4948 non
914 4897 964 4949 im·

158 4965 225 5034 piet:
248 4983 370 5035 sequens
383 4967 532 5030 efficacior,
543 4983 575 5019 ac
587 4967 698 5019 deinde.
726 4967 892 5035 concipiunt
904 4966 961 5020 No·

157 5038 262 5090 sambri
274 5053 379 5102 mense,
396 5045 426 5090 ot
438 5039 545 5091 Martio
556 5038 665 5104 pariant
676 5032 899 5104 turgescentibus
910 5038 963 5088 vir·

158 5107 252 5174 gistris,
262 5107 419 5177 aliquando
430 5106 586 5169 anniculae,
597 5122 708 5174 semper
718 5108 819 5169 bimae,
829 5107 857 5158 in
868 5107 963 5158 trima-

158 5183 188 5227 tu
198 5176 322 5230 inutiies.
359 5177 478 5230 Pariunt
489 5178 599 5229 octonis
609 5178 697 5229 annis.
731 5178 851 5228 Abortus
863 5175 964 5244 frigori

159 5245 306 5300 obnoxius.
343 5248 449 5301 Oculos
460 5247 583 5301 suffusos
593 5262 678 5315 capra
698 5246 773 5299 iunci
788 5252 892 5314 puncto
903 5262 965 5298 san·

196 5317 240 5368 ine
250 5324 396 5383 exonerat,
407 5334 491 5387 caper
502 5317 573 5372 ruhi.
603 5318 753 5371 Solertiam
765 5318 823 5370 eius
835 5315 965 5370 animalia

190 5386 301 5439 utianos
322 5387 410 5440 risam
432 5390 485 5442 sibi
507 5388 634 5457 prodidit
657 5391 684 5439 in
709 5393 792 5455 ponte
810 5386 963 5455 praetenui,

156 5452 369 5509 dnaborobviis
379 5457 526 5512 ediverso:
537 5472 598 5511 cnm
610 5459 806 5511 circumactum
817 5456 964 5525 angustiae

156 5539 212 5576 non
224 5533 366 5595 caperent,
385 5542 437 5582 nec
446 5529 697 5595 reciprocationem
710 5526 855 5597 longitudo
866 5525 893 5576 in
905 5526 963 5578 exi-

155 5594 237 5648 litate
248 5600 341 5659 cbeca,
350 5602 480 5650 torrente
490 5598 588 5663 rapido
599 5599 745 5651 minaciter
754 5594 964 5660 subterfluente,

192 5664 293 5718 Parit.
314 5666 562 5721 nicatoras.

1010 448 1128 504 alteram
1150 452 1325 517 decubuisse,
1346 463 1431 523 atque
1450 455 1621 509 itaalteram
1633 456 1814 525 proculcatae

1009 533 1226 588 supergressam.
1261 523 1358 577 Mares
1370 539 1450 594 quam
1464 526 1585 577 maxime
1608 529 1702 591 simos,
1722 528 1815 597 longis

1009 588 1324 661 auribusiniractisque,
1345 596 1430 647 armis
1448 611 1530 663 quam
1552 595 1737 650 villosissimis
1749 612 1813 666 pro·

1009 657 1087 709 bant.
1124 659 1298 714 Feminarum
1320 666 1520 732 generositatis
1539 665 1666 734 insigne,
1696 667 1815 721 laciniae

1010 726 1174 793 corporibus
1185 745 1202 782 a
1214 735 1319 786 cerricc
1332 734 1415 787 binae
1425 733 1620 802 dependentes.
1649 736 1712 790 Non
1726 741 1813 790 omni·

1009 798 1062 850 bus
1073 813 1189 850 cornua:
1210 800 1259 852 sed
1271 806 1372 868 quibus
1382 812 1465 869 sunt,
1482 804 1511 856 in
1522 803 1567 856 his
1577 811 1606 856 et
1616 804 1720 860 indicia
1730 821 1815 859 anno·

1010 882 1071 919 rom
1084 883 1132 934 per
1142 869 1312 923 incrementa
1327 872 1471 925 nodorum.
1499 874 1610 926 Mutilis
1631 875 1714 927 lactis
1725 877 1815 930 maior

1010 939 1134 990 ubertas.
1169 939 1371 993 Auribuseass
1389 942 1475 1006 imre,
1496 945 1689 1010 nonnmibus,
1700 962 1813 998 necun-

1010 1007 1174 1075 quamiebri
1195 1023 1301 1073 carcre,
1320 957 1472 1064 Archelaus
1482 1021 1583 1067 auctor
1593 1020 1649 1067 est:
1672 1014 1737 1068 ideo
1758 1013 1813 1067 ior-

1011 1077 1097 1130 tassis
1109 1078 1201 1129 anima
1213 1077 1266 1142 bia,
1277 1090 1358 1147 qnam
1370 1082 1477 1145 oribus,
1487 1083 1642 1147 ardentior,
1655 1083 1815 1138 calidiores·

1010 1162 1064 1214 que
1083 1146 1256 1200 concubitus.
1293 1148 1420 1201 Tradunt
1443 1159 1472 1202 et
1492 1158 1576 1205 noctu
1588 1154 1744 1205 nonminus
1757 1169 1815 1208 cer·

1010 1231 1086 1279 nere,
1098 1231 1179 1283 quam
1191 1216 1327 1269 interdiu:
1349 1218 1413 1271 ideo
1425 1218 1450 1269 si
1462 1221 1605 1339 caqrinum
1615 1223 1693 1275 iecur
1702 1239 1815 1278 rescan-

1010 1293 1065 1349 tur,
1075 1287 1187 1338 restitui
1197 1288 1384 1354 vespertinam
1396 1289 1485 1341 aciem
1515 1291 1550 1353 is,
1568 1306 1637 1359 quos
1648 1294 1814 1360 nyctalopas

1010 1362 1118 1407 vocant.
1152 1356 1303 1420 incilicia,
1326 1360 1452 1425 circaque
1463 1356 1561 1425 Syrtes
1578 1359 1646 1411 rillc
1659 1362 1756 1415 tonsili
1769 1378 1813 1414 ve·

1010 1426 1142 1477 stiuntur.
1167 1427 1280 1495 Caprae,
1290 1429 1319 1481 in
1330 1442 1457 1479 occasum
1469 1426 1570 1478 declivi
1581 1426 1656 1493 Sole,
1666 1432 1693 1481 in
1705 1432 1814 1499 pascuis

1010 1501 1113 1562 negant
1125 1497 1252 1549 contueri
1262 1496 1337 1549 inter
1347 1512 1417 1560 sese,
1437 1497 1486 1550 sed
1498 1512 1610 1549 arersas
1622 1496 1729 1552 iacere:
1750 1499 1814 1554 reli·

1010 1568 1071 1632 quis
1083 1572 1176 1617 autem
1189 1562 1265 1617 horis
1277 1566 1416 1629 adversas,
1427 1573 1456 1620 et
1466 1569 1540 1619 inter
1551 1566 1743 1634 cognationes.
1761 1569 1814 1623 De·

1011 1634 1111 1700 pendet
1123 1635 1245 1686 oninium
1258 1636 1451 1699 mentovillos,
1461 1652 1543 1704 quem
1553 1651 1688 1689 antaeum
1700 1645 1813 1691 vacant:

1011 1702 1064 1754 hoc
1074 1704 1099 1755 si
1110 1704 1173 1771 quis
1194 1704 1396 1772 apprehensam
1413 1721 1447 1759 ex
1458 1721 1543 1774 grege
1554 1722 1636 1758 unam
1648 1704 1752 1774 trahat,
1773 1722 1815 1760 ce·

1011 1780 1088 1825 terae
1108 1781 1251 1840 stupentes
1270 1782 1406 1841 spectant.
1443 1776 1471 1826 ld
1493 1778 1579 1828 etiam
1600 1776 1732 1840 evenire,
1753 1790 1814 1827 cum

1011 1841 1149 1908 quandam
1175 1841 1288 1894 herbam
1311 1844 1405 1910 aliqua
1416 1858 1449 1896 ex
1461 1847 1502 1896 eis
1513 1845 1702 1897 momorderit.
1738 1844 1814 1898 bior-

1011 1926 1059 1960 cus
1072 1924 1167 1961 earum
1179 1912 1272 1963 arbori
1284 1913 1418 1964 exitialis.
1455 1912 1565 1966 Olivam
1586 1914 1734 1968 lambendo
1746 1930 1813 1984 quo·

1011 1994 1064 2045 que
1075 1980 1198 2031 sterilem
1210 1978 1326 2045 iaciunt,
1347 1996 1435 2049 eaque
1451 1998 1485 2035 ex
1507 1998 1591 2036 causa
1600 1976 1744 2038 Minervae
1760 2000 1815 2037 non

1011 2034 1200 2101 immolantur.

1046 2116 1183 2171 LXXVN.
1203 2119 1285 2173 soilli
1306 2120 1414 2187 pecoris
1434 2121 1591 2175 admissura
1612 2122 1764 2177 aFaronic
1780 2125 1815 2177 ad

1011 2188 1218 2255 aequinoctium
1228 2205 1356 2242 cernunt:
1374 2199 1461 2254 aetas,
1475 2199 1576 2246 octavo
1586 2208 1693 2246 mense:
1705 2195 1815 2262 quibus-

1012 2257 1074 2309 dam
1087 2259 1116 2308 in
1128 2257 1200 2310 locis
1210 2260 1294 2312 etiam
1308 2267 1417 2327 quarto,
1428 2276 1516 2329 usque
1527 2262 1696 2316 edoctarum
1704 2278 1815 2316 annum.

1011 2326 1111 2378 Partus
1131 2329 1175 2380 bis
1192 2344 1288 2381 anno:
1312 2335 1423 2396 tempus
1442 2339 1523 2385 utere
1533 2340 1653 2400 quatuor
1664 2333 1815 2386 mensium:

1012 2412 1142 2449 nanterus
1154 2396 1356 2451 foecunditatis
1368 2398 1404 2450 ad
1416 2400 1543 2453 vicenos:
1564 2402 1614 2455 sed
1627 2402 1745 2456 educare
1756 2409 1815 2455 tam

1013 2466 1116 2517 multos
1126 2474 1274 2534 nequeunt.
1310 2469 1418 2520 Diebus
1428 2469 1524 2523 decem
1536 2472 1611 2524 circa
1622 2472 1747 2523 brumam
1758 2479 1815 2523 sta·

1014 2535 1063 2584 tim
1075 2535 1207 2588 dentatos
1218 2537 1309 2599 nasci,
1320 2537 1449 2605 Nigidius
1459 2540 1557 2593 tradit.
1586 2540 1740 2606 implentur
1759 2555 1814 2592 uno

1014 2603 1099 2667 coitu,
1110 2606 1157 2669 qui
1168 2614 1197 2655 ct
1209 2606 1369 2672 geminatur
1381 2613 1495 2672 propter
1510 2608 1676 2660 facilitatem
1690 2609 1816 2660 abarien·

1014 2670 1053 2722 di.
1082 2673 1253 2735 Remedium,
1264 2689 1298 2725 ne
1310 2674 1398 2739 prima
1408 2676 1565 2736 subatione,
1577 2690 1666 2743 neque
1678 2683 1741 2729 ante
1752 2674 1815 2728 ilae-

1015 2740 1091 2791 cidas
1110 2755 1193 2793 aures
1213 2743 1305 2794 coitus
1316 2743 1375 2795 ilat.
1411 2744 1505 2795 Mares
1517 2757 1573 2795 non
1585 2744 1661 2795 ultra
1672 2746 1814 2797 trimatum

1012 2817 1155 2878 generant.
1191 2810 1325 2864 Feminae
1337 2818 1480 2866 senectute
1491 2811 1591 2875 fessae,
1611 2816 1743 2867 cubantes
1755 2828 1817 2866 coe·

1013 2886 1074 2931 unt.
1109 2880 1240 2931 Comesse
1250 2880 1343 2933 foetus
1354 2880 1406 2945 his,
1426 2897 1482 2934 non
1495 2888 1538 2934 est
1548 2882 1716 2951 prodigium.
1752 2882 1816 2936 Suis

1012 2947 1107 3001 foetus
1125 2950 1262 3001 sacrificio
1283 2951 1327 3003 die
1349 2952 1445 3018 quinto
1468 2965 1554 3018 purus
1571 2960 1623 3015 est,
1644 2955 1752 3020 pecoris
1769 2953 1817 3006 die

1013 3026 1121 3082 octavo,
1142 3019 1220 3071 boris
1241 3020 1391 3073 tricesimo.
1418 3022 1596 3073 Coruncanus
1607 3024 1758 3076 ruminales
1768 3021 1817 3075 bo·

1012 3088 1098 3152 stias,
1120 3087 1208 3141 donec
1220 3089 1346 3142 bidentes
1355 3092 1462 3153 fierent,
1482 3105 1565 3157 puras
1574 3091 1695 3158 negarit.
1732 3090 1813 3143 Suom

1012 3157 1093 3208 oculo
1104 3157 1206 3209 antiaco
1223 3166 1322 3225 putant
1334 3163 1390 3212 cito
1409 3160 1570 3227 exstingui:
1592 3160 1650 3213 aiio
1671 3162 1697 3212 ui
1709 3161 1768 3213 rita
1778 3161 1815 3212 ad

1013 3226 1172 3293 quindecim
1184 3243 1280 3291 annos,
1292 3228 1456 3294 quibusdam
1469 3236 1498 3281 et
1508 3231 1629 3283 vicenos.
1686 3244 1763 3282 erum
1775 3229 1816 3283 ei·

1012 3294 1147 3358 serantur,
1169 3297 1440 3351 etaliasobnoxium
1452 3313 1538 3366 genus
1560 3299 1675 3361 morbis,
1696 3300 1817 3366 anginae

1012 3365 1133 3417 manime
1144 3373 1172 3417 et
1182 3374 1314 3419 strumae.
1326 3367 1410 3421 index
1420 3368 1478 3419 suis
1489 3367 1636 3429 invalidae,
1643 3382 1725 3419 cruor
1733 3370 1761 3419 in
1773 3383 1817 3419 ra·

1013 3430 1075 3486 dice
1084 3441 1162 3487 setae
1173 3435 1256 3486 dorso
1267 3435 1389 3498 evulsae,
1409 3442 1493 3503 eaput
1503 3435 1645 3503 obliquum
1656 3437 1686 3488 in
1697 3438 1816 3490 incessu.

1013 3502 1160 3555 Penus-iam
1173 3506 1253 3557 lactis
1264 3505 1451 3573 praepingues
1461 3506 1596 3568 sentiunt,
1617 3513 1645 3558 et
1656 3508 1747 3574 primo
1758 3504 1816 3559 fos·

1014 3580 1043 3624 tu
1056 3574 1145 3625 minus
1161 3581 1227 3625 sont
1248 3588 1419 3626 numerosae.
1455 3576 1486 3626 ln
1497 3574 1557 3627 lutc
1568 3576 1707 3629 volutatio
1719 3576 1817 3642 generi

1013 3651 1104 3709 grata.
1140 3644 1249 3696 intorta
1260 3643 1348 3695 cauda
1358 3660 1365 3694 ι
1375 3644 1403 3695 id
1417 3644 1502 3697 etiam
1515 3650 1651 3707 notatum,
1663 3644 1774 3699 facilius
1783 3645 1817 3696 li·

1013 3719 1083 3773 tare,
1103 3711 1132 3763 in
1153 3712 1300 3765 dexterum
1320 3729 1402 3781 quam
1414 3714 1574 3778 inlaesum,
1597 3714 1717 3767 detorta.
1755 3714 1816 3767 Pin·

1014 3789 1149 3848 guescont
1161 3783 1212 3835 bx
1223 3780 1328 3845 diebos,
1339 3783 1389 3834 scd
1402 3784 1491 3852 magis
1503 3784 1588 3835 tridui
1600 3784 1693 3836 inedia
1703 3787 1814 3852 sagina·

1013 3852 1089 3903 tione
1111 3865 1184 3903 orsa.
1218 3851 1386 3903 Animalium
1409 3852 1731 3906 hocmaximehrutum:
1753 3854 1814 3905 ani·

1013 3936 1142 3987 mamque
1162 3921 1189 3973 ci
1208 3935 1258 3987 pro
1269 3921 1328 3972 sale
1342 3921 1435 3973 datam
1448 3937 1501 3973 non
1512 3922 1628 3990 illepide
1640 3923 1816 3975 existimaba-

1014 3997 1068 4041 tur.
1106 3990 1294 4057 Compertum,
1316 3992 1441 4057 agnitam
1462 4007 1559 4044 rocem
1575 3993 1663 4043 suarii
1681 3991 1816 4043 iurtoab·

1014 4060 1094 4122 actis,
1110 4074 1260 4127 mersoque
1280 4061 1393 4128 navigio
1413 4061 1597 4113 inclinatione
1616 4059 1713 4111 lateris
1733 4060 1816 4110 unlus

1013 4144 1162 4182 remeasse.
1182 4131 1254 4194 Quin
1266 4137 1294 4182 et
1306 4129 1389 4182 duces
1401 4130 1431 4182 in
1443 4132 1511 4183 urbe
1522 4130 1612 4182 iorum
1624 4127 1816 4180 nundinarium

1014 4197 1167 4267 domosque
1186 4206 1283 4267 petere
1304 4198 1432 4252 discunt:
1460 4205 1489 4251 et
1510 4199 1563 4250 ieri
1583 4197 1697 4265 sapiunt
1715 4196 1817 4263 palude

1013 4266 1183 4322 confundere
1206 4270 1325 4331 urinam,
1345 4268 1566 4336 iniugalevare.
1603 4264 1817 4318 Castranturfe·

1014 4337 1107 4390 atinae
1117 4355 1235 4407 quoque,
1251 4339 1334 4391 sicuti
1347 4337 1454 4399 cameli,
1475 4342 1540 4402 past
1550 4334 1629 4387 bidui
1639 4334 1761 4389 inediam
1773 4350 1817 4388 su·

1014 4422 1131 4474 spenaae
1144 4410 1237 4475 pernis
1249 4406 1399 4476 prioribus,
1410 4405 1495 4458 vulva
1506 4406 1595 4459 recisa
1608 4424 1615 4457 ε
1636 4406 1756 4460 celerius
1776 4406 1818 4459 ita

1014 4478 1208 4545 pinguescunt.

1049 4546 1202 4598 Adhibetur
1212 4552 1240 4599 et
1251 4560 1296 4598 ars
1307 4545 1394 4600 iecori
1406 4546 1581 4610 feminarum,
1592 4546 1664 4600 sicut
1675 4559 1816 4609 anserum,

1015 4617 1157 4668 inventum
1169 4616 1207 4667 Μ.
1219 4616 1314 4683 Apicii,
1334 4619 1386 4668 fico
1396 4617 1477 4670 arida
1486 4615 1621 4686 saginatis
1633 4632 1665 4670 ac
1675 4617 1757 4679 satie,
1768 4631 1816 4668 ne·

1015 4690 1084 4738 catis
1097 4692 1212 4752 repente
1230 4686 1313 4739 mulsi
1332 4692 1400 4754 potu
1421 4687 1497 4739 dato.
1535 4686 1630 4755 Neque
1641 4686 1699 4740 alio
1711 4700 1746 4739 ex
1757 4685 1816 4737 ani·

1015 4757 1084 4808 maii
1094 4756 1269 4808 numerosior
1279 4759 1397 4809 materia
1408 4771 1525 4825 ganeae:
1543 4757 1747 4825 quinquaginta
1756 4769 1818 4823 pro·

1015 4842 1049 4894 pe
1060 4841 1184 4893 sapores,
1195 4842 1256 4878 cum
1269 4827 1369 4879 ceteris
1384 4826 1499 4895 singuli.
1536 4826 1610 4878 iilnc
1621 4826 1818 4880 censoriarum

1016 4898 1108 4963 legum
1122 4897 1248 4965 paginae,
1256 4895 1730 4964 interdictaquecoenisabdomina,
1740 4895 1819 4964 glan·

1015 4964 1070 5025 dia,
1092 4967 1224 5027 testiculi,
1247 4967 1356 5030 vulvae,
1375 4966 1648 5034 sincipitarerrina:
1669 4971 1701 5017 ut
1723 4970 1818 5017 tamen

1017 5033 1107 5085 Publii
1121 5036 1266 5086 mimorum
1278 5042 1379 5103 poetae
1389 5051 1485 5099 coena,
1496 5041 1643 5104 postquam
1654 5035 1817 5088 servitutem

1016 5110 1146 5167 exuerat,
1157 5103 1234 5157 nulla
1243 5113 1416 5159 memoretur
1426 5108 1486 5158 sine
1496 5103 1653 5167 abdomine,
1673 5105 1757 5158 etiam
1768 5118 1817 5155 vo·

1016 5174 1117 5227 cabulo
1128 5174 1245 5226 suminis
1256 5174 1291 5227 ab
1302 5191 1336 5227 eo
1347 5176 1489 5242 imposito.

1050 5241 1203 5297 Lxxvnt.
1222 5242 1356 5298 Placuere
1376 5252 1469 5297 autem
1481 5247 1510 5296 et
1522 5242 1574 5295 ieri
1596 5257 1669 5295 sues.
1698 5243 1756 5294 lam
1769 5241 1819 5291 Ca·

1014 5313 1090 5365 tonia
1111 5315 1234 5367 censeris
1254 5316 1398 5368 orationes
1409 5328 1563 5382 aprugnum
1575 5313 1744 5380 exprobrant
1765 5307 1820 5359 cal·

1016 5385 1083 5435 lum.
1118 5384 1149 5434 ln
1160 5390 1218 5437 tres
1227 5389 1320 5438 tamen
1332 5390 1428 5454 partes
1439 5383 1538 5445 diviso,
1549 5382 1643 5435 media
1655 5380 1820 5447 ponebatur,

1016 5451 1127 5505 lumbus
1139 5469 1278 5523 aprugnus
1289 5455 1436 5524 appellata.
1474 5452 1600 5506 Solidum
1611 5462 1707 5516 aprum
1718 5448 1818 5499 Roma·

1017 5538 1113 5575 norom
1127 5525 1230 5591 primus
1242 5526 1269 5577 in
1284 5526 1372 5593 epulis
1383 5524 1511 5593 apposuit
1523 5522 1553 5573 P.
1564 5517 1699 5571 Servilios
1711 5516 1820 5580 Rullus,

1016 5601 1097 5663 pater
1108 5595 1168 5648 eius
1179 5594 1264 5658 Rulli,
1276 5596 1322 5664 qni
1331 5592 1473 5713 ciqeoronis
1483 5587 1630 5641 consulatu
1639 5586 1729 5656 legem
1742 5599 1822 5657 agra·
