4368 6008
64 1726 76 1753 a
123 1712 134 1759 ¹.

37 1750 53 1773 ν
78 1750 323 1833 distantiarum.
360 1781 382 1829 ia
395 1778 514 1830 lentisco
525 1777 641 1838 facturn,
653 1778 831 1830 utilissimum
842 1791 929 1844 acopo
939 1782 992 1828 est.

281 309 312 371 C.
349 305 500 369 PLINII
535 303 743 367 SECUNDI
779 303 941 367 Nerua
974 306 1156 373 ttlsroa
1194 313 1440 378 atB.xxt11.
1475 319 1570 380 CAi’.
1599 323 1720 384 ta-tt.
1784 327 1846 388 283

191 457 516 523 sororromavamu·
525 455 765 521 cassinensibus,
781 457 994 521 asennaa·
1010 436 1020 455 ‘

190 534 258 602 lyce
268 530 366 583 Punici
377 526 527 581 calfactum
538 527 667 579 illinitur.

229 600 326 655 xciv.
346 598 454 652 staats
465 605 494 650 et
504 597 608 666 myrtei
619 594 675 648 ulei
685 595 773 646 ratic:
784 594 943 663 adstringit,
954 595 994 648 iu·

194 672 289 724 durat:
311 669 437 722 medetur
454 667 583 736 gingivis,
604 664 727 721 dentiam
744 663 845 727 dolori,
866 665 995 733 dysente·

193 742 262 803 riae,
281 740 380 791 rnlrae
391 735 600 798 eahuloeratae,
620 734 729 798 vesicis,
748 732 908 787 hulceribus
919 735 995 788 retis·

194 812 248 864 stis
256 809 301 861 vei
313 806 498 869 manantibus,
509 820 572 857 cum
582 818 696 873 squama
706 804 779 855 seris
790 813 818 857 et
829 818 902 857 cera.
924 806 994 858 item

194 880 396 948 eruptionibus,
416 877 646 927 ambustionibus.
682 874 789 925 Attrita
805 882 887 927 sanat
899 881 928 926 et
939 875 995 926 fur·

192 952 278 1012 fures,
291 955 320 1001 et
332 946 482 1014 rhagadas,
501 945 711 1013 condylomata,
726 944 862 995 articulos
872 945 993 1007 luxatas,

194 1022 309 1074 odorent
330 1031 442 1087 gravem
465 1016 600 1081 corporis.
635 1014 806 1065 Adreraatur
825 1012 992 1081 cantharidi,

193 1090 329 1159 bupresti,
348 1087 467 1154 aliisque
478 1085 560 1137 maiis
571 1082 789 1145 medicamentis,
808 1097 879 1151 quae
900 1082 996 1136 ethui-

195 1158 313 1212 cerandu
328 1164 439 1208 nocent.

228 1225 314 1280 XLV.
334 1222 674 1291 chamaemyrsInae,sive
686 1222 886 1290 oxymyrsinae
896 1219 993 1274 eudem

195 1304 302 1351 natura.
339 1293 536 1361 cupressinum
547 1292 638 1344 oleum
649 1291 761 1344 eosdem
774 1292 890 1345 effectus
903 1289 995 1354 habet,

195 1381 264 1435 ques
276 1375 424 1433 myrteum.
454 1362 523 1414 item
543 1362 669 1414 citream.
697 1364 801 1417 Euuce
813 1377 878 1414 sero
889 1361 996 1428 iuglan-

195 1438 238 1498 de,
248 1435 324 1503 quod
334 1433 480 1501 caryinum
492 1430 704 1497 appellavimus,
720 1432 853 1500 alopeciis
865 1432 932 1482 utile
943 1436 995 1490 est,

132 1548 137 1555 .
194 1513 224 1558 et
236 1503 364 1556 tarditati
385 1503 490 1553 aurium
503 1501 633 1551 infusum.
668 1501 737 1553 ltens
750 1503 848 1568 capitis
860 1500 950 1551 dolori
963 1499 995 1551 ii·

193 1575 285 1626 litum.
322 1576 452 1625 Ceterum
470 1572 545 1622 iners
563 1576 592 1622 et
609 1571 806 1638 gravisapore.
844 1570 994 1620 Enimvero

193 1645 219 1695 si
232 1641 298 1710 quid
308 1642 335 1694 in
346 1640 445 1693 nucleo
456 1639 562 1707 putridi
574 1638 668 1701 fuerit,
678 1645 756 1691 totus
767 1640 865 1691 modus
877 1637 993 1706 deperit.

193 1714 237 1766 Ex
249 1711 354 1763 Gnidiu
365 1724 452 1799 grano
466 1710 583 1770 factum,
604 1708 719 1760 eandem
729 1709 784 1759 rim
797 1706 888 1769 habet,
912 1721 993 1774 quam

195 1851 326 1918 idemque
348 1847 498 1913 proliceret
516 1860 606 1913 aeque
626 1853 658 1897 ut
677 1862 832 1908 rosaceum,
855 1846 995 1897 nidurius

194 1918 278 1987 paulo
299 1916 512 1983 intelligeretur.
549 1915 672 1967 Utuntur
689 1932 722 1968 eo
741 1923 771 1968 et
783 1922 880 1967 contra
891 1915 993 1965 nimios

195 1987 320 2048 sudores,
331 1983 651 2052 papulasquesudorum.
670 1984 797 2038 Scabism
808 1985 994 2038 iumentorum

196 2056 386 2111 efficacissime
397 2063 487 2106 sanat.
523 2055 687 2107 Baianinum
700 2056 794 2107 oleum
805 2062 939 2126 repurgat
948 2069 995 2106 ra·

194 2140 251 2191 ros,
261 2123 435 2188 furunculos,
443 2124 601 2193 lentigines,
611 2126 748 2195 gingivas.
805 2148 815 2161 ·

232 2227 331 2282 XLVI.
350 2231 457 2297 Cypros
469 2228 560 2297 qualis
572 2236 654 2291 esset,
672 2237 701 2282 et
711 2230 943 2299 quemadmodum
960 2243 994 2282 ex

196 2290 597 2362 ealieretoieum,·docuimus.
634 2299 741 2352 Natura
756 2304 817 2353 eius
836 2298 993 2359 excalfacit,

195 2368 305 2422 emoliit
320 2384 428 2421 nervus.
464 2369 545 2439 Folia
554 2369 879 2439 stomacho-illinuntur:
900 2374 929 2420 et
939 2367 995 2423 nul·

195 2453 247 2491 uae
258 2439 412 2492 concitatae
424 2455 522 2491 succus
534 2453 643 2505 quoque
654 2454 748 2490 eorum
761 2438 917 2505 apponitur.
943 2435 995 2486 Fo-

195 2506 237 2560 lin
248 2512 372 2561 recentia
383 2507 621 2569 commanducata,
630 2505 788 2558 hulceribus
799 2511 826 2558 in
839 2507 930 2573 cupite
941 2519 996 2556 ma·

194 2579 337 2632 nantibus,
347 2578 413 2627 item
425 2578 482 2626 oris
493 2575 647 2637 medentur,
657 2585 685 2627 et
699 2576 921 2639 collectionibus,
933 2588 996 2624 con·

195 2644 356 2712 slylomutis.
394 2645 547 2696 Decoctum
560 2642 692 2695 foliorum
705 2645 843 2696 ambustis
855 2652 883 2697 et
895 2644 996 2694 luxatis

195 2713 318 2782 prodest.
356 2711 522 2781 Ipsaruicnt
534 2713 663 2780 capillum
676 2722 747 2775 tusa,
757 2714 866 2766 adiecto
876 2709 996 2765 struthei

194 2782 264 2834 maii
276 2798 367 2834 succo.
396 2782 463 2834 Flos
474 2784 574 2849 capitis
585 2782 697 2835 dolores
709 2783 790 2835 sedat
801 2799 861 2835 cum
874 2790 953 2834 aceto
964 2780 996 2832 ii·

194 2852 272 2904 litus.
302 2852 376 2902 idem
392 2852 552 2904 combustus
563 2855 591 2903 in
602 2852 687 2905 cruda
699 2853 758 2906 oiia
769 2867 865 2905 nonsas
876 2858 956 2904 sanat
966 2856 995 2902 et

194 2921 383 2988 putrescentia
396 2919 508 2972 hulcera
519 2937 569 2988 per
583 2935 622 2983 se,
643 2922 688 2974 rel
708 2938 768 2973 cunr
789 2922 881 2973 aselle.
918 2921 995 2972 Odor

194 2990 273 3043 floris
284 2989 352 3050 olet,
365 2989 412 3058 qui
423 3005 549 3041 somnum
563 2989 639 3042 iacit.
658 2992 814 3058 Adstringit
825 2991 995 3058 gleucinum,

193 3066 223 3114 et
234 3060 391 3128 refrigerat,
404 3058 499 3111 eadem
511 3060 622 3111 ratione
632 3075 688 3127 qua
698 3070 727 3113 et
738 3060 944 3113 oenanthinum.

229 3160 341 3214 XLVII.
360 3162 550 3214 Balsaminum
561 3163 647 3230 longe
658 3163 892 3230 pretiosissImum
905 3160 993 3213 omni·

193 3245 248 3293 um,
268 3238 299 3282 ut
316 3235 343 3283 in
356 3233 503 3300 unguentis
513 3233 643 3295 diximus,
666 3240 762 3286 contra
774 3248 871 3285 omnes
884 3246 994 3299 serpen·

192 3309 236 3352 tes
246 3300 353 3352 efficax.
390 3301 541 3354 Oculorum
566 3303 692 3355 claritati
712 3304 860 3369 plurimum
877 3301 994 3362 confert,

193 3368 341 3437 caliginem
366 3369 487 3424 discutit.
524 3371 593 3423 item
615 3370 792 3439 dyspnoeas,
813 3370 994 3422 collectiones

192 3454 288 3491 omues
299 3438 471 3506 duritiasque
482 3440 560 3492 lenit.
597 3439 767 3508 Sanguinem
778 3441 890 3492 densari
901 3436 993 3506 prohi-

193 3507 250 3570 het,
262 3506 375 3560 hulcera
386 3517 500 3578 purgate
521 3510 644 3570 auribus,
659 3511 761 3576 capitis
773 3509 924 3571 doloribus,
936 3517 993 3560 tre·

191 3577 284 3641 mulis,
304 3579 444 3644 spasticis,
464 3581 552 3646 ruptis
568 3594 699 3646 perquam
711 3580 788 3632 utile.
824 3578 995 3632 novercatur

191 3650 305 3699 aconito
316 3662 348 3699 sx
362 3647 433 3699 lacte
445 3657 550 3715 potum.
571 3649 676 3701 Febres
687 3665 748 3701 cuns
759 3649 875 3700 horrore
886 3651 994 3700 venien·

191 3723 237 3768 tes
251 3719 393 3783 perunctis
405 3718 523 3769 leviores
535 3718 611 3770 facit.
650 3718 785 3770 Utendum
798 3725 890 3770 tamen
903 3716 991 3768 modi·

192 3800 235 3848 cu,
247 3786 377 3853 quoniam
390 3787 493 3849 adurit,
506 3797 646 3856 augetque
656 3790 726 3840 vitia
737 3804 791 3840 non
802 3794 915 3840 serrato
927 3795 994 3839 tem·

212 3861 365 3908 eramento.

190 3870 210 3923 p
227 3923 350 3976 XLVIII.
367 3924 538 3978 itialobathri
560 3941 670 3995 quoque
690 3933 820 3980 naturam
841 3933 870 3978 et
890 3940 994 3993 genera

192 3995 378 4060 exposuimus.
416 3996 526 4046 Urinam
539 3999 602 4049 ciet.
639 3996 789 4049 Oculorum
803 3993 944 4062 epiphoris
956 3995 993 4046 vi-

189 4077 228 4117 no
239 4078 400 4130 expressum
413 4064 562 4116 utilissime
573 4067 734 4133 imponitur.
762 4065 830 4116 Item
844 4064 993 4125 frontibus,

192 4130 315 4185 dormire
325 4134 495 4185 volentibus:
509 4134 659 4195 eilicaeius,
670 4138 693 4184 si
704 4141 733 4185 et
745 4149 827 4185 nares
836 4133 994 4183 illinantur:

191 4210 242 4254 aut
252 4203 276 4253 si
288 4218 321 4255 er
333 4216 406 4268 aqua
417 4203 538 4253 bibatur.
574 4204 638 4253 Oris
654 4209 683 4252 et
704 4199 808 4252 halitus
828 4202 992 4251 suavitatem

190 4269 992 4335 commendatiinguaesubditumfoiiom,sicutetvestiunt

189 4341 306 4393 odorent
318 4338 523 4402 interposittim.

202 4446 214 4460 .
226 4407 328 4459 xcix.
348 4406 586 4473 Hyoscyaminum
597 4405 765 4458 emolliendo
777 4405 850 4457 utile
861 4410 912 4466 est,
930 4419 991 4456 ner·

188 4477 234 4530 ris
244 4476 354 4528 inutile.
371 4474 589 4542 Potumquidem
598 4475 705 4527 cerebri
713 4481 804 4526 motus
812 4474 889 4526 facit.
906 4472 993 4526 Ther·

189 4547 331 4599 minume
353 4544 456 4612 lupinis
478 4546 595 4609 emollit,
618 4545 775 4613 proximum
796 4558 913 4595 rosaceo
925 4542 991 4596 eile-

190 4624 266 4668 ctum
279 4615 393 4668 habens.
430 4615 620 4668 Narcissinum
639 4614 743 4666 dictum
755 4620 798 4665 cst
809 4629 869 4665 cum
880 4629 932 4664 sun
944 4612 994 4665 ilo·

188 4700 231 4739 re.
268 4682 460 4751 Raphaninam
473 4683 642 4752 phthiriases
653 4686 737 4751 ionga
757 4682 917 4735 valetudine
929 4698 993 4734 con·

189 4761 296 4806 tractas
316 4754 402 4816 tollit,
422 4754 624 4823 scabritiasque
635 4754 707 4805 cutis
729 4753 757 4804 in
769 4751 842 4805 facie
853 4753 992 4805 enrendst.

190 4824 363 4878 sesaminum
375 4824 485 4875 aurium
509 4823 621 4877 dolores
637 4829 727 4886 sanat,
749 4829 779 4874 et
799 4819 913 4874 hulcera
924 4837 993 4888 quae

190 4900 314 4961 serpunt,
324 4901 353 4946 et
363 4908 433 4960 quoe
445 4892 579 4946 cacoethe
589 4899 699 4945 vocant.
736 4891 863 4953 Lirinon,
875 4892 949 4959 quod
965 4900 993 4943 ct

192 4961 369 5016 Phaselinum
390 4961 543 5031 etSyrium
564 4963 731 5024 rocarimus,
750 4962 863 5013 renibus
875 4962 992 5013 utilissi-

192 5047 268 5084 mum
291 5037 342 5094 est,
362 5030 565 5101 sudoribusque
577 5031 735 5094 evocandis,
755 5032 992 5084 vulvaemoliien·

191 5101 254 5164 dae,
266 5101 520 5170 concoquendoque
531 5104 614 5154 intus.
643 5100 806 5168 Selgiticum
820 5101 910 5153 nervis
923 5100 993 5154 utile

191 5185 253 5225 csso
264 5171 393 5233 diximus,
404 5170 479 5222 sicut
490 5170 656 5225 herbaceum
670 5184 788 5238 quoque,
799 5170 872 5238 qunsi
886 5171 993 5239 iguvini

191 5243 265 5293 circa
276 5241 440 5292 Flaminiam
452 5241 526 5292 riam
539 5240 671 5293 rendunt.

227 5309 260 5361 1..
280 5310 446 5372 Elaeomeii,
457 5311 529 5378 quod
541 5311 662 5380 insyria
675 5324 709 5360 en
721 5311 787 5376 ipsis
799 5308 870 5361 olcis
882 5323 993 5361 nranare

193 5378 323 5441 dirimas,
335 5393 435 5446 saporo
448 5379 557 5442 melleo,
569 5397 622 5432 non
634 5380 693 5430 sine
706 5393 818 5438 nerisca,
834 5379 925 5429 airum
938 5378 994 5428 soi·

190 5448 244 5500 vit:
265 5449 350 5501 bilem
362 5449 509 5516 praecipue
520 5449 651 5510 detrahit,
664 5448 774 5499 (luobus
786 5447 895 5515 cyathis
908 5448 935 5497 in
948 5444 994 5499 he·

189 5518 265 5570 mina
281 5531 372 5586 aquae
383 5517 471 5570 datis:
491 5521 538 5585 qui
549 5517 654 5578 bibere,
678 5525 851 5586 torpescunt,
872 5516 993 5568 excitan-

189 5594 291 5654 turque
300 5586 409 5643 crebro.
446 5586 565 5642 l’otores
579 5590 711 5642 certaturi
721 5593 903 5658 praesumunt
913 5600 947 5641 ea
958 5601 993 5642 eo

1046 461 1181 530 cyathum
1192 478 1285 517 unum.
1304 462 1413 518 Pissiso
1425 464 1491 519 oleo
1500 480 1568 519 usus
1578 478 1607 523 et
1617 473 1722 539 passim
1733 473 1769 526 ad
1782 489 1847 543 qua·

1046 532 1201 599 drupedum
1212 535 1332 586 scabiem
1343 542 1393 587 est.

1055 630 1070 649 .
1081 602 1127 653 isi.
1143 605 1163 655 A
1184 603 1288 654 ritibus
1309 603 1435 672 oleisque
1446 604 1574 671 proxima
1584 608 1716 660 nobilitas
1732 613 1846 677 palmisr

1046 671 1188 724 inebriant
1199 681 1334 724 recentes:
1351 673 1451 740 capitis
1463 674 1589 726 dolorem
1600 675 1733 729 afferenti
1746 681 1846 744 uulnus,

1046 741 1152 793 siccae:
1172 755 1230 802 nec,
1240 750 1373 807 quantum
1384 742 1505 806 ridetur,
1516 743 1601 795 utiles
1611 746 1768 799 stomacho:
1790 756 1846 801 tus·

1047 814 1098 861 sim
1112 817 1288 877 exasperant,
1303 824 1404 878 corpus
1414 811 1501 863 alunt.
1537 812 1654 866 Succurn
1667 814 1844 871 decoctarum

1047 881 1155 947 antiqui
1172 894 1222 946 pro
1239 876 1426 945 hydromelite
1442 880 1546 933 dabant
1565 884 1658 950 aegris
1670 883 1705 934 ad
1717 885 1789 937 rires
1799 901 1844 939 re·

1047 949 1190 1010 creandas,
1208 949 1286 999 sitim
1303 947 1462 1012 sedandam,
1482 953 1508 1000 in
1521 966 1637 1018 quousu
1649 953 1847 1019 praeferebant

1045 1018 1211 1071 Thebaicas.
1231 1017 1400 1083 Sanguinem
1412 1033 1521 1085 quoque
1532 1023 1742 1075 exstruentibus
1753 1025 1846 1090 utiles,

1033 1152 1034 1157 Ἰ
1046 1091 1073 1139 in
1085 1089 1146 1140 cibo
1157 1087 1285 1139 oraxime.
1316 1086 1466 1140 lilinuntur
1476 1098 1609 1155 caryotae
1619 1092 1779 1157 stomacho,
1799 1109 1845 1147 ve·

1046 1162 1129 1218 sicae,
1141 1158 1242 1218 ventri,
1255 1157 1402 1218 intestinis,
1423 1172 1484 1207 cunr
1496 1161 1621 1212 cotoneis
1632 1168 1659 1212 et
1669 1177 1735 1214 cera
1744 1169 1773 1214 et
1783 1177 1844 1215 cro·

1047 1244 1088 1278 co.
1117 1227 1257 1293 sugillata
1267 1225 1421 1277 currendam.
1451 1226 1549 1277 huclei
1562 1230 1714 1293 palmarum
1726 1232 1845 1285 cremati

1046 1298 1074 1348 in
1095 1298 1174 1348 fictili
1195 1309 1276 1357 noro,
1299 1295 1391 1347 cinere
1411 1294 1470 1345 lntn
1490 1297 1582 1361 spudIi
1605 1301 1691 1352 ricem
1709 1300 1845 1367 efficiant,

1047 1369 1250 1487 qrqqqqqqqqque
1260 1363 1400 1432 collyriis,
1420 1371 1449 1416 et
1459 1362 1659 1433 calliblephara
1674 1367 1783 1422 faciunt
1794 1370 1844 1423 ad·

1067 1452 1138 1556 ¹isli.
1157 1473 1255 1557 Paline
1267 1518 1338 1573 quae
1349 1503 1405 1556 fert
1415 1504 1637 1571 myrobalanum,
1646 1504 1845 1571 probatissima

1046 1574 1074 1624 in
1086 1577 1224 1643 Aegypto,
1244 1589 1373 1633 ossanon
1385 1572 1467 1626 habet
1478 1574 1647 1642 reliquarum
1659 1576 1781 1627 modain
1793 1578 1844 1629 ba·
1947 1612 1955 1637 ,-
1974 1559 1979 1567 ’
2003 1572 2014 1619 ἴ

1046 1644 1126 1694 lanis.
1162 1646 1258 1696 Altam
1271 1653 1301 1698 et
1311 1659 1419 1697 menses
1429 1646 1482 1698 ciet
1492 1646 1522 1696 in
1533 1646 1597 1695 rino
1608 1652 1731 1709 austero,
1747 1652 1776 1698 et
1786 1645 1847 1698 rai·

1047 1728 1114 1765 nera
1125 1716 1307 1780 conglutinat.
1333 1746 1336 1751 ·

1080 1783 1154 1834 hill.
1172 1784 1269 1847 Palma
1279 1784 1362 1848 elate,
1374 1786 1433 1835 sive
1443 1782 1551 1852 spathe,
1567 1785 1725 1837 medicinae
1737 1780 1847 1837 confert
1872 1804 1879 1811 ·

1046 1854 1180 1921 germina,
1199 1852 1279 1915 Iulia,
1301 1856 1443 1905 corticem.
1480 1854 1562 1905 Folia
1578 1854 1845 1920 imponunturprae·

1047 1921 1157 1983 eordiis,
1168 1921 1322 1984 stomacho,
1334 1922 1459 1985 iocineri,
1470 1922 1628 1975 hulceribus
1639 1937 1711 1989 quae
1721 1929 1843 1989 serpunt,

1046 1992 1168 2043 cicatrici
1180 1993 1371 2059 repugnantia.
1400 1990 1502 2043 Psoras
1512 1997 1607 2043 cortex
1620 1993 1682 2043 eius
1694 1999 1773 2044 tener
1784 2006 1846 2046 cunt

1045 2060 1138 2113 resina
1153 2066 1182 2112 et
1199 2076 1263 2113 cera
1279 2067 1359 2112 sanat
1380 2059 1479 2112 diebus
1490 2060 1551 2111 XX.
1587 2059 1761 2128 Decoquitur
1771 2068 1799 2113 et
1809 2060 1847 2113 ad

1046 2132 1160 2183 testium
1171 2131 1250 2183 titia.
1287 2129 1420 2197 Capillum
1434 2130 1563 2197 denigrat
1574 2129 1678 2193 suffitu,
1691 2136 1789 2197 partus
1801 2145 1848 2183 ex·

1047 2200 1142 2252 trahit.
1178 2200 1269 2252 Datur
1278 2199 1414 2252 bibendus
1426 2215 1521 2252 renum
1533 2199 1616 2262 titiis,
1638 2207 1666 2251 et
1676 2200 1795 2262 rasicae,
1817 2204 1847 2253 et

1047 2269 1288 2339 praecordiorum:
1300 2277 1328 2321 ct
1339 2270 1434 2336 capiti,
1445 2276 1473 2320 et
1483 2269 1575 2320 nervis
1586 2268 1726 2321 inimicus.
1739 2269 1846 2323 Vuirat

1047 2356 1080 2391 uc
1090 2342 1195 2393 ventris
1208 2339 1344 2391 fluxiones
1355 2338 1430 2389 sistit
1441 2337 1587 2389 decoctum
1598 2339 1668 2391 cius.
1697 2341 1766 2392 item
1777 2340 1846 2391 cinls
1917 2342 1921 2355 '

1047 2409 1082 2460 ad
1106 2408 1228 2460 tormina
1246 2414 1330 2475 potus
1348 2408 1377 2458 in
1394 2408 1458 2458 rino
1475 2408 1549 2471 albo,
1569 2408 1599 2459 iu
1614 2408 1757 2461 vulcarum
1768 2408 1846 2460 vittis

1047 2477 1264 2530 efficacissimus.

1082 2547 1154 2599 LIV.
1167 2545 1313 2596 Prosinrae
1325 2545 1477 2595 varietates
1507 2558 1618 2596 enerum
1631 2546 1846 2596 medicinarum·

1047 2622 1108 2684 tque,
1127 2629 1197 2681 quae
1209 2615 1282 2664 maia
1294 2612 1405 2664 habent.
1443 2560 1539 2663 asiis
1550 2628 1646 2673 verna,
1665 2616 1774 2676 acerba,
1789 2621 1847 2665 sto·

1048 2683 1145 2736 neacho
1156 2683 1267 2735 inutilia
1283 2688 1360 2733 sunt:
1381 2682 1488 2743 airum,
1508 2682 1629 2733 vesicam
1648 2683 1849 2750 circumagunt,

1047 2769 1146 2806 nervos
1157 2751 1280 2804 laedunt.
1309 2753 1396 2802 Cocta
1407 2750 1532 2802 meliora.
1559 2753 1685 2804 Cotonea
1697 2760 1777 2803 cocta
1788 2768 1850 2802 sua·

1047 2825 1135 2874 viora.
1158 2820 1250 2873 Cruda
1260 2826 1362 2881 tamen,
1373 2819 1518 2871 dumtaxat
1531 2826 1648 2881 matura,
1662 2828 1778 2888 prosunt
1787 2836 1850 2872 san·

1047 2894 1160 2962 guinem
1183 2889 1390 2944 exscreantibus
1410 2903 1442 2939 ac
1465 2888 1663 2956 dysentericis,
1689 2889 1846 2952 cholericis,

1046 2961 1185 3014 coeliacis.
1197 2960 1260 3012 Non
1271 2959 1345 3011 idem
1356 2964 1472 3026 prosunt
1484 2957 1609 3021 decocta,
1621 2961 1751 3027 quoniam
1763 2961 1848 3013 amit·

1046 3040 1107 3083 tunt
1119 3032 1355 3098 constringentem
1366 3023 1443 3078 iiiam
1456 3027 1509 3078 rins
1523 3029 1607 3079 succi.
1625 3030 1805 3096 imponuntur
1817 3037 1847 3082 et

1047 3102 1154 3167 pectori
1176 3103 1203 3151 in
1220 3100 1309 3153 febris
1325 3097 1486 3150 ardoribus:
1508 3104 1537 3149 et
1549 3104 1641 3149 tamen
1654 3100 1847 3164 decoquuntur

1046 3174 1073 3221 in
1084 3187 1155 3237 aqua
1167 3170 1291 3229 caelesti,
1310 3168 1344 3220 sd
1358 3167 1465 3227 eadem,
1486 3182 1556 3233 quae
1567 3170 1763 3235 suprascripta
1774 3177 1846 3221 sunt.

1045 3240 1085 3291 Ad
1097 3236 1233 3291 stomachi
1249 3245 1342 3290 auteur
1357 3236 1472 3288 dolores
1488 3234 1572 3286 cruda
1589 3236 1739 3288 decoctave
1755 3237 1847 3289 cerati

1046 3309 1129 3359 nroslo
1140 3311 1327 3374 imponuntur.
1363 3306 1480 3371 Lanugo
1493 3319 1589 3356 eorum
1611 3305 1791 3357 carbunculos
1803 3322 1847 3358 sa·

1046 3386 1102 3428 nat.
1139 3378 1225 3428 Cocta
1236 3377 1264 3426 in
1275 3375 1350 3435 rino,
1365 3382 1394 3426 et
1404 3374 1480 3425 illita
1492 3389 1552 3424 cum
1565 3388 1640 3436 cera,
1652 3374 1786 3440 alopeciis
1800 3390 1845 3426 ca·

1046 3446 1143 3513 pillum
1165 3445 1292 3496 reddunt.
1330 3445 1408 3505 Quae
1429 3456 1464 3493 ex
1482 3439 1524 3492 his
1541 3441 1627 3492 cruda
1640 3444 1668 3492 in
1684 3443 1765 3509 melle
1781 3458 1847 3494 con·

1046 3516 1170 3576 diuutur,
1183 3514 1273 3564 airum
1286 3519 1406 3564 moreat.
1422 3509 1518 3561 Meiiis
1529 3518 1621 3560 autern
1633 3512 1765 3563 suavitati
1777 3512 1847 3563 mui-

1046 3593 1104 3636 tum
1117 3583 1261 3644 adiiciunt,
1272 3579 1470 3649 stomachoque
1483 3579 1581 3630 utilius
1592 3578 1621 3629 id
1634 3579 1747 3632 faciunt.
1766 3581 1846 3643 Quae

1046 3669 1112 3707 vero
1125 3653 1153 3703 in
1166 3652 1248 3704 melle
1260 3649 1425 3703 condiuntur
1434 3657 1522 3710 coctu,
1533 3647 1645 3715 quidam
1659 3650 1695 3701 ad
1708 3649 1846 3701 stomachi

1045 3725 1130 3785 ritis,
1151 3723 1219 3774 trita
1232 3736 1292 3774 cum
1305 3734 1385 3771 rosae
1405 3718 1481 3769 foliis
1493 3718 1617 3770 decoctis
1629 3718 1696 3770 dunt
1707 3734 1758 3786 pro
1772 3719 1845 3771 cibo.

1046 3793 1150 3846 Soccus
1162 3792 1309 3844 crudorum
1323 3788 1451 3850 lienibus,
1470 3785 1671 3853 orthopnoicis,
1682 3786 1846 3855 hydropicis

1045 3864 1166 3929 prodest.
1203 3863 1272 3913 item
1293 3861 1434 3920 mammis,
1457 3856 1675 3924 condylomatis,
1696 3860 1844 3910 ruricibas.

1045 3932 1112 3983 Flos
1123 3941 1151 3984 et
1160 3929 1261 3981 riridis
1272 3934 1300 3979 et
1310 3931 1398 3979 siccus
1416 3925 1681 3978 inflammationibus
1691 3927 1846 3989 oculorum,

1045 3998 1283 4053 exscreationibus
1292 3997 1445 4064 sanguinis,
1458 3997 1595 4047 aiensibus
1607 3995 1761 4045 mulierum.
1800 3994 1845 4043 Fit

1045 4079 1073 4122 et
1084 4085 1181 4121 succus
1193 4084 1226 4120 cx
1237 4067 1281 4119 his
1294 4067 1377 4126 mitis,
1395 4080 1457 4116 cum
1471 4066 1536 4114 rino
1548 4063 1623 4113 dulci
1636 4066 1715 4123 tusis,
1726 4061 1805 4111 utilis
1817 4068 1845 4113 et

1046 4140 1174 4191 coeliacis
1184 4146 1212 4187 et
1225 4136 1351 4188 iocineri.
1387 4134 1509 4185 Decocto
1519 4146 1629 4197 quoque
1641 4145 1736 4180 eorum
1749 4128 1845 4181 foren-

1046 4214 1100 4267 tur,
1121 4208 1144 4255 si
1159 4206 1305 4271 procidunt
1315 4203 1413 4253 ruirae
1424 4207 1452 4250 et
1462 4201 1617 4249 interanea.
1654 4197 1700 4248 Fit
1710 4204 1738 4249 et
1751 4197 1843 4249 oleum

1045 4290 1079 4326 ct
1092 4272 1148 4333 his,
1169 4271 1242 4339 qund
1254 4272 1385 4327 melinum
1402 4271 1574 4325 vocavimus,
1597 4267 1706 4332 quoties
1721 4282 1775 4316 non
1788 4266 1845 4318 fue·

1045 4344 1101 4393 rint
1114 4343 1140 4390 iu
1153 4340 1272 4391 humidis
1285 4347 1360 4390 nata.
1381 4337 1445 4389 ideo
1455 4334 1611 4395 utilissima,
1623 4349 1692 4401 quae
1703 4349 1737 4387 ex
1748 4334 1846 4387 Sicilia

1045 4408 1167 4463 renituit.
1179 4410 1273 4459 Minus
1286 4407 1366 4460 utilia
1377 4403 1505 4464 struthia,
1517 4405 1643 4470 quamtis
1654 4412 1780 4472 cognata.
1790 4404 1846 4455 tta-

1045 4480 1090 4531 din
1103 4496 1197 4530 corum
1209 4477 1418 4541 circumscripta
1427 4482 1501 4526 terra
1513 4488 1592 4525 nsanu
1606 4474 1717 4525 sinistra
1727 4476 1846 4541 capitur,

1045 4551 1085 4600 ita
1097 4558 1127 4599 ut
1140 4548 1224 4614 quiid
1236 4547 1332 4606 faciet,
1343 4546 1418 4597 dicat
1429 4559 1499 4612 quae
1511 4545 1610 4611 capiat,
1620 4549 1648 4595 et
1660 4544 1738 4595 cuius
1748 4557 1844 4596 causat

1044 4620 1084 4671 sic
1095 4619 1247 4685 adalligata
1260 4617 1372 4667 strumis
1383 4615 1516 4666 medetur.

1079 4688 1137 4741 LV.
1157 4687 1299 4739 illeiimeIa
1320 4683 1472 4749 etreliqua
1490 4682 1598 4744 dulcis,
1620 4678 1792 4733 stomachum
1816 4687 1845 4733 et

1043 4765 1166 4810 ventrem
1179 4757 1305 4813 solvunt,
1328 4754 1485 4811 siticulosa,
1508 4758 1653 4802 aestuosa:
1674 4751 1723 4803 sed
1746 4765 1845 4803 nervos

1044 4844 1099 4877 nnn
1112 4825 1233 4877 laedunt.
1270 4825 1432 4877 Orbicuiata
1441 4825 1545 4873 sistunt
1557 4821 1657 4881 airum,
1674 4826 1704 4872 et
1713 4818 1843 4871 vomitio-

1045 4912 1102 4958 nes,
1113 4896 1208 4946 urinas
1220 4895 1301 4946 cient.
1319 4893 1467 4946 Siirestrm
1479 4890 1553 4942 araia
1564 4889 1668 4941 similia
1678 4895 1742 4940 sunt
1752 4889 1844 4941 vernis

1046 4965 1153 5018 acerbis
1162 5002 1170 5028 ,
1191 4964 1337 5030 alvumque
1352 4965 1463 5014 sistunt.
1500 4959 1572 5012 Sane
1583 4960 1611 5009 in
1623 4958 1695 5011 huuc
1705 4973 1785 5010 usum
1795 4958 1845 5010 im·

1045 5043 1154 5085 matura
1165 5048 1234 5100 opos
1245 5039 1330 5084 sunt·

1081 5102 1152 5156 avt.
1173 5105 1266 5154 Citrea
1288 5107 1387 5154 contra
1405 5115 1540 5154 venenum
1562 5097 1673 5166 ininius
1700 5097 1845 5157 bibuntur,

1044 5172 1089 5224 rei
1101 5173 1219 5239 ipsa,rei
1231 5187 1333 5241 semen.
1345 5171 1460 5222 Faciunt
1471 5170 1528 5222 oris
1541 5170 1715 5227 suavitatem,
1726 5166 1842 5218 decocto

1045 5256 1141 5294 eorum
1163 5240 1270 5302 colluti,
1290 5248 1341 5293 aut
1354 5255 1436 5292 succo
1449 5254 1591 5306 expresso.
1628 5240 1842 5312 iiorumseqren
1904 5300 1908 5307 ἢ

1046 5309 1180 5362 edendum
1193 5311 1367 5377 praecipiunt
1378 5313 1404 5361 in
1417 5309 1535 5361 ursiacia
1560 5304 1770 5374 racgnantibus:
1781 5311 1844 5364 rpsa

1044 5394 1111 5433 reru
1123 5386 1219 5430 contro
1231 5380 1418 5432 infirmitatem
1441 5323 1589 5435 stomachi,
1610 5374 1659 5425 sed
1679 5384 1733 5422 nou
1744 5367 1796 5419 uisi
1809 5383 1844 5439 ex

1044 5449 1220 5502 acetofacile
1232 5450 1408 5501 manduntur.
1687 5506 1695 5520 ⁹

1078 5520 1166 5573 LVII.
1184 5518 1281 5572 Punici
1293 5519 1359 5571 maii
1372 5530 1468 5570 norem
1487 5525 1589 5580 genera
1604 5521 1675 5558 nunc
1685 5511 1789 5559 iterare
1800 5522 1843 5557 sn-

1043 5604 1220 5661 ptrracuum.
1231 5589 1274 5643 ax
1285 5588 1331 5642 hls
1342 5586 1445 5709 dqltgia,
1453 5596 1525 5649 quae
1536 5575 1654 5645 apyrina
1664 5575 1723 5628 quq
1732 5576 1844 5629 wa-
