4374 6014
255 346 287 408 C.
309 347 410 410 PLIN.
433 344 515 409 SEC.
539 346 627 408 Nar.
649 347 754 410 HIST.
776 350 848 410 ΗΒ.
870 346 1015 411 XXVIII.
1037 350 1117 412 ChP.
1140 354 1256 414 79-81.
1283 353 1357 413 LIB.
1380 353 1498 417 XXIX.
1521 351 1603 417 CAP.
1630 360 1702 419 t-b.
1758 358 1819 422 339

172 496 245 569 quod
256 501 285 550 et
300 497 382 565 pellis
397 497 495 566 iupIna
510 505 645 566 praestat.
680 501 786 557 Dentes
802 501 911 570 quidem
924 516 973 555 eo·
1022 502 1079 554 suis
1098 518 1186 567 maus,
1203 502 1292 557 ieiuni
1313 504 1376 557 cibo
1390 502 1504 560 'sumtus
1524 524 1558 561 eo
1578 508 1641 562 dle:
1663 508 1731 561 item
1752 506 1819 563 hoe·

171 583 233 622 rum
244 567 357 619 maximi
369 569 447 634 equIs
464 583 573 637 quoque
589 569 744 638 adalligati,
765 571 973 639 iuiutigubilem
1022 573 1111 624 diuus

174 652 284 690 cursum
304 644 446 703 praestare
462 639 601 689 dicuntur.
637 639 777 707 Leporem
789 641 908 710 coagulo
920 641 974 692 illi·
1059 640 1184 692 mxxxi.
1204 641 1278 692 Mira
1288 651 1436 707 praeterea
1445 645 1594 696 traduntur
1607 647 1634 696 in
1646 644 1749 696 eisdem
1761 645 1821 696 nni·

174 715 205 759 to
216 707 300 758 ubere
310 706 422 757 sistitur
431 707 579 760 iniantium
591 708 678 759 airus.
691 711 771 780 Iecur
781 710 972 773 asini,adniix·
1022 711 1148 762 malibus.
1189 707 1339 777 Vestigium
1352 713 1415 778 equi
1427 729 1571 766 excussunr
1583 714 1686 781 ungula
1696 720 1738 775 (ut
1747 715 1824 767 solet

173 784 206 828 ta
217 775 326 827 modice
339 790 455 842 panace,
483 777 652 828 instillatum
665 779 693 830 ia
705 793 745 841 os,
759 781 972 832 acomitialibus
1021 776 1197 848 plerumque)
1219 778 1314 844 siquis
1325 780 1471 833 collectum
1482 790 1608 848 reponat,
1629 782 1767 847 singultus
1777 796 1821 835 re·

173 844 279 896 morbis
291 853 319 897 ct
331 845 399 896 aliis
411 845 533 898 infantes
545 851 654 898 tuetur:
676 846 730 899 hoe
741 848 792 900 xl.
802 847 900 900 diebus
911 849 971 900 heri
1023 850 1143 901 medium
1156 862 1217 900 esse
1228 848 1440 902 recordantibus
1448 867 1566 918 quonam
1579 852 1641 903 loco
1653 851 1682 900 id
1694 864 1824 917 reposue-

193 913 355 980 ruecipiunt.
392 913 520 979 Etpcliis
542 916 741 978 asiniiuiecta,
762 917 913 983 impavidos
931 918 971 968 in·
1022 920 1086 971 rint.
1123 918 1202 971 Iecur
1221 915 1349 983 luporum
1367 921 1486 986 equinae
1501 921 1622 988 ungulae
1640 919 1732 972 siniile
1752 934 1823 984 esse,

172 928 354 1035 Iantcsiucit.
390 981 495 1034 Dentes
507 983 554 1049 qui
566 984 643 1049 equis
654 988 770 1050 primum
783 987 891 1049 cadunt,
904 985 971 1038 iaci·
1022 996 1052 1043 et
1063 989 1153 1054 rumpi
1164 999 1250 1052 equos
1268 986 1316 1054 qui
1331 990 1450 1056 sesugia
1465 990 1592 1055 luporum
1609 989 1659 1041 sub
1676 989 1770 1056 equite
1780 1005 1823 1042 se·

122 1090 125 1095 .
173 1050 227 1104 lem
240 1046 423 1103 dentitionem
436 1058 578 1118 praestant
589 1052 741 1107 infantibus
752 1055 912 1123 adalligati:
934 1055 972 1108 ei·
1023 1063 1152 1126 quantur.
1189 1054 1269 1106 Talis
1290 1070 1370 1107 suum
1387 1058 1542 1110 discordiae
1556 1059 1611 1109 uim
1628 1057 1763 1123 quandam
1782 1058 1824 1110 Iu·

173 1121 294 1182 boecius,
317 1120 341 1170 si
363 1124 467 1172 terram
490 1136 544 1172 non
565 1123 691 1189 attigere.
725 1124 797 1176 LIen
807 1124 925 1176 bubulus
944 1126 972 1175 in
1024 1140 1095 1178 esse.
1131 1125 1161 1175 ln
1173 1123 1322 1186 incendiis,
1342 1127 1365 1176 si
1376 1126 1434 1177 dmi
1446 1126 1549 1193 aliquid
1560 1126 1824 1195 egeraturestabu·

173 1189 260 1242 melle
271 1188 376 1240 editur:
398 1195 426 1241 et
438 1190 559 1242 illinitur
568 1191 604 1242 ad
616 1193 698 1245 lienis
709 1192 833 1247 dolores:
865 1192 973 1244 adhul·
1023 1196 1072 1256 tis,
1094 1192 1205 1244 Iactlius
1222 1191 1330 1244 extrahi
1350 1210 1401 1246 nec
1418 1210 1561 1248 recurrere
1587 1211 1653 1248 ores
1672 1196 1823 1262 bovesque.

174 1258 462 1311 ceramanantiacunn
475 1260 567 1312 melle.
603 1261 673 1315 Lien
684 1263 764 1315 vituli
774 1263 802 1314 in
815 1262 879 1313 rino
890 1262 971 1314 deco·
1022 1263 1824 1333 Hircorumcsrnesvirusnonresipere,sipanemhordem

174 1336 248 1389 ctus,
260 1326 397 1393 tritusque
408 1334 436 1379 et
447 1328 545 1392 illitus,
557 1329 719 1385 bulcuscula
730 1335 794 1384 orls.
822 1333 973 1384 cerebrum
1024 1347 1100 1386 ceum
1113 1346 1146 1384 eo
1158 1330 1213 1391 die,
1236 1347 1290 1399 quo
1302 1332 1512 1397 interficientur,
1524 1335 1641 1397 ederint,
1664 1334 1770 1385 laserve
1781 1332 1823 1384 di-

175 1410 280 1463 oapruo
292 1396 372 1463 Magi
393 1412 441 1464 per
462 1400 572 1450 anulum
588 1415 700 1454 aureum
718 1403 875 1464 traiectum,
896 1401 973 1467 prtus
1023 1403 1112 1454 lutum
1122 1400 1253 1454 biberint.
1289 1401 1751 1465 Nullasraroteredincmmentire,
1767 1400 1825 1453 Lu.

175 1479 256 1532 quam
269 1465 312 1517 luc
323 1464 414 1528 detur,
426 1467 579 1520 infantibus
589 1470 727 1523 instillant
739 1479 837 1523 contra
846 1470 972 1522 comitia·
1024 1488 1059 1523 na
1072 1470 1247 1523 decrescente
1258 1470 1401 1523 induratas
1413 1472 1481 1524 sale.
1518 1472 1647 1539 Adeoque
1659 1470 1725 1523 nihil
1738 1470 1833 1522 omis·-

172 1533 225 1598 les,
236 1542 399 1603 ceterosque
410 1536 558 1590 infantium
572 1541 691 1592 morbos.
719 1541 869 1607 caprinum
880 1541 973 1592 finium
1024 1557 1084 1592 sum
1097 1545 1149 1602 est,
1160 1546 1191 1592 ut
1200 1540 1324 1606 leporem
1338 1541 1451 1593 surdum
1463 1541 1582 1594 celerius
1593 1542 1772 1608 pinguescere
1783 1554 1825 1591 re·

141 1668 149 1673 -
172 1605 312 1672 inquietos
333 1604 456 1658 infantes
475 1606 658 1676 adalligatum
677 1608 898 1676 pannocohioet,
918 1623 974 1660 ma·
1025 1610 1172 1678 pariamus.
1207 1609 1374 1662 Animulium
1394 1625 1460 1663 vero
1482 1611 1646 1664 medicinas:
1666 1610 1690 1660 si
1711 1608 1824 1675 sanguis

172 1673 249 1725 xime
260 1672 376 1740 puellas.
414 1675 503 1728 Lacte
515 1678 643 1743 caprino,
664 1688 713 1730 aut
724 1679 837 1731 cerebro
849 1679 974 1746 leporum
1025 1679 1146 1746 profluat
1155 1678 1293 1740 iumentis,
1316 1679 1429 1732 suillum
1445 1682 1537 1733 timum
1554 1695 1589 1732 ex
1605 1681 1669 1730 vlno
1681 1675 1826 1728 intendes·

173 1748 327 1807 perunctae
338 1742 479 1810 gingivae,
492 1745 588 1797 faciles
600 1745 769 1801 dentitiones
782 1748 896 1800 iaciunt.
1025 1748 1098 1799 dum.
1134 1748 1222 1799 Boum
1243 1753 1337 1801 autem
1358 1749 1465 1801 morbis
1473 1763 1577 1809 serum,
1598 1744 1827 1814 sulphurrivuni,

208 1808 335 1864 Lxxix.
354 1810 472 1863 Somnos
488 1814 547 1865 deri
564 1816 658 1880 lepore
673 1826 764 1869 sumto
782 1818 810 1868 in
822 1817 892 1868 cibis
904 1817 974 1868 Cato
1024 1817 1120 1869 silium
1132 1816 1275 1881 silvestre,
1296 1832 1378 1870 ovum
1390 1824 1514 1871 coctum:
1535 1817 1629 1868 omnia
1639 1815 1707 1866 huec
1719 1814 1787 1865 trita
1796 1813 1827 1865 iu

173 1878 450 1947 arbitraturrvuigus
465 1890 493 1933 et
504 1885 623 1947 gratiam
634 1887 832 1952 corporiinlx
844 1886 912 1945 dies,
923 1884 973 1936 Iri·
1026 1887 1091 1937 nino
1102 1884 1202 1947 danda,
1214 1886 1363 1953 autrulpis
1373 1885 1495 1953 adipem.
1531 1886 1646 1938 Carnem
1659 1882 1827 1945 caballinam

172 1947 239 1999 noio
252 1947 361 2014 quidem
373 1949 444 2010 Ioco,
466 1953 510 2002 cui
527 1960 618 2004 tamen
638 1953 731 2020 aliqua
748 1954 848 2005 debeat
859 1954 975 2003 subesse
1025 1953 1359 2018 discoctam,potusuum
1374 1955 1481 2007 morbis
1491 1955 1605 2008 mederi.
1643 1952 1828 2003 oniniumve·

173 2029 258 2067 causa
268 2017 297 2066 iu
308 2021 387 2069 tants
399 2020 586 2083 persuasione.
621 2021 700 2089 Magi
711 2022 779 2073 ielis
790 2035 908 2086 caprae,
928 2034 973 2071 sa·
1025 2036 1057 2073 ro
1068 2021 1275 2090 quadrupedum
1286 2023 1400 2081 morbis,
1416 2034 1526 2086 capram
1538 2020 1659 2073 solidam
1669 2035 1730 2071 cum
1741 2019 1827 2083 corio,
1928 2018 1934 2033 ’

175 2084 315 2137 crihcetae
327 2083 481 2151 dumtaxat,
493 2087 569 2139 illito
580 2091 679 2152 oculis,
687 2090 730 2141 rel
740 2091 792 2142 sub
804 2090 916 2156 puleno
928 2103 974 2155 po-
1025 2098 1053 2143 st
1062 2104 1158 2141 ranam
1167 2091 1293 2136 rubetam
1305 2084 1450 2141 discoctae.
1488 2089 1665 2141 GallInaceos
1676 2103 1730 2139 non
1740 2087 1827 2138 attio·

175 2153 240 2213 sito,
250 2168 375 2205 somnum
387 2155 466 2208 allici
480 2157 584 2210 dicunt.
620 2158 743 2208 Sudnrns
754 2157 865 2208 inhibet
874 2168 975 2207 cornus
1024 2154 1052 2220 gi
1064 2168 1081 2203 a
1097 2150 1235 2217 vulpibus,
1256 2153 1303 2220 qui
1320 2156 1398 2208 iecur
1412 2157 1541 2209 animalis
1559 2158 1620 2209 eius
1643 2156 1751 2208 aridum
1764 2155 1829 2209 ede·

175 2221 281 2288 caprini
295 2221 365 2272 cinis
377 2234 393 2271 e
404 2227 515 2288 myrteo
528 2222 590 2272 oleo
603 2219 753 2289 perunctis.
1025 2222 1096 2272 rint:
1112 2220 1189 2272 velsi
1200 2222 1332 2287 pellicula
1344 2240 1378 2277 ex
1391 2240 1424 2278 eo
1442 2228 1517 2279 coito
1532 2226 1654 2289 inducta,
1676 2226 1746 2293 galli
1760 2225 1828 2278 Inie-

220 2289 333 2341 Lxxx.
361 2290 457 2340 coitus
478 2290 605 2341 stImulat
625 2290 664 2343 iel
683 2303 835 2356 aprugnum
855 2287 975 2340 illitum:
1025 2292 1090 2342 rint.
1126 2288 1236 2340 Similia
1257 2292 1284 2344 in
1307 2292 1373 2346 iclle
1393 2296 1538 2348 mustelae.
1573 2292 1665 2347 Boves
1687 2296 1716 2345 in
1732 2296 1827 2362 Cypro

174 2359 243 2410 Item
255 2357 393 2410 medullae
404 2373 485 2410 suum
504 2357 635 2412 haustae:
654 2373 747 2410 sevum
759 2358 906 2419 asininum,
928 2371 976 2407 sn·
1025 2360 1264 2422 contratorminu,
1284 2358 1425 2415 hominum
1445 2363 1628 2416 excrementis
1643 2364 1699 2415 sibi
1711 2362 1827 2415 mederi.

174 2427 246 2480 seris
257 2427 373 2478 masculi
390 2428 473 2493 adipe
489 2427 616 2480 admixto
635 2428 750 2480 illitum.
786 2428 856 2477 Item
873 2426 976 2476 ucoitu
1026 2429 1086 2480 Non
1098 2428 1206 2478 subieri
1219 2429 1302 2493 pedes
1314 2431 1411 2494 boum,
1432 2433 1457 2482 si
1470 2434 1546 2497 prius
1558 2446 1663 2483 cornua
1675 2433 1734 2497 pice
1745 2431 1828 2497 liqui·
1936 2486 1947 2495 ,

175 2496 241 2563 equi
253 2494 373 2563 Virgilio
393 2510 500 2562 quoquo
517 2495 685 2563 descriptum
700 2496 785 2556 virus,
809 2499 838 2546 et
852 2492 976 2547 testiculi
1027 2496 1063 2547 da
1074 2503 1272 2561 perungantur.
1309 2497 1405 2564 Lupus
1416 2500 1445 2548 ia
1456 2514 1552 2566 agrum
1565 2514 1621 2550 non
1638 2499 1780 2560 accedere,
1800 2498 1828 2550 sl

177 2565 274 2632 equini
284 2563 365 2625 aridi,
376 2571 406 2614 ut
417 2564 527 2629 potioni
537 2566 618 2617 interi
629 2566 743 2632 possint,
762 2563 894 2614 dexterve
905 2562 977 2615 asini
1027 2567 1101 2630 capti
1112 2565 1194 2614 unius
1206 2565 1322 2631 pedibus
1332 2566 1468 2629 infractis,
1489 2568 1636 2635 cultroque
1647 2567 1748 2618 adacto
1762 2580 1829 2633 psu-

173 2633 258 2685 testis
280 2634 308 2683 In
331 2635 394 2683 vino
415 2641 497 2698 potus
518 2647 568 2698 pro
588 2633 789 2701 ponticaevel
809 2631 978 2699 adalligatur
1027 2633 1105 2685 latim
1118 2637 1231 2700 sanguis
1241 2635 1315 2686 circa
1326 2636 1395 2686 tinea
1408 2638 1468 2701 agri
1478 2643 1639 2702 spargatur:
1671 2636 1827 2702 atqustse

174 2698 320 2755 brachiali.
357 2701 487 2752 Eiusdem
510 2717 527 2752 a
548 2706 622 2757 coitu
638 2717 737 2769 spuma
755 2702 875 2754 collecta
894 2716 976 2753 roseo
1027 2701 1188 2754 defodiatur
1198 2704 1228 2753 in
1239 2716 1273 2755 co
1284 2702 1356 2765 Ioco,
1375 2718 1409 2755 ex
1420 2719 1475 2770 quo
1485 2707 1610 2771 coeperit
1620 2704 1701 2756 trahi.
1738 2706 1828 2756 Autsl

176 2785 278 2839 panno,
291 2778 320 2822 st
330 2771 437 2821 inclusa
446 2778 575 2838 argento,
587 2781 618 2824 ut
629 2772 767 2824 Osthanes
779 2771 876 2823 tradit.
895 2770 978 2837 Salpe
1027 2786 1177 2832 vomerem,
1190 2786 1243 2838 quo
1254 2772 1360 2838 primus
1370 2773 1464 2824 sulcus
1475 2789 1509 2825 eo
1522 2788 1595 2824 anno
1606 2774 1634 2824 in
1646 2788 1715 2840 agro
1727 2772 1827 2823 ductus

176 2839 303 2909 genitale
314 2840 341 2889 in
353 2839 446 2892 oleum
459 2839 569 2893 ferrens
582 2841 978 2909 mergiiubetseptieaeoque
1026 2842 1228 2904 sit,cxcussum
1240 2847 1345 2904 aratro,
1357 2840 1436 2893 focus
1447 2841 1631 2910 Lariumque
1646 2842 1828 2894 semiliacon·
1870 2904 1874 2911 ,
1911 2858 1914 2865 ⁴

176 2909 295 2975 perungi
306 2910 478 2975 pertinentes
490 2918 593 2975 partes.
630 2912 744 2963 Bisicon
755 2914 875 2963 cinerem
888 2924 921 2962 ex
934 2925 979 2961 eo·
1025 2911 1111 2971 venit,
1135 2911 1331 2962 absumsisse
1354 2910 1827 2976 Inp'umnuillanimslinociturum
1908 2906 1918 2927 ⁸
2005 2910 2011 2917 ’

176 2978 240 3030 dem
250 2978 319 3041 bibi,
331 2978 373 3029 vel
385 2979 456 3030 tauri
469 2994 486 3030 a
497 2981 572 3032 coitu
584 2981 823 3047 urinam,lutoque
834 2980 895 3046 ipso
907 2978 978 3030 illini
1024 2980 1052 3033 in
1065 2994 1098 3032 eo
1110 2993 1194 3047 agro,
1219 2979 1352 3047 quamdiu
1364 2979 1391 3029 id
1407 2983 1464 3031 ilat.
1501 2981 1578 3032 ilinc
1589 2979 1689 3035 deinde
1700 2986 1825 3034 reverte·

176 3047 287 3114 pubem.
323 3049 358 3098 At
371 3047 510 3100 ediverso
523 3051 607 3103 neuris
619 3051 684 3103 linio
697 3050 771 3102 illito
782 3047 928 3102 cohibetur
941 3048 978 3098 vi·
1024 3065 1085 3100 mur
1096 3049 1130 3100 ad
1142 3050 1273 3102 animalia
1288 3049 1334 3102 sui
1350 3048 1475 3119 generis,
1495 3065 1566 3118 quae
1583 3056 1632 3102 aut
1649 3049 1761 3118 placida
1770 3061 1827 3102 non

174 3129 273 3170 rorum
293 3117 395 3170 Venus.
432 3117 605 3173 Ebrietatem
632 3125 711 3172 arcet
733 3118 826 3186 pulmo
848 3116 910 3185 apri
929 3123 979 3169 aut
1023 3120 1098 3181 sunt,
1117 3118 1244 3170 autlera.

277 3298 1711 3332 --——-—-—————-—--

613 3446 662 3532 C.
718 3447 989 3534 PLINII
1045 3447 1398 3535 SECUNDI

230 3606 958 3729 NATURALIS
1060 3619 1777 3728 HISTORIAE

733 3827 1270 3902 erna‘exrux.
1634 3849 1639 3856 ·

885 4031 1132 4049 ῃ

177 4157 199 4208 Ι.
218 4117 555 4213 Neruaaremedimum,
563 4156 647 4219 utque
655 4150 807 4202 multitudo
816 4151 979 4204 instantium
1033 4161 1101 4206 tunc
1110 4168 1171 4205 esm
1182 4153 1323 4205 revocavit
1334 4150 1361 4202 in
1372 4152 1460 4203 lucem
1472 4150 1668 4217 Hippocrates,
1677 4148 1788 4217 genitus
1798 4149 1829 4202 lu

178 4240 213 4276 ac
226 4225 447 4287 praeceptorum,
456 4219 537 4286 plura
547 4219 582 4272 da
594 4222 657 4286 ipsa
668 4219 794 4270 medendi
805 4228 866 4273 erte
877 4225 979 4286 cogunt
1033 4221 1124 4273 insula
1135 4223 1201 4283 Coo,
1219 4220 1355 4289 inprimis
1371 4219 1449 4270 clara
1459 4233 1493 4268 nc
1503 4217 1604 4280 valida,
1623 4226 1652 4269 et
1660 4217 1827 4284 Aesculapio

178 4293 294 4344 dicere:
315 4300 469 4354 quanquam
490 4303 545 4339 non
566 4291 679 4356 Ignarus
699 4288 768 4350 siin,
789 4288 980 4355 nulliusante
1033 4291 1133 4341 dicata.
1170 4288 1379 4351 ls,cumiuisset
1390 4302 1458 4350 mos,
1468 4286 1601 4338 liberatos
1613 4288 1715 4338 morbis
1726 4287 1828 4339 scribe·

177 4355 645 4425 haeckatigiojermpnpcondita,
667 4368 822 4423 ancepsque
842 4357 978 4408 lubricum
1034 4374 1064 4410 re
1074 4360 1103 4409 iu
1114 4357 1218 4424 templo
1230 4358 1289 4409 eius
1299 4355 1343 4407 dei
1356 4355 1421 4421 quid
1433 4356 1596 4406 auxiliatum
1608 4362 1689 4417 esset,
1713 4364 1743 4407 ut
1754 4362 1828 4424 post·
1936 4374 1967 4389 ·’
1990 4360 2004 4387 c
2058 4395 2063 4407 .

178 4442 245 4482 esse
256 4439 346 4476 rerum
359 4427 480 4475 omnium
492 4440 633 4486 novarum,
641 4424 736 4477 talium
748 4426 855 4494 utique,
863 4432 981 4478 taruste·
1034 4442 1068 4480 ea
1079 4427 1234 4479 similitudo
1245 4427 1400 4492 proliceret,
1418 4425 1596 4490 exscripsisse
1606 4438 1639 4475 ea
1650 4423 1777 4485 traditur,
1787 4432 1828 4477 at·

177 4495 243 4550 rilis
265 4494 383 4559 gratiae,
404 4500 556 4562 tantaeque
577 4492 750 4546 difficultatis
770 4495 796 4546 in
818 4493 980 4562 promendo.
1034 4512 1086 4564 qua
1098 4502 1141 4558 (ut
1151 4494 1242 4548 Varro
1252 4493 1325 4562 apud
1337 4510 1385 4546 nos
1397 4493 1496 4553 credit)
1517 4493 1622 4558 templo
1634 4500 1766 4555 cremato,
1788 4494 1828 4544 In·

180 4564 239 4618 Sed
261 4562 391 4630 quonIsm
413 4577 560 4615 occurrere
580 4562 733 4616 uerisimile
745 4570 787 4615 est
798 4565 918 4616 omnium
932 4564 980 4631 qui
1032 4565 1160 4619 stituisse
1172 4563 1336 4617 medicinam
1349 4561 1433 4622 banc,
1440 4577 1510 4628 quae
1518 4562 1620 4614 clinice
1631 4568 1753 4612 vocatur.
1772 4561 1830 4615 Nec

180 4633 252 4686 baec
264 4638 432 4699 cognoscant
443 4632 618 4700 cogitationi,
628 4647 748 4699 quonam
758 4634 841 4686 modo
852 4634 980 4688 exoleve·
1034 4635 1089 4689 snit
1099 4642 1197 4704 postca
1213 4638 1345 4701 quaestus
1365 4630 1477 4682 modus:
1498 4632 1625 4697 quoniam
1637 4630 1770 4682 Prodicus
1781 4629 1829 4683 Se·
1854 4660 1860 4671 «

180 4700 277 4754 rintin
290 4700 442 4752 medicinas
457 4716 518 4763 usu,
539 4716 610 4767 quae
622 4709 676 4753 tam
689 4710 788 4768 parata
799 4710 882 4770 atque
893 4706 978 4772 perti·
1032 4706 1171 4776 tymbrias
1191 4711 1282 4764 natus,
1302 4717 1318 4755 e
1335 4700 1479 4766 disprulis
1498 4701 1567 4762 eius,
1589 4700 1735 4751 instituens
1765 4714 1828 4751 uam

181 4770 281 4822 nentia
292 4775 385 4821 erant:
400 4770 554 4835 mirumque
566 4771 746 4837 etindignum
757 4773 884 4840 protinus
895 4774 980 4837 subit,
1033 4781 1134 4828 vocant
1155 4772 1360 4840 latralepticen‚
1380 4769 1572 4822 reunctoribus
1589 4783 1697 4836 quoque
1707 4715 1827 4821 nieffiico·

181 4839 288 4891 nullam
299 4838 400 4890 artium
412 4840 658 4891 inconstantiorem
671 4839 765 4903 luisse,
784 4848 812 4894 et
828 4843 978 4896 etiamnum
1033 4861 1095 4898 runi
1106 4861 1138 4897 ac
1150 4841 1324 4896 mediastinis
1335 4838 1455 4906 vectigal
1465 4838 1578 4890 invenit.

180 4907 294 4974 saepius
312 4907 422 4969 mutari,
443 4923 505 4959 cum
516 4908 554 4959 sit
563 4907 735 4962 fructuosior
745 4910 835 4963 nulla:
856 4911 910 4964 diis
922 4912 978 4979 pt'i·
1067 4915 1114 4966 lll.
1134 4906 1652 4977 Horumplacitecbrysippusingenii
1662 4904 1828 4974 garrulitate

180 4991 257 5029 mum
276 4976 435 5029 inventores
454 4990 520 5028 suos
541 4976 703 5045 assignarit,
723 4985 752 5031 et
771 4980 850 5032 caelo
869 4981 980 5033 dicavit.
1032 4982 1160 5044 mutavit,
1182 4981 1384 5047 plurimumque
1405 4984 1433 5029 et
1453 4991 1487 5028 ex
1499 4974 1655 5044 Chrysippo
1676 4972 1827 5039 discipulus

179 5045 240 5099 Nec
259 5059 315 5096 non
334 5051 363 5099 et
373 5042 455 5099 hodIe
467 5046 650 5099 multiiersm
662 5048 696 5099 ab
708 5049 831 5101 oraculis
842 5050 980 5101 medicine
1033 5051 1093 5103 cius
1103 5050 1298 5109 Erasistratus,
1312 5045 1472 5100 Aristotelis
1483 5045 1541 5097 tilia
1552 5046 1671 5111 genitus.
1706 5040 1827 5095 Ilicita-

201 5113 299 5168 etitur.
335 5116 419 5167 Auxit
433 5114 745 5169 deiudeiamametIsm
757 5118 979 5180 crimine,ictum
1033 5120 1128 5173 tiocho
1149 5133 1217 5186 rege
1236 5121 1337 5169 sanato
1359 5116 1380 5166 C
1400 5115 1513 5166 talentis
1534 5114 1654 5165 donatus
1674 5118 1827 5191 mirarere

227 5183 300 5235 mine
309 5183 504 5249 Aesculapium
514 5184 651 5248 tabulata,
661 5187 791 5253 quoniam
799 5187 979 5254 Tyndareum
1032 5188 1195 5243 Ptolemaeo
1206 5186 1265 5239 suo
1276 5184 1346 5248 eius,
1364 5188 1397 5236 ut
1409 5184 1575 5252 incipiemus
1586 5189 1614 5235 et
1625 5189 1746 5248 praemis
1755 5180 1826 5227 artas

180 5251 372 5305 revocavisset
381 5252 416 5303 ad
428 5252 524 5305 vitam.
560 5254 851 5309 Nectsmeacessarit
866 5271 981 5309 narrare
1033 5257 1191 5310 ostendere.
1675 5314 1682 5328 ,

180 5320 254 5373 allos
275 5319 410 5372 revixisse
432 5334 518 5387 opera
538 5337 598 5385 sua,
618 5324 697 5376 clara
709 5325 839 5377 Troianis
851 5327 979 5393 tempori·
1067 5326 1112 5378 IV.
1122 5326 1187 5378 hila
1196 5323 1283 5379 factio
1293 5324 1339 5385 (ab
1350 5320 1545 5388 expffimentis
1555 5315 1752 5384 cognominant
1762 5310 1826 5362 Em·

180 5389 243 5451 bus,
256 5387 356 5454 quibus
367 5384 442 5438 fumo
452 5390 721 5451 curiosissimum
734 5401 824 5446 tannen
835 5394 981 5446 dumtaxat
1032 5395 1149 5464 piricen)
1160 5395 1253 5469 coepit
1264 5395 1293 5445 in
1300 5391 1408 5453 sicilia,
1419 5392 1526 5443 Acrone
1534 5385 1714 5504 h5rigentmo
1725 5377 1826 5445 Empe·

182 5455 327 5511 ῐθῑῑθᾶὶῑῦ·
1037 5464 1126 5516 doctis
1137 5463 1245 5531 physIci
1256 5461 1424 5515 auctoritate
1434 5472 1558 5511 commen
1579 5461 1636 5503 ato.

217 5524 254 5576 ir.
275 5522 428 5591 sequentib
437 5524 498 5577 eius
510 5526 619 5589 (mirum
632 5528 720 5593 dictu)
741 5532 768 5582 ln
779 5535 861 5585 noete
874 5530 981 5583 densis·
1066 5531 1102 5585 V.
1122 5532 1357 5595 Dissederuntquo
1366 5528 1419 5581 has
1430 5527 1477 5579 diu
1488 5521 1613 5576 scholae:
1632 5522 1661 5569 at
1672 5525 1767 5567 omues
1779 5526 1826 5564 eas

180 5594 257 5647 stara
276 5594 385 5648 latuere
410 5595 554 5664 usquead
575 5596 840 5666 Peloponnesiacum
863 5600 981 5654 beilumr
1034 5598 1398 5671 damnaritlierophilus,in
1410 5594 1528 5646 musicos
1538 5586 1622 5654 pedes
1630 5582 1827 5652 reuuumpul·

1355 5701 1413 5754 „.
