4374 6014
330 296 363 359 c.
383 295 534 358 aaran
560 257 779 357 sacuam
800 292 960 357 aaron.
983 296 1174 361 ursana.
1202 300 1286 360 rra.-
1304 301 1477 365 xxxvi
1504 307 1596 368 car.
1621 310 1742 372 ar-a.
1796 319 1856 379 sn

212 442 344 512 metallis,
365 463 434 516 quae
445 452 510 499 sunt
520 447 596 500 circa
606 447 797 510 Acarnaniam,
817 462 899 499 unum
911 463 1006 515 argen-

210 528 257 573 teo
269 519 372 579 colore,
383 517 500 569 alterum
514 532 610 569 aureo.
622 519 785 583 coquuntur
795 519 885 569 rarle:
896 519 930 568 ab
943 518 1007 568 aliis

210 591 312 642 iterum
322 587 460 653 tertioque
473 588 499 637 in
512 585 697 647 rirelle,donec
708 594 890 638 consumatur
898 587 1006 655 liquor:

211 659 246 710 ab
260 658 323 710 aliis
334 671 422 722 pruna
434 658 518 722 prius,
541 655 604 707 dein
617 654 708 716 melle,
723 662 752 706 et
762 664 860 722 postea
871 653 1007 720 lavantur,

210 736 242 780 ut
252 742 308 779 aes.
322 726 393 777 Usus
404 740 499 777 eorum
511 725 537 774 in
551 723 688 775 medicina
699 726 884 787 excalfacere,
894 726 1008 789 siccare,

211 798 361 858 discutere,
372 794 513 844 humorem
526 799 685 853 extenuare,
698 791 815 846 duritias
827 795 928 847 nimias
941 794 1007 846 mol·

210 868 271 928 lire.
287 866 408 916 Utuntur
418 870 446 915 et
456 861 549 913 crudis
560 865 684 929 tusisque
695 863 730 913 ad
740 874 862 917 strumas
872 872 954 932 atque
966 864 1008 915 fu·

131 943 138 950 “
209 934 351 993 runculos.
388 931 546 1001 Pyritarum
560 932 709 982 etiamnum
730 933 814 1001 aliqui
827 949 913 1002 genus
925 950 1007 985 unum

210 1008 328 1068 faciunt,
341 1002 490 1071 plurimum
504 999 609 1052 habens
621 1002 701 1070 ignis,
719 1018 788 1069 quos
800 1004 876 1054 viros
886 1004 1009 1070 appella·

209 1094 282 1142 mus,
292 1084 320 1128 et
333 1070 560 1141 ponderosissimi
570 1078 641 1122 sunt.
679 1072 716 1122 lli
728 1072 950 1139 exploratoribus
963 1089 1007 1125 ca·

209 1155 331 1199 atrorum
344 1143 463 1194 maxime
476 1141 632 1203 necessarii,
654 1140 700 1208 qui
711 1140 790 1193 clavo
808 1142 853 1193 rel
866 1143 957 1195 altero
970 1143 1009 1194 la·

210 1216 275 1285 pide
296 1214 427 1283 percussi,
447 1209 585 1264 scintillas
602 1209 701 1262 edunt:
725 1225 795 1277 quae
807 1218 939 1278 exceptae
950 1213 1008 1264 sul·

209 1285 297 1355 plsure
308 1280 557 1350 autfungisaridis,
564 1279 607 1332 rel
615 1279 701 1345 foliis,
708 1279 783 1335 dicto
790 1281 909 1334 celerius
915 1282 1007 1351 ignem

208 1355 332 1409 trahunt.

244 1424 345 1476 XXXl.
373 1421 532 1474 Ostracitae
552 1417 762 1473 similitudinem
783 1424 876 1473 testae
896 1420 1007 1472 habent.

208 1494 280 1548 Usus
291 1507 385 1546 eorum
396 1504 446 1559 pro
459 1491 567 1557 pumice
580 1491 615 1542 ad
628 1489 820 1558 laevigandum
830 1497 930 1542 eutem.
943 1490 1007 1542 Poti

209 1564 371 1633 sanguinem
383 1564 498 1612 sistunt:
510 1568 537 1612 et
549 1561 616 1611 illiti
628 1577 688 1612 cum
702 1561 783 1612 melle
793 1557 917 1623 hulcera,
928 1558 1006 1611 dolo·

208 1649 308 1701 resque
319 1646 498 1684 mammarum
510 1637 616 1682 sanant.
650 1630 792 1682 amiantus
803 1630 920 1680 alumini
931 1629 1008 1680 simi·

209 1704 254 1767 lis,
266 1701 336 1754 nihil
347 1704 403 1771 igni
417 1700 553 1767 deperdit.
582 1699 636 1751 llic
646 1700 786 1753 veneficiis
798 1698 906 1752 resistit
918 1699 1006 1751 omui·

206 1774 271 1833 bus,
285 1772 412 1839 privatim
425 1772 580 1837 lllagorum.

244 1841 358 1894 XXXll.
369 1839 483 1891 Genden
496 1854 529 1889 ex
541 1845 703 1904 argumento
715 1839 865 1906 appellant,
876 1838 1006 1906 quoniam

208 1910 369 1975 corripierus
380 1914 423 1958 est
436 1914 547 1966 terrain,
569 1906 712 1957 oculorum
733 1907 943 1959 medicamentis
956 1907 1008 1958 uti·

207 1979 356 2029 lissinrum:
367 1977 433 2026 item
448 1990 627 2026 mammarum
641 1990 673 2025 ac
685 1978 798 2027 testium
809 1977 895 2028 vitiis.

243 2044 368 2097 XXXill.
387 2037 604 2104 lllelititeslapis
625 2052 734 2087 succum
756 2037 877 2089 remittit
898 2035 1007 2088 dulcem

207 2115 407 2177 mellitumque.
443 2112 535 2160 'l'usus
547 2115 575 2160 et
585 2122 664 2159 cerae
675 2107 793 2169 mixtus,
815 2107 1008 2174 eruptionibus

208 2185 336 2253 pituitae,
360 2180 529 2244 maculisque
541 2176 666 2241 corporis
687 2175 822 2238 niedetur,
845 2184 874 2228 et
887 2175 1006 2227 faucium

210 2249 441 2307 exhulcerationi.
476 2244 657 2312 Epinyctidas
669 2245 755 2306 tollit,
768 2252 797 2297 et
808 2246 949 2299 vulvarum
960 2245 1008 2297 db·

209 2324 284 2376 iores
297 2320 441 2385 impositus
451 2316 559 2369 velleri.

244 2390 372 2442 XXXIV.
388 2387 510 2454 (iugales
521 2384 591 2451 lapis
604 2398 704 2436 nomen
715 2382 799 2436 habet
811 2383 867 2434 loci
880 2390 909 2435 et
918 2383 1007 2435 anrnis

209 2460 296 2529 Gagis
306 2458 420 2526 Lyciae.
437 2459 520 2507 Aiuot
532 2462 560 2507 et
572 2457 598 2503 in
611 2452 859 2518 1.eucoiiaespeilt
873 2454 952 2514 mari,
964 2458 1006 2502 at·

210 2546 263 2600 que
274 2529 349 2579 intra
359 2527 408 2578 Xll
420 2527 512 2577 stadia
523 2522 629 2589 colligi.
667 2523 752 2589 Niger
764 2530 816 2585 est,
832 2521 941 2587 planus,
958 2535 1008 2587 pu·

209 2599 339 2658 micosus,
358 2610 413 2645 non
425 2596 542 2646 multum
554 2608 571 2643 a
583 2593 659 2660 ligno
672 2592 813 2655 differens,
834 2591 912 2654 ieris,
923 2590 1009 2659 fragi-

209 2669 259 2720 lis:
271 2666 366 2726 odore,
377 2667 401 2715 si
413 2670 529 2725 teratur,
539 2663 639 2730 gravis.
659 2661 773 2712 Fictilia
783 2675 817 2713 ex
829 2675 862 2713 eo
874 2661 1008 2726 inscripta

209 2752 265 2790 non
277 2736 415 2788 delentur.
441 2736 507 2784 Com
519 2733 619 2793 uritur,
630 2730 743 2783 odorem
755 2730 934 2797 sulphureum
949 2729 1008 2782 red·

209 2807 260 2858 dit.
297 2805 464 2870 illitumque,
474 2802 636 2854 accenditur
647 2816 726 2868 aqua,
738 2801 801 2853 oleo
812 2801 1007 2868 restinguitur.

208 2876 301 2943 Fugat
310 2880 452 2940 serpentes
464 2874 511 2933 ita,
524 2878 685 2937 recreatque
697 2872 795 2923 rulrae
806 2870 1007 2937 strangulatio·

208 2961 266 2997 nes.
278 2941 467 3013 Deprehendit
477 2941 613 2993 sonticum
627 2941 761 3001 morbum,
775 2948 804 2992 et
815 2940 1006 3006 virginitatem

209 3013 325 3066 suffitus.
362 3013 437 3064 idem
449 3027 483 3064 ex
493 3011 559 3060 rino
572 3009 714 3071 decoctus,
731 3009 858 3061 dentibus
870 3010 1006 3071 medetur,

208 3084 374 3149 strumisque
385 3097 467 3152 cerae
478 3079 640 3146 permixtus.
664 3080 726 3129 lice
737 3079 868 3129 dicuntur
877 3079 918 3130 uti
930 3078 1006 3144 Magi

207 3155 238 3205 in
250 3168 290 3215 ca,
302 3166 383 3219 quam
395 3157 496 3203 vocant
506 3149 737 3201 axinomnntiam:
750 3154 779 3198 et
790 3148 885 3213 peruri
896 3154 1006 3215 negant,

208 3224 231 3275 sl
244 3230 406 3274 eventurum
419 3221 465 3283 sit,
477 3219 549 3285 quod
562 3218 662 3283 aliquis
675 3222 762 3284 optet.

241 3288 353 3342 XXXV.
373 3288 510 3356 spongiae
523 3288 629 3353 lapides
640 3286 820 3338 inveniuntur
835 3287 862 3336 in
874 3285 1007 3354 spongiis,

208 3369 238 3415 et
249 3365 313 3411 sunt
323 3357 419 3409 nativi.
456 3357 574 3417 Quidam
587 3370 635 3406 eos
647 3354 797 3407 tecolithos
809 3362 919 3417 vocant,
937 3370 1006 3422 quo-

207 3432 282 3482 niam
301 3429 411 3480 vesicae
431 3426 589 3478 medentur:
610 3424 734 3476 calculos
754 3431 886 3493 rumpunt
901 3425 930 3477 in
942 3425 1006 3475 rino

244 3498 276 3549 ti.

206 3513 371 3619 poXXXl'i.
389 3565 528 3635 Phrygius
537 3563 609 3632 lapis
622 3565 712 3629 gentis
724 3578 825 3616 nomen
838 3562 929 3615 babet.
955 3564 1007 3615 ast

208 3646 300 3689 autern
323 3636 406 3705 gleba
422 3636 574 3702 pumicosa.
612 3635 706 3684 Uritur
716 3640 781 3685 ante
791 3634 855 3683 rino
867 3631 1004 3699 perfusus,

207 3705 346 3773 flaturquc
357 3705 482 3766 follibus,
503 3703 592 3754 donec
613 3705 751 3764 rubescat,
772 3718 805 3753 ac
823 3717 919 3754 rursus
930 3701 1005 3754 dulci

206 3776 271 3828 rino
292 3775 488 3841 exstinguitur,
510 3782 540 3825 ct
560 3772 611 3823 hoc
632 3772 719 3824 ternis
731 3772 847 3834 ricibus,
866 3770 1006 3841 tingendis

127 3858 131 3864 ·
205 3844 330 3897 restibus
342 3851 450 3897 tanturn
463 3843 550 3895 utilis.

240 3912 381 3967 XXXVll.
413 3912 538 3966 schistos
560 3917 590 3964 et
617 3910 785 3965 haematites
810 3910 1004 3979 cognationem

205 3982 317 4036 habent.
336 3982 514 4034 Haematites
525 3982 667 4033 invenitur
676 3981 705 4030 in
716 3981 838 4031 metallis
848 3997 855 4031 r
866 3988 943 4032 ustus
955 3981 1006 4031 nri·

205 4054 244 4103 nii
256 4052 379 4103 colorem
394 4050 538 4101 imitatur:
557 4050 658 4111 uritur,
678 4056 709 4098 ut
721 4048 867 4115 Phrygius,
886 4049 936 4100 sed
950 4065 1005 4100 non

205 4118 393 4184 restinguitur
403 4120 474 4167 rino.
511 4116 703 4167 adulteratum
720 4116 824 4166 schisto
836 4115 1006 4167 haematiten

206 4189 367 4239 ffiscernunt
379 4200 465 4236 cenae
475 4186 615 4246 rubentes,
635 4190 664 4235 el
676 4183 794 4235 friabilis
806 4190 914 4234 natura.
935 4187 1006 4236 Ocu·

192 4256 352 4319 ,lis'cruore
362 4254 474 4305 suffusis
485 4257 554 4304 mire
566 4252 702 4305 convenit.
748 4251 828 4304 Sistit
840 4251 1005 4317 profluvium

205 4327 353 4378 mulierum
365 4330 456 4389 potus.
491 4323 596 4374 Bibunt
612 4338 674 4373 eum
691 4328 719 4373 et
729 4322 775 4389 qui
786 4321 949 4388 sanguinem
961 4335 1004 4371 re-

204 4397 340 4454 iecerunt,
360 4408 422 4445 cum
441 4407 522 4443 succo
535 4391 629 4443 Punici
648 4390 723 4442 mali.
759 4390 795 4442 Et
806 4390 836 4440 in
846 4389 956 4441 vesicae
967 4389 1005 4439 ri·

204 4465 254 4518 tiis
275 4463 380 4517 efficax.
416 4462 526 4513 Bibitur
545 4468 574 4513 et
592 4462 620 4512 in
638 4461 702 4511 vino
715 4466 814 4512 contra
833 4459 1003 4526 serpentium

204 4534 288 4587 ictus.
324 4532 463 4586 lnlirmior
482 4531 517 4583 ad
538 4532 633 4583 omnia
651 4529 720 4582 haec
741 4528 838 4581 eadem
851 4536 903 4591 est,
924 4543 1004 4596 quern

206 4603 329 4655 schiston
341 4601 493 4668 appellant.
530 4600 585 4654 Sed
602 4600 675 4651 iniis
687 4597 862 4652 commodior
874 4612 957 4650 croco
968 4600 1004 4648 si·

205 4674 297 4735 nullis,
315 4671 484 4738 peculiarius
499 4671 636 4736 splendet.
671 4667 786 4721 Proficit
802 4667 946 4719 oculorum
964 4666 1003 4716 la·

206 4743 302 4794 crimis
312 4742 340 4792 in
352 4740 571 4792 lactemuliebri:
583 4739 813 4806 procidentesque
823 4737 920 4789 oculos
928 4750 1005 4802 prae·

206 4811 281 4864 clare
292 4809 412 4863 cohibet.
446 4810 527 4863 llaec
536 4816 580 4863 est
588 4808 728 4863 sententia
738 4820 842 4870 eorum,
853 4807 899 4873 qui
909 4818 1006 4872 nuper·

205 4881 277 4933 rime
291 4881 435 4948 scripsere.

241 4949 394 5003 xxxvrtr.
426 4948 544 5000 Sotacus
572 4963 588 4999 e
616 4945 814 4999 vetustissimis
843 4945 1004 4996 auctoribus

205 5021 325 5088 quinque
335 5034 438 5088 genera
450 5017 661 5071 haematitarum
671 5015 767 5077 tradit,
776 5020 885 5081 practer
895 5028 1005 5080 magne·

205 5094 271 5140 tem.
308 5089 496 5155 Principatum
508 5088 557 5139 dat
572 5101 605 5139 er
616 5086 651 5137 iis
663 5084 840 5151 Aethiopico,
860 5083 1004 5134 oculorum

204 5159 417 5211 medicamentis
427 5160 594 5220 utilissimo,
615 5161 643 5208 et
655 5156 690 5205 iis
702 5169 773 5219 quae
785 5152 949 5219 panchresta
959 5167 1004 5218 ap·

204 5227 327 5296 pellant:
347 5230 412 5279 item
423 5229 565 5279 ambustis.
600 5225 725 5277 Alterum
736 5222 955 5273 androdamanta
966 5222 1005 5272 di·

205 5298 245 5348 cit
257 5297 362 5358 rocari,
370 5295 462 5347 colore
474 5295 691 5361 nigro,pondere
703 5307 735 5342 ac
747 5290 849 5341 duritia
860 5291 1005 5360 insignem,

205 5372 234 5417 et
247 5366 313 5417 inde
323 5379 422 5415 nomen
434 5365 571 5424 traxisse,
592 5363 794 5429 praecipueque
812 5359 841 5410 in
853 5358 948 5412 llfrlca
960 5375 1004 5413 re·

205 5439 324 5496 pentum.
360 5428 484 5482 Trahere
494 5439 587 5482 autem
602 5433 630 5483 in
648 5447 678 5481 se
695 5433 850 5496 argentum,
871 5444 928 5492 aes,
949 5429 1004 5483 fer·

230 5514 277 5550 em.
313 5498 540 5566 Experimentum
554 5500 613 5551 eius
624 5515 685 5552 esse
696 5500 722 5549 in
734 5506 796 5551 cote
809 5513 843 5551 ex
855 5499 947 5566 lapide
957 5501 1005 5552 ba·

258 5569 306 5622 ite.
342 5567 470 5623 Reddere
480 5569 674 5679 enimffsum
685 5568 887 5638 sanguineum,
905 5576 934 5623 et
944 5583 1006 5622 esse

1057 452 1095 504 ad
1110 451 1241 505 iocineris
1256 451 1326 504 vitia
1343 457 1484 522 praecipui
1501 459 1626 512 remedii.
1663 461 1788 515 Tertium
1808 482 1856 534 ge·

1059 537 1110 571 nus
1120 522 1229 572 Arabici
1242 521 1323 583 facit,
1347 524 1431 574 sinvili
1447 526 1563 589 duritie,
1584 530 1630 579 rix
1646 531 1787 584 reddentis
1797 551 1859 586 soc·

1059 589 1269 668 corrodentem
1287 593 1446 657 aquariam,
1467 595 1617 661 aliquando
1635 614 1718 651 croco
1729 602 1857 656 similem.

1059 660 1157 722 Quarti
1169 661 1277 725 generis
1289 662 1403 713 elatitea
1412 665 1507 715 vocari
1520 699 1528 726 ,
1553 667 1682 731 quamdiu
1695 671 1793 722 crudus
1804 675 1856 725 sit:

1059 734 1168 780 coctum
1188 744 1254 781 vero
1276 730 1407 794 miltites,
1422 734 1516 784 utilem
1539 736 1681 800 ambustis,
1704 740 1739 790 atl
1763 743 1858 792 omnia

1058 797 1199 849 utiliorem
1211 798 1330 850 rubrica.
1359 800 1457 861 Quinti
1468 804 1578 868 generis
1588 803 1719 867 schiston,
1731 806 1858 861 haenau·-

1057 867 1171 920 rhoidas
1186 867 1392 933 reprimentem.
1428 871 1459 920 ln
1477 878 1564 923 totum
1582 881 1676 926 nutem
1691 872 1858 930 haematitas

1059 953 1153 989 omnes
1175 938 1257 988 tritos
1273 936 1301 986 in
1320 938 1382 988 oleo
1399 938 1482 989 trium
1500 939 1691 994 drachmarum
1707 946 1828 1010 pondere
1842 964 1859 1000 a

1058 1007 1160 1059 ieiunis
1170 1005 1327 1069 sumendos,
1346 1005 1382 1057 ad
1393 1007 1462 1058 ritia
1473 1012 1623 1077 sauguinis.
1671 1013 1746 1064 idem
1758 1024 1858 1069 auctor

1059 1076 1180 1128 schiston
1203 1077 1318 1127 alterius
1337 1077 1446 1143 generis
1467 1093 1549 1145 quarn
1570 1077 1738 1132 haematiten
1758 1085 1857 1149 tradit,
1935 1132 1943 1151 ,

1059 1162 1138 1213 quem
1151 1153 1252 1197 cocant
1270 1142 1454 1198 anthraciten.
1492 1147 1573 1199 Nasci
1590 1148 1618 1200 in
1634 1150 1726 1203 Africa
1740 1155 1857 1222 nigrum,

1059 1216 1187 1267 attritum
1200 1216 1320 1282 aquariis
1331 1216 1441 1267 cotibus
1451 1216 1567 1268 reddere
1577 1217 1613 1270 ab
1625 1235 1659 1271 ea
1669 1229 1766 1287 parte,
1787 1238 1858 1288 quae

1059 1284 1146 1336 fuerit
1157 1286 1191 1337 ab
1203 1285 1305 1348 radice,
1327 1288 1435 1351 nigrum
1447 1288 1581 1339 coloremr
1607 1290 1642 1341 ab
1653 1292 1751 1356 altera,
1772 1294 1857 1346 croci.

1059 1355 1149 1422 ipsum
1161 1355 1257 1406 utilem
1270 1370 1331 1406 esse
1346 1355 1488 1408 oculorum
1500 1358 1716 1412 medicamentis.

1094 1424 1219 1475 XXXlX.
1238 1424 1348 1475 hatitae
1369 1425 1476 1492 lapides
1497 1442 1532 1479 er
1552 1437 1715 1496 argumento
1736 1431 1856 1483 nominis

1059 1508 1188 1560 magnam
1200 1494 1303 1544 fumans
1316 1493 1425 1547 babent.
1463 1497 1646 1562 Reperiuntur
1657 1499 1684 1551 in
1697 1502 1769 1552 nidis
1781 1500 1857 1567 aqui·

1058 1563 1157 1625 larum,
1177 1564 1248 1615 sieut
1269 1564 1296 1614 in
1318 1563 1425 1616 decimo
1446 1567 1584 1619 volumine
1606 1568 1735 1622 diximus.
1771 1572 1857 1622 Aiunt

1058 1633 1139 1685 binos
1160 1633 1289 1694 inveniri,
1310 1648 1412 1685 marem
1434 1643 1464 1687 et
1483 1634 1624 1690 feminam.
1669 1639 1726 1691 Nec
1741 1640 1802 1692 sine
1823 1640 1858 1689 iis

1060 1718 1165 1770 parere,
1176 1718 1244 1770 quas
1255 1702 1384 1766 diximus,
1394 1705 1514 1771 aquilas:
1533 1713 1561 1757 et
1572 1708 1635 1760 ideo
1645 1708 1725 1760 binos
1737 1716 1856 1762 tantum.

1060 1773 1169 1825 Genera
1181 1788 1277 1824 eorum
1291 1780 1419 1839 quatuor.
1454 1775 1484 1824 ln
1495 1773 1589 1826 Africa
1600 1788 1756 1830 nascentem
1769 1777 1856 1845 pusil-

1059 1843 1115 1893 lum
1128 1858 1160 1893 ac
1176 1844 1297 1905 mollem,
1316 1843 1391 1893 iutra
1406 1858 1436 1894 se
1453 1850 1481 1894 et
1498 1844 1574 1895 relat
1591 1847 1617 1897 in
1636 1847 1698 1897 alro
1710 1845 1858 1900 habentem

1059 1911 1185 1978 argillam
1199 1928 1319 1972 suarem,
1331 1912 1490 1963 candidam:
1510 1913 1598 1979 ipsum
1611 1914 1759 1979 friabilem,
1772 1929 1856 1983 quem

1060 1979 1172 2055 feminei
1181 1995 1263 2031 serris
1273 1986 1381 2045 putant.
1416 1981 1523 2032 Marem
1536 1990 1637 2043 autem,
1658 1987 1704 2046 qui
1716 1987 1743 2036 in
1755 1985 1859 2036 Arabia

1058 2053 1190 2105 nascitur,
1203 2045 1311 2107 durum,
1322 2049 1414 2111 gallae
1424 2048 1555 2109 similem,
1567 2057 1615 2099 aut
1627 2051 1804 2110 subrutilum,
1825 2052 1855 2100 in

1058 2111 1121 2164 alro
1138 2107 1286 2161 habentem
1301 2114 1400 2161 durum
1418 2112 1548 2179 lapidem.
1585 2118 1700 2168 Tertius
1715 2119 1744 2169 in
1763 2122 1858 2186 Cypro

1058 2181 1206 2243 invenitur,
1228 2181 1322 2232 colore
1338 2179 1435 2231 illisio
1451 2182 1546 2234 Africa
1558 2186 1732 2239 nascentibus
1749 2189 1858 2252 similis,

1058 2251 1175 2318 amplior
1187 2256 1278 2301 tamen
1296 2256 1379 2316 atque
1395 2250 1546 2303 dilatatus:
1567 2256 1666 2306 ceteris
1678 2260 1749 2309 enim
1762 2259 1859 2326 globo·

1058 2336 1090 2370 sa
1100 2321 1195 2370 facies.
1230 2319 1325 2370 Habet
1336 2320 1364 2369 in
1376 2319 1438 2370 alvo
1452 2336 1562 2373 arenam
1576 2326 1722 2378 iucundam
1735 2334 1763 2379 et
1775 2329 1857 2395 lapil-

1058 2389 1115 2439 los:
1134 2389 1194 2454 ipse
1206 2394 1261 2437 tam
1275 2388 1378 2450 mollis,
1390 2394 1421 2438 ut
1431 2390 1516 2440 etiam
1529 2391 1625 2458 digitis
1638 2393 1746 2448 friatur.
1772 2397 1858 2458 Quar-

1059 2460 1079 2508 ti
1090 2456 1199 2524 generis
1209 2455 1378 2521 'l'aphiusius
1390 2459 1556 2520 appellatur,
1571 2477 1685 2513 nascens
1696 2464 1777 2515 iuxta
1789 2466 1859 2516 heu·

1059 2525 1163 2585 cadem,
1175 2524 1221 2574 ubi
1233 2532 1275 2576 est
1286 2540 1366 2574 nions
1378 2524 1512 2589 Taphias,
1527 2530 1573 2592 qui
1585 2528 1694 2580 locatus
1705 2538 1747 2581 est
1758 2533 1859 2585 dextra

1059 2593 1254 2660 navigantibus
1267 2593 1300 2644 ad
1310 2591 1477 2644 Leucadem.
1505 2594 1649 2647 lnrcnitur
1661 2600 1688 2648 in
1700 2599 1858 2653 lluminlbus

1059 2663 1194 2717 candidus
1211 2668 1239 2713 et
1257 2660 1400 2713 rotundus.
1436 2662 1510 2714 lluic
1529 2674 1573 2716 est
1589 2667 1615 2714 in
1634 2666 1697 2717 alro
1709 2667 1791 2735 lapis,
1813 2673 1859 2736 qui

1058 2740 1174 2787 vocatur
1184 2732 1325 2792 callimus,
1347 2746 1398 2781 nec
1416 2731 1564 2799 quidquam
1582 2735 1714 2788 tenerius.
1747 2739 1859 2791 detitae

1060 2819 1154 2857 omnes
1166 2801 1289 2869 gravidis
1301 2799 1446 2868 adalligati
1459 2801 1628 2866 mulieribus,
1646 2807 1688 2857 rel
1701 2807 1856 2876 quadrupe·
1955 2856 1958 2867 ,

1057 2874 1150 2936 dibus,
1162 2874 1188 2922 in
1201 2870 1338 2937 pelliculis
1349 2867 1569 2923 sacrificatorum
1582 2873 1753 2939 animalium,
1766 2879 1856 2928 conti·

1059 2950 1125 2995 nent
1136 2949 1240 3008 partus,
1256 2955 1310 2991 non
1324 2938 1376 2989 nisi
1388 2941 1546 3006 parturiant
1556 2946 1729 2996 removendi:
1750 2947 1859 3015 alioqui

1058 3012 1156 3064 vulvae
1175 3009 1312 3063 excidium
1329 3009 1369 3058 iit.
1405 3006 1458 3060 Sed
1475 3010 1529 3062 nisi
1549 3014 1768 3079 parturientibus
1777 3016 1855 3068 aufe·

1058 3088 1165 3142 rantur,
1186 3079 1297 3131 omnino
1311 3094 1365 3129 non
1377 3079 1495 3144 pariunt.

1092 3149 1151 3201 xt..
1171 3149 1222 3199 Est
1232 3150 1303 3214 lapis
1315 3147 1423 3199 Samius
1434 3149 1461 3199 in
1474 3150 1571 3202 eadem
1583 3150 1683 3213 insula,
1694 3152 1742 3204 ubi
1753 3158 1857 3206 terram

1057 3218 1241 3280 laudavimus,
1262 3217 1395 3284 poliendo
1413 3233 1481 3269 auro
1498 3219 1585 3270 utilis.
1622 3221 1707 3272 Utilis
1717 3230 1746 3274 et
1758 3224 1785 3275 fn
1799 3240 1856 3276 nic·

1058 3291 1151 3342 dicioa
1162 3288 1304 3339 oculorum
1318 3285 1477 3339 hulceribus
1488 3304 1548 3339 cum
1560 3279 1645 3350 lacte,
1657 3305 1711 3356 quo
1723 3307 1809 3360 supra
1818 3293 1858 3344 di·

1058 3366 1132 3410 ctum
1144 3365 1187 3411 est
1199 3356 1291 3420 modo,
1303 3364 1401 3409 contra
1409 3364 1518 3408 veteres
1529 3356 1745 3412 lacrimationes.
1790 3360 1857 3412 Pro·

1058 3430 1120 3481 dest
1131 3433 1159 3480 et
1176 3433 1273 3478 contra
1288 3427 1356 3478 vitia
1373 3423 1507 3478 stomachi
1532 3434 1625 3492 potus:
1649 3428 1798 3494 vertigines
1811 3444 1856 3481 se-

1059 3498 1116 3550 dat:
1136 3502 1243 3548 mentes
1254 3502 1407 3547 commotas
1415 3495 1545 3546 restituit.
1582 3488 1702 3556 Quidam
1714 3506 1743 3549 et
1753 3499 1857 3549 morbis

1059 3565 1246 3620 comitialibus
1257 3565 1367 3618 utiliter
1383 3564 1443 3615 dari
1458 3568 1569 3630 putant,
1594 3564 1668 3615 etad
1680 3567 1777 3619 urinae
1788 3566 1858 3618 diffi-

1058 3636 1186 3689 cultates.
1223 3636 1322 3702 hcopis
1337 3635 1420 3686 etiam
1435 3633 1573 3685 miscetur.
1610 3631 1749 3688 Probatur
1760 3636 1858 3705 gravi·

1057 3714 1116 3759 tate
1130 3712 1159 3758 et
1170 3705 1298 3761 candore.
1344 3702 1449 3755 Vulros
1459 3708 1487 3754 et
1497 3710 1594 3769 partus
1604 3704 1747 3759 contineri
1757 3704 1857 3759 adalli-

1057 3783 1123 3844 gato
1136 3791 1168 3828 eo
1184 3774 1305 3825 tradunt.
1864 3786 1869 3791 ·

1090 3840 1163 3898 Xbl.
1181 3845 1287 3895 Arabus
1303 3842 1376 3910 lapis
1393 3842 1470 3894 ebori
1486 3840 1604 3906 similis,
1625 3841 1795 3897 dentifriciis
1812 3858 1857 3894 ac-

1057 3914 1250 3968 commodatur
1269 3918 1415 3964 crematus.
1469 3910 1602 3964 Privatim
1627 3909 1857 3965 haemorrhoidas

1056 3992 1136 4036 sanat
1146 4000 1207 4036 cum
1217 3982 1347 4050 lanugine
1359 3981 1522 4045 linteorum,
1546 3981 1671 4032 linteolis
1681 3983 1796 4045 insuper
1805 3979 1855 4028 im-

1076 4054 1164 4105 osltis.
1470 4053 1473 4059 “

1056 4069 1177 4171 lxm
1196 4120 1257 4170 Non
1275 4118 1524 4184 praetermittenda
1540 4125 1583 4171 est
1599 4118 1628 4165 et
1648 4114 1788 4179 pumicum
1809 4128 1857 4165 na·

1056 4195 1128 4240 tura.
1164 4189 1344 4253 Appellantur
1354 4188 1462 4249 quidem
1474 4188 1514 4232 its
1526 4196 1553 4232 ec
1564 4196 1646 4233 erosa
1656 4197 1733 4241 saxa,
1744 4181 1772 4232 in
1782 4181 1857 4233 aedi·

1057 4257 1134 4316 liciis,
1159 4271 1228 4322 quac
1245 4268 1339 4306 musea
1354 4257 1463 4312 cocant,
1485 4250 1679 4317 dependentia,
1702 4249 1736 4300 ad
1758 4252 1856 4318 imagi·

1057 4340 1117 4376 nem
1131 4339 1230 4390 specus
1241 4328 1302 4372 arte
1314 4318 1498 4371 reddendam:
1518 4320 1565 4372 sed
1578 4326 1606 4372 et
1617 4321 1636 4372 ii
1649 4319 1786 4386 pumices,
1807 4321 1855 4387 qui

1056 4400 1122 4447 sunt
1133 4394 1161 4442 in
1182 4406 1232 4441 usu
1247 4403 1394 4455 corporum
1409 4389 1638 4455 laevigandorum
1655 4387 1775 4451 leminis,
1799 4388 1856 4441 iam

1057 4463 1165 4532 quidem
1178 4466 1206 4511 et
1218 4461 1291 4522 ciris,
1301 4468 1384 4527 atque
1398 4463 1440 4520 (ot
1451 4458 1492 4507 ait
1504 4458 1640 4520 Catullus)
1649 4457 1739 4519 libris,
1760 4457 1855 4511 lauda·

1056 4530 1159 4584 tissimi
1170 4535 1234 4579 sunt
1244 4527 1272 4579 ill
1285 4528 1370 4589 Melo,
1382 4527 1495 4594 Nisyro,
1507 4534 1535 4578 et
1546 4527 1650 4579 Aeoliis
1660 4525 1766 4579 insulis.
1789 4527 1855 4581 Pro·

1055 4602 1132 4655 batio
1142 4599 1171 4649 in
1183 4598 1302 4649 candore
1314 4599 1480 4665 minimoque
1488 4596 1619 4662 pondere,
1627 4603 1656 4648 et
1666 4601 1698 4649 ut
1707 4612 1788 4662 quam
1798 4612 1855 4650 ma·

1055 4672 1128 4723 xime
1139 4669 1277 4737 spongiosi
1290 4666 1416 4733 aridique
1427 4668 1491 4727 sint,
1502 4681 1534 4716 ac
1546 4666 1599 4717 teri
1612 4664 1718 4728 faciles,
1729 4682 1781 4718 nee
1792 4682 1853 4720 are·

1056 4743 1117 4792 nosi
1129 4741 1155 4789 in
1168 4738 1302 4789 fricando.
1338 4734 1389 4787 Vis
1400 4751 1494 4788 eorum
1505 4735 1533 4786 in
1546 4735 1698 4797 medicina,
1722 4744 1855 4789 extenua·

1056 4825 1096 4872 re,
1107 4809 1221 4868 siccare,
1233 4807 1317 4858 tertia
1326 4806 1446 4865 ustione,
1467 4807 1507 4856 ita
1517 4812 1547 4856 ut
1561 4810 1721 4857 torreantur
1732 4808 1854 4858 carbone

1057 4894 1135 4946 puro,
1154 4893 1187 4928 ac
1199 4878 1285 4928 toties
1300 4878 1364 4931 rino
1383 4875 1591 4942 restinguantur
1602 4876 1675 4927 albo.
1710 4873 1855 4927 Lavantur

1057 4945 1164 5010 deinde,
1173 4951 1203 4997 ut
1213 4946 1327 5006 cadmia,
1342 4952 1370 4997 et
1381 4944 1479 4995 siccati
1490 4943 1654 5006 conduntur,
1677 4959 1759 5011 quam
1770 4943 1852 4995 mini·

1057 5033 1101 5069 me
1111 5015 1250 5083 uliginoso
1261 5015 1332 5065 loco.
1370 5015 1441 5065 Usus
1453 5013 1558 5065 farinae
1570 5015 1629 5065 eius
1640 5014 1783 5065 oculorum
1795 5026 1853 5063 ma·

1055 5089 1130 5138 xime
1141 5084 1366 5137 medicamentis:
1386 5081 1498 5135 hulcera
1515 5091 1617 5152 purgat
1636 5098 1731 5135 eorum
1743 5081 1852 5141 leniter,

1057 5155 1206 5222 expletque
1227 5152 1384 5215 cicatrices,
1406 5160 1435 5206 et
1456 5153 1591 5205 emendat.
1627 5152 1746 5214 Quidam
1767 5152 1853 5201 tertia

1056 5225 1165 5276 ustione
1175 5222 1357 5290 refrigeratos
1367 5225 1470 5289 potius,
1491 5238 1570 5292 quam
1581 5222 1739 5281 restinctos,
1758 5226 1851 5269 terere

1055 5293 1165 5346 malunt
1184 5307 1219 5345 ex
1242 5293 1314 5343 rino.
1349 5292 1495 5344 adduntur
1515 5289 1655 5344 etiamad
1677 5287 1852 5352 malagmata,

1056 5363 1176 5430 capitum
1187 5362 1423 5429 verendorumque
1434 5362 1599 5414 hulceribus.
1617 5355 1772 5409 Utilissima
1781 5356 1852 5406 fiunt

1057 5448 1091 5486 ex
1103 5432 1145 5485 his
1156 5432 1324 5485 dentifricia.
1359 5429 1568 5497 Theophrastus
1578 5433 1674 5480 auctor
1686 5429 1729 5475 est
1740 5460 1748 5483 ,
1768 5431 1850 5493 poto-

1055 5502 1141 5555 resin
1158 5503 1308 5555 certamine
1323 5500 1436 5553 bibendi
1455 5510 1631 5565 praesumere
1646 5491 1765 5546 farinam
1782 5509 1851 5554 eam,

1056 5570 1106 5626 sed
1116 5572 1170 5625 nisi
1180 5572 1315 5627 immenso
1326 5566 1581 5688 potgzimpleantnr,
1601 5562 1772 5631 periclitari:
1791 5569 1852 5617 tan·

1428 5639 1441 5661 ἥ
