4330 6014
246 329 278 389 c.
323 294 477 389 saluii
520 326 733 389 secunao
775 329 944 391 aaron.

27 450 28 475 l
393 460 402 479 s

27 502 28 517 ι
136 494 221 538 rarum
231 484 399 547 portentum,
409 478 442 530 L.
449 479 565 543 Marcio,
576 477 640 533 Sex.
651 478 723 531 lolio
733 480 813 532 Coss.
823 478 853 530 in
864 492 932 545 agro

135 550 287 607 Mutinensi.
316 548 443 617 Namque
459 556 568 602 montes
584 550 639 601 duo
654 551 729 603 inter
744 564 775 601 se
787 562 934 601 concurre·

136 630 210 683 runt,
231 618 339 685 crepitu
361 620 482 675 marimo
495 620 684 685 assultantes,
705 618 934 687 recedentesque,

136 694 201 747 inter
210 706 258 743 eos
268 687 382 740 Marma
401 688 533 756 fumoque
551 692 579 742 in
592 689 699 741 caelum
713 695 832 741 exeunte
843 687 932 739 inter·

136 764 186 825 diu,
205 766 349 827 spectante
370 774 385 810 e
407 760 454 811 uia
471 759 592 811 Aemilia
610 775 712 827 magna
733 758 858 826 equitum
876 756 932 808 Ro·

136 845 290 891 manorum,
307 827 546 896 familiarumque,
566 835 594 880 et
613 829 754 880 viatorum
776 825 933 879 multitudi⁴

136 919 173 953 aa.
191 901 229 951 Eo
242 913 379 951 concursu
397 898 482 950 uillae
493 913 588 950 omnes
600 897 701 950 elisae:
723 896 857 950 animalia
868 911 931 964 per·

135 972 222 1031 multa,
239 984 310 1036 quae
321 968 396 1018 intra
405 965 529 1028 fuerant,
543 969 703 1019 exanimata
714 974 787 1029 sont,
802 981 875 1018 anno
886 981 933 1017 au·

135 1052 159 1094 te
168 1040 270 1093 sociale
290 1037 410 1089 bellum:
433 1037 506 1103 quod
524 1035 598 1087 haud
610 1037 668 1087 seio
680 1053 715 1088 an
726 1036 864 1090 funestius
875 1041 931 1087 ter·

135 1127 177 1164 rac
187 1111 239 1175 ipsi
256 1107 356 1159 ltaliae
367 1105 468 1171 fuerit,
486 1121 569 1174 quam
588 1107 689 1158 ciuilia.
708 1108 770 1159 Non
782 1106 872 1157 miuus
883 1105 934 1156 mi·

134 1196 187 1232 rum
199 1186 340 1230 ostentum
351 1184 380 1228 et
393 1184 492 1228 nostra
503 1176 635 1245 cognorit
646 1184 739 1239 aetas,
760 1192 832 1227 aurio
844 1175 933 1228 Nero·

26 1282 27 1289 .
134 1251 172 1302 nis
190 1248 323 1316 principis
343 1261 482 1312 supremo,
502 1246 577 1298 sicut
587 1247 615 1297 in
626 1248 709 1299 rebus
731 1246 792 1298 eius
804 1244 933 1311 exposui·

134 1335 205 1380 mos,
224 1320 314 1386 pratis
334 1315 460 1384 oleisque
480 1317 670 1368 intercedente
691 1316 738 1367 ria
758 1315 886 1382 publica,
906 1314 934 1364 in

134 1388 283 1441 contrarias
306 1386 385 1438 sedes
406 1386 606 1453 transgressis,
625 1388 653 1437 in
673 1401 741 1453 agro
762 1382 933 1445 Marrucino,

132 1452 250 1526 praediis
260 1455 350 1510 vectii
360 1454 490 1508 Marcelli
507 1455 610 1523 equitis
621 1454 748 1518 Romani,
758 1468 803 1513 res
814 1453 933 1507 Neronis

148 1526 310 1579 recurantis.

132 1543 147 1596 Ρ
163 1596 314 1649 Lxxxvr.
324 1592 409 1647 Fiunt
420 1594 503 1647 simul
514 1609 575 1646 cum
587 1598 680 1647 terrae
689 1598 769 1647 motu
781 1591 935 1647 ctinunda·

131 1667 216 1720 tiones
228 1667 322 1728 maris,
342 1664 442 1717 eodem
453 1664 587 1719 videlicet
598 1664 702 1731 spiritu
715 1663 814 1727 inlusi,
833 1679 867 1714 ac
878 1670 933 1714 ter-

131 1753 176 1793 rae
185 1736 305 1789 sidentis
314 1736 377 1788 sinu
388 1735 501 1803 recepti.
531 1735 672 1787 Maximus
685 1741 779 1787 terrae
799 1731 936 1785 irremoria

130 1807 284 1859 aiortalinro
296 1809 405 1859 exstitit
417 1813 518 1867 motus,
530 1804 639 1857 Tiberii
651 1805 777 1857 Caesaris
790 1803 929 1870 principa·

131 1884 166 1940 tu,
184 1877 237 1929 xit
249 1877 364 1928 urbibus
375 1876 458 1927 Asiae
470 1891 526 1927 una
536 1883 619 1929 nocte
631 1874 790 1943 prostratis.
819 1873 934 1925 Creber·

130 1949 208 1998 rimus
220 1945 325 1998 Punico
336 1945 422 2008 bcllo,
432 1946 507 1997 intra
519 1946 637 1998 eundem
650 1961 753 1998 annom
774 1944 880 2012 septies
890 1949 933 1993 at-

130 2032 176 2084 que
197 2015 380 2083 quinquagies
395 2015 551 2066 ‘uenustus
572 2016 698 2067 Romam.
736 2015 798 2077 Quo
820 2011 931 2079 quidem

130 2100 194 2137 anuo
205 2085 243 2137 ad
254 2087 458 2153 'l'rnsymenum
475 2085 567 2136 lacum
583 2085 759 2147 dimicantes,
778 2083 931 2136 maximum

128 2162 230 2206 motum
243 2170 333 2223 neque
344 2154 432 2207 Poeni
440 2169 560 2218 sensere,
581 2155 770 2208 necliomani.
789 2152 848 2206 Nee
862 2167 930 2205 vero

128 2226 239 2292 simplex
251 2225 365 2288 erolum,
387 2232 437 2277 aut
451 2224 480 2275 in
495 2227 556 2290 ipso
573 2232 681 2277 tantum
692 2231 770 2276 moto
781 2221 932 2290 periculum

128 2303 178 2345 est:
197 2294 249 2347 sed
261 2310 312 2363 par
322 2296 472 2346 autmaios
483 2301 604 2346 ostento.
631 2296 780 2361 Nunquam
798 2292 864 2343 orbs
876 2291 932 2342 Ro·

127 2378 167 2414 ma
187 2365 314 2427 tremuit,
333 2371 365 2416 ut
386 2380 441 2416 non
453 2361 542 2415 futuri
553 2371 670 2417 ererrtus
682 2362 801 2418 alicuius
811 2361 841 2413 id
853 2376 933 2429 prae·

126 2435 280 2485 nuntiatum
292 2442 376 2486 esset.

154 2502 323 2556 cxxxvii.
338 2501 444 2555 Eadem
455 2503 625 2555 nascentium
636 2519 720 2556 causa
730 2508 868 2556 terrarum
881 2507 932 2563 est,

124 2573 272 2624 cumidem
291 2572 341 2624 ille
361 2572 479 2639 spiritus
499 2571 654 2623 attollendo
672 2580 772 2639 potens
784 2573 854 2633 solo,
877 2585 932 2620 non

123 2640 209 2693 ualuit
221 2655 379 2707 erumpere.
398 2641 559 2693 Nascuntur
570 2642 642 2691 enim
655 2657 707 2692 nec
717 2639 861 2691 fluminum
873 2644 933 2690 tan·

122 2716 178 2762 tom
201 2712 331 2771 invectu,
354 2709 428 2759 sicut
447 2707 605 2760 Echinades
626 2710 734 2761 insulae
755 2710 790 2759 ab
809 2706 932 2758 Acheloo

120 2793 203 2832 arune
227 2795 281 2830 con
302 2784 388 2841 estne,
409 2780 553 2844 maiorque
573 2791 637 2844 pars
648 2778 767 2845 Aegypti
779 2776 885 2838 ah'ilo;
905 2774 934 2825 in

99 2864 207 2917 ,quam
230 2863 248 2898 a
264 2793 356 2898 Plano
378 2846 470 2898 insuia
492 2845 582 2897 noctis
599 2853 628 2897 ot
639 2846 695 2898 diei
716 2861 827 2898 eorsum
846 2844 933 2896 foisse

120 2919 253 2970 Homero
266 2915 416 2968 credimus:
435 2915 484 2967 scd
495 2922 523 2966 et
534 2930 645 2967 recessu
655 2917 748 2976 maris,
759 2915 831 2967 sicut
842 2913 934 2967 cidem

121 2986 153 3039 de.
164 2985 296 3043 Circeiis.
315 2985 398 3046 Quod
417 2984 555 3035 accidisse
572 2992 600 3034 et
618 2985 647 3035 in
666 2984 830 3037 Ambraciae
850 2991 933 3051 porto

122 3056 215 3109 decem
228 3053 348 3105 millium
360 3068 491 3119 passuum
504 3053 669 3115 intervall03
686 3050 933 3105 etAtheniensium

123 3128 245 3193 quinque
256 3123 373 3174 millium
382 3121 416 3174 ad
425 3121 572 3174 Piraeeum
583 3128 767 3174 memoratur:
780 3130 810 3174 et
818 3119 932 3189 Ephesi,

124 3197 166 3247 ubi
178 3193 323 3261 quondam
336 3192 433 3244 nedem
440 3192 551 3243 Dianae
564 3191 697 3243 alliiebat.
715 3190 931 3258 llerodotoqui·

125 3265 182 3317 dem
198 3265 225 3315 si
247 3261 395 3324 credimus,
415 3276 492 3313 mare
511 3259 567 3311 fuit
587 3277 674 3328 sopra
683 3259 834 3328 Memphim
846 3275 933 3326 usque

125 3334 158 3386 ad
177 3332 349 3399 Aethiopum
368 3340 494 3383 montes:
515 3331 640 3397 itemque
657 3347 675 3381 a
695 3332 785 3398 plenis
804 3330 932 3382 Arabiae.

125 3404 203 3456 Mare
214 3408 247 3455 et
258 3400 432 3464 circelliom,
444 3407 473 3454 et
485 3399 735 3465 totaTeuthrania,
745 3415 856 3469 quaque
862 3414 934 3451 cam·

125 3486 172 3540 pos
184 3471 319 3523 intulerit
330 3471 495 3523 Maeander.

157 3541 340 3594 Lxxxvul.
360 3541 518 3592 Nascuntur
528 3545 556 3591 et
568 3538 624 3590 alio
636 3539 719 3591 modo
732 3546 834 3601 terrae,
848 3553 882 3589 ac
892 3553 935 3590 re·

125 3620 202 3679 pente
224 3611 256 3662 in
278 3611 373 3678 aliquo
392 3611 464 3661 mari
480 3616 642 3676 emergunt,
658 3609 736 3660 velot
750 3609 935 3676 pariaseeum

125 3681 245 3733 faciente
255 3688 368 3746 natura,
386 3696 512 3748 quaeque
532 3671 657 3731 hao'serit
666 3675 774 3743 hiatus,
796 3677 853 3729 alio
872 3678 936 3739 loco

124 3752 268 3804 reddente.

157 3820 314 3875 cxxxix.
335 3820 434 3872 clarae
454 3822 509 3871 iam
530 3816 637 3884 pridem
659 3818 769 3871 insulae
780 3854 788 3881 ,
807 3816 936 3869 Deloset

126 3888 252 3954 Rhodos,
273 3891 427 3943 memoriae
446 3889 604 3957 produntur
620 3895 730 3940 enatae.
761 3886 862 3939 Postea
883 3887 933 3937 mi·

126 3974 216 4022 nores,
238 3960 313 4011 ultra
330 3960 425 4011 Melon
441 3956 568 4026 Anaphe:
590 3958 665 4011 inter
675 3959 810 4010 Lemnum
823 3963 852 4008 et
863 3957 933 4008 flel-

126 4027 283 4095 lespoutum
305 4028 377 4081 Neai
397 4030 471 4080 inter
495 4027 639 4080 Lebedum
661 4034 689 4080 et
709 4030 789 4080 'l'eon
808 4027 934 4078 Halone:

127 4098 198 4150 inter
221 4097 372 4166 Cycladas,
392 4098 568 4166 Olympiadis
590 4096 718 4150 CXXXV
729 4112 802 4148 anuo
824 4104 934 4163 quarto,

126 4165 221 4221 Thera
231 4176 260 4220 et
270 4169 416 4221 Therasia.
438 4168 514 4220 inter
534 4168 645 4220 easdem
658 4175 721 4233 post
734 4182 820 4219 annos
832 4166 935 4218 CXXX

126 4236 228 4298 Hiera,
248 4237 396 4305 eademque
406 4239 563 4289 Automate.
592 4239 630 4288 Et
650 4239 684 4289 ab
705 4236 814 4288 duobos
832 4237 933 4288 stadiis

126 4313 197 4371 pest
216 4320 300 4356 annos
319 4308 366 4359 cil
384 4310 411 4357 iu
424 4314 520 4358 nostro
533 4321 612 4367 aero,
632 4308 671 4358 M.
684 4305 762 4357 lunio
775 4306 882 4368 Silano,
901 4305 933 4355 L.

126 4372 223 4426 Balbo
238 4374 316 4425 Coss.
328 4390 352 4426 a.
365 4375 390 4425 d.
402 4374 461 4428 Vlll
476 4377 541 4428 ldus
553 4376 648 4437 iulias,
659 4374 744 4427 Thia.
762 4377 832 4426 Ante
844 4390 895 4425 nos
905 4380 934 4425 et

125 4443 212 4494 iuxta
222 4441 332 4494 ltaliam
342 4445 414 4497 inter
423 4447 536 4497 Aeolias
546 4445 669 4506 insulas,
689 4445 755 4494 item
776 4444 933 4494 ioxtsCre·

127 4521 183 4565 tam
196 4514 312 4566 emersit
328 4517 423 4568 amari
435 4515 523 4569 MMD
541 4529 673 4582 passuum
693 4527 750 4563 una
761 4527 823 4562 com
835 4512 934 4563 calidis

126 4581 251 4634 fontibus
264 4601 271 4635 r
294 4584 386 4639 altera
396 4586 572 4655 Olympiadis
585 4581 696 4634 CLXlll
708 4596 780 4632 anno
792 4581 887 4643 tortio,
905 4583 934 4631 in

128 4652 220 4705 Tusco
231 4654 311 4718 sinu3
329 4654 454 4723 flagrans
471 4655 540 4708 haec
560 4652 685 4704 violento
697 4666 759 4703 cum
772 4649 848 4701 llatu.
867 4650 934 4702 Pro·

130 4721 258 4791 diturque
270 4727 429 4787 memoriae,
449 4740 551 4791 niagna
571 4723 645 4775 cirea
664 4722 742 4775 illam
754 4720 935 4772 multitudine

128 4792 243 4913 fficium
260 4792 399 4857 fluitante,
419 4794 569 4847 confestim
587 4793 761 4860 exspirasse,
780 4792 879 4859 quibus
900 4805 935 4842 ex

148 4862 154 4874 ‘
180 4862 261 4915 eibos
277 4863 388 4917 fuisset.
417 4864 465 4916 Sic
477 4872 505 4916 et
517 4862 680 4916 Pithecusas
692 4863 722 4913 in
738 4863 879 4929 Cauipano
898 4860 935 4912 si·

128 4947 164 4985 nu
177 4933 271 4986 ferunt
287 4942 373 4987 ortas.
403 4935 472 4991 Mox
485 4936 514 4986 in
531 4933 575 4984 his
587 4941 707 4985 montem
719 4932 853 5000 Epepon,
872 4947 934 4983 eum

24 5032 25 5039 .
128 5011 239 5070 repente
257 5002 371 5057 flamma
382 5020 417 5056 ex
433 5021 467 5057 eo
478 5003 648 5065 emicuisset,
669 5002 819 5067 campestri
831 5017 933 5071 aequa·

127 5078 183 5124 tun
194 5073 321 5140 planitie.
341 5076 372 5126 ln
383 5074 481 5126 eadem
498 5081 527 5126 et
539 5072 671 5140 oppidum
682 5072 811 5124 haustum
822 5073 936 5141 profun-

24 5170 25 5175 =
128 5140 176 5192 dn:
191 5144 303 5211 alioque
315 5152 394 5197 motu
408 5151 502 5197 terrae
511 5150 640 5212 stagnum
653 5143 813 5195 emersisse:
829 5142 935 5209 etalio,

126 5214 283 5278 provolutis
295 5214 439 5267 montibus
453 5215 571 5266 insulam
582 5213 725 5265 exstitisse
735 5209 916 5282 Prochytam.
942 5271 945 5275 ¹

157 5280 216 5335 XC.
234 5282 364 5352 Namque
386 5291 415 5337 et
431 5283 484 5337 hoc
504 5282 589 5335 modo
607 5280 713 5335 insulas
728 5297 821 5335 rerum
833 5290 936 5336 natura

127 5344 201 5403 fecit.
229 5354 336 5406 Arellit
352 5354 475 5407 Siciliam
486 5354 593 5413 ltaliae,
612 5355 735 5421 Cyprum
746 5351 859 5420 Syriae,
881 5354 935 5405 Eu·

127 5419 223 5473 boeam
241 5422 399 5487 Boeotiae,
423 5425 555 5477 Euboeae
578 5424 737 5476 Atalantem
758 5430 787 5475 et
807 5423 935 5486 Macrin,

125 5486 282 5613 myrum
302 5493 465 5563 Bithyniae,
484 5491 933 5561 LeucosiamSirenompromon·

159 5598 231 5685 lici.
253 5631 362 5688 Rursus
374 5632 492 5688 abstulit
504 5633 611 5687 insulas
627 5632 709 5698 marl,
721 5631 869 5705 iunxitque
878 5641 934 5689 ter-

987 336 1175 412 niuuoic
1219 333 1371 399 niam
1415 337 1664 401 caeso-or.
1751 342 1788 403 ιι

984 484 1042 535 ris:
1072 488 1210 542 Antissam
1239 491 1356 556 Lesbo,
1383 487 1553 559 Zephyrium
1580 488 1792 556 Halicarnasso,

984 552 1137 607 Aethusam
1159 560 1284 626 Myndo,
1306 561 1472 614 Dromiseon
1493 566 1523 611 et
1544 560 1651 613 Pernen
1672 561 1791 627 Mileto,

986 622 1188 706 Narthecusam
1219 629 1371 684 Parthenio
1403 632 1602 697 promontorio.
1651 630 1792 697 Hyhanda

986 693 1127 775 quondam
1146 696 1240 747 insula
1253 699 1363 763 leniae,
1384 700 1427 752 CC
1437 715 1509 751 nunc
1524 715 1541 751 a
1557 698 1629 750 mari
1646 700 1791 752 abestste·

987 761 1051 814 dns.
1079 763 1179 831 Syrien
1191 764 1318 830 Ephesus
1329 770 1356 819 in
1368 769 1576 822 mediterranea
1586 767 1684 822 habet:
1706 770 1792 822 Dera·

986 832 1063 885 sidas
1073 842 1101 886 et
1112 832 1281 900 sophoniam
1293 836 1386 887 vicina
1407 837 1433 889 ei
1448 839 1602 906 Magnesia
1630 839 1790 907 Epidaurus

986 910 1015 957 et
1029 903 1139 955 Oricum
1151 904 1261 955 insulae
1273 917 1334 956 esse
1346 906 1496 959 desierunt.

1020 973 1104 1026 XCll.
1122 974 1153 1024 ln
1168 980 1258 1025 totum
1278 971 1398 1023 abstulit
1417 982 1516 1039 terras,
1538 979 1657 1044 primum
1671 978 1791 1029 omnium

985 1042 1036 1097 ubi
1054 1045 1224 1095 Atlanticum
1246 1056 1321 1094 mare
1342 1046 1394 1104 est,
1415 1043 1440 1093 si
1450 1044 1564 1097 Platoni
1575 1047 1723 1110 credimus,
1742 1049 1792 1099 lm·
1888 1080 1895 1087 -

986 1129 1083 1165 menso
1103 1112 1207 1180 spatio.
1234 1111 1304 1163 Mox
1322 1112 1444 1173 interno,
1464 1126 1535 1179 qnae
1554 1116 1681 1168 videmus
1700 1116 1791 1179 hodie,

986 1198 1107 1236 mersam
1117 1182 1302 1234 Acarnaniam
1314 1180 1461 1233 Ambracio
1472 1181 1544 1243 sinu,
1556 1183 1686 1237 Achaiam
1696 1186 1792 1239 Corin·

986 1251 1056 1316 thio,
1076 1254 1218 1319 Europam
1238 1252 1385 1318 Asiamque
1396 1248 1568 1316 Propontide
1585 1260 1613 1303 et
1622 1253 1720 1307 Ponto.
1749 1255 1791 1308 Ad

986 1321 1039 1375 hoc
1051 1322 1177 1390 perrupit
1189 1337 1265 1374 mare
1277 1319 1417 1382 Leucada,
1428 1318 1611 1383 Antirrhium,
1623 1324 1790 1394 Hellespon·

985 1402 1062 1457 turn,
1085 1390 1247 1459 Bosphoros
1261 1391 1339 1443 duos.

1020 1462 1119 1516 xcttt.
1137 1465 1226 1528 Atque
1244 1463 1362 1512 ursinus
1373 1465 1513 1528 etstagna
1524 1467 1711 1526 praeteream,
1731 1465 1793 1530 ipsa

986 1548 1016 1585 se
1040 1538 1148 1584 contest
1169 1538 1264 1583 terra:
1296 1530 1442 1582 devoravit
1463 1532 1602 1599 Cybotum
1623 1529 1792 1585 altissimum

985 1608 1118 1664 montem,
1135 1616 1197 1653 cum
1207 1598 1310 1667 oppido
1321 1601 1431 1653 Curitet
1452 1599 1579 1668 Sipylum
1591 1599 1619 1650 in
1629 1599 1777 1665 Magnesia
1785 1610 1804 1653 τ’

986 1679 1016 1724 et
1037 1672 1115 1739 prius
1135 1673 1164 1722 in
1185 1669 1284 1722 eodem
1304 1670 1368 1723 loco
1390 1669 1574 1722 clarissimam
1594 1668 1702 1733 urbem
1722 1686 1793 1737 quae

986 1741 1117 1794 Tantalis
1127 1742 1288 1794 vocabatur.
1316 1739 1431 1792 Galanis
1443 1746 1471 1791 et
1483 1738 1614 1791 Gamales
1636 1738 1747 1791 urbium
1763 1740 1793 1792 in

986 1810 1124 1864 Phoenice
1135 1826 1219 1878 agros
1240 1826 1301 1862 cunr
1322 1810 1408 1876 ipsisz
1429 1808 1563 1875 Phegium
1575 1806 1740 1874 Aethiopiae
1750 1810 1792 1862 iu·

986 1897 1052 1949 gum
1064 1880 1299 1933 excelsissimum:
1319 1886 1451 1946 tanquam
1468 1895 1523 1931 oon
1534 1877 1621 1931 infida
1630 1892 1791 1947 grassaren·

985 1960 1032 2004 tur
1043 1958 1073 2003 et
1082 1951 1177 2003 litora.

1021 2019 1118 2073 xciv.
1147 2018 1284 2089 Pyrrham
1301 2026 1330 2073 et
1340 2018 1480 2071 Antissam
1493 2018 1568 2070 circa
1578 2017 1713 2070 Maeotim
1724 2016 1794 2069 Pon·
1871 2008 1877 2019 ”

986 2098 1032 2143 tus
1042 2091 1174 2143 abstulit:
1184 2091 1285 2145 Elicen
1294 2096 1323 2143 et
1334 2090 1438 2141 Boram
1449 2091 1477 2139 in
1489 2086 1551 2139 sino
1562 2086 1717 2150 Corinthio,
1730 2103 1796 2155 qua·

986 2177 1047 2213 rum
1061 2162 1088 2211 in
1101 2161 1160 2213 alto
1170 2163 1292 2230 vestigia
1303 2166 1447 2227 apparent.
1458 2158 1501 2209 Ex
1511 2156 1667 2209 insulaees
1676 2158 1795 2224 amplius

986 2232 1104 2299 triginta
1124 2231 1216 2284 millia
1236 2245 1368 2300 passuum
1388 2230 1508 2294 abrupta
1525 2226 1619 2277 subito
1632 2242 1694 2279 cum
1708 2228 1796 2295 pluri·

986 2302 1039 2352 mis
1062 2301 1221 2353 mortalium
1236 2302 1337 2368 rapuit.
1366 2300 1403 2351 Et
1413 2299 1442 2349 in
1453 2296 1548 2349 Sicilia
1561 2294 1706 2351 dimidiam
1717 2299 1793 2365 Tyn·
1855 2348 1861 2355 ,

987 2369 1086 2422 darida
1097 2372 1202 2433 urbem,
1219 2385 1252 2422 ae
1263 2367 1396 2437 quidquid
1407 2369 1443 2421 ab
1453 2367 1537 2419 ltalia
1547 2366 1635 2421 deest.
1654 2367 1796 2421 Similiter
1852 2413 1863 2425 ,

985 2443 1015 2491 in
1026 2439 1148 2492 Boeotia
1158 2447 1187 2493 et
1199 2439 1352 2492 Eleusina:

1021 2508 1105 2560 XCV.
1123 2511 1219 2562 Motus
1241 2509 1314 2562 enim
1330 2514 1424 2559 terrae
1444 2506 1590 2569 sileantur,
1610 2513 1639 2559 et
1659 2506 1796 2576 quidquid

985 2584 1038 2640 est,
1060 2578 1108 2629 ubi
1120 2580 1218 2630 saitem
1231 2579 1315 2629 busta
1326 2575 1438 2628 urbium
1457 2582 1585 2628 exstant:
1606 2576 1688 2626 simui
1699 2581 1731 2626 ut
1741 2584 1796 2627 ter·

986 2661 1035 2698 rae
1046 2646 1182 2697 miracula
1193 2645 1287 2712 potius
1297 2645 1437 2706 dicamus,
1459 2659 1540 2710 quam
1552 2645 1660 2696 scelera
1671 2650 1796 2697 naturae.

986 2717 1024 2767 Et
1035 2712 1146 2766 hercole
1157 2731 1211 2765 non
1223 2713 1358 2765 caelestia
1368 2719 1501 2764 enarratu
1512 2711 1674 2763 difficiliora
1682 2710 1796 2764 fuerint.

987 2783 1167 2837 Metellorum
1180 2784 1325 2849 opulentia
1335 2788 1393 2832 tam
1406 2781 1492 2841 uaria,
1501 2787 1558 2831 tam
1572 2780 1659 2842 dives,
1669 2786 1726 2832 tam
1739 2779 1798 2834 foe·

987 2852 1087 2915 eunde,
1107 2861 1152 2905 tot
1169 2853 1272 2904 seculis
1283 2850 1441 2913 suboriens,
1462 2864 1523 2900 cum
1540 2854 1649 2899 tantum
1670 2850 1797 2917 quotidie

987 2923 1055 2975 orbe
1064 2929 1125 2974 toto
1138 2922 1307 2990 populentur
1317 2921 1406 2989 ignes,
1417 2919 1523 2979 ruinae,
1538 2917 1694 2986 naufragia,
1712 2919 1797 2983 bella,

986 2993 1118 3044 fraudes:
1140 3000 1248 3044 tantum
1260 3006 1327 3043 uero
1337 2988 1469 3050 luxuria,
1492 2993 1520 3039 et
1532 2992 1575 3037 tot
1587 2989 1722 3040 mortales
1732 3004 1796 3041 con·

985 3068 1096 3114 terant:
1118 3075 1289 3128 gemmarum
1303 3061 1413 3127 pictura
1423 3065 1481 3109 tam
1492 3058 1650 3124 multiplex,
1666 3058 1793 3125 lapidum

984 3137 1043 3182 tam
1054 3131 1208 3183 discolores
1220 3131 1354 3191 maculae,
1370 3129 1500 3194 interque
1521 3141 1569 3179 eos
1592 3126 1792 3179 candoralieu-

985 3202 1039 3264 ius,
1060 3205 1173 3266 praeter
1194 3199 1284 3250 locem
1301 3195 1570 3250 oinniaeacludens:
1593 3196 1795 3250 medicatorum

986 3269 1106 3321 fontium
1118 3269 1178 3320 vis:
1200 3269 1307 3336 ignium
1318 3273 1362 3319 tot
1382 3266 1453 3318 locis
1466 3264 1645 3318 emicantium
1659 3275 1796 3333 perpetua

986 3345 1030 3392 tot
1043 3338 1145 3390 seculis
1157 3338 1305 3391 incendia:
1323 3336 1441 3402 spiritus
1451 3334 1551 3387 letales
1562 3334 1639 3396 alibi,
1655 3342 1705 3385 aut
1716 3350 1794 3389 soro·

987 3410 1067 3460 bibus
1079 3409 1192 3469 emissi,
1215 3412 1262 3458 sut
1275 3404 1405 3473 ipso-loci
1415 3405 1472 3455 sito
1484 3402 1624 3454 mortiferi
1636 3420 1643 3466 3
1664 3402 1735 3456 alibi
1744 3420 1794 3456 vo·

988 3479 1111 3530 lucribus
1121 3483 1245 3539 tantum,
1265 3483 1297 3527 ut
1308 3473 1426 3526 Soracte
1436 3473 1529 3524 vicino
1541 3471 1609 3522 Urbi
1619 3477 1725 3523 tractu:
1741 3472 1793 3524 ali·
1841 3478 1843 3483 '

989 3549 1017 3600 bi
1029 3556 1141 3614 praeter
1163 3545 1301 3598 hominem
1322 3542 1423 3596 ceteris
1443 3540 1646 3593 animantibus:
1668 3556 1793 3593 nonnon-

989 3633 1071 3684 quam
1085 3624 1114 3668 et
1125 3615 1240 3677 homini,
1260 3622 1293 3666 ut
1304 3614 1333 3665 in
1343 3610 1511 3665 Sinuessano
1523 3626 1603 3678 agro,
1622 3617 1652 3664 et
1662 3610 1793 3665 Puteola-

989 3702 1044 3738 no=
1065 3685 1327 3752 spiracularocsnt,
1347 3680 1699 3745 sliiCharoneasscrobes,
1718 3696 1794 3735 mor·

989 3756 1101 3808 tiferum
1113 3754 1242 3821 spiritum
1253 3752 1427 3817 exhalantes.
1458 3750 1527 3802 ltem
1547 3752 1575 3801 in
1594 3750 1723 3818 Hirpinis
1733 3753 1797 3804 Am·

987 3825 1087 3887 sancti,
1106 3825 1141 3876 ad
1154 3823 1283 3892 Mephitis
1303 3822 1409 3883 aedem,
1427 3820 1527 3881 locum,
1549 3834 1629 3886 quem
1650 3821 1794 3890 quiintra·

986 3912 1069 3957 vere,
1091 3897 1257 3947 moriuntur.
1287 3892 1378 3945 Simili
1398 3889 1490 3941 modo·
1503 3889 1651 3956 Hierapoli
1673 3891 1701 3941 in
1721 3892 1796 3950 Asia,

986 3965 1090 4017 Matris
1110 3972 1218 4017 tantum
1238 3963 1359 4031 Magnae
1380 3959 1521 4011 sacerdoti
1544 3960 1698 4012 innoxium.
1722 3959 1796 4010 Alihi

987 4035 1097 4087 fatidici
1115 4050 1224 4102 specus,
1244 4046 1360 4099 quorum
1372 4027 1550 4082 exhalatione
1561 4027 1708 4082 temulenti
1718 4027 1794 4076 futu·

987 4121 1020 4157 ra
1032 4106 1208 4171 praecinunt,
1219 4109 1250 4154 ut
1261 4100 1388 4168 Delphis,
1398 4100 1574 4151 nobilissimo
1587 4096 1711 4149 oraculo.
1729 4093 1795 4153 eut·

986 4176 1037 4227 bos
1049 4178 1076 4227 in
1087 4176 1170 4226 rebus
1182 4172 1249 4241 quid
1262 4172 1352 4240 possit
1370 4168 1447 4220 aliod
1458 4183 1559 4220 causae
1575 4166 1677 4217 afferre
1689 4168 1793 4211 morta·

988 4245 1055 4297 lium
1068 4245 1215 4312 quispiam,
1230 4256 1312 4311 quam
1325 4238 1442 4291 diffusae
1455 4251 1505 4302 per
1515 4249 1596 4284 enine
1607 4237 1723 4282 naturae
1733 4230 1795 4282 sub·

986 4315 1052 4366 inde
1063 4314 1148 4367 aliter
1158 4320 1243 4380 atque
1255 4310 1341 4361 aliter
1353 4319 1454 4357 numen
1464 4299 1631 4367 erumpens!
1855 4294 1869 4319 ⁸

1022 4381 1119 4435 XCVI.
1129 4379 1272 4443 Quaedam
1283 4390 1350 4428 uero
1362 4380 1456 4424 terrae
1467 4369 1502 4422 ad
1513 4371 1656 4437 ingressus
1662 4375 1795 4433 tremunt,
1869 4418 1874 4429 Ι

987 4452 1058 4503 sieut
1068 4452 1097 4502 in
1111 4448 1249 4502 Gabiensi
1259 4458 1339 4514 agro,
1353 4454 1409 4493 non
1419 4438 1516 4505 procul
1528 4439 1597 4491 urbe
1607 4441 1706 4501 Roma,
1719 4443 1795 4508 iuge·

987 4535 1021 4570 ra
1041 4518 1128 4571 ferme
1149 4519 1277 4583 ducenta,
1297 4509 1481 4581 equitantium
1502 4524 1600 4562 cursu:
1622 4510 1753 4565 similiter
1764 4510 1793 4562 in

986 4587 1113 4640 Reatino.
1424 4636 1429 4647 ,

1022 4655 1165 4720 Quaedam
1181 4652 1289 4707 insulae
1306 4665 1417 4717 semper
1426 4648 1570 4714 fluctuant,
1592 4652 1665 4703 sieut
1679 4651 1707 4702 in
1724 4660 1792 4718 agro

988 4729 1123 4787 Caecubo,
1144 4730 1171 4776 et
1183 4723 1280 4777 codem
1291 4722 1421 4784 Reatino,
1438 4721 1599 4782 Mutinensi,
1610 4720 1793 4773 Statoniensi.

988 4797 1018 4849 ln
1029 4794 1193 4848 Vadimonis
1206 4794 1278 4857 laco,
1298 4799 1326 4846 et
1338 4791 1374 4844 ed
1386 4792 1530 4843 Cutiliasa
1551 4805 1600 4841 uas
1613 4806 1702 4858 opaea
1711 4790 1793 4855 silus,

988 4883 1058 4934 quae
1076 4879 1215 4932 nunquam
1236 4863 1282 4916 die
1304 4861 1540 4915 acnoctoeodem
1564 4862 1734 4913 ocovisitor.
1762 4861 1794 4912 lu

987 4937 1082 5004 Lydia
1097 4949 1168 5001 quae
1182 4941 1316 4986 uocantur
1326 4932 1496 4992 Calaminae,
1508 4946 1564 4980 nou
1584 4930 1676 4982 ventis
1694 4932 1793 4992 soloni,

987 5007 1037 5059 sed
1058 5005 1144 5058 etiarn
1155 5004 1245 5055 contis
1256 5020 1311 5072 quo
1321 5002 1412 5055 libent
1424 5000 1568 5067 impulsae,
1590 5000 1741 5052 multorum
1752 4998 1791 5050 ei·

991 5079 1064 5128 riom
1076 5073 1267 5126 Mithridatico
1278 5072 1351 5126 bello
1362 5070 1448 5123 salus.
1468 5070 1538 5123 Sunt
1549 5074 1578 5120 et
1587 5069 1617 5121 in
1629 5069 1795 5139 Nymphaeo

991 5161 1105 5215 paruae,
1124 5142 1384 5197 Saltoaresdictae:
1407 5140 1537 5207 quoniam
1560 5139 1587 5190 iu
1609 5138 1794 5208 symphoniae

987 5220 1071 5268 cantu
1091 5213 1128 5266 sd
1148 5217 1221 5267 ictus
1242 5209 1449 5280 modulantium
1466 5209 1567 5276 pedum
1580 5217 1734 5263 moventur.
1762 5207 1793 5256 ln

987 5285 1184 5352 Tarquiniensi
1205 5283 1269 5335 laco
1290 5294 1390 5349 magno
1411 5279 1520 5341 ltaliae,
1542 5278 1596 5328 duo
1616 5275 1793 5331 nemoraeir-

988 5356 1156 5417 cumferunt,
1171 5370 1243 5405 nunc
1254 5352 1421 5418 triquetram
1440 5350 1557 5419 liguram
1577 5347 1701 5406 edentes,
1721 5354 1794 5393 nuuc

988 5424 1137 5477 rotundam
1158 5421 1324 5489 complexo,
1354 5418 1444 5473 uentis
1465 5417 1693 5488 impellentibusr
1724 5424 1792 5475 qus·

988 5494 1098 5547 dratam
1120 5495 1270 5558 nunquam.

1023 5561 1133 5616 XCVll.
1151 5561 1268 5614 Celebre
1281 5559 1374 5611 fanum
1396 5556 1481 5610 habet
1491 5553 1608 5609 Veneris
1621 5545 1743 5613 Paphos,
1764 5549 1793 5599 in
1857 5594 1863 5606 ,

988 5633 1067 5703 cuitu
1077 5629 1214 5704 quandam
1224 5616 1385 5683 mesmnon
1393 5624 1514 5692 inpluit.
1533 5621 1605 5673 item
1615 5617 1646 5670 in
1656 5614 1726 5679 Nes,
1746 5630 1794 5689 op·
