4368 6008
370 312 434 373 aot
500 308 532 369 C.
571 306 716 368 PblNll
750 303 955 367 SECUNDI
985 302 1149 363 Nerua.
1184 301 1370 365 telsion
1413 301 1495 369 1:113.
1518 299 1629 363 XXV.
1674 300 1764 362 CAP:
1791 301 1917 364 tio-ot.

374 460 447 511 tiore
459 471 554 512 roseo:
577 459 720 522 serpentes
731 456 822 504 necat:
844 451 996 518 cuicunque
1005 450 1118 507 eunom
1129 451 1169 505 fe·

376 544 425 580 rac
438 534 468 580 et
478 525 548 579 haec
556 532 695 589 torporem
707 521 797 572 affert.

357 600 384 651 ψ
413 596 511 649 bxvt.
532 592 573 646 tt.
592 591 744 650 Perculsus,
755 604 835 654 quam
847 603 929 639 nemo
940 588 1060 656 ignorat,
1071 588 1170 640 Gracci

378 680 443 718 vero
455 664 548 715 arcion
559 665 666 720 vocant,
685 658 755 711 folia
766 656 850 710 habet
861 659 970 709 maiora
981 661 1065 709 etiam
1077 672 1171 719 cocur-

378 732 444 783 bitis
455 738 483 783 et
492 729 653 787 hirsutiora,
663 729 839 794 nigrioraque
850 735 878 779 et
889 727 1034 789 crassiora,
1050 725 1171 777 radicem

379 801 468 852 elbam
489 804 518 849 et
537 795 680 862 grandem.
717 796 795 847 llaec
810 795 1170 848 exvinobibiturdenario·

379 883 437 918 ram
450 867 532 915 duum
544 864 675 930 pondere.

413 932 521 985 bxvtt.
544 934 583 983 12.
603 933 671 982 item
691 931 841 998 cyclamini
858 933 938 984 radix
954 938 1170 997 contruserpen·

379 1015 419 1055 tes
432 1017 535 1053 onrucs.
559 1001 639 1051 Folia
650 999 734 1052 habet
745 1003 861 1063 minora,
872 1017 953 1069 qsraro
967 1001 1058 1063 edera,
1071 999 1172 1067 nigrio-

377 1087 463 1139 raque
483 1078 511 1122 et
532 1070 668 1131 tenuiora,
688 1070 746 1123 sine
758 1071 880 1136 angulis:
901 1072 929 1120 in
941 1069 1172 1137 quibusalbicant

376 1140 511 1192 maculae.
548 1139 633 1190 Caulo
650 1141 758 1203 exiguo,
778 1142 861 1202 inani,
882 1138 995 1191 floribus
1017 1138 1172 1204 purpureis,

377 1210 471 1262 radice
492 1209 560 1270 lata,
580 1215 610 1259 ot
630 1222 726 1272 rapum
744 1208 831 1260 videri
853 1209 950 1274 possit,
971 1208 1072 1259 cortice
1083 1206 1171 1275 nigro.

378 1279 509 1331 Nascitur
520 1279 547 1327 in
563 1276 714 1327 umbrosis:
738 1291 755 1327 a
774 1278 877 1327 nostris
894 1278 973 1328 tuber
984 1284 1078 1327 terrae
1088 1290 1170 1327 voca·

288 1353 300 1364 ''
323 1364 327 1371 ⁴
377 1356 435 1399 tur:
458 1347 487 1396 in
500 1345 626 1398 omnibus
637 1344 755 1396 serenda
767 1346 902 1409 domibus,
921 1346 1049 1397 siveram
1062 1342 1112 1407 est,
1123 1342 1171 1394 uhi

377 1416 496 1479 sutorii,
513 1413 580 1465 nihil
592 1429 690 1466 nocere
703 1415 775 1465 mala
786 1415 999 1467 medicamenta:
1021 1414 1170 1465 amuletum

378 1494 486 1537 vocant.
515 1484 634 1535 Narrant
646 1491 673 1533 et
683 1483 848 1535 ebrietatem
861 1485 1065 1550 repraesentari
1076 1482 1172 1535 addita

377 1557 404 1605 in
417 1555 519 1603 vinum.
538 1552 626 1604 Radix
640 1554 752 1614 siccata,
761 1553 859 1605 scillae
870 1553 951 1604 niodo
964 1552 1081 1615 concisa,
1094 1567 1172 1618 repo·

378 1625 467 1673 nitur:
491 1620 655 1688 decoquitur
675 1621 769 1673 cadem
789 1623 823 1673 ad
845 1622 1056 1675 crassitudinem
1072 1621 1171 1673 mellis.

378 1691 462 1741 Suum
482 1696 576 1740 tamen
593 1706 725 1742 r'encrrum
746 1694 771 1742 ei
794 1699 852 1745 est:
874 1692 1083 1759 modumquasi
1095 1704 1173 1757 prae·

377 1773 466 1825 gnans
479 1759 599 1810 radicem
610 1760 843 1826 transgrediatur,
863 1762 990 1814 abortum
1003 1761 1071 1811 lieri.

365 1842 383 1875 s
413 1826 537 1877 LXVlll.
561 1826 597 1878 13.
619 1828 706 1879 listet
718 1829 991 1896 alteracyulaminos
1008 1828 1172 1896 cognomine

377 1894 588 1958 cissanthemos,
608 1898 777 1964 geniculatis
789 1899 927 1961 caulibus,
947 1898 1134 1964 supervacuis,
1155 1911 1172 1946 a

376 1965 470 2032 priore
481 1963 598 2024 distans,
620 1965 694 2017 circa
705 1968 819 2019 arbores
830 1984 860 2020 se
872 1968 992 2028 volscos,
1008 1966 1094 2017 aristis
1106 1965 1170 2016 ede·

378 2048 435 2095 rae,
444 2031 492 2084 sed
504 2032 646 2095 mollibus,
657 2035 726 2087 flore
737 2035 866 2098 candido,
877 2038 1013 2102 specioso,
1025 2036 1118 2087 radice
1128 2050 1172 2086 su·

375 2116 522 2170 pervacua.
558 2103 635 2154 :icini
647 2111 753 2154 tantum
764 2104 792 2154 in
806 2119 866 2168 usu,
878 2111 959 2171 gustu
972 2103 1038 2164 acri,
1057 2101 1104 2154 sed
1116 2102 1174 2154 len·

375 2172 434 2289 tin
444 2170 588 2224 siccantur
608 2172 637 2221 in
658 2174 765 2234 umbra,
786 2173 896 2239 tusique
908 2171 1070 2223 dividantur
1085 2174 1111 2222 iu
1124 2175 1172 2238 pb·

376 2240 413 2292 sti
437 2256 478 2291 os.

364 2314 383 2363 l
411 2308 509 2361 xxix.
529 2307 570 2360 lt.
586 2307 656 2359 Mihi
667 2316 695 2360 et
705 2312 791 2361 tertia
801 2308 970 2376 cyclaminos
982 2307 1171 2360 demonstrata

376 2385 428 2439 cst,
442 2378 608 2446 cognomine
619 2378 830 2439 chamaecissos,
850 2393 905 2430 uno
916 2377 1029 2429 omnino
1039 2376 1120 2440 folio,
1131 2388 1174 2428 ra·

377 2446 439 2499 dice
450 2460 569 2507 canrosa,
581 2461 635 2513 qua
646 2449 734 2513 pisces
746 2452 889 2498 necantur.

375 2540 389 2567 o
410 2514 689 2571 attulissemus:
701 2513 1173 2582 prioremcelebraturpeucedanum,

377 2584 597 2635 laudatissimum
609 2584 637 2636 in
650 2585 776 2647 Arcadia,
786 2600 851 2636 mox
862 2584 1050 2637 Samothrace.
1079 2582 1174 2635 Cauiis

378 2654 405 2705 ci
415 2655 515 2713 tenuis,
527 2652 636 2720 longus,
647 2648 785 2705 foeniculo
796 2654 906 2715 similis,
928 2654 1008 2705 iuxta
1019 2660 1122 2706 terram
1134 2652 1174 2704 fo·

359 2723 476 2784 diosus,
497 2720 588 2773 radice
600 2726 687 2790 nigra,
709 2738 812 2784 crassa,
832 2724 911 2842 gravi
924 2724 1019 2785 odore,
1042 2736 1172 2774 succosa:

376 2792 501 2858 gignitur
510 2791 538 2842 in
550 2793 690 2844 montibus
707 2792 813 2858 opacis:
849 2793 943 2843 oditur
953 2793 1030 2846 exitu
1040 2790 1172 2843 autumni.

361 2918 364 2921 Α
376 2860 492 2912 Placent
503 2862 668 2912 tenerrimae
680 2870 707 2912 ct
719 2863 869 2912 altissimae
882 2863 999 2913 radices.
1037 2861 1098 2912 Hae
1111 2875 1173 2911 con-

375 2928 504 2980 ciduntur
522 2930 549 2979 in
567 2937 716 2995 quaternos
728 2929 831 2996 digitos
852 2934 939 2982 osseis
957 2928 1090 2990 cultellis,
1109 2928 1172 2979 fun·

374 2996 498 3064 dantque
510 2998 661 3048 succunrin
678 2999 784 3059 umbra,
805 3001 895 3063 capite
916 2999 991 3065 prius
1011 3004 1039 3050 et
1060 2997 1173 3048 naribos

375 3080 488 3117 rosaceo
510 3068 659 3130 perunctis,
681 3082 714 3115 no
737 3068 845 3132 vertigo
861 3067 1007 3117 sentiatur.
1044 3066 1079 3116 Et
1099 3066 1172 3117 alius

375 3146 473 3185 succus
485 3133 627 3184 invenitur
638 3134 763 3184 casulibus
776 3135 938 3196 adhaerens,
958 3135 1106 3201 incisisque
1117 3149 1172 3184 ma-

374 3207 432 3251 nat.
452 3199 591 3251 Probatur
601 3203 785 3255 crassitudine
797 3203 904 3265 avelles,
916 3204 1010 3255 colore
1021 3203 1093 3266 rufo,
1105 3203 1173 3255 odo·

376 3285 406 3320 re
417 3271 541 3321 suaviter
550 3270 640 3337 grari,
662 3270 769 3322 fervens
780 3280 872 3338 gtrstu.
909 3273 947 3324 Et
957 3270 1002 3323 hic
1018 3271 1048 3323 in
1063 3287 1122 3334 usu,
1144 3280 1173 3325 et

375 3338 464 3401 radix,
473 3345 502 3390 et
510 3337 730 3403 decoctumeius‚
736 3341 863 3407 plurimis
871 3340 1089 3393 medicamentis.
1107 3341 1173 3394 Suc·

375 3423 408 3458 co
420 3416 512 3459 tamen
529 3406 730 3471 efficacissimo,
752 3413 798 3476 qui
813 3410 965 3462 resolvitur
984 3411 1087 3463 amaris
1098 3426 1172 3478 amy-

374 3476 474 3543 gdalis,
495 3484 544 3528 aut
556 3482 629 3538 ruta,
650 3477 807 3547 bibiturque
828 3486 925 3532 contra
934 3488 1086 3548 serpentes,
1098 3488 1126 3532 et
1138 3494 1172 3533 ex

375 3544 439 3596 oleo
452 3554 599 3610 perunctos
610 3552 713 3598 tuetur.

373 3636 378 3645 ·
410 3613 509 3665 lsxxl.
528 3615 570 3670 16.
589 3615 672 3667 libuli
684 3632 803 3684 qaoque,
815 3632 984 3683 quemnemo
996 3619 1117 3687 ignorat,
1128 3617 1170 3670 fo·

376 3696 420 3732 mo
431 3681 563 3748 fugantur
572 3693 724 3750 serpentes.

410 3749 521 3801 bxxss.
540 3749 583 3802 tr.
603 3751 735 3803 Privatim
745 3754 908 3805 adversatur
918 3755 1112 3821 scorpionibus
1121 3769 1171 3821 po·

375 3819 513 3871 lemoniac
525 3820 613 3881 radix,
623 3820 666 3871 vcl
680 3821 834 3888 adalligata
849 3828 968 3872 tantum:
980 3823 1047 3874 item
1060 3822 1173 3887 phalan-

375 3891 432 3955 gio,
451 3904 484 3939 ac
499 3887 601 3939 ceteris
612 3888 767 3939 nrlnoribus
782 3888 936 3951 venenatis.
973 3887 1172 3956 scorpionibus

374 3956 576 4012 aristolochia:
593 3957 735 4023 agaricum
749 3956 840 4006 obolis
851 3964 972 4023 quatuor
982 3957 1009 4008 in
1022 3960 1079 4009 vini
1091 3959 1172 4009 mixti

374 4025 482 4094 cyathis
492 4023 621 4075 totidem.
658 4022 860 4076 Verbcnacaet
893 4024 1093 4093 holungiocum
1108 4027 1171 4077 rino

373 4104 423 4148 aut
433 4109 528 4161 posca:
541 4094 609 4144 item
622 4091 851 4160 quinquefolium,
882 4108 989 4145 aucum.

408 4162 534 4215 bxxut.
554 4158 594 4213 ta.
614 4163 782 4215 verbascum
795 4161 895 4214 Graeci
914 4161 1045 4229 phlomon
1061 4172 1170 4216 vocant.

374 4232 485 4285 Genera
495 4232 580 4284 habet
591 4233 681 4297 prima
693 4232 764 4283 duo:
785 4231 887 4293 album,
908 4233 936 4282 in
953 4248 1006 4299 quo
1019 4248 1077 4285 mas
1087 4233 1169 4285 intel·

373 4301 483 4367 ligitur:
505 4303 623 4353 alterum
645 4302 760 4369 nigrum,
782 4301 808 4351 iu
830 4316 883 4367 quo
901 4301 1010 4354 femina.
1044 4303 1170 4369 Tertiam

374 4384 461 4435 genus
472 4387 527 4422 non
539 4370 593 4422 nisi
604 4371 632 4421 in
643 4371 721 4422 silvis
732 4371 882 4423 invenitur.
920 4369 991 4423 Sunt
1006 4371 1075 4422 folia
1096 4375 1170 4423 hras-

374 4439 449 4489 aicae
460 4439 572 4502 latiora,
581 4442 681 4507 pilosa,
689 4439 775 4492 caulis
786 4448 903 4501 erectus,
915 4439 1029 4492 cubitali
1041 4441 1170 4508 amplior.

375 4501 474 4556 Samen
485 4507 592 4573 nigram
604 4510 715 4561 inutile.
751 4510 839 4560 Radix
851 4524 915 4570 una,
936 4509 1120 4563 cmssituoine
1133 4509 1171 4560 di-

345 4600 353 4615 «
375 4571 435 4637 gisi.
472 4573 630 4628 Nascuntur
642 4585 671 4629 ct
682 4580 708 4629 in
719 4578 929 4645 campestribus.
964 4577 1090 4645 silvestri
1101 4576 1171 4629 folia

375 4639 546 4708 elelisphaci‚
563 4646 631 4705 alta,
645 4646 730 4698 ramis
740 4647 866 4715 lignosis.

411 4708 536 4761 liiile.
548 4710 589 4764 to.
609 4714 678 4766 Sunt
691 4723 720 4766 et
730 4714 887 4782 phlomides
899 4715 971 4766 duae
982 4714 1116 4778 hirsutae,
1127 4731 1171 4767 ro·

374 4777 470 4828 tundis
481 4778 566 4840 foliis,
577 4779 704 4836 humiles.
741 4784 838 4836 Tertia
849 4783 980 4851 lychnitis
991 4792 1115 4847 recator,
1134 4784 1169 4834 ab

375 4845 440 4897 aliis
453 4845 593 4912 thryallis,
612 4852 689 4903 foliis
700 4854 797 4914 ternis,
817 4862 865 4905 aut
875 4869 935 4906 cum
948 4854 1094 4920 plurimum
1106 4867 1170 4918 qoa-

374 4915 474 4977 ternis,
485 4918 593 4976 crassis,
605 4923 649 4984 pin
691 4922 815 4988 ibasque,
831 4923 865 4975 ad
877 4923 1053 4975 lucernarum
1065 4922 1171 4973 lomina

376 4983 458 5050 aptis.
493 4985 614 5034 litantia
630 4986 658 5036 fo
672 4988 706 5039 iis
717 4989 785 5050 eius,
806 5005 886 5057 quam
899 4991 1029 5043 feminam
1041 4991 1170 5053 diximus,

376 5052 444 5102 deus
456 5052 568 5102 omnino
580 5067 633 5101 non
645 5064 811 5119 putrescere.
838 5058 979 5129 Distingui
989 5075 1092 5128 genera
1103 5060 1171 5113 haec

377 5136 463 5187 paene
475 5133 672 5186 sapervacuum
683 5130 735 5183 est,
756 5138 816 5175 cam
826 5127 883 5178 sint
895 5130 987 5180 omnia
998 5130 1120 5181 eiusdem
1133 5129 1171 5182 ef·

376 5188 474 5241 fectus.
511 5190 616 5240 Contra
633 5191 793 5255 scorpiones
810 5194 916 5246 bibitur
931 5198 1008 5250 radix
1031 5213 1092 5249 cum
1108 5205 1171 5249 ruta

376 5274 410 5311 cx
423 5273 502 5325 aqua,
521 5271 622 5323 magna
634 5257 831 5322 amaritudine,
849 5263 896 5312 sed
908 5264 1009 5318 effecta
1021 5267 1089 5333 pari.

410 5325 523 5381 LXXV.
541 5327 584 5377 20.
603 5323 806 5393 ‘l'helyphonon
826 5327 909 5382 herba
920 5334 955 5384 ab
965 5336 1028 5385 aliis
1040 5334 1171 5401 scorpion

379 5406 505 5463 vocatur,
523 5402 641 5465 propter
651 5393 859 5445 sinrilitudinem
873 5400 986 5463 radicis,
1006 5404 1083 5453 caios
1095 5411 1169 5453 tactu

376 5468 533 5523 monentur
548 5466 719 5535 scorpiones.
755 5461 853 5527 ltaque
869 5473 967 5519 contra
986 5486 1080 5522 eorum
1101 5474 1172 5523 ictas

375 5533 490 5589 bibitur.
526 5536 704 5608 Scorpionem
716 5538 855 5584 mortuum
865 5534 888 5582 si
898 5535 960 5598 quis
971 5537 1095 5589 elleboro
1107 5556 1171 5592 caa-

1221 453 1285 507 ditio
1295 451 1377 514 linat,
1392 449 1565 505 revirescere
1576 450 1661 503 mant.
1689 448 1896 518 Thelyphonou
1909 468 2020 509 ontnem

1221 521 1424 589 quadrupedem
1446 525 1544 582 accat,
1563 519 1833 586 impositaverendis
1845 522 1955 574 radice:
1975 523 2020 577 fo·

1222 593 1261 643 lio
1280 590 1387 659 quidem
1408 586 1610 641 introcuntiam
1628 588 1711 650 dicut,
1734 587 1805 654 quod
1816 597 1859 642 cst
1869 591 1963 644 simile
1974 608 2021 662 cy·

1221 661 1347 712 chatino.
1386 659 1447 724 lpsa
1458 656 1788 725 gcoiotdotanasciturin
1800 661 1903 724 opacis.
1940 660 2042 715 Scor-v

1220 729 1350 796 pionibus
1370 727 1533 780 adversatur
1544 732 1573 777 ct
1583 726 1750 778 vettonicae
1760 742 1859 780 succos
1866 763 1875 792 ,
1897 731 2019 797 acplaa.

1222 806 1250 849 ta
1271 798 1332 847 inis.

1205 872 1231 917 t·
1251 814 1381 917 lolilivl.
1398 861 1443 915 21.
1461 862 1532 915 Sunt
1552 860 1668 914 etraais
1679 876 1794 925 venena,
1812 865 1921 919 rubetis
1932 869 2018 921 maxl·
2029 890 2049 907 e

1221 950 1279 986 me:
1295 934 1468 998 vidimusque
1481 930 1592 998 Psyllos
1603 931 1630 981 in
1642 930 1794 983 certantine
1808 935 1911 1000 patinis
1922 936 2019 990 cantie-

1222 1003 1310 1055 factas
1321 1003 1508 1063 admittentes,
1520 1000 1615 1051 ociore
1626 1000 1710 1051 edant
1724 1014 1806 1065 quam
1818 1004 1945 1070 aspidum
1956 1022 2017 1073 per.

1222 1074 1302 1124 nicie.
1338 1070 1495 1121 Auxiltatur
1510 1070 1552 1121 eis
1566 1069 1703 1150 phrysipo
1716 1068 1743 1117 in
1755 1071 1819 1121 rino
1833 1080 1908 1137 pota.
1927 1077 2016 1146 Aliqui

1222 1139 1344 1208 :gaggada
1354 1138 1501 1204 appellant,
1521 1138 1571 1189 alii
1581 1146 1718 1204 pmfflpu,
1734 1136 1850 1192 floribus
1860 1147 2014 1210 parriqra·

1223 1209 1328 1261 dicibus
1339 1208 1443 1269 multis,
1456 1206 1589 1269 nervosis,
1600 1207 1670 1259 bene
1681 1207 1831 1260 olentibus.

1257 1276 1395 1330 bxxvm
1411 1276 1454 1327 22.
1473 1275 1542 1327 item
1555 1276 1660 1335 alisma,
1673 1272 1755 1342 quam
1767 1278 1816 1328 alii
1830 1279 2015 1343 damasonion,
2024 1298 2050 1345 ÷

1224 1347 1274 1399 alii
1286 1348 1368 1413 lyron
1386 1344 1536 1411 appellant.
1574 1344 1653 1395 Folia
1672 1351 1751 1395 erant
1770 1346 1946 1414 plantaginis,
1963 1355 2015 1403 nisi

1223 1418 1384 1483 angustiora
1392 1420 1494 1475 essent,
1504 1422 1532 1463 et
1544 1415 1633 1480 magis
1646 1414 1790 1476 laciniosa,
1801 1430 1975 1485 convexaque
1986 1421 2013 1472 in

1223 1494 1336 1546 terram,
1356 1483 1428 1534 alias
1439 1486 1522 1533 etiarn
1534 1497 1638 1533 venosa
1647 1482 1786 1543 siusiliter,
1808 1486 1885 1538 caule
1896 1489 2014 1557 simplici

1223 1561 1252 1606 et
1264 1553 1349 1616 tenui,
1361 1550 1486 1613 cubitali,
1500 1550 1591 1617 capite
1602 1549 1699 1617 thyrsi,
1715 1551 1858 1605 radicibus
1867 1556 1966 1619 densis,
1978 1567 2015 1611 te·

1222 1625 1336 1684 noibus,
1357 1629 1389 1671 ut
1408 1621 1513 1671 veratri
1528 1620 1609 1688 nigri,
1627 1621 1745 1683 acribus,
1760 1623 1895 1688 odoratis,
1910 1628 1956 1693 pin
1978 1628 2016 1678 ai·
2032 1644 2052 1685 t

1222 1693 1282 1744 bus.
1315 1691 1445 1745 Nascitur
1457 1689 1483 1739 in
1499 1690 1622 1755 aquosis.
1657 1690 1782 1743 Alterum
1794 1699 1939 1758 genoseia
1973 1712 2014 1748 em

1222 1765 1251 1814 in
1266 1761 1354 1823 silvis,
1375 1761 1490 1878 nigrius,
1506 1759 1657 1810 maioribus
1669 1759 1755 1812 foliis.
1790 1762 1860 1813 Usus
1877 1764 1905 1814 in
1922 1765 2016 1818 radice

1222 1831 1364 1897 utriusque
1387 1844 1403 1879 a
1424 1842 1518 1878 versus
1534 1844 1616 1879 ranas
1633 1836 1663 1879 et
1680 1827 1786 1895 lepores
1805 1832 1936 1895 marinos,
1957 1833 2016 1885 dra·

1223 1898 1319 1952 chrnoe
1329 1897 1452 1965 pondere
1463 1900 1489 1946 in
1500 1897 1559 1948 vini
1569 1903 1646 1964 pota.
1683 1896 1785 1962 Lepori
1802 1900 1910 1951 orarios
1922 1902 2014 1954 adver·

1222 1976 1300 2020 satur
1314 1976 1342 2019 et
1363 1964 1540 2033 cyclaminos.
1577 1964 1684 2018 Veneni
1695 1967 1749 2015 rim
1761 1968 1837 2018 canis
1853 1984 1963 2036 quoque
1975 1987 2015 2023 ra.

1222 2038 1277 2089 bidi
1289 2030 1521 2098 morsushahent,
1543 2041 1641 2085 contra
1659 2048 1727 2102 quos
1743 2038 1797 2086 erit
1811 2039 2016 2105 cynorrhodon,

1222 2107 1256 2158 de
1268 2121 1322 2172 quo
1333 2105 1462 2155 diximus.
1487 2102 1621 2170 Plantago
1630 2102 1666 2153 ad
1679 2118 1773 2155 omnes
1783 2107 1932 2158 bestiarum
1945 2124 2017 2160 mor·

1222 2190 1269 2225 sas
1291 2181 1356 2239 pota
1375 2178 1458 2238 atque
1479 2170 1554 2223 illita
1571 2169 1699 2237 prodest:
1724 2172 1874 2227 Vettonica
1894 2190 2016 2229 exmero

1222 2250 1325 2294 vetere.

1257 2307 1408 2363 bxxvrrt.
1426 2306 1470 2360 23.
1489 2307 1791 2373 Peristereosvocatur,
1804 2312 1958 2375 caulealto,
1976 2312 2015 2364 fo·

1223 2379 1301 2441 liuto,
1313 2380 1453 2429 cacuodne
1465 2378 1492 2427 in
1502 2380 1573 2429 alios
1586 2379 1678 2431 caules
1688 2395 1718 2432 sc
1729 2395 1868 2448 spargens,
1880 2383 2016 2436 columbis

1223 2447 1369 2500 adutodum
1381 2446 1536 2509 familiaris,
1550 2448 1623 2499 unde
1639 2458 1667 2501 et
1678 2464 1783 2500 nouren.
1820 2451 1898 2501 lianc
1910 2450 2013 2511 habert-

1221 2524 1266 2570 tes
1281 2524 1383 2584 negant
1399 2515 1499 2567 latrari
1510 2532 1528 2568 a
1538 2519 1660 2571 canibus.

1257 2585 1383 2639 Lxxlx.
1403 2586 1534 2638 Proxima
1546 2588 1580 2638 ab
1592 2584 1634 2637 his
1646 2581 1728 2639 maiis
1739 2603 1843 2639 venena
1854 2594 1933 2650 suut,
1944 2602 2015 2654 quac

1223 2656 1387 2720 sibimetipsi
1401 2652 1525 2706 homines
1535 2656 1711 2723 excogitant.
1732 2657 1836 2707 Contra
1846 2653 1912 2706 hoec
1924 2659 2015 2708 oannis

1223 2727 1401 2791 Magicasque
1413 2730 1489 2776 artes
1499 2724 1678 2792 eritprimaor
1691 2725 1761 2775 illud
1773 2727 1947 2776 llomericum
1960 2738 2014 2787 mp-

1222 2795 1262 2859 ly,
1283 2793 1346 2846 dein
1365 2792 1566 2852 Mithridation,
1588 2800 1615 2844 et
1630 2793 1776 2853 scrrrdotis,
1801 2804 1828 2845 et
1839 2796 2013 2844 centaurium.

1223 2863 1294 2914 Pota
1305 2862 1398 2913 oninia
1408 2861 1481 2913 atala
1489 2861 1687 2912 medicamenta
1699 2864 1784 2927 exigit
1796 2878 1843 2928 per
1854 2864 1891 2912 nl:
1900 2877 1942 2911 mu
1952 2860 2014 2919 Yet·

1223 2933 1332 2995 tonigae
1343 2945 1435 2980 semen
1455 2931 1483 2979 in
1501 2930 1587 2978 mulso
1601 2938 1750 2992 stupesco,
1770 2932 1812 2980 rel
1832 2930 1940 2980 farinae
1954 2929 2012 2981 dra·

1223 3000 1304 3053 chora
1320 2999 1347 3048 in
1362 2997 1420 3046 vini
1435 2997 1535 3047 veteris
1547 2996 1655 3061 cyathis
1668 2996 1711 3046 ils.
1751 2994 1870 3048 rosere
1890 2998 2014 3065 cogendi,

1223 3076 1306 3135 atque
1322 3069 1422 3117 iterum
1443 3065 1546 3116 bibere.
1582 3063 1620 3113 lis
1632 3063 1679 3129 qui
1692 3063 1814 3127 quotidie
1825 3072 1940 3129 gustent
1949 3081 2015 3127 eam,

1223 3138 1301 3190 nulla
1321 3134 1447 3186 nocitura
1468 3132 1541 3183 mala
1561 3132 1762 3182 medicamenta
1784 3133 1907 3183 tradunt.
1945 3134 2014 3185 Poto

1222 3220 1327 3259 veneno
1344 3200 1527 3256 aristolochia
1547 3198 1674 3251 subvenit
1689 3198 1942 3263 eadem‘mcnsura,
1963 3216 2015 3270 qua

1222 3282 1320 3327 contra
1338 3277 1492 3338 serpentes:
1524 3266 1705 3335 quinquefolii
1727 3283 1838 3320 succus:
1862 3274 2016 3337 agammrm,

1222 3351 1368 3411 postquam
1378 3340 1533 3393 vomuerint
1544 3337 1650 3389 denarii
1661 3338 1784 3403 pondere
1799 3353 1835 3390 ex
1846 3354 1933 3407 aquae
1945 3340 2012 3392 mul·

1223 3428 1271 3465 sae
1283 3411 1393 3480 cyathis
1404 3410 1501 3460 tribus.

1256 3481 1369 3533 Lxxx.
1388 3476 1413 3529 1.
1431 3475 1611 3530 Aritirrhinon
1626 3482 1749 3537 vocatur,
1771 3475 2047 3545 siveunnrrhinon‚4

1221 3552 1280 3602 sive
1301 3548 1412 3617 lychnis
1434 3547 1521 3614 agria,
1543 3546 1641 3597 similis
1651 3544 1717 3606 lino,
1740 3545 1927 3607 radicenolla,
1947 3544 2015 3597 flore

1221 3617 1374 3687 hyacinthi,
1394 3621 1500 3668 scoriae
1510 3616 1590 3665 vituli
1602 3617 1718 3666 hamunt.
1754 3614 1790 3665 Et
1805 3612 1856 3663 hoc
1867 3620 2014 3679 perunctos

1221 3687 1395 3740 venustiores
1418 3685 1488 3748 ficri,
1509 3700 1559 3736 nec
1570 3684 1628 3734 ullo
1639 3683 1713 3743 malo
1731 3681 1930 3734 nredicamento
1941 3680 2015 3734 iaedi

1221 3770 1303 3823 posse
1324 3760 1374 3804 aut
1384 3769 1499 3814 veneno,
1519 3754 1543 3804 si
1554 3754 1616 3818 quis
1627 3754 1655 3803 ia
1666 3751 1801 3803 brachiali
1810 3748 1922 3813 habeat,
1943 3751 2013 3803 arbi·

1221 3831 1331 3875 tvantur
1342 3819 1426 3886 Magi.

1255 3887 1384 3941 Lxxxx
1396 3887 1421 3938 2.
1435 3886 1570 3937 Similiter
1580 3901 1621 3950 ea,
1629 3902 1710 3955 quam
1718 3887 1841 3970 &EQ
1849 3892 2015 3947 vocanttra·

1222 3960 1344 4023 dantque
1365 3971 1398 4007 ca
1419 3957 1895 4022 perunctoscontutandattorisesse
1916 3954 2015 4005 fauiae.

1203 4060 1209 4063 -
1221 4026 1396 4079 Artemisiam
1408 4038 1516 4090 quoquc
1527 4040 1619 4076 secum
1628 4025 1793 4078 habentibus
1804 4031 1904 4093 negant
1915 4036 2015 4074 nocere

1223 4097 1298 4148 mala
1311 4093 1521 4154 medicamenta,
1542 4094 1694 4146 bestiamve
1705 4094 1800 4157 ullam,
1811 4111 1845 4146 ne
1855 4092 1947 4144 Solem
1958 4091 2017 4158 qai·

1224 4165 1296 4217 dem.
1331 4162 1443 4214 Bibitur
1456 4170 1482 4214 et
1492 4160 1560 4214 haec
1572 4177 1605 4215 cx
1617 4163 1680 4213 rino
1691 4163 1822 4217 adsersus
1834 4162 1935 4229 opium.
1970 4158 2016 4211 Al·

1222 4234 1309 4303 lignta
1329 4232 1457 4299 privatim
1479 4240 1577 4298 potens
1598 4233 1730 4296 traditur,
1754 4241 1867 4301 potare,
1886 4228 2016 4282 adversus

1221 4319 1312 4356 ranas.

1255 4369 1395 4425 Lxxxtt.
1414 4369 1439 4423 3.
1459 4369 1636 4437 Pericarpurp
1656 4369 1733 4421 bulbi
1753 4372 1901 4437 genusest.
1936 4366 2017 4418 Duae

1221 4441 1415 4510 eiusspecies:
1438 4440 1542 4492 cortice
1563 4441 1645 4491 rubro
1662 4440 1788 4500 alterum,
1808 4438 1925 4490 alterum
1936 4436 2017 4500 nigro

1222 4512 1351 4579 papaveri
1362 4510 1461 4561 simile.
1498 4510 1550 4561 Sed
1564 4509 1603 4560 ris
1615 4511 1712 4569 maior,
1733 4522 1812 4573 quam
1826 4508 1929 4574 priori:
1948 4503 2017 4554 utri·

1221 4597 1273 4647 quc
1285 4588 1378 4632 autom
1391 4577 1600 4631 excalfaciendi.
1636 4578 1700 4629 ideo
1712 4584 1808 4627 contra
1820 4576 1939 4627 cicutam
1950 4571 2015 4624 ‹ian-

1221 4656 1279 4700 tur:
1304 4656 1400 4700 contra
1421 4662 1501 4714 quam
1524 4654 1553 4698 et
1573 4646 1644 4703 thus,
1665 4653 1693 4697 et
1714 4658 1840 4710 panaces,
1858 4641 2016 4707 Chironium

1224 4719 1379 4784 praecipue.
1414 4717 1477 4766 linc
1490 4724 1517 4766 et
1528 4721 1624 4765 contra
1636 4712 1745 4778 fungos.
1770 4762 1777 4769 ,

1257 4784 1409 4837 bxxrutr.
1438 4786 1539 4837 l'erom
1563 4787 1592 4832 et
1613 4778 1764 4846 generatim
1784 4776 2017 4845 membratimque

1221 4855 1339 4922 singulis
1350 4866 1494 4918 corporum
1510 4849 1614 4901 morbis
1628 4845 1750 4898 remedia
1759 4845 1948 4908 subtexemus,
1960 4847 2016 4899 orsi

1221 4938 1280 4976 aca
1300 4923 1348 4972 ite.

1255 4937 1435 5053 Lpdlopecias
1445 4985 1575 5037 emendat
1585 4980 1756 5051 nymphaeae
1767 4987 1795 5034 et
1806 4982 1915 5043 cicutae
1926 4982 2016 5042 radix,

1222 5060 1245 5110 si
1257 5073 1312 5108 una
1323 5057 1406 5107 tritae
1424 5055 1577 5106 illinantur.
1614 5051 1760 5118 Polythrix
1777 5050 1865 5102 distat
1875 5066 1891 5102 a
1903 5050 2015 5107 callitri-

1221 5125 1281 5187 che,
1293 5123 1365 5194 quod
1375 5126 1471 5175 iuncos
1484 5124 1564 5175 albos
1576 5120 1666 5183 habet,
1682 5128 1710 5172 et
1721 5116 1790 5172 folia
1801 5120 1888 5187 plura,
1900 5114 2015 5171 m'aiora·
2089 5156 2094 5163 .

1221 5210 1284 5261 que.
1321 5194 1432 5246 Frutice
1454 5207 1561 5259 quoque
1576 5194 1732 5243 maiorests
1755 5189 1920 5242 defluentem
1933 5188 2016 5255 capil-

1221 5266 1277 5316 lum
1290 5261 1435 5314 conhrmat
1448 5270 1475 5313 et
1487 5260 1594 5311 densat.

1227 5352 1241 5385 s
1257 5329 1408 5384 1.xxxtv.
1427 5331 1452 5380 2.
1473 5330 1539 5380 ltem
1552 5325 1691 5393 lingulaca
1704 5330 1777 5380 eirca
1788 5327 1880 5379 fontes
1891 5337 2015 5386 nascens,

1223 5403 1300 5453 cuius
1311 5399 1390 5452 radix
1403 5400 1525 5450 admixta
1533 5398 1675 5448 combusta
1686 5398 1788 5449 teritur
1797 5411 1857 5447 cunr
1868 5394 1948 5459 adipe
1958 5392 2015 5441 suis

1223 5472 1329 5538 nigrae.
1365 5467 1395 5520 ld
1417 5482 1525 5535 quoque
1542 5465 1688 5531 excipitur,
1709 5474 1740 5517 at
1755 5468 1813 5517 eius
1831 5465 1867 5514 sit
1877 5463 1934 5512 suis
1945 5472 2015 5525 quaa

1223 5553 1358 5605 nunquam
1370 5538 1486 5605 peperit.
1523 5534 1571 5587 Sol
1593 5534 1695 5586 deinde
1708 5534 1852 5602 plurimum
1864 5528 1972 5581 confert
1983 5525 2016 5577 il·

1927 5894 2070 5990 ΗΕ
