4356 6014
364 304 422 363 182
531 302 562 361 C.
591 297 745 361 PLlNli
779 293 989 358 SECUNDl
1022 292 1189 353 Nirea.
1218 290 1408 353 iliSTOR.
1443 288 1530 349 Llli.
1553 286 1624 347 XV.
1661 287 1754 347 CAP.
1778 287 1854 344 3-6.

365 452 457 503 ferunt
468 451 552 502 succi.
564 450 683 501 Primum
693 446 814 499 omnium
826 444 1033 510 ecruda,atque
1044 442 1162 494 nondum

362 521 511 572 inchoatae
518 518 703 571 maturitatis:
713 513 764 566 hoe
773 529 874 580 sapore
885 513 1163 581 praestantissimum.

363 590 435 654 Quin
448 595 476 641 et
484 604 519 641 ex
528 589 662 653 enprinra
672 583 746 634 unda
756 583 828 651 preli
839 583 1041 643 laudatissima,
1047 595 1080 632 ac
1089 580 1164 632 dein·

364 661 399 711 de
411 673 460 724 per
481 655 691 708 diminutiones:
711 653 778 715 sive,
799 658 842 715 (ut
853 667 939 717 nuper
949 652 1088 702 inventum
1100 654 1162 712 est,)

365 728 484 778 exilibus
494 723 598 790 regulis
611 723 681 788 pede
692 721 809 774 incluso.
833 720 942 781 Quanto
955 720 1089 769 araturinr
1100 718 1162 768 bac·

365 798 495 859 oa,tanto
508 792 640 858 pinguior
650 806 757 854 succus,
770 791 914 856 urinaeque
924 795 1029 856 gratus.
1049 788 1162 853 Optima

363 871 456 916 autem
469 868 548 913 aetas
559 861 594 910 ad
605 861 819 926 decerpendum,
838 858 911 908 inter
928 857 1036 922 copiam
1047 856 1159 907 bonita-

362 945 482 997 temque,
493 930 642 996 incipiente
653 930 737 980 bacca
750 928 916 994 nigrescere.
952 925 1047 977 Nostri
1059 932 1161 976 vocant

363 1002 475 1067 drupas,
488 999 589 1050 Graeci
602 1012 669 1050 vero
680 997 820 1063 drypetss.
840 997 941 1047 cetere
952 995 1046 1057 distat,
1056 1010 1091 1045 aa
1104 1008 1160 1045 ma·

362 1069 465 1121 turitas
476 1067 524 1119 illa
537 1068 564 1118 in
576 1066 762 1118 torcularibus
773 1068 832 1125 fiat,
841 1078 878 1114 an
888 1065 985 1115 ramis:
1007 1064 1089 1130 rigua
1099 1063 1158 1115 fue·

361 1140 399 1192 rit
414 1137 507 1202 arbor,
521 1154 557 1189 nrt
566 1152 616 1187 suo
627 1142 735 1189 tantum
746 1134 833 1185 bacea
844 1148 936 1196 succo,
947 1130 1071 1199 nihilque
1081 1130 1158 1184 aliud

361 1224 443 1277 quam
453 1223 532 1260 rores
544 1204 616 1257 caeli
628 1203 739 1254 biberit.

395 1278 442 1330 ill.
464 1279 596 1331 Vetusius
608 1272 669 1325 oleo
681 1272 805 1324 taedium
822 1271 912 1336 affert,
930 1285 985 1323 nou
995 1269 1065 1323 item
1075 1278 1108 1321 ut
1118 1269 1158 1320 ri-

362 1362 412 1399 no:
434 1345 583 1414 plurimum
603 1342 856 1394 ueaetatisannuo
869 1348 921 1403 est,
942 1340 1059 1410 provida
1078 1339 1159 1404 (sili-

359 1419 425 1469 beat
436 1357 603 1479 intelligenti
614 1417 726 1462 natura:
748 1413 848 1479 quippe
857 1413 1038 1464 temulentiae
1048 1425 1160 1462 nascen-

361 1487 435 1537 tibus
457 1483 527 1533 vinis
549 1478 591 1531 uti
607 1494 721 1533 necesse
740 1488 860 1537 nonest:
882 1481 947 1549 quin
959 1481 1046 1532 immo
1058 1479 1160 1531 inritat

360 1552 395 1604 ad
406 1550 570 1603 sumendum
581 1549 687 1603 blanda
704 1550 852 1603 inveterati
868 1551 972 1603 caries:
994 1549 1057 1601 oleo
1069 1548 1160 1600 noluit

359 1621 445 1742 parci,
465 1619 587 1686 fecitque
607 1634 641 1672 ea
651 1621 819 1673 necessitate
830 1619 1016 1687 promiscuum
1029 1623 1056 1670 et
1067 1618 1160 1685 vulgo.

382 1691 545 1757 rincipatum
558 1689 586 1739 in
597 1687 651 1742 lsoc
663 1704 772 1756 quoque
781 1690 855 1740 bono
873 1689 992 1740 obtinuit
1004 1687 1088 1739 italia
1098 1694 1159 1738 toto

361 1759 437 1821 orbe,
457 1758 578 1810 maxime
588 1772 658 1824 agro
671 1757 838 1821 Venafrano,
862 1759 976 1824 eiusque
997 1764 1159 1825 partequae

360 1827 531 1881 Licinianum
554 1826 644 1879 fundit
656 1827 762 1879 oleum:
781 1828 856 1880 unde
876 1833 905 1879 et
921 1827 1047 1878 Liciniae
1068 1825 1160 1893 gloria

360 1897 513 1966 praecipua
531 1896 630 1949 olivae.
667 1898 813 1965 Unguenta
833 1895 905 1947 hanc
915 1895 1035 1963 palmam
1048 1894 1159 1956 dedere,

361 1965 571 2019 accommodato
583 1966 652 2033 ipsis
663 1966 759 2019 odore.
795 1965 884 2018 Dedit
897 1975 925 2017 et
955 1964 1069 2026 alatum,
1088 1962 1158 2015 deli-

361 2037 466 2089 catiore
485 2037 634 2085 sententia.
670 2034 714 2082 De
725 2040 818 2082 cetero
828 2034 928 2081 baccas
965 2034 1067 2079 iciniae
1085 2032 1161 2078 nulia

360 2107 418 2157 aris
429 2104 547 2171 appetit.
584 2100 730 2165 Reliquum
749 2106 891 2152 certamen
911 2098 985 2149 inter
996 2097 1094 2149 istriae
1106 2103 1160 2148 ter-

361 2180 461 2227 ramat
474 2172 602 2224 Baeticae
637 2184 668 2220 ar
680 2175 731 2221 est.
767 2167 868 2220 Vicina
878 2168 989 2219 bonitas
999 2166 1160 2233 provinciis,

285 2236 291 2249 ⁶
361 2250 477 2310 excepto
488 2239 601 2293 Africae
611 2184 751 2306 frugifero
762 2238 833 2289 solo.
862 2236 958 2289 Cereri
970 2242 1059 2287 tntum
1070 2235 1099 2285 id
1110 2251 1158 2286 na·

360 2322 425 2365 tura
435 2310 586 2362 concessit:
607 2309 699 2359 oleum
713 2323 746 2360 ae
756 2311 849 2359 uinum
860 2322 915 2358 non
927 2304 1027 2357 inridit
1038 2311 1160 2356 tantum:

328 2406 330 2413 .
360 2383 485 2448 satisque
496 2380 603 2450 gloriae
618 2379 646 2429 in
664 2377 799 2429 messibus
817 2375 894 2428 fecit.
930 2374 1048 2441 Reliqua
1058 2376 1160 2426 erroris

361 2452 453 2518 piena,
475 2464 555 2518 quent
568 2448 596 2499 in
608 2449 683 2499 nulla
693 2454 772 2514 parte
783 2447 858 2498 vitae
869 2444 1089 2496 numerosiorem
1099 2458 1161 2496 esse

362 2519 533 2572 docebimus.

397 2588 495 2640 Olirae
506 2591 637 2640 coustant
646 2585 756 2647 nucleo,
767 2584 841 2647 oleo,
863 2596 956 2646 carne,
973 2596 1098 2635 amurca:
1119 2597 1161 2634 sa·

361 2659 422 2709 aies
432 2655 503 2710 haec
514 2663 557 2710 est
568 2656 626 2708 eius
637 2670 742 2707 amara
771 2654 819 2706 Fit
830 2669 864 2707 ex
875 2655 963 2723 aquis,
974 2652 1039 2705 ideo
1049 2652 1159 2705 siccita-

362 2728 436 2779 tibus
446 2726 574 2778 minima:
595 2725 693 2792 riguis,
714 2726 836 2792 eopiosa.
864 2723 1161 2792 Suusquidemelivae

362 2811 460 2849 succus
475 2796 567 2847 oleum
584 2803 636 2857 est,
657 2794 738 2861 idque
771 2794 898 2860 raecipue
909 2809 944 2846 ex
955 2793 1112 2847 immaturis
1122 2792 1162 2841 in·

361 2866 527 2935 telligimus,
549 2865 622 2916 sieut
637 2862 671 2916 de
690 2809 1001 2929 ompitaciodocuimus.
1036 2865 1161 2929 augetur

362 2935 455 2988 oleum
467 2934 503 2986 ad
513 2935 620 2985 Arcturi
632 2939 759 2985 exortum
772 2950 797 2985 a.
809 2932 835 2983 d.
846 2930 911 2985 XVi
923 2932 1066 2984 Kalendas
1078 2933 1160 2982 Octo-

360 3003 430 3054 bris:
450 3008 549 3069 pustea
559 3002 651 3054 nuclei
661 3003 820 3055 increscunt
831 3009 859 3054 et
870 3016 944 3053 caro.
972 3002 1039 3052 Cum
1051 2999 1159 3052 sitienti

361 3072 464 3123 imbres
475 3071 583 3137 copiosi
598 3086 749 3133 accessere,
768 3071 885 3123 vitiatur
905 3069 997 3122 oleum
1018 3070 1046 3120 in
1066 3083 1158 3120 amur·

362 3155 432 3193 carn.
459 3140 551 3190 liuius
562 3139 641 3191 coio‘r
650 3141 751 3192 elisam
763 3141 839 3208 cogit
851 3141 1021 3207 nigrescere:
1041 3137 1159 3203 ideoque

362 3208 513 3275 incipiente
523 3209 647 3278 nigritia,
660 3210 802 3261 minimum
814 3223 957 3260 amurcae:
969 3212 1035 3259 ante
1048 3222 1109 3258 earn
1120 3207 1160 3257 ui·

362 3278 411 3332 hil.
437 3279 473 3330 Et
484 3293 563 3332 error
574 3277 717 3333 hominum
729 3279 826 3341 falsus,
837 3278 1058 3330 existimantium
1071 3280 1159 3326 matu·

360 3349 455 3402 ritatis
466 3349 590 3413 initium,
611 3351 686 3419 quud
704 3357 748 3402 est
767 3348 830 3401 ritii
840 3348 1005 3415 proximum.
1040 3344 1159 3406 Deinde,

362 3418 435 3486 quod
447 3419 538 3471 oleum
551 3434 676 3473 crescere
692 3418 884 3473 silvacane
895 3417 1076 3478 arbitrantur,
1097 3429 1157 3465 cunr

362 3502 461 3540 succus
473 3489 562 3539 omnis
573 3488 601 3539 in
614 3504 714 3556 corpus
726 3487 817 3549 abeat,
824 3488 984 3556 lignumque
996 3488 1070 3538 intus
1080 3499 1159 3552 gran·

362 3558 466 3610 descat.
502 3559 576 3625 Ergo
587 3564 645 3609 tum
658 3558 777 3608 maxime
791 3558 924 3624 rigantur.
942 3590 946 3596 ·
961 3555 1042 3618 Quod
1055 3555 1102 3605 ubi
1113 3570 1158 3605 cu·

361 3641 403 3689 ra,
414 3626 541 3678 multisve
553 3626 686 3677 imbribus
696 3626 806 3690 accidit,
822 3626 915 3678 oleum
928 3624 1090 3684 absumitur,
1106 3623 1158 3673 nisi

362 3704 511 3748 consecuta
525 3696 687 3755 serenitate,
707 3700 1039 3762 quaecorpusextenuet.
1064 3692 1158 3743 Omni·

362 3781 397 3815 nu
409 3766 490 3826 enim,
508 3769 540 3816 ut
552 3761 746 3829 Theophrasto
765 3764 867 3829 piacet,
889 3771 932 3817 est
952 3765 1007 3817 olei
1020 3776 1103 3815 causa
1115 3776 1159 3812 ca·

361 3836 417 3886 ior:
438 3849 524 3901 quare
541 3842 569 3884 et
584 3830 816 3894 intercalaribus,
837 3839 867 3884 et
876 3833 931 3884 iarn
941 3833 969 3883 in
982 3832 1058 3884 celiis
1068 3831 1158 3881 multo

361 3904 425 3971 igne
436 3902 588 3970 quaeritur.
608 3900 708 3953 Tertia
717 3907 760 3953 est
770 3902 851 3967 culpa
861 3902 889 3952 in
902 3901 1084 3967 parcimonia,
1091 3913 1159 3966 quo·

361 3975 435 4024 niam
459 3978 575 4039 propter
594 3971 766 4039 impendium
788 3970 954 4037 decerpendi
970 3976 1157 4036 exspectatur,

360 4048 392 4094 ut
408 4040 517 4094 decidat
538 4040 618 4093 oliva.
654 4042 708 4105 Qui
730 4040 851 4092 medium
872 4046 1119 4121 temperamentum
1131 4040 1159 4088 in

361 4110 413 4163 hoc
422 4110 662 4178 serrantperticis
672 4110 891 4171 decurionatum
904 4108 1007 4160 iniuria
1016 4108 1159 4171 arborum,

360 4182 554 4251 sequentisque
574 4183 638 4234 anni
659 4178 768 4232 damno.
805 4178 913 4246 Quippe
933 4176 1159 4230 durantibusler

360 4253 553 4317 antiquissima
563 4250 633 4303 fuit:
653 4248 872 4303 Oleumnestrin
895 4248 943 4309 'to,
955 4247 1158 4300 nerererbera·

361 4325 401 4368 to.
437 4320 494 4381 Qui
512 4322 671 4374 cautissime
690 4325 785 4389 agunt,
805 4333 873 4370 arun
896 4319 940 4370 ine
952 4315 1086 4379 leriictu,
1108 4331 1160 4368 nec

362 4383 496 4440 adversos
516 4392 675 4457 percutiunt
698 4403 799 4443 ramos.
837 4386 884 4440 Sic
896 4399 1005 4455 quoque
1016 4385 1159 4438 alternare

363 4451 471 4505 fructus
483 4459 594 4526 cogitur
603 4460 725 4512 decussis
735 4457 914 4527 germinibus.
950 4456 1008 4508 Nec
1019 4458 1124 4519 minus,
1135 4454 1160 4505 si

362 4530 541 4589 exspectetur
551 4528 680 4580 utcadat:
692 4528 831 4583 haerendo
843 4527 915 4580 enim
923 4525 1084 4578 ultrasuum
1092 4529 1160 4576 tem·

362 4604 423 4656 pus,
443 4591 591 4646 absumunt
610 4597 783 4650 uenientibus
794 4596 966 4656 alimentum,
985 4600 1015 4647 et
1035 4592 1160 4645 detinent

363 4659 425 4710 locu
431 4676 465 4710 nt.
502 4662 698 4728 Argumentum
709 4674 760 4727 est,
779 4666 853 4733 quod
866 4665 918 4716 nisi
929 4669 994 4716 ante
1004 4662 1159 4714 Favonium

362 4728 506 4790 collectae,
516 4745 601 4781 noras
612 4734 682 4784 rires
694 4742 846 4796 resumunt,
856 4742 886 4786 et
896 4733 1038 4786 difficilius
1048 4730 1160 4784 cadurn.

398 4796 441 4847 il'.
461 4796 554 4849 Prima
565 4813 631 4865 ergo
643 4802 678 4851 ab
689 4811 820 4854 autumno
839 4802 992 4873 colligitur,
1012 4802 1084 4859 titio
1095 4816 1160 4868 ope-

362 4881 419 4924 rae,
431 4882 484 4918 nnn
497 4871 621 4929 naturae,
636 4870 743 4934 pausia,
755 4871 800 4921 cui
809 4872 956 4937 plurimum
968 4874 1071 4925 emnia:
1094 4884 1159 4923 mox

361 4933 493 4998 orchites,
504 4935 549 4987 cui
560 4934 628 4987 olei:
651 4937 827 5002 postradius.
862 4944 921 4994 iias
938 4942 1011 4996 enirn
1031 4940 1159 4993 ocissime

362 5011 519 5070 occupatas,
559 5004 607 5053 uia
621 5012 685 5055 suut
705 5009 881 5073 tenerrimae,
902 5026 1016 5063 amurca
1026 5011 1103 5080 cogit
1114 5009 1160 5061 de·

361 5071 461 5125 cidere.
491 5072 528 5124 Di
552 5080 669 5125 eruntur
678 5089 744 5126 vero
756 5076 840 5128 etiam
852 5079 879 5129 in
892 5079 1023 5132 Martium
1037 5095 1157 5132 nrensem

361 5141 492 5203 callosae,
508 5150 606 5195 eontra
616 5140 757 5195 humorem
770 5159 917 5213 pugnaces,
938 5150 974 5202 ob
985 5150 1068 5216 idque
1078 5149 1158 5200 mini.

362 5226 431 5275 mae,
442 5211 558 5273 Licinia,
569 5213 703 5274 Comiuia,
714 5214 823 5276 coatia,
838 5214 888 5268 Ser
908 5217 944 5279 ia,
964 5233 1047 5285 quam
1062 5218 1160 5272 Sabini

362 5281 467 5350 regiam
480 5288 589 5343 vocant,
600 5297 653 5333 non
666 5288 731 5334 ante
741 5283 858 5334 Favonii
868 5232 991 5339 afflatum
1003 5288 1158 5357 nigrescen-

359 5360 412 5412 tes,
432 5350 548 5413 hocest,
567 5364 593 5402 a.
606 5349 632 5401 d.
644 5352 682 5404 Vi
695 5351 760 5403 idus
773 5352 852 5404 Febr.
889 5355 968 5407 Tunc
990 5359 1159 5410 arbitrantur

360 5434 408 5471 eas
419 5427 616 5474 maturescere:
637 5427 666 5473 et
684 5420 813 5486 quoniam
834 5424 1060 5489 probatissimum
1079 5427 1158 5479 exiis

358 5487 524 5554 hateleum,
545 5488 676 5543 accedere
697 5491 782 5543 etiam
802 5490 875 5544 ratio
894 5493 1025 5558 pravitati
1039 5496 1157 5549 ridetur.

356 5554 515 5627 Feruntque
532 5558 637 5628 frigore
658 5559 836 5614 sterilitatem
860 5561 936 5624 lieri,
957 5560 1028 5613 sicut
1047 5567 1156 5632 copias:

1215 443 1392 497 maturitate:
1418 457 1478 493 tun:
1496 438 1534 491 sit
1553 437 1788 490 iliabnnitasnon
1800 433 1945 502 temporis,
1965 435 2014 488 sed

1215 516 1335 583 generis,
1357 511 1437 562 tarde
1456 510 1673 576 putrescentium
1684 507 1711 556 in
1725 519 1876 557 unrurcatn.
1911 502 2014 555 Similis

1215 598 1294 635 error
1304 581 1449 633 collectam
1461 575 1591 630 servandi
1604 578 1632 626 in
1642 574 1845 635 tabulatis‚nec
1854 572 2012 640 priusquam

1214 651 1294 704 sudet
1311 648 1466 717 premendi:
1488 662 1549 699 cum
1571 647 1645 696 onrni
1667 658 1747 694 mora
1762 643 1852 694 oleum
1863 641 2014 703 decrescat,

1213 726 1327 773 amurca
1339 718 1484 785 augeatur.
1519 715 1615 781 itaque
1634 711 1720 779 vulgo
1734 726 1787 761 non
1800 711 1921 777 amplius
1932 725 2012 762 senas

1212 791 1298 842 libras
1304 789 1420 854 singuiis
1431 785 1532 837 madiis
1545 781 1664 851 exprimi
1675 781 1779 832 dicunt.
1796 785 1931 834 Anturcae
1941 795 2013 832 men·

1212 876 1306 912 suram
1317 872 1398 909 nemo
1411 856 1479 923 agit,
1500 862 1605 922 quanto
1625 865 1660 903 ea
1671 850 1810 919 eopiosior
1818 850 1974 918 reperiatur
1984 848 2011 901 in

1211 929 1309 982 eudem
1320 939 1423 995 genere
1435 923 1532 976 diebus
1541 921 1667 974 adiectis.

1246 998 1365 1049 Omnino
1385 996 1413 1045 in
1426 994 1487 1045 vita
1506 1007 1583 1045 error
1594 998 1637 1045 est
1646 991 1781 1058 publicus,
1800 994 1909 1042 tumore
1920 988 2013 1039 oliuae

1211 1081 1335 1132 crescere
1347 1064 1439 1116 oleum
1451 1061 1686 1114 existimantium:
1707 1059 1869 1129 praesertim
1882 1073 1943 1109 cum
1955 1071 2013 1109 ma·

1212 1135 1356 1206 gnitudine
1377 1131 1551 1200 copiamolei
1573 1145 1628 1181 non
1652 1139 1800 1192 constare,
1826 1127 1931 1179 indicio
1952 1127 2012 1177 sint

1212 1222 1282 1274 quae
1304 1204 1399 1271 regiae
1415 1208 1560 1262 vocantur,
1581 1199 1616 1252 ab
1636 1199 1870 1259 aiiismslnrinae,
1891 1197 1926 1249 ab
1947 1195 2011 1247 aliis

1212 1274 1350 1344 phauiiae,
1360 1270 1570 1341 grandissimae,
1583 1270 1686 1335 alioqui
1698 1269 1813 1320 minimo
1825 1280 1916 1317 succo.
1935 1264 1972 1316 Et
1982 1266 2012 1315 ia

1210 1347 1249 1398 he
1291 1351 1338 1412 pto
1349 1340 1551 1395 carnosissimis
1563 1341 1619 1392 olei
1631 1340 1772 1406 exiguum.
1820 1333 1957 1402 Decapeli
1967 1349 2012 1386 re·

1212 1362 1356 1483 regulae
1367 1426 1499 1480 perquam
1509 1425 1619 1478 parrae,
1630 1425 1681 1461 nec
1691 1404 1804 1475 cappari
1815 1405 1943 1466 maiores,
1954 1417 2012 1454 car·

1212 1501 1247 1537 ne
1258 1491 1351 1537 tamen
1363 1479 1600 1535 commendantur.
1636 1479 1725 1541 Quam
1737 1478 1773 1528 ob
1783 1489 1894 1528 causam
1905 1472 2011 1525 italicis

1212 1552 1412 1607 transmarinae
1426 1549 1623 1617 praeferuntur
1639 1549 1667 1598 in
1689 1547 1768 1608 cibis,
1789 1559 1849 1595 cum
1873 1542 1934 1595 oleo
1954 1542 2011 1593 rin·

1212 1631 1324 1677 cantur:
1347 1628 1375 1674 et
1395 1622 1424 1671 in
1441 1621 1502 1687 ipsa
1513 1620 1596 1671 italia
1616 1620 1717 1671 ceteris
1730 1615 1856 1675 Picenae,
1876 1620 1904 1663 et
1914 1610 2013 1663 Sidici-

1212 1710 1272 1746 nae.
1307 1691 1373 1744 Sale
1384 1689 1451 1742 illae
1462 1690 1590 1756 privatin:
1601 1686 1780 1747 condiuntur,
1791 1690 1819 1736 et
1829 1690 1861 1733 ut
1874 1680 2010 1747 reliquae,

1213 1777 1335 1825 amurca,
1355 1773 1476 1825 separe:
1498 1773 1606 1811 necnon
1627 1757 1739 1823 aliquae
1760 1753 1823 1804 oleo
1835 1766 1885 1805 suo
1896 1752 1956 1804 sine
1968 1766 2012 1803 ac·

1212 1833 1316 1885 censita
1326 1829 1574 1884 commendatione.
1609 1826 1718 1879 Mariae
1729 1826 1859 1874 innatant
1871 1822 2013 1890 colymba-

1212 1904 1274 1954 des:
1294 1900 1461 1968 frangnntur
1472 1897 1596 1960 eaedem,
1617 1894 1822 1961 herbarumque
1834 1892 1957 1943 viridium
1969 1903 2013 1943 sa·

1212 1987 1279 2040 pore
1291 1971 1467 2023 condiuntur.
1502 1967 1587 2018 Fiunt
1603 1973 1631 2019 ct
1650 1979 1799 2035 praecoces
1811 1962 1928 2015 ferventi
1939 1974 2012 2028 aqua

1214 2040 1353 2105 perfusae,
1364 2037 1517 2101 quamlibet
1528 2038 1701 2086 immaturae.
1725 2034 1892 2098 hiirumque,
1903 2030 2012 2083 dulcem
2083 2073 2086 2079 .

1213 2119 1323 2157 succum
1337 2103 1427 2154 olivas
1437 2103 1541 2163 bibere,
1553 2109 1581 2153 et
1593 2103 1685 2154 aliene
1695 2116 1796 2168 sapore
1806 2101 1892 2151 inlici.
1910 2099 2013 2168 Purpu-

1212 2189 1277 2226 reae
1286 2178 1352 2225 sunt
1363 2178 1392 2223 et
1402 2172 1431 2222 in
1443 2171 1488 2234 iis,
1501 2182 1531 2223 ut
1540 2170 1610 2234 uris,
1630 2173 1657 2223 in
1669 2172 1777 2240 nigrum
1789 2170 1912 2221 colorem
1924 2174 2013 2220 trans·

1213 2243 1352 2305 euntibus,
1369 2242 1492 2308 pausiae.
1528 2240 1598 2293 Sunt
1620 2248 1648 2293 et
1667 2240 1812 2308 superbae,
1833 2246 1945 2305 praeter
1955 2238 2012 2290 iam

1213 2314 1288 2365 dicta
1299 2326 1411 2380 genera.
1431 2310 1504 2363 Sunt
1515 2317 1543 2361 et
1553 2310 1728 2378 praedulces,
1740 2324 1789 2378 per
1800 2324 1830 2361 se
1842 2315 1947 2361 tantum
1959 2307 2012 2360 sic·

1214 2391 1304 2446 eatae,
1322 2382 1439 2447 uvisque
1478 2380 1548 2432 assis
1572 2378 1719 2440 dulciores,
1730 2378 1880 2438 admodum
1892 2392 1971 2430 rarae
1981 2377 2012 2427 in

1213 2451 1316 2513 Africa,
1327 2456 1356 2503 et
1366 2453 1440 2502 circa
1450 2396 1602 2501 iinreritam
1613 2449 1785 2502 Lusitaniae.
1809 2447 1908 2500 Oleum
1918 2449 2011 2514 ipsum

1213 2522 1272 2574 saie
1284 2519 1440 2572 vindicatur
1455 2536 1473 2573 a
1483 2518 1685 2589 pinguitudinis
1701 2518 1780 2571 vitio.
1808 2518 1918 2569 Cortice
1930 2517 2011 2568 oleae

1213 2590 1324 2645 conciso
1335 2588 1448 2643 odorem
1460 2590 1561 2658 accipit
1572 2589 1716 2643 medicati:
1738 2587 1818 2651 alias,
1834 2594 1865 2638 ut
1876 2586 1950 2648 rino,
1959 2600 2011 2653 pa·

1212 2662 1264 2714 lati
1276 2661 1369 2729 gratia
1379 2660 1456 2711 nulia
1466 2666 1517 2712 est.
1545 2660 1604 2713 Nec
1615 2666 1672 2712 tam
1683 2673 1830 2710 numerosa
1841 2655 2011 2707 differentia:

1214 2733 1304 2784 tribus
1314 2736 1344 2781 ut
1354 2729 1502 2796 plurimum
1512 2730 1685 2783 bonitatibus
1693 2728 1787 2779 dietat.
1805 2726 1882 2777 Odor
1893 2726 1921 2777 in
1932 2723 2014 2775 tenui

1212 2801 1348 2869 argutior,
1359 2806 1387 2851 et
1398 2799 1422 2850 is
1434 2806 1526 2851 tamen
1538 2800 1623 2850 etiam
1634 2799 1664 2850 in
1677 2799 1782 2865 optimo
1793 2796 1894 2848 brevis.

1249 2873 1281 2924 V.
1301 2869 1370 2921 Oleo
1381 2875 1483 2921 natrrra
1494 2867 1650 2933 tepefacere
1661 2880 1772 2933 corpus,
1784 2872 1813 2918 et
1825 2871 1925 2917 centm
1935 2862 2014 2930 algo·

1212 2955 1256 2992 res
1278 2937 1403 2989 munire:
1427 2937 1572 3002 eidemque
1583 2934 1709 2989 ferreres
1721 2950 1754 2987 cs
1775 2935 1821 2984 itis
1833 2934 2013 3000 refrigerare.
2077 2940 2082 2945 “

1212 3010 1295 3061 Usum
1317 3004 1433 3058 eiusad
1456 3005 1594 3056 luxuriam
1616 3010 1726 3057 vertere
1746 2949 1856 3065 tiraeci,
1877 3003 2015 3054 vitiorum

1212 3077 1332 3129 omnium
1344 3073 1493 3143 genitores,
1503 3074 1532 3124 in
1543 3074 1698 3142 gymnasiis
1709 3071 1883 3142 publicando.
1903 3072 2014 3122 Notum

1211 3152 1263 3207 est,
1284 3145 1464 3211 magistratus
1486 3142 1599 3195 honoris
1620 3143 1689 3204 eius,
1710 3140 1857 3207 octogenis
1868 3141 2013 3192 sestertiis

1211 3215 1377 3282 strigmenta
1388 3212 1443 3265 olei
1455 3211 1622 3265 vendidisse.
1646 3212 1732 3265 Oleae
1741 3210 1877 3264 honorem
1886 3209 2016 3260 Romana

1212 3285 1344 3337 maiestas
1358 3297 1488 3351 magnum
1499 3284 1641 3350 praebuit,
1660 3290 1768 3337 turmas
1778 3279 1904 3347 equiturn
1916 3278 2013 3331 idibus

1212 3355 1290 3409 iuliis
1313 3370 1348 3408 ex
1368 3368 1401 3405 ea
1421 3352 1594 3405 coronando:
1617 3354 1684 3404 item
1699 3351 1850 3404 minoribus
1862 3346 2013 3414 triumphis

1212 3430 1335 3478 orantes.
1373 3422 1496 3477 Athenae
1510 3436 1620 3490 qunque
1642 3421 1761 3474 victores
1783 3414 1850 3473 elea*
1866 3421 2012 3478 coronant,

1212 3494 1314 3547 Graeci
1325 3509 1390 3545 reso
1402 3492 1526 3546 oleastro
1537 3492 1695 3560 Olympiae.

1246 3565 1295 3618 Vi.
1313 3556 1905 3628 NuncdicenturCatonispiacitadeolivis.
1924 3556 1955 3607 ln
1966 3568 2011 3606 ca·

1211 3632 1270 3684 lide
1282 3638 1311 3684 et
1320 3631 1419 3700 pingui
1428 3632 1489 3697 solo
1500 3629 1610 3683 radium
1623 3632 1767 3689 maiorem,
1775 3626 1955 3686 Salentinam,
1965 3638 2012 3675 er·

1211 3694 2009 3767 chitem,pausiam,Sergianam,cominianam,albiceram

1210 3771 1268 3824 seri
1279 3770 1368 3821 iubet:
1391 3767 1542 3835 adiicitque
1553 3767 1687 3835 singulari
1699 3766 1857 3834 prudentia,
1870 3779 1951 3832 quam
1964 3777 2010 3814 ea·

1211 3838 1307 3893 rumin
1314 3836 1441 3889 finitimis
1452 3836 1522 3889 locis
1530 3837 1663 3903 optimam
1671 3851 1733 3889 esse
1741 3836 1844 3888 dicant.
1864 3831 2010 3900 infrigido

1210 3915 1303 3961 autern
1316 3912 1346 3960 et
1355 3922 1461 3971 macro,
1471 3907 1618 3959 Liciniam.
1637 3904 1737 3975 Pingui
1748 3905 1820 3958 enim
1833 3909 1881 3955 aut
1890 3902 2010 3955 ferventi

1211 3976 1305 4030 vitiam
1316 3976 1374 4028 eius
1387 3978 1489 4041 oleum,
1495 3976 1676 4042 arboremque
1686 3977 1774 4044 ipsam
1787 3972 1936 4026 fertilitate
1946 3986 2011 4024 con·

1211 4049 1296 4099 sumi:
1319 4062 1413 4099 musco
1433 4053 1582 4115 praeterea
1601 4048 1686 4100 rubro
1700 4043 1839 4098 infestari.
1875 4041 2010 4111 spectare

1212 4117 1316 4169 oliveta
1335 4117 1364 4168 in
1376 4116 1529 4169 Favonium
1551 4116 1614 4168 ioco
1636 4115 1762 4185 exposito
1773 4112 1885 4166 Solibus
1901 4118 2010 4164 censet:

1211 4203 1263 4240 nec
1273 4188 1328 4239 ulio
1339 4186 1399 4238 ulln
1411 4188 1495 4240 modo
1507 4185 1614 4238 laudat.
1642 4186 1731 4239 Condi
1743 4183 1830 4236 olivas
1841 4184 1953 4250 optime,
1964 4195 2011 4232 or·

1211 4256 1309 4321 ciritae,
1320 4263 1348 4309 et
1359 4256 1477 4324 pausias,
1496 4257 1541 4308 rei
1552 4256 1655 4309 virides
1665 4258 1694 4309 in
1705 4254 1803 4317 muria,
1812 4253 1857 4306 vei
1867 4252 1971 4305 fractu
1980 4249 2010 4302 iu

1212 4326 1339 4379 lentisco.
1375 4326 1473 4380 Oleum
1491 4340 1574 4396 quam
1595 4327 1774 4380 acerbissima
1789 4323 1891 4376 olirao
1911 4321 2010 4372 timum
2060 4319 2065 4327 ’

1213 4396 1281 4449 fleri.
1319 4396 1420 4449 Cetera
1431 4398 1750 4464 quamprimumeterra
1760 4393 1880 4461 colligen
1902 4406 1961 4442 aas:
1983 4388 2012 4441 si

1212 4466 1358 4533 inquinata
1369 4466 1416 4529 sit,
1428 4466 1587 4519 lavandam:
1599 4467 1697 4519 siccari
1708 4463 1801 4516 triduo
1810 4460 1877 4513 satis
1888 4473 1958 4513 esse.
1977 4458 2011 4512 b'i

1212 4537 1305 4603 gelent
1317 4534 1542 4603 frigora'quarto
1554 4536 1600 4589 die
1611 4531 1803 4603 premendam:
1825 4527 1936 4579 hancei
1947 4529 2011 4583 sale

1213 4605 1331 4672 aspergi.
1368 4604 1466 4657 Oleum
1477 4606 1505 4655 in
1517 4603 1642 4657 tabulato
1654 4601 1749 4662 minui,
1770 4595 1947 4663 deteriusque
1958 4600 2009 4652 ile·

1212 4676 1250 4725 ri:
1271 4674 1339 4726 item
1351 4679 1380 4724 et
1391 4673 1418 4723 in
1428 4682 1550 4735 amurca,
1568 4679 1597 4724 et
1608 4670 1741 4722 fracibus:
1763 4663 1815 4716 hae
1825 4670 2011 4728 suntearnes,

1212 4747 1241 4795 et
1251 4742 1315 4794 inde
1327 4741 1427 4793 faeces.
1447 4742 1541 4803 Quare
1548 4741 1658 4805 saepius
1669 4737 1714 4788 die
1723 4733 1902 4802 capulandum
1911 4752 1917 4786 :
1927 4750 2009 4801 prae·

1211 4819 1290 4864 terea
1301 4813 1328 4862 in
1341 4809 1470 4869 concisas,
1482 4816 1510 4861 et
1520 4809 1663 4875 plumbeas
1673 4807 1808 4858 cortinas:
1829 4819 1893 4857 aere
1903 4805 2007 4857 vitiari.

1211 4878 1396 4933 Ferventibus
1418 4879 1510 4930 omnia
1526 4893 1559 4929 ea
1575 4878 1635 4929 fieri
1646 4876 1801 4942 clausisque
1811 4875 2008 4937 torcularibus,

1211 4955 1240 5001 et
1251 4962 1331 5015 quam
1352 4948 1467 5000 minime
1489 4946 1645 5000 ventilatis:
1667 4945 1730 4997 ideo
1742 4959 1794 4996 nec
1804 4943 1879 5012 ligna
1890 4943 1931 4996 ibi
1942 4960 2005 4996 cae·

1211 5017 1240 5069 di
1252 5023 1396 5083 oportere:
1418 5032 1471 5084 qua
1493 5017 1528 5068 de
1548 5032 1633 5068 causa
1652 5015 1784 5069 enutieis
1799 5013 1922 5081 ipsarum
1934 5013 2007 5081 ignis

1210 5086 1381 5153 aptissimus.
1417 5086 1455 5137 Et
1475 5087 1617 5138 ecortinis
1629 5089 1657 5138 in
1678 5085 1757 5137 labra
1775 5082 1954 5145 fundendum,
1975 5089 2007 5133 ut

1211 5154 1301 5208 fraces
1313 5159 1342 5209 et
1352 5168 1464 5207 amurca
1475 5156 1624 5222 liquantur.
1643 5155 1685 5207 Ob
1698 5155 1725 5206 id
1737 5153 1863 5206 crebrius
1872 5169 1940 5205 rasa
1949 5167 2007 5203 mu·

1210 5224 1305 5288 unda,
1317 5224 1427 5277 fiscinas
1437 5228 1556 5293 spongia
1568 5225 1723 5293 tergendas,
1742 5232 1773 5276 ut
1794 5238 1875 5293 quam
1885 5222 2006 5275 maxime

1211 5309 1281 5364 pura
1290 5293 1437 5347 sinceritas
1448 5302 1564 5346 constet.
1600 5295 1703 5347 Postea
1717 5295 1870 5356 inventum,
1891 5290 2006 5343 utlaea·

1210 5371 1308 5417 rentur
1317 5363 1414 5430 utique
1426 5363 1543 5417 feruenti
1554 5381 1636 5432 aqua:
1658 5365 1787 5432 protinus
1800 5364 1878 5431 prelo
1889 5358 2006 5413 subiice-

1210 5440 1307 5486 reutur
1326 5431 1445 5494 solidae,
1467 5435 1510 5485 its
1530 5436 1601 5487 enim
1619 5449 1730 5486 amurca
1743 5433 1921 5501 exprimitur:
1941 5442 2006 5481 nrnx

1210 5503 1329 5570 trapetis
1349 5499 1456 5554 fractae
1468 5512 1660 5569 premerentur
1680 5505 1793 5556 iterum.
1829 5498 1921 5557 Premi
1943 5498 2007 5563 plus

1211 5587 1291 5639 mam
1304 5577 1434 5625 erumnas
1447 5572 1563 5635 modius,
1583 5589 1637 5626 non
1648 5575 1774 5642 probant.
1810 5569 1911 5623 Factus
1922 5582 2004 5618 voca·
