4356 6014
317 224 397 355 Ι244
499 288 531 350 C.
561 281 710 348 Pthll
736 276 944 343 SECUNDl
973 271 1141 335 Neruis
1169 264 1361 333 ursiuli
1389 266 1471 328 ΗΒ.
1497 261 1597 327 xlx.
1625 260 1718 325 cli.
1741 264 1861 324 tl-oa.

334 424 1133 507 iahonorespudRomanossenspar,iodicioest'l'urqui-
1184 438 1228 487 sa,
1248 408 1692 492 quasnoluuthisobuoxlae'sse.
1726 412 1866 467 lalesiant
1876 412 1983 466 culices

335 514 400 566 nius
411 509 561 578 Superbus,
580 506 626 572 qui
646 500 745 567 legatis
756 498 844 551 a'iilio
855 497 948 548 missis
965 493 1133 549 decutiendo
1185 492 1282 546 hortos
1292 491 1388 558 riguos
1398 486 1557 556 praecipue,
1579 489 1601 535 sl
1613 484 1671 535 sint
1681 482 1848 537 arbusculae
1864 481 1983 551 aliquae.

337 596 475 651 peperero
485 579 513 629 ln
528 574 609 626 horto
625 570 772 630 altissima,
793 566 999 633 sanguinarium
1010 564 1080 617 iliud
1093 578 1134 616 re·
1184 563 1224 615 lli
1235 560 1355 629 galbano
1366 570 1481 610 accenso
1493 553 1634 622 fugantur.

339 665 469 720 sponsum
482 648 534 698 hac
544 641 610 695 lacti
621 640 737 705 ambage
748 635 881 688 reddidit
985 657 988 667 v
1220 631 1291 682 Num
1311 628 1386 695 quod
1404 624 1440 677 ad
1462 624 1696 692 permutationem
1717 619 1855 679 seminum
1874 620 1984 684 attinet,

374 720 447 773 Ην.
465 718 567 766 Romus
586 708 643 758 siio
664 708 798 758 comitatu
818 700 994 770 aequinoctio
1011 698 1136 750 autumni
1186 697 1352 766 quibusdam
1372 709 1406 748 ex
1426 695 1461 746 iis
1482 694 1600 746 tirmitas
1615 690 1705 742 maior
1714 696 1766 752 est,
1782 697 1814 741 ut
1825 690 1983 753 comandru,

307 791 469 842 iaeruutur
479 777 664 837 coriandrum,
679 774 820 836 anethum,
839 772 971 841 Q
987 761 1135 829 malssfla·
1185 770 1277 828 betae,
1295 778 1388 833 porro,
1409 763 1555 825 nasturtio,
1575 761 1674 831 sinapi,
1695 772 1804 822 erucae,
1821 759 1941 822 cunilae,
1958 769 1986 811 et

301 868 325 911 ψ
340 838 739 925 ραὶὴυωῖοαονεΐοὶίυιπψοᾱ
750 838 1009 911 paederotaGrseci
1020 842 1135 889 rocautt
1187 838 1246 889 lere
1257 834 1377 886 acribus.
1402 833 1556 885 intirmiora
1564 837 1657 882 sutem
1668 834 1732 879 sunt
1741 827 1871 902 qtripliqi,
1882 829 1986 890 ocimo,

342 933 373 976 et
380 914 544 975 acerrimum
554 929 663 981 sapore,
669 915 744 981 ignei
755 910 879 972 effectus,
886 907 1136 961 scssluberrimum
1187 903 1360 966 cucurbitae,
1371 903 1490 953 cucumi:
1503 907 1532 953 ct
1544 899 1649 952 aestiva
1660 897 1753 949 omnin
1762 897 1885 949 hibernis
1897 897 1987 965 magis

342 991 461 1057 corpori,
480 985 580 1054 sinapi,
601 982 807 1043 suliaculturs,
827 975 1138 1041 meliastumenplanta
1188 975 1305 1026 duranti
1326 972 1436 1023 minime
1452 976 1544 1022 autem
1559 968 1702 1036 gethyum.
1742 966 1840 1018 Sedes
1852 965 1988 1034 hinquae

341 1060 454 1112 tralata.
490 1057 562 1118 Quin
583 1068 599 1105 e
621 1051 793 1104 diversoria
813 1055 857 1100 est
876 1053 938 1099 sato
958 1044 1045 1097 semel
1061 1043 1137 1095 eoli-
1188 1048 1252 1095 sunt
1262 1039 1539 1102 fortissimu,nulium
1551 1039 1626 1089 ultra
1637 1034 1840 1103 quadrimatum
1852 1035 1988 1099 utileest,

341 1132 439 1182 berare
451 1126 554 1186 locum,
564 1121 693 1189 quoniam
705 1133 798 1173 semen
810 1117 910 1169 cadens
920 1112 1046 1181 protinus
1056 1112 1137 1164 viret.
1189 1112 1336 1164 dumtaxat
1346 1106 1471 1161 serendo.
1490 1107 1597 1159 culinis
1607 1111 1637 1156 et
1647 1105 1722 1156 ultra
1736 1104 1902 1172 tempestiva
1912 1109 1985 1156 sunt.

343 1199 414 1248 Usus
426 1196 485 1247 eius
498 1193 581 1246 etiarn
592 1204 643 1258 pro
655 1188 840 1257 pulmentario
852 1187 880 1236 in
891 1183 1004 1252 patellis
1013 1183 1139 1243 decocto,
1224 1179 1299 1231 ΗΧ.
1316 1177 1466 1231 Pecuiisris
1478 1175 1614 1228 medicina
1627 1173 1765 1240 raphano,
1785 1175 1876 1236 betae,
1897 1180 1987 1236 rutae,

343 1267 415 1318 citra
432 1262 609 1319 intellectum
628 1257 808 1311 acrimoniae.
844 1256 1005 1321 euqnnntur
1022 1250 1139 1312 etfolia,
1190 1249 1309 1311 cunilae,
1330 1248 1359 1298 in
1380 1247 1463 1298 salsis
1484 1246 1571 1312 aquis,
1612 1258 1665 1295 uae
1680 1250 1708 1294 et
1719 1241 1823 1309 alioqui
1835 1243 1983 1308 plurimum

343 1337 416 1387 sicut
430 1333 599 1399 reliquorum
613 1327 728 1380 olerum.
764 1326 835 1377 Sunt
854 1332 946 1376 autem
958 1322 1041 1372 trium
1055 1334 1138 1388 gene·
1191 1317 1324 1371 suavitati
1344 1322 1373 1367 et
1394 1315 1534 1368 fertilitati
1545 1259 1698 1366 conierunt.
1734 1312 1841 1364 Ceteris
1861 1311 1984 1363 dulcium

343 1420 419 1457 rum:
441 1397 662 1467 Unum'gracile,
681 1388 1066 1460 ulterumsimiierapiioliis,
1086 1396 1140 1441 ter·
1191 1400 1326 1456 uquarum
1345 1387 1425 1452 rigua
1439 1390 1564 1452 prosunt.
1601 1380 1774 1432 Utilissimae
1794 1395 1828 1433 ex
1849 1380 1896 1443 iis,
1916 1395 1987 1448 quae

345 1476 415 1525 tium
432 1484 541 1525 erucae.
577 1466 830 1532 Semen'optirnum
848 1460 1014 1529 Aegyptium
1059 1457 1140 1511 Athe·
1191 1455 1399 1525 frigidissimae,
1420 1461 1449 1506 et
1460 1468 1530 1521 quac
1542 1457 1609 1520 potu
1619 1449 1810 1502 suavissimae.
1829 1449 1921 1500 ltiinua
1931 1448 1986 1500 nti·

345 1497 1140 1666 “intueriricizituare-¹helaphius·
1191 1517 1988 1655 ur:caesareensiumurentes

299 1730 302 1737 ,
347 1688 417 1742 tent,
437 1622 557 1730 sicutpiyn
570 1622 814 1740 'l'hraciaryutique
826 1668 1000 1721 deierantes
1011 1666 1055 1718 his
1067 1665 1142 1716 arul-
1192 1663 1280 1717 alunt
1316 1662 1387 1714 Nam
1399 1668 1428 1713 et
1437 1660 1575 1712 bestiolae
1587 1659 1761 1711 innascentes
1771 1664 1914 1708 necantur.

347 1764 394 1798 sos
406 1751 677 1812 remeaturumque.
713 1744 782 1794 item
792 1736 1028 1807 Sicyoneexsnis
1040 1737 1140 1786 monti·
1228 1730 1288 1784 Lx.
1306 1731 1360 1783 liis
1378 1728 1465 1782 horae
1484 1728 1602 1797 rigandi,
1622 1727 1853 1792 matutinautque
1864 1738 1988 1792 vespera,

348 1820 409 1880 bus,
425 1823 452 1866 et
463 1812 577 1866 Athenis
587 1828 620 1865 ex
633 1815 780 1879 Hymetto.
807 1808 900 1861 Simili
909 1806 992 1859 modo
1004 1811 1032 1856 ct
1042 1804 1143 1870 sisym·
1192 1815 1228 1854 ne
1239 1798 1409 1852 infervescat
1419 1813 1491 1865 aqua
1500 1798 1575 1850 Sole.
1595 1797 1691 1859 Ocimo
1702 1800 1812 1847 tantum
1822 1800 1851 1846 et
1862 1793 1988 1846 meridia·

348 1887 437 1939 brinm
450 1885 549 1936 ierunt.
585 1882 783 1934 Laetissimum
806 1879 931 1930 nascitur
945 1876 975 1928 in
994 1879 1143 1942 puteorum

348 1955 509 2018 parictibus,
529 1957 558 2002 et
569 1954 643 2003 circa
653 1951 771 2018 piscinas
782 1964 814 2000 ac
825 1955 933 2014 stagna.

384 2023 457 2076 Lvl.
476 2019 594 2087 Reliqua
603 2028 668 2072 sunt
677 2019 808 2071 ferulacei
819 2016 938 2085 generis,
958 2009 1144 2063 ceuloenicu·

349 2090 559 2158 lum,anguibus
571 2087 755 2152 (uldiximus)
764 2085 963 2154 grausmmum
971 2078 1007 2131 sd
1017 2076 1144 2130 condico·

350 2161 388 2215 da
406 2160 534 2227 plurima,
557 2173 618 2210 cum
640 2155 755 2209 inaruit.
790 2156 880 2221 Eique
899 2164 1030 2220 perquam
1042 2145 1144 2198 similis

350 2229 470 2297 thapsia,
479 2226 700 2294 dequadisimus
708 2227 916 2276 interexteruos
924 2219 1046 2270 frutices.
1062 2215 1145 2268 Dein·

350 2298 386 2351 de
405 2297 556 2349 utilissima
576 2294 688 2346 {unibus
708 2293 838 2345 manabis
857 2290 961 2343 seritur
981 2285 1142 2338 aFaronio.

351 2368 415 2429 Quo
426 2366 537 2417 densior
548 2369 601 2424 est,
622 2377 657 2415 eo
674 2364 791 2415 tenuior.
827 2360 927 2413 Semen
944 2356 1004 2409 eius
1020 2367 1080 2407 cum
1102 2358 1146 2404 est

352 2442 502 2497 maturum,
521 2432 556 2483 ab
579 2429 753 2497 aequinoctio
774 2430 899 2482 autumni
913 2425 1099 2491 distringitur,
1117 2424 1146 2471 et

754 2500 760 2513 ⁸
812 2500 886 2550 tuni
907 2487 1146 2545 mcannahisrei·

352 2549 424 2600 litut
435 2555 498 2615 post
509 2547 685 2610 vindemiam,
697 2564 730 2601 ac
752 2564 804 2601 ocu
824 2512 980 2600 ratni’nruus
990 2557 1144 2598 necessus<

353 2626 384 2669 ta
395 2623 537 2698 purgatur.
573 2617 685 2681 Optima
694 2618 876 2679 Alabandica,
886 2617 1030 2684 plagarum
1041 2615 1145 2681 praeci·

354 2687 521 2754 pueussbus.
555 2686 862 2752 Trisaiusibigenere.
897 2685 1144 2751 lmprobstuscur·

353 2757 404 2807 tici
415 2754 579 2822 proximum,
589 2761 637 2805 aut
649 2753 798 2807 medullae:
809 2754 1004 2807 laudatissima
1014 2762 1056 2804 est
1068 2765 1147 2803 enre-

353 2825 410 2887 dio,
430 2838 500 2891 quae
520 2829 738 2889 mesarocatur:
760 2822 1029 2891 secundablylaseu.
1065 2817 1145 2880 Quod

352 2893 387 2946 ad
405 2892 602 2960 proceritatem
622 2891 733 2958 quidem
745 2896 855 2955 attinet,
875 2894 966 2944 iiosea
986 2890 1044 2958 agri
1055 2886 1147 2940 Sabini

352 2963 482 3015 arborum
494 2959 669 3013 altitudinem
681 2968 791 3027 aequat.
812 2962 932 3014 Ferulae
943 2960 997 3011 duo
1008 2971 1110 3026 genera
1120 2960 1147 3007 in

351 3031 505 3098 peregrinio
517 3029 665 3081 fruticibus
677 3030 804 3082 diximus.
833 3031 933 3083 Semen
948 3031 1006 3080 eius
1023 3030 1050 3077 in
1066 3024 1149 3077 italia

353 3099 430 3152 cibus
442 3107 493 3151 cst.
504 3097 642 3149 Conditor
651 3095 760 3164 quippe,
770 3101 905 3165 duratque
915 3100 943 3149 in
950 3096 1040 3147 urceis
1048 3095 1092 3147 vel
1101 3109 1148 3145 an-

352 3169 383 3220 ni
393 3167 494 3234 spatio.
504 3166 569 3218 Duc
578 3166 640 3219 alus
648 3182 764 3235 genera:
775 3168 868 3220 caules
878 3176 906 3219 et
916 3165 1025 3218 racemi.
1034 3166 1149 3230 Corym-

352 3237 427 3291 biam
448 3234 518 3289 hanc
539 3243 655 3299 vocant,
674 3237 875 3306 corymbosque
895 3250 962 3303 quos
972 3233 1115 3286 condiunt.

387 3306 472 3360 bvii.
481 3305 599 3359 Morbos
607 3305 751 3360 hortensia
762 3322 871 3374 quoque
880 3304 1013 3366 sentiunt,
1022 3303 1095 3354 sieut
1103 3314 1148 3354 re·

354 3376 431 3441 liqua
445 3382 537 3430 terrae
556 3380 627 3429 sata.
664 3375 788 3442 Namque
809 3384 837 3427 st
848 3378 966 3427 ocimum
977 3379 1091 3426 senecta
1102 3371 1148 3423 de·

354 3452 468 3512 generat
490 3447 518 3494 in
536 3443 700 3511 serpyllum,
718 3451 748 3497 el
767 3438 946 3514 sisymbrium
966 3444 994 3495 in
1014 3440 1147 3495 calamin-

1194 1886 1242 1922 na:
1261 1869 1346 1921 etiam
1363 1874 1454 1920 sutum
1467 1867 1611 1920 celerrime
1623 1878 1768 1931 erumpere
1788 1868 1895 1931 putant,
1915 1863 1989 1914 inter

1192 1938 1646 2003 initialersentiaqueaspersum.
1682 1934 1784 1988 Omnia
1799 1938 1989 1984 autemtrans·
2095 1930 2107 1955 ⁶

1193 2009 1255 2061 lata
1264 2007 1382 2059 meliors
1391 2006 1598 2074 grandioraque
1610 2005 1688 2064 hunt,
1708 2003 1827 2054 maxime
1838 2001 1923 2069 porri,
1942 2014 1990 2051 na·

1194 2079 1287 2146 pique.
1322 2076 1352 2126 ln
1363 2075 1543 2127 translatione
1554 2080 1583 2125 et
1593 2072 1730 2124 medicina
1741 2078 1792 2131 est,
1807 2072 1989 2135 desinuntque

1195 2146 1299 2199 sentire
1309 2146 1472 2208 iniurias,ut
1482 2137 1990 2210 gethyum,porrum,raphuni,spium,

1196 2216 1332 2276 lactucae,
1351 2228 1444 2279 rapae,
1468 2211 1598 2262 cucumis.
1635 2209 1734 2259 Omnia
1744 2220 1837 2259 nutem
1849 2206 1990 2259 silvestria

1196 2283 1257 2337 lere
1266 2290 1332 2336 sunt
1341 2289 1371 2332 et
1381 2280 1458 2331 loliis
1469 2280 1585 2341 minora,
1594 2285 1621 2330 et
1632 2278 1765 2340 caulibus,
1775 2292 1856 2328 succo
1868 2277 1990 2327 acriores

1196 2355 1268 2403 sicut
1278 2349 1379 2411 cunila,
1401 2348 1555 2415 origanum,
1566 2353 1637 2399 ruta.
1673 2346 1768 2399 Solum
1779 2359 1846 2397 reru
1856 2359 1890 2396 ea
1903 2345 1991 2396 omni·

1195 2420 1247 2471 bus
1258 2417 1401 2487 lapathum
1411 2417 1541 2470 silvestre
1551 2417 1670 2470 meliust
1679 2415 1732 2468 hoc
1742 2415 1770 2466 in
1780 2414 1878 2466 satiris
1891 2426 1989 2465 urmes

1197 2484 1323 2552 vocatur,
1333 2486 1511 2552 nmciturque
1523 2484 1715 2538 lenissimum:
1729 2482 1852 2536 traditur
1861 2489 1937 2533 ceris
1949 2493 1991 2531 se

1197 2558 1253 2611 mel
1264 2561 1354 2608 satum
1368 2552 1477 2615 durare,
1497 2567 1546 2605 nac
1557 2554 1630 2603 vinci
1641 2566 1760 2619 uuquam
1773 2558 1885 2611 uterra,
1902 2549 1991 2600 masi·

1198 2633 1243 2670 me
1254 2619 1336 2671 iuxta
1347 2633 1454 2686 uquam.
1492 2621 1562 2672 Usus
1572 2622 1632 2674 eius
1643 2636 1704 2672 sum
1724 2621 1835 2687 ptisana
1845 2625 1949 2670 tuntum
1961 2619 1990 2666 in

1198 2686 1270 2738 cibis
1281 2687 1414 2740 leviorem
1426 2693 1631 2756 gratioremque
1641 2704 1672 2740 su
1692 2705 1767 2741 orem
1779 2693 1911 2756 praestat.
1940 2685 1991 2736 Sil·

1197 2762 1291 2835 vestre
1301 2755 1337 2803 au
1348 2758 1436 2809 muita
1445 2759 1627 2811 medicamina
1636 2705 1704 2809 otiis
1713 2765 1764 2813 ost.
1783 2757 1912 2823 Adeoque
1920 2752 1991 2805 nihil

1199 2823 1294 2873 omisit
1306 2836 1383 2885 cura,
1391 2830 1422 2874 ut
1432 2828 1554 2874 carmine
1563 2841 1669 2889 quoque
1680 2826 1906 2893 comprehensum
1915 2836 1992 2888 repe·

1198 2890 1278 2953 riam,
1296 2893 1324 2942 in
1345 2891 1418 2942 fabis
1429 2892 1533 2957 caprini
1546 2891 1603 2940 limi
1613 2892 1727 2957 singulis
1738 2897 1851 2953 curatis,
1872 2893 1897 2942 si
1908 2890 1992 2960 porri,

1199 2973 1309 3021 erucae,
1321 2959 1454 3021 lactucae,
1465 2959 1532 3024 apii,
1542 2959 1640 3021 intubi,
1651 2961 1780 3010 nasturtii
1790 2964 1896 3011 semina
1904 2961 1994 3011 inclu-

1199 3042 1232 3080 sa
1251 3033 1387 3087 urantur,
1407 3028 1476 3078 mire
1485 3026 1639 3094 provenire.
1676 3028 1754 3089 Quae
1764 3036 1827 3079 suut
1837 3030 1993 3088 silvestria,

1199 3096 1296 3149 eadem
1307 3097 1336 3146 in
1347 3095 1444 3145 satiris
1454 3095 1571 3147 sicciora
1581 3096 1785 3162 intelliguntur,
1797 3102 1826 3146 st
1839 3099 1956 3147 maiora.

1233 3164 1305 3216 th
1323 3164 1448 3232 Namque
1467 3170 1495 3215 et
1510 3178 1655 3216 succorum
1669 3178 1855 3232 saporumque
1873 3164 1993 3216 dicenda

1199 3232 1364 3287 differentia
1373 3242 1429 3296 est,
1441 3233 1485 3285 nei
1497 3235 1586 3285 maior
1596 3236 1624 3285 in
1637 3233 1681 3284 his
1691 3247 1772 3299 quam
1784 3235 1887 3299 pomis.
1922 3233 1993 3285 Sunt

1199 3310 1294 3356 autem
1306 3318 1385 3355 acres
1394 3303 1510 3365 enudas,
1520 3303 1637 3370 origani,
1644 3300 1781 3365 nasturtii,
1789 3304 1901 3366 sinapis.
1913 3303 1991 3353 Ama

1199 3375 1233 3436 ri,
1244 3372 1384 3435 absinthii,
1393 3372 1542 3425 centaurei.
1560 3372 1711 3438 Aquatiles‚
1723 3372 1886 3434 cucumeris,
1897 3384 1993 3422 cucur·

1199 3443 1284 3502 bitae,
1293 3441 1428 3495 lactucae.
1449 3442 1539 3502 Acuti,
1548 3439 1649 3507 thyasi,
1659 3439 1777 3492 cunilae.
1795 3440 1873 3491 Acuti
1883 3446 1912 3491 et
1923 3436 1990 3488 odo·

353 3512 439 3591 tham.
468 3514 505 3590 lit
516 3526 551 3564 ex
561 3512 666 3566 semiue
676 3513 818 3567 brassicae
829 3517 931 3567 veteris
942 3528 1010 3580 rapa
1020 3513 1097 3573 liunt,
1109 3515 1149 3561 at·
1200 3512 1264 3573 rati,
1276 3511 1341 3575 apii,
1351 3509 1455 3571 anethi,
1466 3509 1607 3561 foeniculi.
1639 3506 1993 3573 Saisustantnmesapori·

354 3593 408 3658 que
421 3593 546 3631 rnrroenr.
581 3582 931 3635 Etnecaturcuminumub
943 3580 1090 3647 linrodoro,
1107 3580 1147 3629 ni·
1200 3582 1252 3632 bus
1271 3594 1326 3629 non
1345 3581 1477 3639 nascitur,
1497 3578 1646 3646 aliquando
1667 3587 1746 3629 extra
1765 3574 1993 3643 insiditpulseris

353 3662 378 3697 ss
389 3653 563 3710 repurgetur.
598 3646 650 3699 Est
661 3657 753 3701 autem
763 3652 900 3712 unicaule,
909 3646 1005 3703 radice
1015 3648 1102 3700 bulbo
1113 3645 1150 3698 sl·
1201 3648 1293 3709 modo,
1303 3654 1334 3699 ot
1344 3647 1488 3699 cicerculis
1500 3655 1614 3699 tanturn.
1719 3680 1723 3690 ·
1786 3682 1792 3693 s

355 3713 425 3794 mili,
446 3727 499 3791 non
511 3712 566 3792 nisi
583 3714 612 3765 in
628 3719 689 3768 solo
701 3719 798 3783 gracili
811 3735 934 3771 nascens.
969 3718 1045 3770 Alias
1062 3718 1151 3782 prisa-
1237 3715 1320 3767 lixit.
1339 3717 1477 3782 Atquent
1504 3718 1680 3785 intelligutur·
1701 3730 1780 3780 rura,
1804 3731 1854 3769 eeu
1875 3715 1993 3781 plerum·
2052 3750 2061 3763 ,

355 3792 405 3833 trm
426 3794 530 3831 cumini
549 3784 660 3834 morbus
677 3784 792 3836 scabies.
829 3782 1151 3837 EtocimoussubCanis
1200 3799 1264 3851 que,
1276 3785 1351 3836 ritae
1363 3786 1520 3849 persuasio:
1537 3801 1627 3851 panax
1639 3786 1742 3852 piperis
1755 3799 1880 3852 saporem
1892 3782 1994 3841 reddit,
2022 3836 2025 3843 ,

356 3857 419 3901 ortu
435 3849 575 3931 pallescit.
610 3851 712 3904 Ouinia
730 3867 796 3904 vero
817 3868 927 3905 accessu
939 3853 1063 3905 anniteris
1074 3865 1150 3902 men·
1201 3860 1231 3905 ct
1241 3853 1329 3919 tnagis
1340 3854 1425 3904 etism
1437 3853 1639 3919 siliquastrum,
1651 3855 1687 3905 ob
1697 3855 1725 3905 id
1739 3853 1894 3920 piperitidis
1904 3850 1992 3902 auaui·

356 3917 640 3972 struairslianescont.
677 3920 1151 3989 liestioiaruarquoquegeneraia·
1201 3937 1236 3973 ne
1252 3928 1376 3987 accepto.
1412 3920 1560 3985 libanotis
1581 3925 1694 3975 odorem
1714 3922 1818 3983 thuris,
1838 3920 1992 3988 smyrnium

355 3994 515 4041 nascuntur.
541 3988 629 4054 Napis
639 3990 750 4050 culices,
761 3990 882 4058 raphano
893 4007 1003 4053 erucae,
1013 3997 1042 4040 et
1053 3988 1151 4040 venai·
1201 3988 1339 4056 myrrhae.
1369 3990 1411 4043 De
1422 4005 1526 4058 panace
1535 3992 1644 4044 abunde
1655 3992 1757 4044 dictum
1770 3999 1821 4043 est.
1849 3990 1992 4041 Libanotis

355 4059 502 4111 culi2iteus
511 4056 629 4111 lactucis
639 4066 669 4112 et
679 4058 762 4111 oleri:
782 4062 906 4126 utrisque
918 4057 1153 4123 hocarrrpliuali·
1201 4058 1272 4110 locis
1292 4060 1419 4124 putribus
1439 4068 1467 4114 et
1481 4062 1583 4112 aramis
1592 4077 1626 4114 uc
1636 4061 1757 4114 roscidis
1768 4061 1871 4113 seritur
1879 4058 1992 4111 semine.
2066 4104 2073 4113 .

354 4144 447 4199 mapsa
459 4126 636 4183 etcochleas.
673 4129 762 4183 Porro
781 4144 847 4183 sero
868 4129 995 4196 privatim
1010 4127 1151 4187 animalia,
1201 4126 1334 4180 Radicenr
1347 4126 1570 4193 habetulusutri,
1591 4131 1659 4182 nihil
1682 4128 1991 4183 athuredilierentem·

356 4214 426 4265 quoe
437 4197 569 4259 facillime
578 4206 704 4252 stercore
714 4199 816 4251 iniecto
828 4200 982 4266 capiuntur,
1001 4195 1151 4249 condeatia
1202 4196 1273 4249 Usus
1283 4197 1345 4249 eius
1355 4204 1527 4265 postanunm
1539 4199 1683 4253 stomacho
1693 4199 1900 4253 saiubsrrimus.
1927 4193 1996 4259 Qui·

355 4266 475 4321 inidse.
504 4268 643 4334 Fon-oque
654 4283 708 4320 oon
719 4269 851 4335 expedire
862 4268 938 4335 tangi
952 4274 1053 4330 rutam,
1073 4267 1150 4317 cuni·
1202 4265 1346 4318 dameam
1366 4269 1476 4322 aomina
1494 4269 1552 4321 alio
1569 4273 1750 4321 rosmarinum
1772 4267 1921 4335 appellant.
1955 4262 1994 4313 tir
2026 4320 2032 4329 ,

356 4335 422 4394 iam,
433 4343 562 4399 mentam,
571 4340 699 4398 ocimum,
711 4345 861 4391 auctorest
871 4338 990 4397 Sabinus
1001 4338 1069 4405 Tiro
1080 4338 1109 4387 iu
1120 4334 1153 4386 li·
1202 4337 1355 4405 smyrnium
1366 4336 1540 4390 olusseritur
1548 4339 1647 4391 iisdem
1660 4339 1739 4399 locis,
1748 4337 1944 4405 myrrhamque
1952 4344 1996 4382 ra·
2016 4348 2032 4381 o
2052 4316 2138 4377 .„.‚-*

356 4402 408 4454 bro
419 4405 582 4469 Cepurichn,
593 4422 674 4473 quem
683 4406 842 4462 Maecenati
853 4406 962 4460 silescit.
1203 4398 1264 4456 dice
1274 4405 1381 4471 resipit.
1411 4407 1515 4460 Eadem
1527 4415 1557 4461 et
1566 4409 1726 4475 siliquastro
1739 4409 1822 4459 satio¹
1851 4405 1912 4458 Reii
1932 4414 1995 4452 uua

390 4469 583 4554 livill-idem
604 4483 702 4528 contra
713 4477 850 4539 formicas,
869 4491 924 4527 non
935 4474 1078 4526 minimum
1089 4471 1154 4524 hor·
1203 4477 1303 4526 ceteris
1321 4481 1351 4526 et
1372 4476 1457 4530 odore
1480 4484 1510 4531 et
1530 4492 1629 4544 sapore
1650 4477 1789 4537 differunt,
1809 4481 1840 4527 ut
1858 4480 1922 4526 east
1940 4483 1996 4521 um.

356 4544 449 4619 torum
460 4547 584 4602 esurum,
593 4543 617 4592 si
628 4559 682 4596 non
693 4549 750 4597 sint
761 4547 844 4614 rigui,
854 4544 1007 4598 remedium
1018 4548 1153 4593 monstra·
1203 4542 1349 4609 Tantaque
1356 4552 1400 4597 est
1408 4545 1555 4598 diversitas
1565 4552 1647 4612 atque
1657 4547 1708 4608 ris,
1717 4551 1747 4597 ut
1756 4559 1810 4595 non
1820 4544 1910 4594 solum
1920 4537 1998 4592 aliud

356 4606 511 4688 vrtirmum
522 4611 669 4672 murinum,
680 4622 729 4664 aut
741 4613 870 4677 cinerem,
881 4612 1045 4667 obturandis
1055 4624 1151 4663 aarum
1204 4609 1260 4663 alio
1282 4619 1414 4675 mutetur,
1433 4612 1885 4667 sedetlumintotumauieratur.
1921 4608 1997 4672 Apio

283 4704 290 4713 ·
360 4674 549 4725 loramrnrbus.
573 4677 638 4757 ,Sed
669 4681 856 4735 cilicacissime
877 4681 1045 4753 heliotropio
1068 4678 1153 4730 berha
1203 4679 1424 4748 eximuntcoqui
1442 4683 1564 4734 obsoniis
1583 4688 1706 4733 acetum:
1728 4678 1825 4731 ecdem
1846 4672 1957 4726 cellarii
1967 4675 1999 4727 in

358 4751 500 4824 siccantur.
528 4745 646 4806 auidam
659 4754 688 4799 ei
698 4764 797 4816 aquam
810 4752 899 4804 diluto
910 4753 998 4803 latere
1006 4747 1091 4803 crudo
1103 4746 1152 4798 ini·
1202 4751 1290 4800 saccis
1302 4748 1416 4800 odoram
1428 4750 1493 4799 sinc
1503 4763 1624 4815 gravem

358 4819 631 4895 arrcomorsputant.
664 4817 806 4884 Naporum
817 4820 1017 4881 medicinaest,
1038 4817 1153 4883 siliquas
1237 4819 1275 4868 Et
1294 4815 1426 4869 humerius
1444 4816 1585 4867 hortensia
1595 4814 1670 4866 dicta
1687 4814 1751 4875 sirrt,
1768 4813 1893 4864 ciborum
1903 4812 1999 4880 gratia

358 4895 415 4931 una
428 4895 500 4960 serr:
516 4889 596 4963 ,sicut
615 4883 724 4938 olerum
744 4891 830 4943 ciceri
850 4896 928 4943 arcet
948 4889 1022 4941 enim
1043 4900 1152 4938 erucas.
1203 4885 1358 4937 dumtaxat.
1393 4884 1546 4937 Maximum
1559 4883 1667 4950 quidem
1682 4896 1751 4948 opus
1765 4882 1794 4933 in
1805 4880 1906 4934 iisdem
1915 4886 1998 4933 natu·

357 4946 570 5071 &consummo
583 4953 638 5003 iam
659 4960 743 5009 natae
762 4959 826 5020 siut,
846 4957 996 5010 remedium
1008 4953 1151 5011 estabsin·
1202 4967 1251 5005 rae
1270 4957 1364 5012 restat,
1384 4954 1515 5018 quoniam
1537 4958 1688 5019 proventus
1699 4958 1804 5003 tantum
1817 4948 1916 5011 adhuc,
1925 4962 1999 5001 auat·

357 5024 411 5069 tu
422 5030 521 5075 succus
531 5018 637 5072 decocti
647 5021 802 5088 inspersum
821 5033 850 5078 et
859 5027 930 5092 sudi,
951 5039 1033 5094 quam
1044 5024 1153 5076 amount
1202 5032 1318 5087 masque
1335 5020 1467 5085 quasdam
1484 5020 1673 5073 mutavimus.
1708 5019 1891 5072 Veraautem
1908 5018 1999 5070 cuius·

359 5092 475 5169 roconis
495 5102 582 5154 genus
593 5087 646 5139 hoc
658 5088 760 5144 herbae
771 5093 901 5147 dizimrrs.
936 5090 1153 5148 Semenolernm
1204 5104 1259 5157 que
1269 5096 1368 5140 natura
1380 5105 1435 5141 non
1447 5090 1502 5142 nisi
1513 5091 1619 5143 medico
1640 5089 1739 5141 effectu
1755 5090 1881 5155 pernosci
1894 5092 1998 5155 potest,

358 5171 478 5239 usucco
489 5158 551 5238 eiu-s
562 5155 747 5211 madefactum
756 5161 1039 5223 seratur,oierunulii
1051 5163 1155 5213 anima·
1205 5174 1274 5226 opus
1284 5158 1381 5225 ingens
1391 5159 1587 5226 occultu-que
1602 5158 1765 5219 divinitatis,
1786 5164 1815 5211 st
1825 5156 1996 5224 qnonuiiura

358 5225 665 5279 lrusnobnoxrututura
674 5227 796 5281 uadunt.
815 5232 1155 5285 intoturnveroneceru·
1203 5227 1320 5295 reperiri
1336 5228 1427 5294 possit
1443 5230 1545 5281 maius.
1578 5227 1620 5281 Ne
1635 5229 1753 5294 singulis
1770 5226 1994 5280 idrebusuoste-

358 5300 407 5353 cis,
422 5296 446 5348 si
454 5296 518 5364 puio
528 5295 706 5361 imponantur
715 5296 744 5351 in
754 5295 842 5350 hortis
852 5315 917 5351 ossa
925 5301 1026 5365 eapitis
1034 5314 1070 5353 ea
1078 5297 1156 5365 equi·
1204 5311 1340 5358 aeremia,
1353 5299 1427 5348 iusta
1437 5296 1505 5350 iacit
1515 5298 1600 5358 ratio,
1616 5310 1678 5349 coar
1689 5298 1724 5349 sd
1734 5297 1806 5350 alius
1815 5292 1941 5349 medendi
1951 5291 1999 5345 de·

358 5363 659 5491 gammam&
671 5363 998 5491 iburtiibssborbgvoesus
1018 5370 1155 5449 erucaset
1204 5365 1309 5487 {³³th
1326 5366 1509 5488 pientiusrent:
1534 5367 1640 5489 longi&
1655 5369 1797 5489 utriusique
1815 5360 1997 5479 dilatioaibtza

356 5500 423 5555 iisri
439 5512 561 5559 narrant·
596 5502 667 5563 Sunt
683 5503 732 5572 qui
751 5451 1155 5572 Μώείιιτίῗὲῗτυὲιᾞ
1204 5450 1446 5569 Βιιιιιυῗοπηδυυθ.
1461 5436 1971 5575 mfflmuaeoinbtffliimm
