4368 6008
260 336 297 401 0.
336 338 479 403 PLINii
515 329 727 395 saturni
761 327 924 394 struit
957 326 1142 392 Hieros„
1178 331 1262 391 ΜΒ.
1285 329 1419 390 XXVI.
1454 331 1555 391 ChP.
1584 329 1704 391 Sti-illl.
1766 330 1829 393 sii

14 450 17 585 r
181 493 232 555 als,
250 488 296 542 rel
306 487 404 543 carbo:
422 484 526 555 iungas
534 497 602 537 nere
614 482 698 536 etiam
709 480 859 547 emmens,
878 482 927 552 qul
937 495 979 534 se·
1033 483 1141 536 ossibus
1152 481 1292 535 extrahat.
1326 481 1476 534 Praestent
1484 479 1537 532 hoc
1547 488 1576 533 et
1587 478 1769 547 anagallides,
1783 497 1829 535 eo·

182 557 296 615 erundum
311 557 433 610 radicem
444 555 503 608 eius
515 554 649 606 nudior.
1032 553 1183 619 bibentque
1206 567 1274 619 quas
1294 560 1395 604 vocant
1416 565 1531 614 nomas,
1554 558 1582 602 ct
1605 550 1829 603 rhenmstimme.

216 627 362 682 Lxxxlv.
372 628 398 679 2
420 625 473 678 l'er
491 638 573 675 nares
585 628 681 674 autem
694 620 803 685 ilucnti,
824 628 853 675 et
870 620 979 674 cicutae
1033 620 1121 674 Utiles
1131 628 1160 673 et
1171 621 1328 673 recentibus
1339 622 1437 689 plagis,
1447 622 1495 672 sed
1507 619 1654 685 praecipue
1664 634 1760 673 senum
1771 637 1832 672 cnr·

181 712 273 752 mareu
283 697 381 747 tritum
394 709 428 746 ex
439 707 511 760 aqua
520 691 713 758 inditumque,
736 691 833 743 eilicax
844 692 977 743 babetur:
1029 692 1100 759 pori.
1136 691 1204 741 Cum
1216 699 1310 741 ceroto
1321 690 1496 756 apostemata
1507 696 1536 741 et
1547 689 1662 741 bulcera
1672 697 1753 751 tetra,
1764 688 1833 741 lolia

145 762 165 803 4
180 766 245 819 item
265 763 483 832 stephanomelis,
498 777 532 815 ex
549 775 631 827 aqua.
667 759 835 812 Vettonicae
850 759 979 815 tarinae
1031 759 1234 827 mandragorae
1244 759 1475 812 recentiasradix
1484 760 1601 810 vulnera
1612 772 1674 809 cum
1686 758 1769 811 melle
1781 766 1832 810 aut

181 837 254 889 lacte
265 822 378 902 caprino
389 841 465 903 pota,
476 831 552 883 sistit
564 845 599 883 ex
609 828 695 882 ubere
705 828 851 881 liuentem:
873 828 979 896 plasta·
1031 832 1110 884 oleo:
1130 830 1220 881 cicuta
1231 843 1293 879 cum
1309 829 1420 895 siligine
1439 829 1529 879 mixta
1543 842 1634 880 mero:
1652 828 1760 880 aizoum
1771 826 1833 880 her·

182 918 270 974 goque
288 912 415 956 contusa.
451 901 582 952 Eiusdem
604 914 703 950 succus
722 898 899 950 tumentibus
918 912 980 949 sau·
1032 909 1112 970 petas
1124 915 1233 969 qnoque
1246 904 1274 950 et
1284 912 1388 960 nemas,
1407 897 1832 964 acputrescentls,sieuterige·

182 974 398 1042 guinemdntur.
433 970 474 1023 nl
489 969 638 1023 erraticum
656 976 749 1020 autem
764 967 845 1020 radix
855 968 978 1034 percola-
1033 987 1084 1023 ron
1105 973 1274 1023 verminosa:
1297 968 1422 1019 recentia
1444 974 1535 1018 autem
1556 966 1673 1019 vulnera
1693 966 1832 1034 astragali

180 1048 227 1096 tae
238 1058 299 1094 cum
310 1040 430 1110 axungia
439 1048 535 1093 vetere
546 1038 620 1090 illita
631 1040 773 1104 probatur.
1033 1040 1126 1092 radix:
1155 1047 1184 1093 et
1193 1045 1289 1090 vetera
1299 1050 1408 1102 quoque
1420 1036 1531 1089 hulcera
1542 1047 1643 1105 purgat
1655 1034 1832 1102 hypocisthis

214 1111 354 1166 LXXXV.
373 1110 482 1176 Raptis,
500 1108 701 1175 convolsisque,
724 1122 759 1160 ex
780 1106 838 1159 alto
856 1105 981 1168 deiectis,
1032 1116 1159 1175 utraque.
1187 1104 1373 1173 Leontopodii
1385 1121 1478 1157 sennen
1491 1107 1584 1157 tritum
1598 1108 1625 1156 in
1637 1106 1718 1172 aqua,
1730 1104 1832 1158 eicurn

135 1232 143 1245 ,
181 1181 354 1237 aentaurium
366 1182 463 1239 maius,
482 1177 640 1233 Gentianae
657 1177 737 1228 radix
755 1178 824 1229 trita
841 1176 886 1229 vei
901 1174 981 1228 deco·
1034 1180 1150 1248 polenta
1163 1171 1275 1238 illitum,
1296 1174 1404 1241 spicula
1420 1176 1584 1242 sagittarum
1602 1173 1743 1227 extrahit:
1764 1176 1833 1228 item

182 1256 238 1313 cta,
252 1249 295 1302 rel
305 1264 403 1305 succus
415 1247 592 1308 Vettonicae,
614 1255 644 1298 et
659 1244 712 1297 hoc
731 1246 852 1313 amplius
871 1261 889 1296 a
904 1247 981 1296 vocis
1033 1248 1199 1319 pycnocomi
1208 1260 1310 1297 semen.
1330 1244 1507 1312 'l'ithymalus
1518 1244 1660 1296 characias
1672 1261 1755 1299 succo
1767 1260 1834 1315 gan·

181 1328 231 1373 aut
247 1318 344 1372 lateris
355 1317 595 1370 contentionibus:
615 1330 744 1382 panaces,
765 1314 903 1375 scordion,
924 1314 980 1365 ari·
1033 1332 1161 1387 graenas,
1173 1315 1376 1383 phagedaenas,
1398 1317 1498 1380 putria,
1509 1314 1553 1365 rel
1564 1315 1679 1366 decocto
1691 1328 1832 1367 ramorum

184 1388 333 1449 stolochia,
351 1394 434 1454 pota:
453 1401 468 1436 a
489 1386 595 1456 ericum
607 1387 675 1436 item
693 1387 818 1437 contusis
833 1392 861 1436 et
877 1383 981 1436 eversis
1033 1404 1094 1440 cunr
1107 1387 1220 1454 polenta
1230 1393 1258 1437 et
1269 1384 1347 1436 olen:
1367 1384 1459 1435 orchis
1469 1383 1577 1436 radices
1588 1383 1641 1434 hoc
1651 1385 1782 1450 amplius,
1805 1390 1834 1435 et

202 1466 280 1510 otum
293 1457 400 1510 duobus
412 1457 465 1508 ubo
479 1450 541 1505 rain
552 1452 635 1507 mulsi
654 1453 764 1523 cyathis
775 1456 878 1508 tribus:
899 1453 982 1504 ruisi
1035 1455 1166 1509 cacoethe
1188 1470 1222 1507 ex
1240 1462 1321 1507 aceto
1337 1468 1398 1504 eum
1417 1453 1509 1515 melle,
1531 1454 1621 1504 siccae
1638 1460 1832 1507 etrecentes:

195 1528 270 1579 ebria
282 1530 328 1589 sit,
348 1526 376 1577 in
388 1541 460 1593 aqua
478 1524 579 1576 mulsa:
598 1525 773 1587 verbascum,
793 1524 871 1576 cuius
883 1520 934 1574 hos
946 1523 983 1572 si·
1035 1542 1085 1592 per
1094 1542 1123 1578 se
1135 1524 1271 1593 onothera
1284 1522 1431 1575 efferantia
1444 1538 1507 1575 sese
1518 1522 1632 1583 hulcera
1643 1529 1731 1573 sanat.
1767 1524 1834 1590 Scy·
1854 1522 1861 1553 ⁸

180 1597 257 1648 milis
267 1610 335 1648 auro
347 1601 402 1647 est:
424 1596 499 1646 acori
509 1593 598 1655 radix,
609 1594 718 1645 aizoum
730 1609 820 1658 omne,
836 1593 885 1645 sed
897 1592 983 1643 maio·
1035 1594 1100 1647 thae
1113 1594 1229 1646 vulnera
1239 1591 1364 1660 scythice
1376 1598 1482 1643 curant.
1519 1593 1559 1645 nd
1571 1592 1772 1652 carcinomata,
1789 1606 1845 1661 ar,

179 1665 222 1718 ris
239 1681 336 1717 succus
350 1663 555 1717 efficacissime:
574 1664 641 1715 itam
657 1661 802 1731 symphyti
818 1662 919 1715 radicis
937 1661 983 1712 de·
1035 1668 1204 1745 gemoniaex
1215 1661 1497 1714 nntteefficaeissinn
1507 1668 1559 1714 eet.
1581 1660 1747 1713 Vulneribus
1758 1674 1836 1727 prae·

56 1726 152 1797 1,(μέ
181 1739 306 1787 coctum:
326 1732 577 1797 daucumcrudunn.
622 1731 983 1801 Erysithalesestllorclu·
1035 1734 1141 1785 satiatis
1160 1732 1303 1803 asphodeli
1324 1731 1406 1781 radix
1426 1731 1551 1793 decocta,
1570 1737 1602 1781 ut
1617 1729 1745 1792 diximus,
1767 1730 1837 1781 trita

181 1808 239 1865 teo,
258 1801 335 1854 foliis
358 1801 485 1854 acanthi:
505 1803 610 1855 bibitur
631 1820 647 1856 e
669 1804 748 1854 vino:
771 1803 837 1854 item
858 1800 989 1867 chantae·'
1035 1819 1096 1854 curn
1109 1804 1222 1871 polenta
1233 1810 1262 1855 et
1282 1802 1369 1852 illita:
1386 1800 1593 1867 quibuscunque
1609 1813 1676 1851 vero
1692 1799 1834 1865 Apollina-

181 1886 262 1943 rops:
282 1877 311 1924 et
330 1872 360 1923 in
379 1870 534 1923 sorbitione
549 1871 612 1939 uio,
633 1871 680 1924 vel
699 1871 833 1940 plantago
855 1870 983 1921 omnibus
1037 1874 1084 1924 ris,
1129 1872 1268 1937 hstragali
1281 1870 1360 1922 radix
1372 1870 1400 1919 in
1412 1870 1552 1935 pulverem
1565 1869 1632 1920 trita
1645 1866 1767 1919 humidis
1777 1867 1837 1919 hui·

182 1942 285 1994 modis.
1037 1942 1146 1995 ceribus
1167 1941 1296 2007 prodest:
1316 1940 1383 1990 item
1404 1937 1545 1990 callithrix
1568 1939 1685 1990 decocta
1707 1940 1735 1988 in
1755 1950 1836 2005 aqua.

217 2009 371 2063 Lxxxvt.
389 2010 456 2062 ltem
476 2009 645 2077 phthiriasi,
666 2013 732 2078 (qua
757 2009 836 2063 Sulla
856 2008 984 2060 Dictator
1038 2013 1169 2064 Privatim
1181 2025 1248 2061 reru
1262 2010 1297 2060 iis
1313 2022 1384 2075 quae
1401 2007 1590 2060 calceamento
1605 2006 1680 2058 iacta
1691 2008 1756 2070 sint,
1778 2020 1839 2058 rer·

183 2086 343 2132 consumtus
355 2086 406 2143 est,
426 2086 630 2147 nascunturque
640 2080 668 2131 in
680 2081 815 2146 sangnine
826 2080 886 2145 ipso
898 2077 985 2129 homi·
1037 2083 1154 2133 benaca:
1175 2094 1225 2130 nec
1243 2093 1298 2129 non
1320 2085 1349 2130 et
1360 2075 1539 2142 Lysimachia
1560 2079 1690 2137 contrita,
1706 2091 1740 2127 ac
1759 2090 1838 2143 nym-

180 2148 224 2200 nis
235 2149 369 2200 animalia
379 2163 498 2200 exesura
509 2152 630 2216 corpus)
651 2150 794 2202 resistitur
815 2163 886 2200 urae
905 2147 986 2200 tami·
1036 2148 1216 2221 phaennrida
1231 2146 1354 2201 infriata.
1390 2145 1541 2215 Polythrix
1556 2145 1723 2201 inveteratis
1737 2145 1839 2200 iisdem

182 2216 247 2270 alae
258 2232 351 2279 succo,
361 2224 409 2269 aut
420 2219 534 2281 veratri,
556 2234 617 2270 curn
630 2219 693 2271 olen
706 2219 849 2285 perunctis
861 2216 985 2283 corpori·
1037 2224 1140 2274 utilior.

182 2287 243 2341 bus.
279 2287 413 2352 'laminir
430 2286 541 2352 quidem
552 2291 579 2337 in
600 2297 681 2337 aceto
693 2287 817 2348 decocta,
837 2283 922 2337 etiam
942 2297 985 2335 ve·
1071 2286 1250 2341 lxxxxviii.
1281 2286 1471 2355 Polycnemon
1482 2286 1592 2340 cunilae
1604 2286 1726 2340 bubulae
1737 2287 1839 2341 similis
1855 2286 1881 2335 ὁ

182 2363 241 2409 stes
253 2350 397 2408 eo'taenio
413 2356 523 2406 liberat.
1035 2367 1088 2421 eet,
1098 2358 1204 2409 semine
1216 2356 1332 2423 pulegii,
1344 2356 1499 2418 surculosa,
1519 2356 1615 2409 multis
1626 2357 1773 2425 geniculis,
1795 2372 1840 2410 co·

217 2423 526 2477 auxiliationem
542 2423 692 2473 multorum
714 2431 779 2475 sunt
788 2437 931 2491 generum,
953 2436 986 2473 ac
1037 2427 1135 2496 rymbo
1157 2426 1287 2486 odorato,
1310 2426 1368 2476 acri
1387 2432 1416 2476 et
1438 2425 1513 2475 dulci
1535 2427 1636 2479 odore:
1654 2427 1731 2478 ferro
1754 2425 1840 2478 iactis

183 2494 281 2547 multis
298 2493 388 2544 modis
404 2498 544 2544 curentur.
582 2491 698 2544 Panaeis
715 2493 836 2543 omnium
854 2504 985 2559 generum
1036 2494 1196 2546 vulneribus
1216 2494 1446 2543 commanducata
1468 2494 1641 2557 imponitur,
1673 2495 1771 2557 quinto
1792 2493 1839 2547 dle

183 2564 266 2617 radix
288 2575 323 2612 ex
341 2561 405 2610 vino
423 2560 513 2610 calido
534 2559 656 2611 illinitur
671 2561 857 2611 nranantibus.
894 2559 986 2612 Siccat
1035 2564 1165 2616 eolritur.
1199 2557 1376 2628 Symphyvton
1395 2559 1430 2610 ad
1443 2560 1599 2611 cicatricem
1619 2560 1763 2611 celerrime
1778 2576 1840 2627 per·

182 2629 336 2699 priv-atim,
360 2642 441 2694 quam
466 2626 622 2678 Chironiam
645 2626 774 2681 (1111111111.
811 2630 878 2679 Cum
902 2628 985 2679 melle
1037 2634 1128 2685 ducit:
1158 2630 1226 2680 item
1247 2624 1380 2679 sideritis.
1419 2629 1496 2679 llaec
1515 2628 1668 2694 imponitur
1689 2642 1723 2679 ex
1745 2630 1839 2683 melle.

183 2700 255 2752 trita
277 2697 376 2749 tubera
398 2697 501 2763 aperit:
521 2696 752 2764 hulceribusque,
772 2713 842 2766 quae
861 2702 985 2764 serpunt,
1038 2698 1287 2754 Verbnscisemine
1303 2712 1336 2748 ac
1356 2696 1432 2747 t'oliis
1449 2711 1486 2747 ex
1502 2698 1567 2747 vino
1586 2697 1709 2749 decoctis
1720 2712 1753 2749 ac
1764 2700 1839 2750 tritis

183 2766 517 2836 deploratisauxilioest,
534 2767 985 2833 cumaeristlorevinotempera·
1035 2762 1558 2836 omniacorporlinflxaextrahuntnr:
1589 2765 1657 2818 item
1675 2766 1839 2835 mandrago-

12 2892 13 2895 ,
183 2834 535 2902 2⁰2⁰¹¹¹¹¹ib⁰³ffl⁰dibid
547 2834 625 2899 flfflb
646 2835 984 2898 lelwminesvelffldlce·
1037 2856 1085 2893 rae
1106 2838 1180 2890 toliis
1203 2852 1264 2888 cum
1288 2834 1414 2901 polenta:
1444 2835 1756 2903 cyclamini-radicibus
1776 2852 1838 2889 eum

11 2912 12 2961 l
183 2905 291 2959 Eadem
315 2919 377 2957 cum
402 2905 517 2972 polenta
538 2907 654 2957 vetustis
679 2906 840 2959 vulneribus
861 2905 985 2972 prodest.
1037 2909 1128 2962 nielle.
1169 2905 1329 2972 Trixaginis
1340 2904 1408 2956 lolia
1419 2905 1446 2954 in
1460 2903 1523 2956 oleo
1535 2908 1659 2957 contrita
1671 2905 1705 2957 ils
1716 2907 1839 2960 maxime

11 2964 12 3009 l
184 2975 340 3039 Heraclion
360 2990 469 3044 quoque
490 2974 624 3043 siderion,
645 2976 825 3042 Apollinaris,
844 2975 985 3043 psyllium,
1037 2977 1203 3031 adhibentur
1214 2973 1378 3035 hulceribus,
1390 2988 1460 3042 quae
1470 2982 1599 3041 serpunt:
1619 2982 1647 3028 et
1657 2975 1722 3041 alga
1732 2974 1761 3025 in
1772 2976 1839 3029 mel·

11 3048 12 3093 l
150 3040 379 3112 ltregecantha,
400 3045 540 3113 scordotis
560 3059 622 3096 cum
634 3044 716 3097 melle
737 3051 847 3113 purgat.
856 3044 869 3051 ”
882 3044 986 3095 Farina
1037 3048 1150 3101 letrita
1187 3045 1335 3097 Vettonica
1345 3042 1380 3095 ad
1391 3043 1589 3107 carcinomata,
1609 3049 1638 3097 ct
1648 3044 1783 3099 melaniae
1794 3059 1839 3099 ve·

186 3110 248 3169 cius
264 3128 361 3166 carnes
380 3118 571 3166 excrescentes
588 3127 638 3178 per
655 3129 685 3165 se
696 3116 824 3181 insparsa
838 3114 984 3166 consumit.
1037 3126 1121 3176 tenes,
1141 3114 1235 3167 addito
1246 3114 1313 3165 sale.

185 3183 351 3251 Polemonia
361 3180 483 3245 hulcera,
510 3196 581 3251 quae
598 3181 731 3236 cacoethe
747 3190 856 3245 vocant,
889 3190 985 3237 sanat:
1073 3185 1224 3238 lxxxxix.
1242 3178 1382 3235 verrucas
1406 3182 1483 3233 tollit
1505 3185 1670 3250 argemonia
1691 3198 1727 3237 ex
1749 3192 1840 3250 aceto,

185 3246 366 3308 centaureum
378 3253 467 3303 maius
478 3256 632 3319 inspersum
644 3252 688 3303 rel
698 3252 813 3316 illitum,
823 3253 890 3304 item
900 3253 986 3303 mino·
1037 3257 1082 3309 vel
1092 3252 1229 3307 batrachii
1245 3253 1336 3315 radix,
1357 3266 1428 3320 quae
1447 3259 1476 3302 et
1486 3252 1594 3320 ungues
1611 3251 1726 3306 scabros
1737 3256 1839 3309 aufert.

183 3322 226 3375 ris
240 3335 322 3374 coma
339 3320 456 3372 decocta
476 3322 519 3373 rel
539 3322 613 3381 trita,
634 3327 731 3373 vetera
747 3337 856 3391 quoque
871 3321 987 3374 hulcera
1039 3323 1228 3378 linozostidis
1240 3323 1383 3388 utriusque
1393 3319 1471 3382 iolla,
1490 3322 1534 3372 vel
1544 3338 1642 3374 succus
1654 3324 1753 3377 illitus.
1789 3325 1838 3375 Ti·

183 3398 290 3461 purgat
308 3396 337 3442 et
356 3396 494 3456 persanat.
535 3389 664 3441 Folliculi
686 3392 805 3459 clymeni
828 3392 986 3444 recentibus
1038 3390 1155 3461 thymali
1186 3405 1281 3443 omnes
1306 3405 1410 3457 genera
1439 3403 1616 3444 verrucarum
1644 3394 1749 3447 emnia:
1770 3395 1839 3447 ltem

183 3462 277 3528 plagis
296 3460 485 3525 imponuntur.
520 3459 644 3513 lllinitur
659 3469 752 3514 sutem
769 3461 909 3514 Gentiana
927 3460 986 3512 hui·
1037 3464 1130 3516 omnia
1148 3462 1285 3528 pterygia,
1304 3472 1441 3524 varosque
1458 3458 1571 3512 tollunt.
1608 3461 1762 3516 Cicatrices
1778 3479 1841 3515 cum

184 3528 306 3589 ceribus,
328 3541 400 3593 quae
420 3535 541 3595 serpunt,
562 3528 656 3583 radice
677 3537 740 3584 tusa
756 3531 802 3583 rei
824 3530 939 3583 decocta
957 3531 985 3581 in
1038 3533 1177 3601 elegantia
1188 3531 1224 3581 ad
1234 3530 1356 3581 colorem
1368 3526 1475 3580 reducit
1485 3528 1627 3581 ladanum.
1663 3533 1840 3585 Artemisiam
1912 3586 1916 3591 ,

184 3612 260 3666 aqua
271 3595 306 3648 ad
319 3596 412 3648 mellis
423 3597 641 3661 crassitudinem,
652 3602 696 3652 rel
708 3616 803 3654 succo:
817 3600 985 3664 vulneribus,
1038 3609 1066 3656 et
1077 3598 1274 3668 elelisphacum
1286 3598 1417 3667 alligatas
1429 3597 1477 3664 qui
1488 3597 1593 3653 babeat
1601 3599 1704 3665 viator,
1723 3610 1842 3671 negatur
1920 3604 1928 3672 ζ

185 3682 220 3721 ex
232 3681 266 3719 ea
283 3665 388 3716 iactum
406 3667 530 3735 Lycium.
566 3668 748 3737 Lysimachia
762 3670 918 3723 recentibus
929 3669 987 3736 pia·
1037 3670 1229 3725 lassitudinem
1242 3669 1354 3720 sentire.

183 3736 229 3805 gis
250 3735 387 3787 medetur.
424 3736 559 3805 l’iantugo
581 3739 702 3789 omnium
723 3754 852 3807 generum
870 3739 985 3792 hulceri·
1073 3742 1130 3793 XC.
1158 3738 1341 3790 Muliebribus
1353 3739 1456 3791 morbis
1466 3737 1594 3791 medetur
1603 3739 1725 3792 maxime
1736 3739 1766 3791 in
1776 3739 1837 3792 nni·

183 3806 246 3867 bus,
269 3804 452 3872 peculiariter
468 3804 495 3857 ie
525 3810 640 3869 inarum,
661 3824 767 3871 senum,
788 3816 816 3861 et
827 3810 985 3861 infantium.
1028 3824 1145 3875 ,versum
1152 3808 1290 3860 Paeoniae
1301 3804 1402 3859 herbae
1413 3824 1508 3860 semen
1521 3810 1631 3876 nigrum
1644 3825 1679 3862 cx
1689 3825 1760 3878 aqua
1770 3809 1840 3861 mul·

181 3874 246 3942 igni
259 3873 388 3925 emollita
398 3822 540 3939 melitensi
551 3891 612 3927 cum
624 3883 728 3941 ceroto,
740 3892 833 3930 crassa
843 3878 985 3931 hulcerum
1038 3897 1078 3933 sm
1114 3878 1220 3929 Eadem
1242 3885 1272 3928 et
1292 3875 1433 3930 inradies
1453 3877 1495 3928 vis
1507 3893 1617 3929 menses
1638 3879 1707 3931 ciet:
1726 3879 1839 3944 panacis

182 3943 267 3997 labra
277 3950 388 4013 purgat,
400 3960 496 3996 nomas
509 3946 593 3997 sistit
630 3946 738 4000 Tritani
756 3948 816 3999 suis
829 3948 906 3999 foliis
916 3949 986 4000 inte·
1038 3964 1131 4002 semen
1148 3962 1208 4000 eum
1224 3943 1363 3997 absinthio
1379 3961 1488 3998 menses
1504 3953 1535 3998 et
1549 3947 1680 3998 sudores:
1699 3946 1839 3998 scordotis

181 4028 249 4134 pere
273 4020 394 4080 oportet.
430 4013 669 4079 Suppurationes,
688 4015 889 4077 collectiones,
908 4017 986 4068 sinus
1038 4024 1145 4086 potuet
1161 4016 1245 4067 illitu.
1280 4013 1430 4068 Vettonica
1451 4013 1585 4068 drachma
1604 4017 1633 4066 in
1651 4015 1710 4064 cini
1728 4015 1840 4081 cyathis

203 4082 340 4143 ulcerum,
351 4079 627 4151 chelidoniaquoque
638 4085 790 4135 siccantur:
811 4085 927 4137 vulnera
936 4084 985 4137 ad·
1039 4088 1129 4139 tribus
1138 4086 1244 4136 bibitur
1253 4090 1353 4137 contra
1363 4085 1455 4135 cornia
1465 4085 1609 4135 vulvarum
1621 4084 1699 4143 vitia,
1710 4090 1758 4134 aut
1769 4097 1840 4149 quae

183 4166 227 4213 eo,
237 4151 367 4203 ntetiam
379 4163 427 4214 pro
439 4149 537 4215 spodio
551 4157 673 4202 utantur.
711 4152 987 4219 Eadenniamdespe-
1039 4155 1238 4220 apartutiunt.
1275 4154 1388 4206 Menses
1404 4154 1504 4204 nimios
1519 4154 1595 4203 sistit
1609 4149 1735 4202 Achillea
1749 4152 1839 4218 impe·

182 4221 254 4271 ratis
266 4234 327 4270 enm
340 4220 462 4282 axungia
477 4220 638 4285 imponitur.
675 4218 850 4271 Dictamnum
861 4228 928 4285 pota
940 4235 986 4271 sa·
1039 4225 1102 4281 sita,
1113 4228 1141 4272 et
1151 4222 1294 4273 decoctum
1306 4224 1366 4273 cius
1378 4221 1571 4273 insidentibus.
1610 4220 1838 4286 Mammisimpo·

182 4290 272 4357 gittas
284 4285 379 4352 pellit,
400 4293 428 4336 et
440 4285 497 4336 alia
506 4286 564 4338 tela
574 4285 696 4338 extrahit
707 4288 793 4338 illita.
830 4288 986 4339 Bibiturex
1039 4293 1115 4341 initur
1126 4287 1291 4356 hyoscyami
1303 4304 1396 4342 semen
1407 4305 1441 4342 ex
1452 4292 1529 4341 vino:
1560 4289 1840 4342 locisradixecata·

115 4372 120 4381 ·
182 4370 277 4424 aquae
297 4351 398 4420 cyatho
416 4353 547 4405 foliorum
566 4355 657 4406 obolo.
695 4355 987 4423 Proximapseudodi·
1039 4359 1191 4427 plasmate:
1212 4359 1479 4410 etmammisetiam
1497 4357 1662 4427 chelidonia.
1698 4356 1839 4412 Secundae

183 4435 336 4479 ctamnurn.
380 4422 504 4490 Utraque
525 4423 609 4476 etlam
630 4425 843 4490 suppurationes
863 4425 987 4477 discutit.
1039 4433 1187 4489 morantes,
1207 4427 1252 4479 vel
1265 4434 1360 4493 partus
1377 4418 1529 4492 emortuo's,
1550 4429 1658 4481 radices
1670 4430 1782 4496 panacis
1793 4443 1839 4498 ap-

182 4489 375 4548 Aristolochia
390 4506 500 4560 quoque
515 4493 610 4560 putria
628 4492 742 4547 hulcera
755 4502 850 4548 exest:
872 4495 987 4549 sordida
1038 4498 1148 4568 positae
1168 4495 1326 4548 extrahunt.
1361 4498 1452 4564 lpeum
1471 4513 1591 4565 panaces
1607 4498 1636 4549 in
1656 4499 1721 4549 vino
1742 4506 1840 4566 potum

184 4566 325 4681 expurqpt
336 4574 397 4611 cum
410 4561 501 4624 melle,
523 4577 684 4631 vermesque
695 4563 832 4616 extrahit:
854 4565 919 4618 item
932 4566 987 4618 cla·
1039 4569 1134 4620 ruinas
1144 4572 1255 4635 purgat,
1265 4566 1478 4634 appositumque
1490 4584 1551 4620 cum
1564 4567 1655 4619 melle.
1678 4567 1840 4621 Polemonia

183 4648 235 4684 vos
246 4633 276 4683 in
306 4630 401 4684 ulcere
412 4639 503 4693 natos,
512 4633 636 4684 etinhxa
646 4635 756 4699 corpori
768 4635 868 4697 omnia,
879 4635 985 4703 praeci·
1039 4644 1107 4705 pota
1127 4652 1162 4690 ex
1177 4636 1250 4697 rino,
1260 4634 1396 4687 secundas
1413 4636 1507 4704 pellit:
1526 4637 1624 4689 nidore
1644 4638 1761 4704 corrigit
1782 4637 1840 4689 rul-

182 4702 384 4823 puesagittas,
405 4701 801 4755 etossairactaeunrresina
837 4705 986 4758 Cavarero
1039 4722 1096 4758 ras.
1133 4705 1279 4759 centaurei
1297 4705 1411 4757 minoris
1423 4721 1522 4759 succus
1537 4712 1613 4774 potu,
1635 4705 1838 4826 iotupuemen·
1906 4717 1917 4727 ·

205 4771 301 4823 ulcera
311 4770 407 4838 explet
418 4786 467 4838 per
476 4786 515 4822 se.
551 4770 660 4823 Etcum
677 4773 748 4825 iride
761 4773 986 4827 recentinmlne-
1039 4777 1160 4829 nesciet.
1196 4776 1266 4828 ltern
1288 4774 1401 4825 maioris
1418 4776 1509 4839 radix,
1530 4778 1558 4828 in
1579 4776 1674 4829 vulrae
1714 4776 1840 4829 oloribus

183 4846 364 4893 rnexaceto.
401 4840 504 4893 Vetera
516 4838 630 4894 hulcera
643 4844 806 4905 verbenaca,
826 4843 988 4910 qulnqueio·
1037 4845 1136 4898 iisdem
1149 4842 1372 4910 modieprodest.
1408 4845 1515 4897 Deraso
1524 4861 1592 4897 rero
1603 4846 1781 4914 etnpposita,
1792 4859 1841 4899 ex·

183 4908 538 4961 liumcumealeetmellc.
575 4902 874 4978 Radiiespersolntne,
889 4913 985 4965 vulne·
1039 4912 1125 4967 trahit
1136 4921 1231 4982 partus
1243 4922 1395 4965 emortuos.
1430 4913 1565 4983 Plantago
1577 4918 1725 4982 apponitur
1737 4917 1764 4967 in
1775 4915 1841 4967 lans

183 4979 265 5031 ribus
277 4977 351 5030 terro
362 4978 449 5030 itintie
460 4979 619 5031 recentibus
631 4983 828 5046 imponuntur:
861 4980 987 5034 ioliave·
1038 4981 1298 5035 indolorerulsaa:
1317 4983 1660 5050 instrangulntubibitur.
1698 4984 1751 5037 Sed
1764 4998 1840 5051 prae·

185 5048 301 5100 teribus.
339 5049 405 5098 Cum
419 5049 544 5115 nangis
562 5056 722 5119 utrumque:
743 5056 833 5103 etsuo
843 5050 914 5103 iulio
924 5065 987 5118 ope·
1040 5054 1120 5120 cipua
1138 5051 1394 5104 dictamnos-inest.
1430 5052 1542 5104 biennes
1559 5054 1623 5113 ciet,
1642 5060 1838 5120 partueemor·

184 5116 267 5169 ritur.
303 5115 513 5180 Damasonium,
532 5119 610 5169 utin
632 5126 752 5172 struma:
773 5119 844 5172 iolla
863 5119 986 5173 verbasci
1039 5116 1157 5173 tuosvei
1170 5120 1447 5172 transversoeeileit:
1466 5123 1570 5173 bibitur
1579 5138 1614 5175 ex
1627 5121 1838 5189 aquaioliorum

185 5200 221 5239 ex
232 5192 314 5239 aceto
335 5192 384 5236 aut
404 5188 479 5239 vino.
516 5186 687 5241 Peristercns
707 5188 743 5240 ad
759 5189 854 5241 omnia
873 5205 987 5257 genera,
1039 5192 1134 5253 obolo,
1145 5191 1215 5242 adeo
1227 5188 1262 5241 ad
1275 5188 1343 5241 haec
1355 5189 1462 5253 efficax,
1479 5199 1556 5244 utne
1568 5192 1596 5242 in
1609 5191 1767 5243 cubiculum
1780 5188 1838 5255 qui·

184 5254 231 5307 rel
252 5254 422 5306 callosorum
443 5259 717 5326 putrescentiumque
745 5257 887 5310 hulcerum
909 5258 987 5310 iacit.
1040 5260 1102 5312 dem
1115 5258 1326 5326 praegnantium
1338 5259 1481 5312 inieratur.
1520 5255 1838 5327 Necpotutantum,sed

185 5323 330 5377 Manantia
350 5324 524 5390 nymphaeae
541 5324 681 5380 heracliae
692 5327 773 5380 radix
791 5334 880 5379 sanat.
918 5328 987 5379 item
1039 5336 1069 5383 et
1078 5329 1163 5390 illitu,
1173 5336 1202 5380 et
1211 5329 1304 5379 suffitu
1315 5329 1400 5381 velet.
1418 5327 1839 5395 Proximepseudodictamnum.

186 5391 338 5459 cyclamini
358 5392 442 5444 radix
462 5394 506 5446 vel
527 5398 637 5461 perse,
657 5397 701 5448 vel
713 5411 749 5449 ex
760 5405 851 5456 aceto,
862 5396 905 5447 rel
924 5410 987 5448 cum
1038 5398 1093 5450 Sed
1105 5413 1213 5448 menses
1225 5398 1281 5449 ciet
1292 5413 1352 5449 cum
1374 5414 1452 5451 mero
1466 5399 1609 5452 decoctum
1621 5395 1743 5461 pondere
1756 5391 1840 5445 dena·
1929 5432 1933 5435 -

184 5462 277 5513 melle.
316 5458 421 5512 Eadem
441 5468 471 5515 et
486 5471 583 5515 contra
598 5472 770 5518 steatomata
785 5465 893 5525 efficax,
914 5466 989 5517 slcrrt
1038 5468 1083 5519 rii.
1120 5467 1250 5518 Pluribus
1271 5474 1364 5519 tamen
1391 5468 1483 5519 modis
1502 5462 1683 5519 aristolochia
1706 5462 1838 5528 prodest:

184 5528 221 5581 ad
232 5529 350 5582 hulcera
361 5532 504 5583 manantia
516 5530 678 5600 hyssopum:
706 5536 775 5587 item
789 5534 987 5601 peucedanum,
1038 5551 1102 5588 nam
1114 5544 1143 5588 et
1152 5552 1260 5589 menses
1271 5542 1299 5587 et
1318 5537 1454 5588 secundas
1472 5536 1537 5595 ciet,
1549 5544 1577 5585 et
1587 5536 1729 5584 emortuos
1741 5538 1839 5598 pertus

183 5598 232 5650 cul
246 5599 282 5651 ad
297 5599 425 5655 neentis
437 5600 553 5655 vulnera
568 5603 611 5655 sis
624 5609 705 5658 tanta
717 5612 780 5669 est,
799 5612 830 5656 ut
844 5618 987 5671 squamam
1039 5604 1170 5668 extrahit,
1181 5603 1296 5673 myrrha
1307 5610 1336 5657 et
1349 5605 1446 5721 pipasbrp
1457 5602 1569 5664 additis,
1576 5606 1653 5668 pota,
1663 5600 1710 5655 vel
1720 5600 1840 5657 subdite
