4356 6014
346 320 407 379 2i8
494 315 526 374 C.
556 306 704 371 PlrlNil
732 299 1136 366 siicunulnarult
1162 296 1357 363 ulslon
1385 295 1468 356 ain
1493 294 1633 356 Xl'iil.
1661 295 1754 355 cnl’.
1777 298 1858 358 i..8.

347 466 519 530 :nutusque
540 460 613 515 male
633 456 798 524 cogitantes.
833 450 983 505 Praedium
1002 453 1147 521 ueoupids
1200 450 1269 502 misi
1289 448 1432 502 semissem
1442 446 1555 500 Africae
1572 445 1765 515 possidebant,
1785 446 2002 503 contererem,

348 552 433 591 0⁸¹²&
458 536 488 586 ¹¹¹
502 547 533 585 ¹⁸0
544 530 649 585 5¹¹³&ss
659 538 727 589 oper
728 537 762 574 ὅθ
772 535 808 571 ¹¹⁰
820 534 928 587 imm»
939 523 967 573 l¹¹
977 537 1045 590 agro
1057 537 1148 576 emen·
1201 536 1252 574 ees
1262 520 1339 585 Nerq
1348 520 1491 586 princeps:
1513 532 1567 568 non
1579 517 1735 570 fraudando
1747 518 1937 584 magnitudine
1949 517 2001 572 ιη.

351 607 388 659 do
399 605 523 657 minime·
559 593 638 660 Q⁰⁰d
655 593 726 643 niele
744 596 847 642 emtum
859 597 911 653 est,
931 606 1040 661 semper
1054 595 1147 660 poeni·
1201 591 1429 657 quoquesuacn.
1442 589 1586 655 Pompeio,
1609 588 1655 654 qui
1670 600 1807 653 nunquam
1819 602 1916 654 agrum
1930 603 2000 641 ures.

349 684 401 729 tet.
436 676 537 738 Agrum
550 672 697 731 paraturos
712 667 780 713 ante.
799 660 894 712 omnia
912 661 1014 714 intueri
1035 667 1148 728 oportet
1199 665 1279 710 catus
1290 665 1334 712 est
1344 658 1555 710 conterminum.
1584 655 1867 722 Agroemtodumum
1882 659 2001 710 renden-

350 728 1148 855 ‘rr’'lini‘iiilinii‘ttd‘iiniidn
1199 724 2000 865 lileriensirillillnnliissitillidi·

421 824 469 860 ll&
591 835 599 859 s
790 820 815 851 0⁴
1990 818 2000 835 ⁶

349 822 688 939 warspliusaestlmari
704 869 792 930 iubet,
805 883 860 935 quo
872 874 956 935 pacto
967 870 1088 922 niteant.
1116 869 1147 920 ln
1199 882 1321 936 gressus,
1341 873 1373 918 ut
1392 873 1488 918 ιοιοοι
1506 872 1642 933 appareat
1653 863 1844 918 assiduitatem
1856 865 1998 919 desidera·

349 952 422 1003 bone
431 944 518 1003 enim,
526 938 625 1005 inquit,
642 938 756 1005 regione
767 939 837 990 bene
848 938 946 992 nuent.
981 939 1083 993 Atilius
1095 939 1148 991 lle·
1199 945 1258 990 tam
1271 938 1305 990 ab
1316 951 1360 988 eo.
1603 949 1606 955 ·

386 1016 437 1076 lus,
458 1012 506 1063 ille
521 1008 625 1062 Punico
641 1008 716 1060 bello
738 1007 779 1059 bis
798 1008 913 1070 consul,
935 1008 1039 1071 aiebat,
1060 1023 1149 1074 neque
1233 1006 1260 1058 d.
1278 1003 1387 1058 Dehinc
1397 1005 1501 1071 peritia
1518 1003 1677 1056 villicorum
1689 1004 1718 1056 in
1729 1018 1797 1057 cura
1806 1001 1933 1056 habenda
1942 1013 2000 1057 est:

360 1080 570 1139 secundissimis
592 1078 661 1131 locis
681 1076 851 1129 insalubrem
867 1090 966 1144 agrum
985 1078 1148 1146 parandum,
1200 1075 1342 1143 multaque
1352 1073 1387 1126 de
1397 1074 1508 1126 iisCato
1519 1077 1670 1141 praecepit.
1688 1073 1776 1126 Nobis
1787 1074 1856 1124 satis
1867 1075 1905 1125 sit
1914 1073 2000 1127 dixis·

346 1167 436 1221 neque
450 1150 559 1203 effoetis
579 1146 803 1199 saluberrimum.
839 1144 994 1199 Salubritas
1015 1147 1073 1198 loei
1094 1160 1148 1197 non
1200 1159 1241 1206 se,
1260 1157 1342 1211 quam
1365 1144 1522 1210 proximum
1545 1142 1948 1207 dominocordeessedebere,
1969 1151 1999 1197 et

347 1234 458 1287 semper
469 1220 623 1273 incolarum
635 1217 732 1268 colore
742 1215 893 1282 detegitur,
914 1216 1044 1283 quoniam
1055 1230 1149 1267 assue-
1201 1220 1297 1264 tamen
1306 1213 1476 1279 sibimetipsi
1486 1227 1541 1263 non
1552 1213 1650 1264 rideri.
1679 1211 1998 1280 Coliruraabergastu·
2027 1254 2034 1259 .

347 1296 370 1347 ti
390 1291 476 1344 etiam
496 1291 524 1339 in
544 1286 740 1355 pestilentibus
766 1284 877 1345 durant.
911 1284 1064 1338 l’raeterea
1083 1290 1149 1335 sunt
1201 1282 1236 1333 lis
1247 1283 1398 1349 pessimum
1409 1289 1497 1342 est,et
1508 1282 1639 1350 quidquid
1652 1281 1998 1349 agituradesperantibus.

347 1358 483 1431 quaedam
495 1356 622 1427 partibus
634 1355 699 1407 anni
710 1355 849 1407 salubris:
863 1352 1036 1406 sibilantem
1045 1354 1149 1406 saluta·
1200 1351 1395 1404 'l'emerarium
1417 1350 1544 1403 rideatur
1562 1367 1643 1402 unam
1655 1366 1750 1403 rocem
1762 1353 1939 1419 antiquorum
1951 1367 1999 1419 po·

347 1447 378 1485 re
389 1436 440 1492 est,
451 1429 507 1479 nisi
517 1425 590 1495 quod
602 1431 665 1477 toto
677 1440 750 1477 auno
761 1423 882 1476 salubre.
909 1424 1148 1490 ltlalusestager,
1200 1420 1299 1483 ruisse,
1320 1428 1349 1472 et
1364 1419 1491 1472 fortassis
1511 1420 1675 1473 incredibile
1687 1420 1800 1487 penitus
1812 1422 1998 1473 existimetur:

348 1515 410 1554 oum
425 1513 481 1564 quo
497 1496 628 1549 dominus
649 1494 779 1544 luctatur.
816 1495 885 1543 cato
903 1492 1150 1557 interprimaspe·
1202 1488 1278 1542 nihil
1289 1490 1380 1541 minus
1390 1490 1531 1556 expedire,
1552 1505 1634 1556 quam
1656 1505 1756 1558 agrum
1777 1490 1883 1558 optime
1899 1491 1998 1544 coiere.

348 1568 517 1628 otariiubet,
534 1572 566 1618 ut
576 1562 666 1613 solum
681 1575 733 1611 sua
744 1562 848 1611 uirtute
858 1560 962 1622 ualeat,
977 1575 1032 1626 qua
1042 1559 1149 1612 dictura
1201 1559 1233 1611 L.
1248 1559 1351 1610 Tarius
1362 1559 1450 1611 liuius
1460 1559 1556 1609 intima
1568 1558 1702 1610 natalium
1715 1558 1884 1623 bumilitate,
1902 1575 1999 1613 eonsu-

347 1635 558 1703 estpositione:
574 1639 606 1682 ut
616 1632 808 1697 operariorum
821 1631 902 1695 copia
912 1644 998 1697 prope
1009 1630 1054 1691 sit,
1071 1630 1149 1695 oppi·
1201 1627 1288 1681 latum
1301 1629 1415 1680 militari
1427 1627 1565 1679 industria
1575 1630 1701 1690 meritus,
1713 1629 1927 1698 antiquaealias
1938 1646 1998 1697 par·

347 1707 469 1773 dumque
488 1701 628 1755 calidum:
651 1706 682 1750 ιιι
702 1699 874 1765 navigiorum
895 1707 1007 1753 erectus
1018 1698 1149 1751 relitine·
1202 1697 1345 1759 simoniae,
1357 1699 1469 1750 circiter
1478 1697 1583 1750 millies
1595 1698 1684 1750 Η-ἃ
1695 1697 1938 1751 liberalitateDisi
1948 1700 1999 1751 An·

347 1791 422 1829 ram:
438 1780 474 1825 ut
484 1773 554 1824 bene
564 1770 726 1821 aedificatus
742 1776 772 1820 et
788 1768 893 1830 cultus,
913 1769 1008 1836 inquo
1020 1766 1081 1820 falli
1093 1768 1150 1835 pls·
1202 1767 1277 1833 gusti
1294 1774 1470 1833 congestum,
1488 1768 1623 1835 usquead
1642 1767 1876 1821 detrectationem
1887 1768 1998 1821 nereun

347 1840 550 1910 resquevideo.
587 1836 740 1904 Segnitiem
757 1837 830 1889 enim
851 1837 953 1903 prioris
971 1837 1077 1889 domini
1098 1852 1148 1906 pro
1202 1835 1350 1899 exhausit,
1371 1851 1453 1905 agros
1472 1836 1614 1889 inPiceno
1631 1838 1800 1903 coemendo,
1820 1837 1998 1908 colendoque

347 1920 455 1968 emtore
467 1924 528 1962 esse
539 1906 721 1961 arbitrantur.
741 1905 821 1957 n'rinl
831 1913 874 1957 est
885 1905 1045 1958 damnosius
1057 1908 1148 1959 deser·
1201 1904 1231 1956 ln
1253 1905 1343 1972 gloria
1362 1907 1580 1961 internecionem
1591 1922 1660 1975 ergo
1671 1907 1826 1975 famemque
1839 1907 2000 1960 censemus!

347 1992 468 2050 tongro.
504 1978 693 2045 ltaqueCatm
711 1975 754 2027 De
765 1975 838 2032 hmo
851 1975 962 2028 domino
975 1977 1074 2029 melius
1085 1979 1147 2042 emi,
1203 1972 1434 2038 lnrrnohercules,
1454 1975 2001 2030 medumiudieemrerumomniumuti·

347 2068 398 2105 uec
418 2059 524 2123 teurqe
552 2044 783 2103 contemnendam
816 2047 936 2097 alienam
956 2045 1147 2111 disciplinam:
1201 2044 1347 2097 lissimum.
1383 2046 1459 2098 Boos
1477 2046 1570 2098 emere
1591 2048 1778 2099 necessarium
1802 2054 1864 2099 est:
1885 2048 1999 2114 optime,

348 2134 481 2188 agroque,
504 2124 535 2169 ut
545 2116 663 2180 honuni,
683 2117 807 2181 quamvis
818 2121 1003 2183 quaestuosus
1013 2117 1059 2178 sit,
1070 2116 1096 2167 si
1108 2124 1149 2168 ta·
1201 2113 1373 2176 denmosnm,
1385 2121 1580 2182 praeterquam
1591 2115 1699 2178 sobole,
1709 2130 1760 2166 suo
1773 2115 1883 2181 colono,
1893 2126 1943 2168 aut
1953 2131 2000 2184 pa·

347 2206 410 2245 meo
422 2195 451 2242 et
461 2193 634 2247 sumtuosus,
655 2198 710 2236 non
730 2183 846 2235 multum
864 2199 1022 2249 superesse.
1058 2185 1109 2238 llle
1120 2185 1149 2236 in

347 2274 416 2327 agro
439 2255 714 2325 quaestuosissimam
733 2254 947 2307 iudicatritem:
967 2254 1150 2318 noafrustra,

348 2330 479 2398 quoniam
489 2333 553 2379 aute
564 2323 699 2377 omniade
710 2323 853 2389 impensae
863 2326 972 2376 ratione
980 2326 1062 2376 car-it.
1083 2323 1150 2377 Pro·

347 2400 424 2451 xime
435 2395 534 2448 hortos
543 2397 651 2462 riguos:
674 2407 725 2445 nee
734 2393 763 2442 id
774 2392 856 2453 falso,
871 2393 896 2442 si
906 2392 957 2444 sub
967 2392 1070 2458 oppido
1081 2394 1149 2445 sint.

348 2466 387 2518 Et
397 2471 479 2531 prata
488 2464 596 2529 antiqui
606 2470 704 2528 parata
716 2461 821 2513 disere.
842 2460 973 2529 idemque
984 2464 1054 2514 cato
1064 2463 1150 2515 inter·

348 2542 476 2603 rogetus,
497 2536 558 2600 quis
568 2537 643 2585 esset
653 2530 824 2584 certissimus
835 2539 976 2597 quaestus,
996 2531 1150 2599 respondit,

349 2603 381 2658 Si
390 2607 460 2658 bene
472 2616 576 2670 pascas.
613 2602 682 2665 Quis
692 2601 853 2667 proximus!
868 2599 900 2652 Si
910 2600 1088 2653 mediocriter
1093 2617 1148 2723 qa·

349 2689 420 2727 soas.
449 2668 1081 2736 Summaomniummhocspeetandofuitut
1113 2687 1149 2722 ·u-

350 2751 411 2797 otus
420 2745 446 2795 is
455 2740 575 2795 unanime
585 2739 760 2807 probaretur,
769 2741 816 2805 qui
829 2754 910 2806 quam
919 2737 1033 2791 misniam
1044 2741 1149 2806 impen-

351 2813 399 2864 dio
422 2818 599 2867 constaturus
617 2816 702 2862 esset.
739 2810 803 2860 Hoc
821 2824 856 2862 ex
867 2809 992 2861 locorum
1005 2811 1149 2863 occasione

350 2883 434 2935 aliter
452 2880 521 2934 alibi
540 2880 706 2931 decernitur.
743 2876 904 2945 Eodemque
924 2881 1055 2945 pertinet,
1075 2878 1149 2946 quod

351 2951 504 3019 agricolam
516 2948 666 3001 residerem
679 2961 742 2997 esse
757 2953 888 3012 oportere
908 2947 987 3000 dixit.
1022 2946 1149 3001 Fundam

349 3021 381 3071 in
391 3017 583 3073 adolescentia
594 3014 795 3067 conserendum
807 3017 868 3068 sine
879 3017 1063 3080 cunctatione,
1075 3017 1149 3073 aedi·

351 3087 491 3139 noandum
511 3100 565 3135 non
586 3084 641 3135 nisi
660 3083 769 3135 consito
786 3099 867 3150 agro:
888 3092 1149 3154 tuncquoquecun·

352 3162 476 3207 stanter:
487 3153 677 3220 optimumque
687 3158 731 3205 est
739 3157 783 3214 (ut
793 3153 876 3221 vulgo
887 3155 994 3219 dixere)
1005 3155 1097 3209 alienu
1108 3156 1150 3206 in·

352 3224 433 3277 sauia
443 3222 511 3283 frui,
533 3221 583 3274 sed
594 3223 645 3282 ita,
667 3228 699 3272 ut
708 3221 837 3273 villarum
847 3223 938 3276 tutela
947 3239 1001 3277 non
1013 3227 1051 3277 sit
1062 3225 1149 3276 oneri.

349 3293 423 3347 lium
443 3299 536 3344 tamen
553 3291 600 3358 qui
614 3292 684 3343 bene
703 3290 819 3355 habitet,
840 3292 953 3358 saepius
971 3293 1149 3347 r‘entitareiu
1179 3344 1180 3347 ,

352 3378 461 3432 agrum:
480 3361 655 3428 frontemque
672 3358 777 3413 domini
788 3361 851 3429 plus
862 3361 997 3429 prodesse
1007 3377 1091 3431 quam
1102 3377 1149 3416 oe·

351 3434 487 3501 cipitium,
498 3446 551 3483 non
563 3433 743 3485 mentiuntur.

389 3502 446 3556 Vll.
466 3498 490 3553 1.
509 3500 612 3552 Modus
623 3500 669 3553 hic
679 3502 825 3567 probatur,
839 3507 917 3556 utne
937 3501 1083 3561 refundas
1096 3502 1148 3553 ril-

351 3572 407 3627 inu
418 3576 545 3637 quaerat,
622 3586 655 3625 ue
667 3570 736 3622 silla
747 3572 872 3622 fundum.
909 3520 972 3624 don
983 3579 1014 3620 ut
1022 3570 1150 3623 fecerunt

351 3643 430 3693 iuxta
441 3639 560 3693 dirersis
571 3654 604 3692 ea
624 3654 666 3691 em
677 3644 770 3691 aetate
780 3654 860 3691 exem
881 3639 917 3691 lis
928 3638 1111 3702 L.Lucnllus,
1121 3647 1151 3692 et

351 3707 536 3773 Q.Scaesols‚
544 3724 606 3763 cum
618 3710 685 3759 nilla
695 3706 846 3761 Scaevolae
856 3654 960 3760 drudus
970 3714 1087 3768 careret,
1099 3708 1150 3760 ril-

350 3779 380 3832 la
391 3778 503 3835 Luculli
523 3792 602 3844 agro.
639 3778 700 3837 Quo
709 3776 741 3825 in
750 3791 852 3842 genere
863 3778 989 3830 censoria
999 3777 1148 3845 castigatio

351 3856 420 3911 erat,
431 3848 522 3899 ιιιίιιιιι
534 3859 624 3905 arare,
635 3857 717 3911 quam
729 3858 849 3899 verrere.
885 3847 944 3897 Nee
954 3845 1007 3897 hoc
1017 3844 1078 3896 sine
1089 3852 1150 3899 arte

350 3916 469 3987 quadam
481 3920 533 3965 est.
562 3911 740 3964 Nouissimas
747 3912 843 3967 sillam
854 3913 881 3965 in
893 3914 1043 3966 Misenensi
1055 3915 1150 3981 posuit

351 3990 380 4041 c.
393 3984 502 4037 Marius
512 3981 615 4048 septies
627 3980 732 4042 consul,
741 3979 790 4033 sed
803 3982 905 4047 peritia
916 3982 1149 4036 castrametandi:

305 4074 315 4083 ·
348 4058 390 4109 sie
402 4062 434 4107 ut
454 4058 633 4118 comparatos
651 4050 679 4102 ei
694 4055 803 4103 ceteros
815 4051 899 4105 etiam
910 4051 990 4105 Sulla
998 4052 1151 4110 Feliscse·

350 4140 398 4179 eos
408 4123 494 4176 luisse
505 4122 622 4174 diceret.

383 4196 411 4247 2.
429 4192 566 4249 Convenit
577 4206 628 4244 nec
639 4189 717 4242 iusta
728 4188 843 4257 paludes
853 4191 1009 4258 ponendam
1021 4208 1093 4259 esse,
1102 4210 1149 4249 ne·

347 4280 403 4382 que
423 4265 542 4318 adverso
565 4276 664 4317 amne:
684 4275 842 4328 quanquam
855 4261 995 4313 Homerus
1007 4267 1120 4319 omnino
1132 4281 1151 4318 o

369 4334 463 4393 umine
483 4347 592 4400 semper
602 4331 783 4383 anteculanas
795 4344 876 4381 auras
894 4331 1050 4387 insalubres
1061 4335 1148 4387 veris·

347 4399 416 4450 nme
436 4403 560 4455 tradidit.
597 4401 730 4468 Spectnre
748 4400 777 4452 in
799 4402 937 4453 aestuosis
949 4401 1151 4470 lorisseptera·

301 4476 304 4489 ¹
346 4469 451 4518 triones
472 4468 564 4534 debet,
586 4471 731 4523 meridiem
750 4473 780 4520 in
801 4468 926 4537 frigidis:
945 4470 1147 4539 intemperatis

349 4539 732 4603 exortumaequinoctialem.
766 4539 836 4605 Agri
847 4539 934 4606 ipsius
945 4541 1067 4604 bonitas,
1088 4544 1148 4608 qui.

348 4603 406 4683 bus·
422 4607 593 4672 argumentis
612 4608 761 4667 iudicanda
771 4609 818 4670 sit,
841 4624 996 4676 quanquam
1008 4609 1044 4663 de
1056 4617 1149 4664 terrae

349 4680 454 4738 optimo
465 4687 566 4740 genere
578 4673 747 4731 disserentes
759 4678 868 4730 abunde
884 4677 988 4731 dixisse
1000 4693 1148 4745 possumus

235 4766 246 4785 ·
348 4740 447 4803 uideri,
468 4744 617 4793 etiamnum
639 4751 732 4798 tamen
751 4747 1150 4818 traditasnotassubsignabi·

347 4826 419 4871 ιιιιιι,
439 4810 550 4865 catonis
572 4813 689 4865 unanime
704 4815 809 4865 serbis:
831 4817 963 4877 Ebulum,
980 4817 1025 4870 rel
1040 4833 1144 4885 prunus

349 4879 497 4939 silvestris,
517 4877 561 4930 rel
573 4880 666 4943 rubus,
678 4881 778 4932 bulbus
789 4884 920 4950 minutus,
930 4886 1078 4949 trifolium,
1086 4886 1147 4941 her·

349 4950 385 5001 ba
394 4947 542 5015 prutemis,
550 4961 676 5013 quercus,
686 4948 824 5003 silvestris
835 4956 1148 5024 pirus,malusque,fru·

351 5016 477 5071 mentorii
488 5016 542 5066 soli
556 5022 649 5068 notae.
678 5018 746 5069 item
759 5019 838 5085 nigra
849 5029 937 5087 terra,
946 5032 975 5079 et
986 5024 1093 5079 cinerei
1103 5042 1147 5081 co·

349 5088 427 5141 loris.
463 5084 560 5137 (imnis
572 5092 649 5137 creta
660 5086 764 5154 coquit,
775 5089 831 5139 nisi
841 5104 996 5155 permacra:
1009 5095 1149 5149 sabulum·

348 5173 410 5226 que,
422 5156 474 5208 nisi
487 5155 516 5206 id
528 5154 612 5205 etiam
624 5162 759 5221 pertenue
771 5162 826 5207 est:
845 5165 873 5210 et
887 5163 976 5215 multo
988 5166 1148 5233 campestri

350 5228 403 5281 bus
413 5224 512 5293 magis,
532 5237 614 5290 οοιιιι
625 5224 747 5285 cureris,
769 5228 940 5293 respondent
951 5234 1057 5287 endem.

385 5295 411 5350 3.
428 5295 545 5349 Modum
556 5295 620 5361 agri
628 5294 656 5347 iu
668 5294 765 5362 priruis
776 5299 944 5353 servandum
954 5306 1061 5372 antiqui
1071 5312 1149 5371 puta·

349 5380 429 5419 rere:
450 5366 551 5435 quippe
573 5363 616 5417 ita
637 5366 802 5428 comebant,
823 5366 917 5420 Satius
928 5387 990 5425 esse
1003 5374 1091 5425 minus
1101 5391 1146 5428 se·

346 5449 420 5497 rere‚
431 5443 459 5489 et
471 5435 570 5489 uenus
580 5450 674 5490 arare:
696 5435 789 5503 quain
804 5440 944 5491 sententia
956 5449 983 5493 et
998 5441 1146 5510 Virgilium

346 5501 532 5559 tunmviden.
555 5505 713 5575 Verunrque
724 5506 922 5559 confitentibus
930 5508 1081 5565 latifundia
1088 5529 1148 5579 per·

348 5569 446 5627 didere
455 5574 582 5630 ltaliam:
603 5576 659 5633 iam
683 5591 748 5633 rero
769 5583 798 5630 et
817 5576 982 5645 provincias.
1019 5580 1077 5634 Sea
1098 5581 1149 5635 do·

1201 2183 1320 2235 scendis.
1338 2186 1449 2251 Alioqui
1461 2186 1571 2236 colente
1583 2184 1693 2237 domino
1705 2185 1815 2253 aliquas
1826 2200 1930 2238 messes
1941 2186 1999 2237 col·

1201 2253 1291 2320 ligere
1312 2268 1366 2307 non
1390 2255 1511 2319 expedit,
1532 2256 1557 2305 si
1567 2260 1743 2321 consputetur
1753 2255 1921 2322 impendium
1933 2270 1998 2322 ope·

1201 2336 1259 2373 rae.
1296 2322 1470 2375 Nectemere
1482 2323 1598 2375 olivam:
1620 2339 1671 2376 nec
1689 2323 1824 2390 quosdam
1838 2332 1927 2379 terras
1937 2324 1998 2376 dili·

1201 2397 1299 2513 gqnter
1309 2390 1412 2456 colere,
1421 2391 1495 2444 sieut
1504 2393 1535 2445 iu
1545 2391 1654 2460 Sicilia,
1664 2392 1792 2446 tradunt:
1803 2392 1898 2462 itaque
1907 2394 2000 2460 decipi

1239 2476 1333 2515 renas.

1236 2530 1310 2583 Vlll.
1328 2527 1353 2584 1.
1371 2532 1497 2596 Quonam
1511 2532 1602 2600 igitur
1619 2534 1704 2588 modo
1715 2533 2001 2587 utilisslmecolentur

1201 2599 1280 2669 agri!
1298 2600 1463 2654 Exoraoulo
1473 2602 1589 2667 scilicet,
1605 2605 1685 2658 malis
1695 2605 1787 2657 bonis.
1821 2591 2001 2684 Seddefendi

1202 2672 2000 2810 infunderetisititfflnlitit'nn:·

1201 2823 1232 2860 re
1244 2809 1403 2863 vilissimos.
1439 2810 1580 2863 Summum
1600 2813 1793 2880 providentiae
1812 2809 2002 2871 illorumfuit,

1202 2884 1331 2944 utquam
1351 2879 1496 2932 arinimum
1518 2889 1594 2933 esset
1611 2882 1752 2947 impendii.
1787 2880 2002 2948 Praecipiebnot

1201 2947 1350 3010 enimista,
1361 2949 1409 3015 qul
1420 2948 1581 3014 triumphali
1593 2949 1678 3001 denas
1688 2951 1799 3016 argenti
1809 2948 1898 3001 libras
1909 2952 1938 3001 in
1950 2963 1999 3000 su·

1201 3014 1341 3084 pellectile
1363 3016 1470 3068 criarini
1489 3016 1606 3069 dabant:
1628 3018 1674 3084 qui
1685 3018 1903 3070 mortuorilllco
1915 3019 2001 3071 relin-

1201 3099 1286 3152 quere
1298 3084 1442 3146 victorias,
1461 3092 1491 3136 et
1505 3086 1608 3138 reverti
1619 3088 1649 3137 in
1660 3100 1712 3138 sua
1722 3100 1789 3137 rura
1799 3086 2003 3150 postulabant:

1201 3168 1318 3221 quorum
1329 3153 1443 3223 praedia
1450 3153 1567 3207 colenda
1576 3155 1746 3222 corripiebat
1758 3153 1940 3222 Respublioa3
1951 3170 2003 3209 οι-

1201 3225 1361 3345 “liiilli
1371 3222 1632 3359 “tristitiis
1643 3225 1945 3361 illinitum,
1956 3308 1987 3345 0,

1200 3376 1240 3424 ιο,
1261 3361 1387 3431 quisquis
1403 3367 1517 3423 emeret,
1538 3363 1612 3428 quod
1632 3370 1774 3430 praestem
1785 3364 1810 3413 ei
1821 3361 1997 3428 landuspos·

1200 3438 1251 3483 set
1269 3432 1375 3483 lllnlum
1389 3438 1496 3498 patrem
1507 3431 1639 3493 familias,
1655 3432 1779 3499 quisquis
1789 3430 1999 3483 interdiuface·

1200 3507 1253 3564 ret,
1264 3501 1338 3568 quod
1350 3508 1433 3554 noctu
1445 3509 1550 3568 posset,
1561 3502 1613 3553 nisi
1624 3503 1652 3555 in
1662 3507 1827 3568 tempestate
1837 3498 1916 3553 caeli.
1946 3499 1999 3551 Pe·

1199 3571 1295 3693 iiii
1306 3572 1723 3709 iiiiiiin‘iillris‘ii
1742 3568 2002 3705 ilililiizln

1280 3675 1285 3690 ·
1469 3676 1477 3704 s

1200 3715 1372 3775 operaretur,
1391 3725 1474 3777 quam
1486 3710 1513 3761 in
1526 3724 1604 3776 agro.

1234 3780 1260 3830 2.
1280 3777 1393 3844 Nequeo
1413 3778 1482 3829 nribi
1501 3786 1667 3844 tenrperare,
1688 3793 1743 3846 quo
1755 3781 1941 3832 minusuaum
1953 3793 2001 3831 ss·

1200 3846 1320 3913 emplum
1332 3847 1508 3914 antiquitatis
1519 3846 1645 3910 afferam,
1655 3864 1690 3901 ex
1702 3865 1757 3917 (pro
1767 3847 2000 3916 intelligipossit,

1200 3917 1272 3984 apud
1284 3917 1416 3981 populum
1428 3916 1517 3968 etiam
1526 3916 1689 3970 desultoris
1700 3920 1803 3984 agendi
1813 3932 1916 3970 morem
1927 3916 1999 3969 fuis·

1199 4003 1237 4049 se,
1248 3985 1421 4053 qualiterque
1432 3984 1545 4038 defendi
1555 3987 1633 4039 soliti
1641 3989 1697 4039 siat
1707 3988 1750 4039 illi
1761 3989 1823 4040 riri.
1852 3991 1884 4041 (l.
1896 3988 1999 4039 Furius

1200 4055 1328 4109 Cresinus
1348 4055 1508 4107 eservltute
1521 4055 1668 4120 liberatus,
1688 4072 1750 4109 cunr
1765 4060 1793 4109 in
1804 4073 1889 4125 perso
1902 4057 1999 4109 admo·

1200 4125 1264 4177 dum
1276 4124 1369 4190 agello
1381 4125 1517 4192 largiores
1529 4127 1617 4180 multo
1626 4126 1731 4179 fructus
1738 4128 1903 4195 perciperet,
1913 4140 1997 4194 quam

1199 4211 1234 4248 ex
1245 4196 1426 4261 amplissimis
1436 4195 1575 4261 vicinitas,
1587 4199 1616 4250 in
1627 4197 1734 4249 invidis
1744 4212 1845 4265 magno
1855 4204 1925 4258 erat,
1946 4210 1999 4247 ceo

1198 4265 1292 4333 fruges
1308 4265 1414 4317 abenas
1436 4266 1583 4331 pelliceret
1600 4267 1748 4319 renelleiis.
1784 4266 1998 4330 Quamobrema

1198 4333 1244 4401 Sp.
1265 4335 1367 4387 albim
1378 4335 1467 4387 curuli
1486 4336 1532 4388 die
1543 4337 1627 4397 diota,
1644 4342 1770 4391 metuens
1781 4337 2001 4395 damnationem,
2094 4376 2105 4387 .
2158 4324 2168 4331 ’

1199 4421 1260 4456 cunr
1271 4405 1300 4456 in
1311 4404 1474 4472 suffragium
1486 4407 1575 4458 tribus
1596 4413 1739 4473 oporteret
1762 4407 1812 4467 ire,
1833 4407 1999 4457 instrumen-

1199 4480 1257 4525 tum
1279 4477 1412 4527 rusticum
1433 4489 1515 4530 omne
1526 4477 1554 4527 in
1565 4474 1655 4526 forum
1667 4476 1773 4538 attulit,
1793 4481 1823 4525 et
1831 4471 1949 4525 adduxit
1960 4474 1998 4525 fa·

1199 4544 1305 4595 millam
1317 4544 1446 4606 solidum,
1457 4542 1597 4613 atque(ut
1609 4546 1649 4596 ait
1661 4545 1737 4604 l’iso)
1748 4545 1817 4594 bene
1827 4545 1954 4590 curatam
1965 4558 2000 4593 ao

1199 4616 1336 4676 restitans,
1356 4613 1526 4665 ferramenta
1536 4617 1647 4680 egregie
1658 4611 1743 4670 factm
1760 4622 1856 4675 graues
1877 4607 1998 4675 ligones,

1198 4697 1325 4735 vomeres
1345 4681 1525 4748 ponderosos,
1546 4683 1759 4732 boressaturos.
1797 4677 1997 4733 Posteadisil:

1201 4753 1339 4804 l'enetieia
1351 4765 1423 4811 mea,
1431 4751 1566 4813 Quirites,
1583 4748 1654 4800 baec
1663 4753 1743 4797 sunt:
1766 4761 1816 4798 nec
1827 4761 1940 4812 possum
1952 4764 1997 4800 ro·

1198 4821 1241 4872 nis
1253 4818 1412 4879 ostendere,
1434 4826 1483 4869 aut
1496 4818 1625 4869 inferum
1637 4816 1775 4868 adducere
1788 4814 1997 4871 lucubrationes

1198 4904 1283 4951 meas,
1304 4887 1478 4954 vigiliasque,
1499 4894 1528 4939 et
1538 4887 1663 4937 sudores.
1700 4885 1828 4938 Omnium
1846 4889 1996 4940 sententiis

1198 4958 1344 5010 absolutus
1353 4960 1445 5023 itaque
1456 4963 1507 5009 est.
1544 4954 1681 5017 Proiecto,
1692 4970 1786 5021 opera,
1797 4971 1851 5007 nou
1861 4957 1997 5024 impensa,

1198 5028 1308 5079 cultura
1321 5032 1439 5078 constat,
1474 5026 1512 5078 Et
1529 5025 1591 5076 ideo
1612 5025 1732 5077 maiores
1753 5025 1957 5079 fertilissimum
1968 5027 1996 5078 in

1198 5111 1266 5166 agro
1278 5095 1387 5149 oculum
1400 5095 1507 5149 domiai
1518 5110 1579 5148 esse
1592 5094 1732 5149 dixerunt

1232 5166 1257 5221 ³.
1277 5165 1395 5232 Reliqua
1408 5173 1558 5233 praecepta
1577 5164 1727 5217 reddentur
1748 5164 1805 5219 auis
1827 5167 1905 5230 locis,
1925 5181 1996 5233 quae

1199 5238 1311 5304 propria
1331 5250 1463 5304 generum
1482 5234 1653 5303 singulorum
1670 5241 1759 5288 erunt.
1797 5237 1910 5289 interim
1924 5250 1998 5289 com·

1199 5309 1299 5369 munia,
1318 5314 1573 5374 quaesuccurrunt,
1583 5306 1816 5359 msomittemus.
1855 5308 1889 5359 lit
1903 5307 1930 5358 ln
1944 5308 1997 5372 pri·

1198 5378 1372 5429 nsiscatonis
1381 5375 1608 5429 humanissimum
1619 5375 1866 5461 utilissimumque:
1877 5374 1997 5441 ldagen·

1199 5446 1275 5511 dum,
1289 5451 1321 5497 ut
1332 5444 1449 5512 diligant
1460 5446 1553 5498 vicini.
1590 5450 1694 5499 cauam
1705 5446 1801 5498 rcddrt
1810 5446 1873 5498 ille:
1890 5460 1940 5497 nos
1952 5459 1997 5495 er·

1198 5517 1352 5569 intimamus
1372 5513 1443 5567 nulli
1463 5532 1524 5575 esse
1535 5516 1643 5570 dubins.
1678 5516 1756 5569 luter
1767 5516 1855 5584 prims
1867 5513 1941 5566 idem
1951 5529 1996 5565 ra·

1197 5592 1253 5647 rer,
1273 5602 1307 5641 ne
1329 5584 1454 5641 familiae
1474 5589 1564 5642 aialim
1575 5590 1640 5639 siat.
1677 5586 1753 5640 nihil
1765 5599 1828 5638 sero
1841 5581 1997 5636 iaciendum
