4340 6018
281 294 313 355 c.
348 289 503 356 estun
537 292 746 357 secunus
779 294 947 358 aaran
982 280 1173 362 uteros.
1207 296 1297 360 nia.
1320 298 1383 360 xi.
1412 298 1670 363 osroenae.
1748 302 1808 365 ιιι

143 449 176 502 ln
185 441 352 515 quibusdam
363 444 605 509 machinamina
614 442 730 513 phthisi,
740 452 770 499 et
778 445 809 499 in
819 452 950 502 senecta:
1002 446 1082 502 ribus
1091 450 1195 519 pabula
1204 464 1256 503 sua
1265 450 1437 519 approbant:
1455 450 1632 506 Dalmaticae
1642 452 1807 507 Docleatem

124 572 129 595 ,
145 514 342 573 detunctorum
355 529 466 585 quoque
478 516 649 587 corporibus.
668 515 842 570 libidinosis
853 532 952 586 conge·
1003 518 1128 583 atittunt,
1140 519 1505 574 cmuonicanvamsicum.
1522 522 1707 577 Numerosior
1717 525 1807 590 Apen-

146 590 211 651 niti,
231 585 371 637 maranus
391 585 529 639 defluunt:
550 587 661 653 agnati,
682 587 802 640 celerius
814 596 951 641 armant.
1003 587 1078 640 nino.
1108 590 1247 642 cebanum
1258 590 1457 659 iicebignris
1466 592 1570 657 mittit,
1583 596 1675 645 urinam
1687 593 1809 644 ιιιιιιίιιιι

146 654 382 723 quadrupedibus
393 662 538 709 senectute
550 664 740 722 crassescunt,
760 658 896 726 haecque
906 674 952 712 ra·
1003 659 1100 710 lactis:
1111 659 1269 712 accinctam
1282 675 1317 714 ex
1328 660 1457 713 Umbria:
1470 661 1615 731 nrixtaqae
1626 663 1760 716 Etruriae
1768 668 1809 713 nt

147 732 266 780 meant.
293 724 510 795 Quadrupedem
523 725 608 781 dorsa
618 727 719 793 pilosa,
729 734 841 782 ventres
850 729 951 797 glabri.
1003 726 1201 798 qasbigariae
1217 731 1348 793 ooailaio,
1368 731 1526 783 Lunensem
1537 732 1809 800 magnitudiaecoa-

147 798 234 880 llouat
243 795 328 848 coriis
334 794 474 864 glutinam
482 797 657 866 excoquitur,
664 803 865 866 taurorumque
874 814 952 867 prae·
1003 799 1142 865 spicuam:
1155 798 1267 881 'quippo
1289 806 1318 851 ct
1330 799 1366 850 ad
1377 800 1492 870 singula
1501 801 1593 853 millia
1604 802 1697 869 pondo
1709 802 1810 869 premi·

147 879 265 1015 Ἥῖ
282 933 421 1014 Manantes
436 932 520 986 bonta
536 936 612 988 salus
625 952 640 991 e
652 938 775 989 alaribus
786 936 884 991 babet:
908 953 952 990 ce·
1003 866 1810 1010 qqtriolgqomxssqrqqngqtssqqnl'lqlg·Vqsqqiqqtlnqffigqqngffi

147 1017 206 1059 tera
216 1001 352 1057 antatslra
363 1018 547 1057 niantmnruat
557 1013 640 1060 notas
649 1014 769 1060 tantum.
798 1005 855 1061 Sed
865 1022 900 1062 ue
913 1008 952 1061 le·
1003 1022 1055 1060 sua
1064 1009 1129 1061 laus
1137 1013 1189 1071 est,
1195 1007 1341 1077 Agrigenti
1351 1011 1481 1071 nimime,
1489 1024 1550 1063 eant
1562 1016 1682 1080 augente
1688 1009 1809 1079 gratiam

147 1078 237 1128 minae
249 1072 360 1141 quidem
371 1073 400 1125 in
412 1081 537 1140 pectore,
559 1076 615 1129 nisi
634 1091 707 1147 quae
725 1084 843 1144 possunt
854 1083 951 1145 partus
1004 1079 1095 1131 lunio:
1114 1078 1205 1147 qualis
1215 1078 1265 1131 iai
1301 1078 1403 1131 aUrbe
1412 1079 1568 1142 coniicitur,
1579 1081 1689 1133 cunctis
1702 1078 1810 1147 praeie-

146 1160 211 1199 saos
222 1142 366 1196 attollere.
402 1145 463 1196 Ora
471 1146 655 1213 gignentium,
667 1147 750 1201 nulli:
767 1163 819 1200 nec
830 1149 883 1211 lac,
894 1149 949 1200 nisi
1003 1147 1115 1211 mdes.
1140 1149 1212 1201 Nam
1224 1148 1267 1201 Ga
1281 1149 1381 1201 liarum
1393 1161 1478 1215 sapor
1488 1150 1686 1202 medicamenti
1694 1151 1751 1201 rim
1763 1149 1811 1201 ob·

146 1213 247 1269 anintal
259 1212 394 1280 parienti:
404 1212 558 1279 volucrum,
568 1217 757 1284 vespertilioni
767 1222 886 1270 tantum.
900 1217 951 1270 Fa·
1004 1219 1083 1271 tinet.
1117 1220 1209 1272 Trans
1219 1218 1309 1271 acaria
1318 1232 1385 1270 rero
1394 1216 1534 1283 bithynus
1545 1217 1606 1273 iere
1616 1218 1645 1271 in
1654 1219 1746 1289 gloria
1757 1224 1809 1270 est.

146 1285 275 1338 bulosum
287 1284 360 1334 enim
371 1283 494 1337 arbitror
504 1284 539 1339 de
550 1287 695 1354 strigibus,
706 1287 794 1338 ubera
803 1300 852 1339 eas
860 1285 952 1338 inian·
1003 1291 1099 1342 lnesse
1110 1289 1221 1357 pabulis
1231 1288 1329 1351 salem,
1341 1289 1427 1339 etiam
1438 1285 1485 1337 ubi
1498 1300 1552 1337 aon
1564 1286 1654 1351 detur,
1664 1291 1707 1341 lta
1717 1287 1807 1341 maxi·

148 1352 316 1408 tianrlabris
334 1351 506 1420 immulgere.
541 1354 949 1407 Esscinmalcdictisiaman·
1004 1373 1048 1410 me
1058 1357 1236 1426 intelligitur,
1246 1356 1360 1409 omniin
1371 1357 1459 1410 salem
1470 1365 1810 1426 caseoscnescentetqaa·

147 1424 232 1494 tiqais
244 1421 361 1488 strigem
374 1422 519 1473 convenit:
536 1420 587 1473 sed
599 1436 670 1489 quae
681 1422 720 1474 ait
730 1424 832 1486 svium,
843 1434 951 1475 consta·
1003 1426 1045 1481 les
1057 1426 1149 1481 redire
1159 1429 1188 1479 in
1199 1433 1338 1480 musteum
1347 1440 1490 1496 saporem,
1511 1433 1593 1478 aceto
1604 1431 1635 1478 et
1645 1426 1742 1494 tbymo
1753 1442 1809 1480 nin·

147 1509 241 1549 ranan
254 1490 388 1544 arbitror.
433 1490 525 1542 asiais
536 1507 553 1542 ιι
564 1490 644 1544 foetu
655 1489 770 1545 dolent:
792 1492 859 1546 ideo
870 1501 951 1545 sexto
1004 1503 1124 1559 ceratos,
1140 1505 1247 1550 certum
1260 1500 1311 1549 est.
1347 1496 1478 1549 Tradunt
1488 1496 1668 1548 Zoroastrem
1679 1510 1761 1549 caseo
1774 1498 1810 1548 ri·

147 1579 239 1619 meme
257 1568 354 1616 arcent
375 1569 482 1628 partus,
504 1575 565 1611 cum
588 1576 677 1631 equae
695 1575 769 1613 anuo
791 1568 952 1629 propatuto
1003 1566 1079 1616 risse
1089 1566 1168 1619 annis
1178 1566 1290 1635 viginti,
1301 1566 1342 1618 ita
1351 1570 1519 1635 temperato,
1530 1571 1563 1619 ut
1572 1569 1742 1618 vetustatem
1753 1580 1809 1618 non

146 1635 308 1705 praebeant.
345 1630 453 1695 Quibus
464 1629 556 1681 solida
573 1647 608 1683 ua
651 1631 691 1694 is,
711 1646 856 1699 aecsapru
865 1632 953 1701 gemi·
1003 1632 1131 1688 sentiret.

147 1699 954 1841 :ttiiiiiiiiiiif'idi‘ie'oiiiii
1003 1736 1811 1875 ,lilibitanae”sitietenlin:

146 1842 952 1981 wa,

146 1982 272 2053 pedibus,
284 1982 353 2035 baec
362 1982 458 2049 plures
469 1980 581 2044 lrabeat,
589 1987 650 2033 toto
660 1988 756 2034 ventre
764 1982 866 2049 duplici
878 1981 953 2034 ordi·
1211 2031 1215 2037 ,
1312 2022 1316 2047 ,

148 2068 193 2116 ne,
203 2061 233 2104 ut
244 2068 319 2115 sues,
329 2066 483 2120 generosae
495 2051 649 2113 duodenas,
669 2051 800 2119 vulgares
821 2052 892 2103 binis
903 2052 953 2103 mi·
1036 2050 1136 2103 Xclx.
1154 2049 1247 2118 Digiti
1262 2050 1427 2120 quibusdam
1437 2051 1467 2103 in
1478 2052 1605 2105 manibus
1615 2052 1684 2105 seni
1713 2051 1742 2103 c.
1754 2051 1812 2101 llo·

148 2138 217 2175 aas:
239 2121 372 2175 similiter
382 2136 473 2174 canes.
509 2121 572 2172 Alia
582 2127 680 2173 ventre
689 2119 783 2175 medio
793 2128 952 2188 quaternas,
1004 2119 1070 2171 retii
1081 2133 1115 2172 ex
1125 2120 1245 2187 petrinis
1255 2126 1338 2189 gente
1349 2121 1422 2173 illins
1433 2122 1503 2174 duas
1515 2121 1551 2175 ob
1566 2121 1596 2173 ld
1607 2119 1750 2189 Sedigitas
1761 2132 1811 2186 ap·

147 2199 178 2244 ιιι
191 2190 358 2260 pantherae:
379 2190 436 2242 alia
446 2191 538 2254 binas,
549 2197 581 2243 ut
593 2191 717 2243 leaenae.
755 2191 877 2258 Elephas
890 2198 951 2242 tan·
1004 2189 1126 2255 peilatus
1144 2192 1313 2260 accepimus,
1334 2196 1364 2244 et
1381 2189 1542 2244 Volcatium
1560 2191 1727 2260 Sedigitunt,
1748 2188 1812 2240 lliu-

146 2271 207 2315 tum
219 2263 270 2314 sub
282 2261 367 2313 armis
377 2260 461 2313 duas:
480 2276 531 2313 occ
542 2261 571 2311 ia
582 2266 705 2329 pectore,
716 2259 766 2312 sed
777 2261 849 2314 citra
861 2263 888 2313 ia
900 2260 953 2311 aiis
1004 2266 1091 2311 stram
1114 2259 1143 2311 in
1162 2263 1283 2327 poetica.
1319 2261 1448 2314 llontinls
1465 2262 1548 2330 digiti
1559 2261 1697 2315 articulos
1708 2258 1812 2313 habent

146 2332 282 2413 occultas:
296 2329 379 2415 'Nulli
391 2332 420 2382 ia
431 2330 694 2412 feminibus'digltos
706 2329 876 2383 habentium.
896 2329 954 2380 l’ri·
1006 2336 1110 2393 ternos,
1129 2330 1223 2396 pollex
1244 2331 1333 2394 binos,
1354 2338 1385 2384 et
1401 2331 1501 2400 digitis
1519 2331 1656 2385 adversus
1672 2330 1812 2384 unircrsls

144 2406 955 2538 litliiii.ibiii.ilii:iiilliciilliiit
1005 2398 1812 2539 initialibusill.i.⁰l.¹.:tlll:iiii{:ii.iiit

143 2549 188 2601 ta,
212 2554 266 2607 quo
288 2542 401 2607 genitas
422 2540 584 2600 estordinc,
604 2539 795 2605 acquestibus,
818 2554 869 2591 nec
889 2538 954 2589 alia.
1006 2537 1075 2604 liqui
1086 2536 1243 2601 sibi,lnter
1253 2554 1323 2607 quos
1335 2540 1442 2592 medius
1453 2540 1614 2607 longissime
1624 2537 1812 2607 protenditur.

143 2609 288 2661 Detracta
299 2607 473 2659 illaaIumno
484 2623 536 2658 suo
547 2606 699 2658 sterilescit
709 2606 794 2667 illico,
810 2621 843 2657 ac
854 2606 955 2658 resilit.
1008 2606 1115 2670 Quibus
1130 2621 1164 2658 ex
1179 2609 1278 2674 rupina
1294 2609 1383 2659 rictus
1401 2608 1619 2677 quadrupedum,
1655 2606 1713 2659 uini
1728 2605 1811 2674 digiti

145 2678 214 2730 lino
224 2692 293 2729 rero
304 2689 339 2728 ex
350 2675 425 2726 oanni
435 2674 518 2726 turba
528 2674 636 2735 relicto,
654 2674 715 2727 sala
727 2675 861 2736 munifex,
883 2690 954 2743 quae
1006 2675 1034 2727 in
1051 2674 1194 2743 prioribus
1204 2677 1331 2746 pedibus,
1344 2676 1461 2745 reliquls
1470 2678 1608 2745 quaterni.
1637 2624 1759 2738 icones,
1771 2675 1811 2726 lu·

141 2750 249 2816 genito
261 2744 355 2797 iuerat
365 2743 510 2805 attributa,
530 2743 684 2797 descendit.
722 2744 810 2796 Ursae
822 2758 956 2797 unanimos
1007 2744 1044 2812 pi,
1056 2760 1151 2808 canes,
1171 2753 1200 2799 et
1211 2760 1308 2813 pauca
1328 2748 1355 2799 ia
1372 2747 1574 2814 posterioribus
1590 2760 1699 2814 quoque
1711 2747 1811 2813 quinos

142 2820 305 2884 quaternas
325 2820 434 2882 gerant.
469 2812 604 2881 liclpbini
621 2813 702 2866 binas
717 2813 745 2865 in
760 2814 818 2866 ima
834 2815 896 2867 alro
910 2828 956 2881 pa·
1008 2828 1113 2883 ungues
1123 2813 1300 2878 babeat,uno
1310 2815 1389 2868 iuxta
1400 2818 1488 2869 cntris
1499 2815 1646 2867 articulum
1657 2812 1812 2879 dependen-

142 2884 234 2955 pillas
254 2889 377 2946 tantam,
397 2898 447 2937 neo
466 2883 625 2964 evidentes,
651 2889 684 2966 et
699 2883 813 2951 paulum
834 2884 862 2935 in
884 2883 956 2936 obli·
1007 2890 1051 2967 ιιι
1062 2883 1491 2965 reliquaquaesuntminorn,ct
1503 2884 1530 2933 di
1553 2882 1725 2969 itosquinos.
1743 2881 1811 2955 liga·

144 2968 236 3075 tili
255 2952 958 3088 bittialiltlllliiii‘titillet
1008 2950 1811 3087 i?¹i.¹:‘.‘l.tlli⁰i.ilii.⁸.iiii...iiiiiiliiii
1879 2994 1885 2999 ·

147 3096 238 3144 trium
250 3090 351 3144 iaetus.
1008 3105 1075 3142 rem.
1095 3089 1259 3142 animalium
1271 3090 1416 3159 quaedam,
1426 3099 1457 3142 ut
1467 3089 1603 3153 manibus,
1612 3095 1729 3141 utuntur
1737 3090 1810 3158 prio·

183 3160 284 3214 xcvi.
302 3159 418 3212 Mulieri
437 3165 502 3211 ante
512 3157 662 3224 septimum
674 3171 798 3211 mensem
810 3158 955 3226 profusum
1007 3173 1068 3211 ram
1082 3159 1241 3211 ministerio
1253 3158 1367 3225 pedum:
1384 3160 1537 3227 sedentque
1548 3159 1583 3211 ad
1598 3158 1701 3215 osillis
1716 3158 1811 3212 admo·

148 3230 323 3292 laminatlie.
359 3230 400 3281 ab
422 3243 456 3282 eo
477 3243 585 3290 inense,
607 3227 785 3295 quodrltalis
797 3234 958 3296 estpartus,
1008 3228 1103 3282 rentia
1113 3228 1200 3291 cibos,
1210 3235 1242 3280 ut
1252 3229 1348 3281 sciuri.

151 3298 276 3351 salubre·
294 3299 438 3366 Plerisque
446 3306 538 3351 autem
549 3297 618 3350 totis
630 3298 766 3362 mamonis,
778 3304 862 3365 atque
872 3298 955 3350 etlam
1043 3299 1073 3350 C.
1086 3298 1156 3351 Naar
1167 3298 1307 3350 simiarum
1313 3313 1415 3368 genera
1425 3299 1575 3367 perlectam
1587 3296 1707 3350 bominis
1718 3298 1810 3351 imita·

151 3369 261 3421 alarum
273 3369 335 3422 sinn
347 3367 418 3420 lluit.
457 3369 563 3422 cancell
575 3368 619 3419 lac
630 3366 743 3433 babent,
754 3369 843 3420 donec
853 3369 955 3420 iterant
1006 3366 1111 3421 tionem
1123 3368 1266 3422 continent
1278 3368 1365 3431 facie,
1381 3369 1494 3422 naribus
1501 3407 1510 3433 ,
1523 3370 1635 3422 auribus
1641 3406 1650 3433 ,
1662 3368 1810 3436 palpebris,

153 3448 328 3507 gravescere.
358 3439 560 3491 suavissimum
572 3438 626 3490 boc
638 3438 818 3491 existimatur
828 3438 863 3489 ad
875 3454 956 3490 unam
1009 3452 1078 3505 qaas
1087 3439 1166 3492 solae
1178 3438 1387 3508 quadrupedum
1398 3446 1426 3495 et
1437 3441 1464 3492 in
1477 3439 1609 3493 inferiore
1619 3436 1722 3491 babeat
1730 3452 1810 3509 gena.

152 3522 311 3561 mensuram
332 3510 421 3561 tribus
437 3523 527 3575 aquae
540 3506 653 3560 additis.
688 3508 746 3559 llos
767 3515 955 3575 antepartum
1009 3509 1065 3561 lam
1077 3524 1211 3561 maninias
1221 3510 1250 3561 in
1263 3516 1383 3578 pectore,
1402 3517 1430 3562 et
1441 3508 1563 3571 brachia,
1575 3515 1604 3560 et
1617 3522 1697 3560 crura
1708 3507 1735 3559 ln
1747 3523 1812 3559 coa·

153 3576 315 3632 nonhabet.
343 3580 385 3631 Ex
396 3578 486 3646 priato
497 3592 607 3645 semper
618 3592 636 3629 a
646 3584 728 3645 partu
740 3578 864 3631 colostra
875 3580 956 3629 iiuntr
1008 3579 1124 3630 trariam
1141 3579 1273 3632 similiter
1282 3578 1365 3631 dena:
1385 3579 1413 3630 in
1425 3579 1553 3631 manibus
1564 3592 1681 3645 ungues,
1697 3577 1810 3646 digitos,

172 3647 958 3717 uae,niadmisceaturaqua,inpumicismodumcoeuat
1009 3648 1220 3718 longioremque
1239 3649 1371 3702 medium.
1399 3648 1519 3701 l‘edibus
1535 3648 1649 3716 paulum
1668 3646 1809 3699 differant.

153 3662 269 3770 abacia.
304 3718 405 3771 Asinae
428 3724 614 3785 praegnantes
641 3719 772 3770 continno
793 3720 957 3771 lactescunt.
1008 3716 1079 3770 Sunt
1090 3717 1173 3783 enias,
1194 3725 1226 3771 at
1237 3734 1342 3781 uranus,
1363 3718 1518 3788 praelongi,
1528 3718 1578 3771 scd
1590 3716 1736 3786 vestigium
1748 3717 1810 3800 pai-

153 3785 241 3839 Pullis
252 3787 410 3851 earum,ubi
419 3788 523 3854 pingue
534 3786 770 3853 pabulum,biduo
781 3804 798 3840 a
808 3794 891 3856 parta
903 3803 958 3839 nia·
1008 3802 1069 3841 niae
1079 3789 1172 3842 simile
1184 3789 1299 3841 iaciunt.
1325 3788 1422 3842 l’ollea
1434 3804 1543 3858 qaoque
1553 3785 1597 3840 his
1609 3794 1638 3841 et
1648 3786 1768 3850 articuli,
1780 3791 1810 3837 ot

152 3862 264 3909 ternum
278 3857 323 3908 lac
333 3864 472 3926 gustasse,
493 3855 580 3909 letale
601 3864 653 3908 est.
690 3857 785 3909 Genus
798 3859 864 3910 oinli
876 3872 957 3910 toea·
1008 3856 1128 3911 bomini:
1148 3874 1182 3912 ac
1190 3865 1305 3927 practer
1313 3859 1446 3928 genitale,
1468 3865 1496 3912 et
1508 3857 1561 3911 boc
1571 3859 1599 3909 in
1611 3856 1737 3911 maribus
1747 3864 1808 3910 tna·

152 3933 200 3979 tur
211 3927 386 3980 colostratio.
414 3929 519 3980 Caseus
530 3941 585 3979 non
597 3926 629 3978 iit
639 3941 673 3979 ex
682 3929 813 3994 utrinque
824 3927 957 3990 dentatis,
1008 3934 1078 3990 tum,
1089 3928 1199 3982 viscera
1209 3929 1293 3983 etiam
1306 3922 1443 3983 interiora
1455 3929 1549 3981 omnia
1560 3929 1594 3981 ad
1606 3927 1756 3995 exemplar.

152 3998 283 4066 quoniam
301 4013 397 4050 carum
414 3999 459 4051 lac
477 4011 533 4049 non
546 3998 614 4049 coit.
650 3997 857 4049 'lenuissimuni
870 4013 959 4050 came·
1043 3998 1087 4051 Cl.
1106 3999 1217 4071 linguas
1237 3999 1380 4052 clausulae
1404 4012 1550 4053 nervorum
1571 4011 1696 4049 summae
1717 3996 1811 4046 eristi·

152 4068 197 4131 lis,
207 4082 272 4120 mox
283 4069 378 4136 maist
400 4067 602 4119 crassissimum
615 4065 720 4131 asinae,
739 4072 771 4118 ut
782 4082 836 4134 qno
848 4067 959 4135 coaguli
1008 4074 1128 4123 mantur-
1164 4068 1351 4130 Omnibusbi,
1406 4069 1468 4122 ibas
1482 4074 1511 4121 et
1522 4068 1613 4136 digiti.
1649 4063 1811 4117 Sedsimiae

151 4137 213 4191 rice
232 4144 356 4190 amatur.
392 4135 959 4204 conterrealiquidetcandarllnmulie·
1007 4137 1157 4201 intricati,
1168 4136 1327 4191 horninibus
1337 4139 1398 4201 latr,
1420 4147 1450 4191 et
1467 4136 1598 4190 deiuaeto
1609 4138 1749 4185 crescunt:
1770 4145 1811 4182 ra·

150 4221 214 4258 rum
225 4207 486 4261 cuteeslstimatur.
514 4206 644 4273 Poppaea
656 4211 732 4258 certe
742 4206 859 4258 Domitii
872 4206 959 4260 Nero·
1008 4207 1215 4276 paclbusuncl:
1235 4204 1609 4270 ceterisrccti,atcanibus‚
1625 4205 1811 4268 praeteream

150 4277 198 4328 nis
209 4275 323 4337 coniux,
332 4277 499 4346 quingentas
507 4291 601 4328 secum
613 4289 664 4343 per
674 4276 768 4327 omnia
776 4276 890 4328 trahens
902 4277 959 4327 loe·
1008 4279 1056 4344 qui
1068 4290 1086 4326 a
1097 4292 1175 4329 crure
1192 4276 1333 4344 plerisque
1349 4272 1497 4344 dependet.
1533 4269 1635 4324 Omnia
1646 4268 1749 4339 digitos
1761 4267 1811 4321 ha·

150 4351 209 4408 tas,
228 4344 393 4398 balnearum
414 4349 500 4399 etiem
522 4345 960 4411 soliototunsoorpusiliolacte
1008 4346 1085 4407 beot,
1097 4359 1169 4411 quae
1181 4344 1276 4411 pedes,
1285 4351 1402 4412 excepto
1412 4341 1571 4409 elephanto.
1601 4337 1810 4391 lluiceaimin-

149 4414 331 4478 macerabat,
349 4415 462 4469 extendi
480 4429 590 4484 quoque
608 4420 698 4466 catera
711 4414 834 4467 eredens.
869 4415 960 4466 Omne
1010 4412 1122 4479 lomnes,
1141 4429 1256 4466 numera
1267 4412 1380 4480 quidem
1391 4415 1518 4482 quinque,
1538 4409 1586 4461 sed
1598 4407 1720 4471 indivisi,
1731 4423 1763 4461 ac
1773 4409 1813 4461 lc·

150 4490 251 4539 autem
271 4484 338 4554 igne
358 4485 510 4554 spissatur,
531 4485 637 4552 lrigore
656 4483 781 4536 seresrlt.
816 4483 958 4536 liubulam
1010 4480 1492 4552 riterdiscreti,ungulisque‚lraud
1504 4479 1770 4549 ungaibassimilcs:
1782 4487 1812 4533 et

151 4568 239 4609 caseo
249 4553 381 4620 fertilius,
403 4572 485 4625 quam
497 4555 650 4623 caprinum,
672 4566 706 4605 er
718 4552 816 4605 eadem
829 4567 961 4606 mensura
1010 4552 1096 4622 pedes
1107 4552 1227 4606 maiores
1239 4554 1356 4621 priores.
1372 4553 1402 4605 ln
1432 4549 1811 4604 osterioribusartioalibre-

172 4625 443 4680 aenealterotaato.
478 4628 558 4691 Quae
568 4624 661 4691 plures
672 4622 816 4690 quaternis
829 4616 960 4674 unanimos
1009 4637 1068 4675 res.
1103 4622 1179 4676 ldem
1191 4623 1311 4691 poplites
1325 4623 1400 4674 intus
1412 4567 1501 4675 Kertit
1511 4620 1631 4673 hominis
1642 4619 1734 4674 modo.
1760 4621 1810 4672 Ce·

151 4638 269 4758 Rabem,
281 4710 365 4748 caseo
376 4696 499 4759 inutilia,
521 4702 550 4749 et
561 4693 677 4746 meliora
688 4708 760 4761 quac
771 4694 860 4745 binas.
889 4693 959 4744 eon·
1009 4699 1074 4747 tera
1083 4692 1226 4756 animalia,
1237 4694 1265 4747 in
1279 4692 1415 4748 dirersum
1429 4691 1634 4760 posterioribus
1645 4689 1756 4747 articuli
1768 4705 1812 4759 pc·

152 4763 250 4833 guium
262 4765 398 4829 hinnulei,
418 4766 533 4834 leporis,
554 4762 640 4817 hoedi
653 4763 813 4817 *laadatnna
850 4762 959 4815 Praeci-
1011 4763 1102 4825 dibus,
1113 4778 1194 4833 quarn
1206 4762 1354 4832 prioribus.
1387 4760 1655 4831 Namquueaoimal
1668 4767 1813 4830 generant,

153 4849 240 4900 poam
250 4842 345 4888 tannen
357 4837 523 4906 dasypodis,
535 4834 607 4904 quod
618 4841 648 4886 et
658 4833 793 4901 proilmio
804 4833 860 4886 alri
870 4835 961 4886 mcde·
1010 4849 1103 4904 genus
1113 4843 1179 4889 ante
1188 4850 1219 4889 se
1230 4831 1357 4900 flectant,
1372 4837 1403 4888 et
1412 4830 1595 4905 suffraginum
1607 4838 1685 4884 artas
1695 4829 1724 4882 in
1736 4843 1813 4882 aver·

152 4911 211 4968 tar,
232 4906 317 4957 anius
336 4906 666 4975 utrinquedeaiatorum.
702 4904 804 4956 Mirum
826 4904 961 4956 barbaras
1011 4919 1081 4957 sum.

152 4980 262 5041 genten
274 4989 346 5043 quac
367 4975 443 5029 lacte
454 4976 557 5039 vivant,
575 4975 706 5043 ignorare
717 4981 906 5041 autspernere
917 4980 961 5025 tot
1048 4975 1103 5026 cll.
1121 4972 1237 5033 Homini
1253 4989 1343 5043 genas
1359 4979 1388 5026 et
1398 4972 1494 5025 cubita
1504 4969 1663 5024 contraria=
1684 4968 1753 5022 item
1764 4982 1811 5021 nr·

89 5090 98 5115 ,
150 5044 257 5099 secatis
270 5047 344 5105 casei
357 5046 467 5109 dotent,
488 5044 637 5097 densantes
651 5043 681 5097 id
693 5044 796 5113 alioqui
807 5045 836 5095 in
848 5058 960 5096 acorem
1011 5042 1060 5105 sis,
1082 5054 1111 5096 et
1123 5043 1268 5094 simiarum
1289 5043 1393 5113 generi,
1413 5043 1450 5095 ob
1469 5041 1498 5094 id
1520 5041 1633 5093 minime
1643 5038 1813 5107 pernicibus.

148 5115 313 5177 iucundum,
325 5123 353 5168 et
364 5116 467 5189 pingue
477 5116 629 5184 butyrum:
651 5128 750 5182 spuma
763 5112 792 5165 id
807 5120 850 5165 est
868 5113 961 5177 lactis,
1011 5112 1254 5180 Oraparientibus
1274 5111 1495 5181 quadrupedum,
1517 5108 1668 5172 crocodilo,
1690 5107 1814 5166 lacertis,

150 5185 379 5252 concretiorque,
389 5183 555 5254 quamquod
566 5196 659 5237 serum
669 5189 795 5235 roratur.
805 5182 868 5235 Non
881 5184 963 5235 omit·
1011 5180 1106 5250 priora
1126 5194 1218 5252 genua
1234 5188 1297 5249 post
1307 5188 1463 5243 curvantur,
1482 5179 1641 5248 posteriora
1650 5179 1677 5229 ln
1690 5179 1813 5244 priorem

149 5252 269 5307 tendum
280 5254 308 5307 in
321 5270 357 5307 eo
367 5255 422 5308 olei
433 5257 490 5308 viat
511 5270 583 5319 esse,
605 5259 634 5306 ct
644 5255 778 5308 barbaros
789 5268 895 5318 oannes,
916 5255 960 5309 ia·
1012 5257 1131 5319 partem.
1166 5249 1339 5305 Sanitatem
1350 5265 1432 5305 entra
1442 5250 1486 5301 bis
1498 5249 1620 5319 obliqua,
1632 5245 1744 5299 bomani
1755 5240 1815 5309 pol·

81 5364 86 5373 .
149 5322 301 5392 transque
313 5330 426 5379 nostros
438 5326 567 5394 itauagi.
1014 5318 1181 5373 licismodo.
1217 5319 1304 5374 Sicet
1315 5319 1528 5389 multipedibus,
1546 5323 1744 5438 qraeterqaam
1761 5322 1812 5381 no:

187 5393 302 5448 xcvii.
320 5393 491 5447 Lauscaseo
502 5394 617 5457 Romae,
637 5393 822 5445 nbiomaium
833 5390 961 5460 gentium
1012 5389 1128 5443 tissima
1139 5388 1314 5443 salientibus.
1349 5392 1431 5455 Ares,
1451 5395 1547 5440 utana
1569 5380 1814 5445 nurciensium

147 5463 365 5517 bastetaniam
378 5464 548 5527 iudicantur,
571 5481 586 5516 e
600 5462 760 5531 provinciis,
779 5456 962 5515 Nemausensi
1013 5463 1107 5531 priora
1118 5465 1242 5520 currant,
1252 5459 1418 5528 sulii-aglaes
1429 5460 1457 5510 in
1733 5519 1737 5528 .

145 5532 735 5607 praecipua,laesuraeiiabaliciqaepagic
754 5529 917 5593 ambreris,
929 5540 962 5581 aa
1048 5530 1116 5583 clii.
1136 5530 1263 5583 Hominis
1284 5531 1400 5608 genibug
1420 5542 1445 5576 n·
1753 5524 1814 5581 est,

144 5608 383 5659 masmotaatam
399 5604 616 5660 commendatio.
651 5599 960 5670 nectantipesgcnc·
1013 5599 1342 5667 obserratlonegentiam
1371 5598 1384 5624 ³
1785 5586 1814 5640 ‘ti
