4352 6012
283 308 315 375 (ι’.
336 306 489 369 ualuit
508 307 723 371 sanarint
749 305 911 371 NATUR.
932 306 1126 371 HISTOR.
1154 310 1237 370 Ltit.
1260 311 1457 373 XXXVii.
1484 314 1576 376 CAP.
1600 316 1725 379 ati-ts.
1767 320 1828 382 tut

174 459 200 513 si
215 459 291 513 ricta
303 472 323 512 a
336 458 454 520 maius,
472 456 649 526 antiquitatis
669 464 763 513 ιιιιιιι
776 459 896 528 pariam
913 457 979 512 rati·
1030 460 1204 529 praecellens
1215 461 1299 514 debet
1310 476 1371 515 esse
1384 461 1412 513 ιιι
1422 470 1561 530 suspecta,
1572 463 1651 517 relat
1662 456 1699 519 ex
1710 468 1827 521 carban-

174 545 254 583 nans.
289 528 431 583 Plurimae
446 526 540 579 ierunt
557 543 620 579 eam
640 536 755 595 gentess
772 527 923 595 annusgda
943 528 979 579 ai·
1030 533 1093 583 aula
1104 530 1245 599 refulgens
1256 530 1365 597 quiriani
1383 531 1412 582 ia
1426 545 1549 598 purpura
1565 533 1665 587 leniter
1681 549 1779 590 roseus
1788 539 1830 591 ιιι·

174 600 269 651 milam
280 596 356 647 indi:
374 598 483 663 Cypros
494 596 592 649 durant
612 596 767 664 glaucaque
778 597 893 666 pingui:
912 596 978 650 Per·
1029 608 1084 652 tar.
1118 601 1205 652 'l'ales
1215 600 1302 668 aliqui
1315 601 1421 655 malunt
1432 602 1600 668 paederotas
1612 605 1773 669 ιιιιιιι,ιιιι
1783 621 1833 661 en·

174 665 438 721 ιιιιιιιιιιιιιιιιιι
458 668 493 719 ab
509 665 666 721 idnueatur
685 668 824 719 nemausa.
858 667 978 719 'l'allset
1029 669 1369 734 taratanmnltilleoeris
1379 672 1610 740 &metantquad
1627 675 1831 734 maximeride·

176 734 345 803 caspiaestt
365 735 505 798 ιιιιιιιιι,
524 736 599 788 ιιιιι
610 735 847 789 Thermodontem
858 750 978 791 amnesi:
1029 741 1185 793 tardeeere
1196 747 1224 793 et
1236 740 1343 807 species
1360 750 1390 794 et
1405 742 1492 795 calos.
1528 743 1584 795 Eas
1594 757 1718 810 gemmas
1730 748 1829 818 Mago·

175 808 204 858 ia
221 802 355 871 Phrygia,
376 818 532 871 purpurea:
552 805 583 856 in
595 807 781 872 Cappadocia,
802 821 837 859 es
854 819 979 874 purpura
1031 826 1092 864 rara
1110 811 1220 863 vanitas
1239 810 1374 864 resistcre
1393 812 1523 867 ebrietati
1546 813 1701 879 promittit,
1722 823 1751 868 et
1765 818 1830 872 inde

175 872 318 953 caerulea·
334 878 421 940 atque
437 888 493 927 non
512 872 663 943 refulgent.
698 876 808 928 Amisos
820 876 978 929 indicassi·
1029 880 1197 948 appellatas.
1233 880 1383 934 Praeterea
1394 883 1420 934 si
1429 881 1525 935 Latiae
1535 897 1635 936 nomen
1648 890 1698 935 aut
1709 884 1783 939 Salis
1794 890 1833 940 in·

176 944 271 996 milam
284 944 390 1006 mittit,
411 941 570 996 Calchedon
581 943 728 999 turbidam.
764 944 819 999 sed
833 947 977 999 minuare·
1028 958 1140 1004 seratur
1150 951 1179 1002 in
1190 950 1235 1012 iis,
1247 958 1329 1018 atque
1341 952 1382 1003 ita
1395 953 1600 1019 suspendantur
1609 954 1831 1023 coilaecapillis

173 1012 380 1076 fortunatianos,
399 1027 482 1080 quarn
493 1015 643 1076 bonitates,
662 1015 846 1083 distinguere.
900 1016 979 1083 (ipti-

175 1096 315 1150 neserga,
335 1097 407 1150 quae
417 1098 555 1152 purpurae
567 1084 714 1154 quidquem
725 1084 826 1139 habeti
845 1087 978 1148 ιιιιιιιιιι,

174 1165 351 1221 quaeraaac:
372 1154 467 1216 tertia,
487 1168 559 1221 quaa
569 1154 721 1223 smaragdi.
749 1154 873 1223 Singulis
883 1162 977 1207 autem

175 1220 278 1274 Graeci
291 1222 405 1273 anetina
415 1237 451 1275 aa
462 1230 628 1290 argumenta
638 1223 751 1278 dedere.
787 1228 895 1288 Quam
904 1222 977 1290 apud

174 1304 225 1343 aas
236 1296 352 1344 vacatur
361 1291 471 1355 Borea,
489 1294 570 1348 aneio
582 1293 736 1347 autumnali
748 1295 886 1348 aretatina
899 1294 976 1345 simi·

174 1358 224 1411 lis:
242 1359 350 1415 atbaea
361 1361 491 1426 eritilla,
511 1379 584 1431 quae
595 1366 858 1418 vocaturaerinusn.
892 1362 977 1415 Simi-

175 1428 213 1482 lis
234 1435 279 1484 est
299 1436 329 1484 et
350 1431 466 1494 Surdae,
488 1435 603 1487 imitata
622 1441 651 1488 at
666 1434 765 1486 violas.
801 1432 864 1486 Non
887 1431 978 1485 minas

175 1499 281 1554 multae
292 1502 401 1568 speeies
422 1503 557 1571 reliquae,
576 1504 627 1557 sed
648 1517 744 1558 omnen
764 1504 873 1556 invitia
884 1516 980 1555 onera·

174 1568 251 1634 leae,
272 1577 323 1625 sut
340 1573 478 1640 crystassa
489 1573 608 1635 similes,
627 1574 788 1643 autmysis.
824 1575 893 1627 ltem
906 1577 978 1623 tere·

173 1639 345 1705 blathinasa,
365 1642 517 1712 improprio
537 1649 580 1708 (ιιι
591 1644 725 1708 arbitror)
736 1642 911 1712 cognomine,
921 1639 979 1693 rol·

173 1718 207 1764 at
237 1711 370 1767 emuttis
389 1714 514 1767 eiusdem
543 1715 657 1783 generis
679 1717 835 1780 composita
852 1711 977 1780 gemmis.

174 1780 363 1844 Quamobrem
373 1785 593 1851 praestantiores
604 1781 692 1837 fanda
703 1784 869 1837 clauduntur
880 1788 977 1848 paten-

173 1854 227 1912 tes,
247 1867 300 1905 nec
317 1860 511 1921 praeterquam
533 1853 673 1918 margines
693 1868 763 1905 aura
785 1851 978 1918 arripiectente.

175 1917 283 1973 Vitiata
294 1928 340 1975 est
350 1928 380 1974 et
389 1922 483 1975 brevis
495 1923 525 1973 ιιι
535 1923 571 1973 ιιι
583 1923 668 1984 nitar,
681 1930 710 1974 et
721 1922 806 1987 lange
817 1918 978 1985 splendens,

173 1995 204 2044 et
213 1990 265 2054 sal,
276 1997 305 2042 et
316 1993 490 2058 omniaquae
502 1992 529 2043 in
541 1991 652 2044 ceteris.
687 1993 724 2044 iit
734 1991 809 2042 nitra
820 1988 979 2040 adulteran-

174 2066 234 2112 ture
254 2058 332 2127 quad
341 2060 518 2114 manifestum
530 2061 570 2122 lit,
585 2075 648 2112 cum
659 2068 741 2116 extra
752 2058 892 2127 fulgorem
902 2071 979 2123 spar-

174 2136 252 2197 gant,
262 2137 347 2196 atque
357 2145 413 2181 non
424 2132 452 2181 in
463 2147 495 2183 se
505 2130 657 2184 continent.
693 2130 751 2183 Nec
762 2130 900 2188 diversae,
909 2138 978 2193 quas

174 2197 342 2268 sphragidas
354 2205 460 2259 racast,
482 2200 593 2266 publico
610 2214 780 2265 gemmarum
801 2195 925 2251 duminio
943 2195 979 2245 iis

175 2273 285 2320 tantum
298 2267 373 2330 dato,
394 2269 525 2335 quoniam
539 2268 643 2335 optime
653 2270 774 2334 signent.
809 2270 901 2319 'l'atus
912 2276 979 2315 vera

176 2338 279 2391 Oriens
290 2351 342 2404 pro
358 2338 490 2390 amuletis
507 2337 629 2389 traditur
645 2344 757 2404 gestare
772 2351 843 2396 eam,
863 2344 980 2400 quaeest

175 2407 211 2459 ιιι
221 2406 371 2475 smaragdo
382 2406 485 2459 similis
496 2414 548 2466 est,
558 2411 586 2459 et
598 2419 648 2471 par
657 2415 843 2457 transversam
856 2402 931 2453 linea
940 2399 981 2451 nl·

176 2477 213 2528 ba
224 2475 317 2531 media
328 2476 527 2544 praecingitur,
539 2481 568 2527 et
579 2475 899 2541 grammatiasnaeaturs
911 2482 981 2534 qaae

176 2547 313 2615 pluribus,
325 2544 542 2611 polygrammas.
567 2543 650 2596 Libet
659 2545 752 2596 obiter
761 2541 911 2595 vanitatem
922 2538 982 2589 ιιιιι·

178 2617 268 2684 gicero
280 2613 327 2667 hic
337 2625 447 2680 quoqne
458 2626 627 2680 coarguere,
648 2612 778 2681 quoniam
791 2611 861 2665 hunc
872 2607 982 2661 concio·

177 2684 312 2737 nantibus
327 2682 426 2735 utilem
442 2696 504 2735 esse
523 2682 715 2750 prodiderunt.
751 2683 803 2734 list
821 2687 850 2732 et
866 2676 980 2744 onychi·

178 2760 292 2823 puncta,
311 2767 382 2820 quae
399 2754 536 2819 iasponyx
550 2758 681 2805 vacatur:
700 2758 730 2805 et
745 2751 845 2803 nubem
857 2745 980 2814 cample·

177 2839 224 2886 xa,
245 2823 361 2876 etnires
376 2822 406 2874 in
425 2822 594 2874 summitate.
631 2824 685 2874 hist
706 2828 736 2874 et
755 2819 871 2873 stellata
888 2816 981 2868 rutilis

178 2893 302 2961 mactis:
322 2898 366 2947 est
378 2898 408 2945 et
424 2892 512 2945 salem
530 2891 655 2945 imitata:
675 2898 705 2944 et
720 2890 810 2942 ueluti
821 2889 897 2940 fumo
908 2883 980 2939 infe-

176 2969 238 3025 cta,
257 2977 328 3029 quae
340 2963 462 3028 capnias
472 2968 598 3015 vacatur.
633 2959 854 3030 Magnitudinem
866 2954 982 3024 iaspidis

176 3031 337 3154 qlunindecin&
351 3029 659 3153 '¹¹³⁰.¹⁸¹'t¹¹hmrlidti¹¹¹¹¹¹‘
690 3031 896 3096 formatumque
916 3023 981 3077 inde

177 3116 194 3155 e
245 3114 299 3154 sant
338 3116 433 3153 eranrs
480 3116 498 3153 a
532 3115 633 3155 mam.

213 3118 368 3225 dxxviii.
390 3170 569 3224 lieddeturet
579 3186 629 3239 per
639 3186 671 3223 se
682 3182 806 3238 ιγιιιιιιι,
826 3178 981 3219 acoamma·

178 3241 247 3295 data
261 3240 355 3308 gratia
373 3240 458 3306 paula
481 3248 547 3293 aste
568 3241 712 3293 nominato
733 3234 980 3293 caloreeneraleo.

177 3311 293 3376 Optima
304 3309 446 3376 Scythica,
468 3309 531 3362 dein
543 3311 656 3378 Cypria,
678 3314 820 3376 postrema
831 3304 981 3374 Aegyptia.

177 3376 360 3433 Adulteratur
371 3380 491 3431 nnasimc
509 3380 647 3442 tinctura,
667 3379 751 3445 idque
762 3379 792 3429 in
803 3376 896 3444 gioria
906 3373 982 3441 regis

177 3449 299 3516 Aegypti
310 3446 498 3510 adscribitur,
517 3450 563 3516 qui
581 3449 686 3514 primns
698 3462 759 3500 eam
770 3447 866 3499 tinnit.
901 3443 981 3495 llini-

102 3558 106 3563 .
179 3517 362 3571 diturautesn
375 3515 484 3569 ethaeo
497 3516 528 3568 in
544 3533 636 3572 mares
651 3517 833 3584 feminasque.
870 3516 945 3567 inest
956 3512 982 3565 ei

177 3586 332 3670 aliquanda
352 3595 382 3641 et
400 3601 501 3640 aureus
515 3588 615 3654 pulsis,
636 3602 691 3640 non
711 3587 804 3655 qualis
822 3586 851 3637 in
867 3581 980 3652 sapphi-

179 3672 258 3710 ιιιιιι.

213 3727 342 3780 XXXIX.
362 3728 392 3778 ln
404 3725 544 3846 sagphiris
562 3725 636 3780 enim
654 3740 750 3779 aarum
765 3725 876 3793 punctis
892 3720 981 3774 colla·

178 3802 223 3850 cet
244 3796 393 3850 caeruleis.

179 3866 300 3934 optimae
317 3866 393 3933 apud
407 3864 519 3919 Medos:
538 3881 674 3933 nusquam
697 3872 789 3918 tamen
811 3859 981 3930 perlucidae.

178 3935 330 3991 Praeterea
340 3937 455 3990 inutiles
466 3937 640 4004 scalpturae,
661 3934 911 3989 intervenientibus
923 3945 983 3997 cry·

178 4004 299 4058 stallinis
322 4007 435 4058 centris.
473 4006 552 4068 Quae
568 4011 634 4057 sant
653 4019 688 4056 es
698 4005 735 4056 iis
746 4004 847 4071 cyanei
868 4003 982 4061 colaris,

179 4089 270 4127 mares
280 4075 489 4145 existimantur.

215 4143 274 4195 xl..
292 4143 372 4194 Alias
388 4157 421 4193 en
441 4139 495 4194 hoe
513 4139 584 4193 orda
602 4141 749 4205 purpureis
767 4138 886 4196 dabitur,
907 4142 937 4189 et
947 4136 982 4186 ab

177 4211 236 4264 iliis
255 4208 499 4262 descendentibus.
535 4207 724 4274 Principatant
744 4203 897 4272 amethysti
910 4203 982 4256 ladi-

178 4295 228 4334 cae
239 4286 344 4331 tenent.
380 4278 435 4331 Sed
447 4279 475 4328 in
487 4278 609 4332 Arabiae
618 4292 728 4344 quoque
739 4282 829 4343 parte,
841 4287 912 4340 quae
924 4271 982 4323 lini-

178 4352 250 4402 tima
260 4348 360 4415 Syriae
374 4347 493 4400 Petraea
504 4352 630 4407 coeatur,
650 4361 679 4398 et
691 4348 718 4397 ιιι
730 4343 860 4399 Armenia
869 4343 982 4401 nninare.

179 4427 209 4473 st
220 4419 249 4471 in
261 4421 400 4486 Aegypto,
417 4416 484 4469 etin
497 4415 613 4469 Galatia
622 4417 816 4483 reperiunturr
847 4411 982 4464 sordidis·

178 4491 267 4543 ιιιιιιι
278 4493 370 4540 autem
382 4487 600 4552 vilissimaeque,
610 4487 638 4538 ιιι
650 4486 745 4539 Thaso
756 4490 785 4538 et
796 4485 899 4551 Cypra.
915 4483 983 4533 Cau·

178 4573 238 4612 sam
251 4557 370 4609 nominis
380 4556 519 4619 afferunt,
540 4554 617 4622 quad
632 4553 771 4623 usquead
787 4553 844 4604 uini
860 4551 981 4603 calorem

179 4641 233 4679 non
246 4626 384 4679 accedunt
398 4644 405 4677 ι
431 4627 509 4694 prius
520 4638 601 4693 quam
614 4627 686 4679 enim
700 4624 866 4694 degustent,
888 4623 915 4674 in
926 4621 983 4671 nia·

180 4698 236 4750 iam
248 4696 353 4767 desinit
362 4696 465 4764 fulgor.
513 4695 615 4761 Aliqua
624 4693 762 4816 signidem
774 4693 801 4745 in
812 4692 870 4744 iilis
878 4704 981 4759 purpu-

180 4782 221 4829 ra,
242 4783 297 4820 nan
308 4774 417 4819 extota
429 4769 457 4817 in
474 4765 596 4833 igneum,
616 4781 647 4817 se
678 4763 774 4817 innini
785 4762 906 4815 colorem
916 4759 982 4812 ded·

180 4837 265 4889 ciens.
283 4835 431 4890 Perlucent
442 4844 535 4899 autem
547 4849 642 4888 omnes
654 4834 779 4887 violacea
791 4831 896 4893 calare,
910 4827 982 4882 acal·

180 4906 272 4974 piaris
289 4904 401 4958 facilest
420 4905 535 4958 indicae
556 4904 715 4957 absolutam
730 4902 823 4956 felicis
843 4913 982 4969 purpurae

451 3795 648 3863 apphisoram,
672 3812 744 3864 quae
766 3809 829 3846 cum
849 3803 982 3860 purputts

1030 1018 1224 1090 cynocephali,
1235 1021 1280 1071 rei
1291 1020 1393 1087 plureis
1403 1021 1570 1084 hirundinis,
1589 1026 1721 1078 resistere
1732 1027 1833 1078 veneli-

1029 1092 1092 1143 aiis.
1127 1091 1185 1142 ιιιιι
1200 1102 1311 1157 quaque
1328 1090 1428 1143 adesse
1445 1106 1525 1160 reges
1544 1091 1673 1144 adituris.
1710 1093 1831 1147 (inandi-

1030 1174 1091 1212 nem
1102 1166 1241 1222 avertere,
1258 1160 1431 1225 etlocaslas,
1453 1162 1612 1228 precatione
1622 1162 1729 1224 addita,
1750 1177 1830 1231 qaam

1030 1230 1234 1281 demonstrant.
1268 1228 1341 1283 Nam
1357 1230 1514 1298 smaragdis
1530 1245 1638 1299 qnoque
1649 1231 1754 1285 similia
1766 1244 1830 1301 pra·

1029 1300 1139 1361 misere,
1149 1300 1174 1350 si
1186 1298 1300 1366 aquilae
1310 1301 1512 1368 scalperentur,
1526 1307 1576 1353 aat
1586 1300 1747 1355 scarabaeis
1759 1317 1831 1370 qaas

1030 1366 1142 1437 quidem
1151 1369 1299 1435 scripsisse
1320 1384 1369 1423 eas
1389 1384 1445 1422 non
1465 1373 1526 1423 sine
1545 1376 1685 1423 contemtu
1707 1371 1831 1425 etirrisa

1029 1437 1139 1506 generis
1150 1437 1264 1490 humani
1274 1439 1406 1493 arbitror.

1065 1506 1139 1558 xbt.
1158 1507 1280 1560 Multum
1300 1510 1336 1562 ab
1350 1524 1385 1561 ea
1405 1506 1491 1561 distat
1512 1505 1529 1559 h
1551 1507 1689 1572 acinthas,
1710 1515 1831 1564 tamenn

1029 1575 1122 1628 ricino
1132 1575 1312 1632 descendens.
1348 1577 1517 1630 Differentia
1528 1524 1606 1641 haec,
1618 1578 1692 1644 quod
1703 1578 1754 1632 ille
1765 1580 1831 1631 emi·

1030 1660 1097 1697 cans
1112 1645 1140 1695 in
1157 1646 1317 1714 amethysto
1339 1646 1434 1715 fulgor
1452 1646 1604 1710 violaceus,
1626 1646 1733 1701 dilutas
1743 1656 1787 1701 est
1801 1651 1830 1701 in

1030 1713 1194 1782 hyacintho.
1229 1715 1322 1769 Prima
1340 1731 1448 1784 quaqua
1463 1724 1578 1784 aspecta
1593 1723 1708 1785 miae,
1730 1732 1830 1771 ennae·

1029 1785 1085 1835 scit
1105 1792 1253 1850 antequam
1274 1786 1367 1848 satiet,
1387 1786 1514 1853 adeoque
1534 1786 1701 1854 nonianplet
1724 1787 1831 1850 oculos,

1030 1860 1161 1974 mihim
1171 1870 1225 1907 nan
1237 1857 1376 1925 attingat,
1395 1869 1569 1910 marcescens
1581 1856 1700 1909 celerius
1710 1856 1831 1909 nominis

1030 1938 1062 1973 sa
1104 1938 1162 1975 are.

1064 1992 1151 2043 xcii.
1170 1990 1349 2060 Hyacinthos
1365 1992 1513 2061 Aethiopia
1523 1994 1632 2057 mittit,
1654 1999 1683 2048 et
1694 1993 1832 2061 chrysoli-

1030 2057 1103 2122 thos,
1123 2069 1209 2113 aurea
1220 2060 1330 2127 fulgore
1340 2063 1551 2115 translucentes.
1588 2062 1834 2117 Praeferunturiis

1031 2129 1151 2191 indicae,
1173 2139 1201 2181 et
1212 2131 1235 2179 ai
1247 2131 1340 2180 ιιιιιι
1352 2145 1406 2181 nan
1418 2133 1485 2193 sint,
1504 2133 1674 2184 'l'ibaranaa
1708 2131 1832 2184 lieterri·

1031 2213 1093 2252 mae
1103 2206 1197 2251 autern
1213 2199 1362 2262 Arabiane,
1382 2202 1513 2266 quoniam
1528 2199 1733 2253 turbidaesant
1745 2208 1832 2254 etna·

1031 2269 1100 2328 rias,
1120 2273 1148 2318 et
1164 2265 1306 2332 fulgentes
1321 2269 1518 2337 interpollatae
1536 2270 1634 2321 nubilo
1650 2268 1834 2333 macularum,

1032 2337 1117 2388 etiam
1129 2349 1201 2401 qaae
1213 2336 1345 2402 limpidae
1354 2339 1518 2405 contigere,
1538 2339 1623 2390 relati
1634 2340 1717 2391 scobe
1728 2353 1780 2389 sua
1788 2354 1833 2392 re·

1033 2405 1133 2457 fartae.
1170 2404 1299 2469 optimae
1313 2420 1381 2457 vero
1396 2415 1475 2468 sunt,
1494 2420 1564 2472 quae
1576 2408 1604 2458 in
1617 2406 1771 2460 collatione
1783 2423 1833 2461 aa·

1032 2488 1094 2524 rum
1107 2471 1229 2525 albicare
1248 2471 1366 2539 quadam
1378 2473 1488 2543 argenti
1501 2474 1574 2527 facie
1585 2480 1698 2540 cogunt.
1733 2475 1834 2528 Funda

1033 2541 1213 2664 irln'clladnatur
1239 2542 1411 2610 perspicuae.
1449 2542 1557 2595 Ceteris
1583 2542 1735 2597 subiicitur
1760 2545 1834 2598 auri·

1033 2625 1169 2664 cacum.

1068 2680 1167 2733 xtuli
1186 2679 1341 2732 ιιιιιιιιιιι
1355 2686 1486 2747 summes
1502 2694 1755 2749 gemmarnmnsn,
1788 2697 1834 2751 ap-

1034 2751 1177 2818 pellantur
1186 2749 1274 2816 aliqui
1291 2748 1534 2816 etchryselectri,
1554 2751 1582 2803 in
1599 2750 1722 2803 calorem
1734 2750 1835 2804 electri

1034 2820 1215 2881 declinantes,
1230 2819 1367 2871 matutina
1379 2826 1486 2871 tanturn
1498 2826 1612 2886 aspectu
1623 2819 1748 2873 iucundi.
1766 2819 1835 2873 l’an·

1033 2892 1103 2942 tiens
1125 2888 1307 2955 deprehendit
1327 2889 1436 2942 lenitas.
1477 2890 1619 2953 Quaedam
1640 2890 1669 2941 in
1690 2889 1726 2943 iis
1746 2889 1833 2944 durae

1033 2966 1097 3011 aunt
1116 2956 1414 3028 rufasque,qnnedam
1436 2957 1729 3019 mollesetsordidae.
1763 2960 1835 3011 Boo

1034 3027 1101 3081 chus
1112 3035 1210 3082 auctor
1220 3034 1271 3089 ιιι,
1283 3029 1350 3081 etin
1361 3028 1498 3095 Hispania
1509 3035 1643 3096 repertae,
1664 3042 1719 3096 quo
1729 3028 1759 3081 in
1771 3030 1834 3083 loca

1034 3098 1198 3167 crystallum
1216 3098 1286 3150 dicit
1306 3099 1342 3151 ad
1363 3098 1559 3153 libramentum
1577 3110 1667 3166 aquae
1683 3098 1775 3181 puteis
1788 3097 1834 3152 de·

1032 3162 1833 3306 autistiti,tltiziltliiflltitiniitit:

1034 3308 1071 3360 da
1080 3323 1158 3359 rena.
1193 3305 1265 3359 Sunt
1279 3307 1308 3358 ιιι
1322 3305 1375 3360 hoc
1386 3321 1488 3376 genere
1500 3309 1624 3374 capniae.
1660 3306 1731 3357 Sunt
1742 3313 1771 3358 et
1791 3305 1833 3357 ri·

1032 3379 1103 3430 treis
1113 3375 1231 3438 similes,
1251 3377 1338 3428 relati
1349 3392 1432 3428 eroco
1444 3375 1624 3444 refulgentes.
1661 3375 1754 3428 Vitrei
1767 3388 1834 3427 sero

1032 3454 1065 3499 nt
1077 3448 1136 3498 uisu
1146 3446 1267 3499 discerni
1279 3460 1333 3498 nan
1344 3445 1460 3513 possint,
1470 3452 1563 3498 tactus
1575 3442 1773 3512 deprehendit,
1792 3449 1834 3497 te·

1034 3518 1127 3585 pidior
1137 3517 1166 3567 in
1179 3515 1286 3568 uitreis.

1068 3585 1155 3639 XLV.
1174 3586 1204 3636 ln
1216 3583 1315 3637 eodem
1328 3599 1430 3653 genere
1441 3589 1506 3635 sunt
1516 3580 1688 3650 melichrysi,
1699 3580 1745 3649 qai
1757 3580 1833 3633 reia·

1034 3656 1057 3707 ti
1069 3670 1119 3722 per
1129 3669 1225 3705 aarum
1243 3656 1351 3707 sincero
1367 3653 1450 3706 melle
1464 3651 1645 3706 translucent.
1680 3650 1742 3702 iias
1756 3649 1836 3702 lndia

1034 3727 1129 3785 mittit,
1149 3738 1304 3791 quanquam
1323 3724 1351 3774 in
1362 3723 1468 3775 duritia
1488 3721 1613 3790 fragiles.
1648 3717 1787 3772 lneaden
1808 3727 1836 3769 et

1034 3791 1145 3853 xanthi,
1157 3792 1267 3858 plebeia
1277 3793 1315 3844 ibi
1326 3807 1444 3861 gemma.

1072 3862 1170 3915 XLVl.
1189 3863 1373 3915 candidarum
1385 3863 1441 3913 dun
1453 3867 1496 3914 est
1508 3859 1658 3927 paederos:
1678 3871 1835 3927 quanquam

1035 3939 1129 4000 potest
1140 3934 1249 3998 quaeri,
1269 3932 1343 3984 enin
1361 3931 1457 3984 calare
1471 3930 1609 3983 numerari
1621 3928 1731 3990 debeat,
1751 3929 1837 3977 toties

1034 4003 1131 4055 lactati
1142 4015 1191 4068 per
1204 4002 1311 4053 alienas
1326 4000 1544 4068 pulchritudines
1555 3996 1684 4049 nominis:
1708 3995 1779 4046 adea
1791 3995 1835 4046 de-

1034 4072 1108 4124 coris
1127 4071 1323 4138 praerogativa
1345 4070 1371 4120 ιιι
1393 4068 1529 4120 vocabula
1551 4066 1626 4149 lacta
1647 4069 1698 4115 est·
1737 4061 1787 4112 Est
1807 4069 1835 4112 et

1034 4154 1113 4259 uu
1126 4131 1836 4281 attinueruntannurtiant

1034 4276 1173 4341 simulque
1191 4289 1321 4341 purpura,
1339 4281 1368 4327 et
1389 4273 1502 4340 qnidam
1521 4271 1579 4324 nini
1597 4285 1631 4322 ae
1653 4283 1729 4321 croci
1752 4273 1836 4326 nitor,

1035 4358 1145 4412 seniper
1156 4350 1296 4396 extremus
1307 4344 1334 4395 ιιι
1345 4345 1419 4395 visu:
1441 4341 1490 4394 sed
1503 4354 1628 4408 purpura
1637 4343 1795 4399 coronatus,
1807 4345 1835 4389 et

1035 4414 1078 4467 his
1090 4413 1195 4482 pariter
1205 4414 1341 4466 omnibus.
1379 4412 1437 4465 Nec
1448 4424 1618 4479 gemmarum
1631 4408 1691 4461 ulla
1701 4414 1744 4460 ast
1754 4406 1835 4473 liqui·

1034 4485 1106 4546 dior,
1127 4481 1214 4549 captis
1226 4482 1481 4536 iucundaranitate
1492 4480 1590 4532 oculis.
1627 4476 1836 4530 Laudatissima

1035 4555 1115 4608 estin
1128 4551 1216 4615 lodis,
1238 4552 1313 4620 apud
1324 4567 1393 4621 quas
1410 4554 1669 4619 aagenonracatur.
1705 4546 1836 4599 Proxima

1035 4621 1109 4692 apud
1128 4623 1305 4689 Aegyptias,
1324 4623 1371 4674 ubi
1393 4623 1516 4673 Tanites.
1552 4617 1651 4670 Tertia
1669 4617 1699 4669 in
1721 4616 1835 4678 Arabia,

1033 4708 1129 4747 reram
1144 4692 1252 4744 scabra.
1288 4690 1407 4744 Mallius
1424 4691 1516 4742 radiat
1531 4687 1647 4739 Pontica
1663 4692 1691 4738 ιι
1702 4686 1834 4737 ιιιιιιιιι.

1035 4765 1114 4831 ipsae
1133 4775 1200 4813 nero
1219 4760 1366 4814 molliores
1377 4768 1441 4813 sarit
1452 4760 1590 4821 Galatica,
1611 4763 1639 4811 et
1655 4753 1785 4815 Thracia.
1806 4761 1834 4806 ti

1035 4833 1148 4903 Cypria.
1184 4830 1261 4884 Vitia
1281 4846 1379 4885 earum
1394 4830 1522 4896 languor,
1540 4834 1589 4881 nat
1608 4824 1704 4879 alienis
1726 4823 1834 4876 turbari

1034 4902 1186 4963 coloribus,
1195 4908 1225 4953 et
1239 4915 1311 4968 quse
1322 4909 1488 4954 ceterarum.

180 4974 304 5028 calorem
326 4976 445 5027 habent:
465 4975 500 5026 ad
523 4974 648 5042 hancque
670 4975 834 5041 tingentium
856 4970 983 5022 oilicinae
1071 4971 1184 5024 vali.
1202 4971 1332 5023 Pennana
1342 4968 1548 5021 candicantium
1561 4963 1741 5047 ιιιιιιιιιιι,
1762 4961 1835 5030 prin·

180 5044 393 5110 dirigantnata.
429 5045 561 5097 Fundani
577 5052 744 5100 autemeam
755 5041 984 5108 aspectulcniter
1035 5045 1156 5111 cipetum
1169 5041 1272 5095 trabem
1283 5039 1456 5107 proprietate
1466 5044 1592 5097 naturae,
1613 5034 1688 5103 quod
1698 5032 1832 5085 inclusam

180 5113 329 5168 blandum:
348 5129 436 5181 neque
447 5116 475 5167 in
486 5114 605 5177 oeulos,
622 5121 655 5165 ut
666 5111 844 5171 carbunculi,
862 5111 982 5161 vibrant.
1035 5114 1125 5166 lucens
1136 5110 1270 5178 »pupiilae
1285 5109 1368 5161 modo
1385 5107 1521 5176 quandam
1540 5105 1674 5165 ιοιιιιιιιι,
1695 5118 1728 5154 ιιι
1748 5108 1834 5149 trana-

179 5184 305 5236 Alterum
316 5198 411 5236 ιιιιιιιι
421 5182 658 5251 genusdesoendit
669 5184 703 5235 ad
715 5178 889 5250 hyacinthos.
901 5180 984 5231 lianc
1034 5180 1127 5236 funda
1146 5197 1207 5232 enm
1228 5180 1432 5239 inclinatione,
1457 5176 1534 5229 velat
1552 5177 1625 5228 intus
1647 5168 1832 5247 ambulantem

180 5254 306 5306 colorem
316 5251 378 5304 lndi
393 5267 478 5305 sacen
493 5259 615 5316 nonant,
636 5253 777 5320 telennqae
792 5263 930 5319 gemmam
940 5262 983 5299 sa·
1034 5267 1069 5306 es
1081 5250 1139 5303 alio
1149 5248 1300 5318 atquealia
1311 5249 1375 5301 loca
1385 5246 1513 5307 ιιιιιιιιιι,
1530 5246 1681 5309 cadensque
1692 5241 1834 5315 contraria

179 5323 309 5375 candian.
348 5320 583 5376 Dilutioreadem
599 5328 894 5389 stanpenaerocntar.
930 5319 984 5371 liu·
1035 5321 1097 5376 Soli
1107 5334 1239 5387 regerens
1250 5318 1427 5372 candicantes
1439 5316 1544 5377 radios,
1563 5312 1637 5364 ande
1649 5320 1747 5359 samen
1759 5319 1832 5384 inne-

178 5393 243 5444 dem
255 5389 451 5443 etPharanitis
463 5392 492 5443 in
504 5392 677 5444 contermina
687 5390 814 5451 Arabiae,
833 5388 925 5456 gentis
935 5402 984 5439 aa·
1034 5392 1096 5454 nit,
1111 5389 1236 5442 difficilis
1251 5387 1289 5441 ad
1298 5386 1472 5441 caelandum.
1507 5383 1618 5439 indicae
1636 5374 1793 5445 praefertur
1804 5387 1834 5423 Ν·

179 5463 264 5513 mine.
301 5460 436 5521 Quartum
456 5474 542 5527 genus
559 5461 681 5513 calaresa
702 5461 758 5513 nini
769 5457 862 5512 habet.
880 5458 983 5522 .Qain-
1035 5460 1183 5514 Carmania
1194 5466 1270 5511 nats.
1815 5512 1822 5525 ,

177 5536 240 5582 ’.ιιι
253 5527 288 5582 ad
299 5530 431 5580 viciniam
444 5528 574 5595 crystalli
591 5530 747 5593 deseendit,
769 5529 909 5582 albionate
919 5541 983 5595 par·
1068 5529 1193 5583 XLVlll.
1206 5528 1344 5581 Similiter
1353 5524 1472 5579 candida
1481 5528 1533 5600 est,
1545 5530 1616 5584 quat
1626 5519 1742 5596 rotatu!
1754 5519 1834 5565 aflin-

214 5614 267 5651 'aa
288 5597 408 5651 defectu.
445 5598 507 5650 llac
527 5604 556 5649 et
575 5601 689 5653 minime
709 5601 854 5667 probatur,
871 5595 983 5665 quanda
1035 5616 1076 5663 as,
1095 5598 1231 5667 crystalio
1243 5599 1408 5665 propinqua,
1426 5594 1455 5645 in
1466 5588 1548 5644 indta
1559 5597 1682 5646 nucenb
1693 5589 1761 5657 ‘31¹¹
1774 5580 1835 5633 9⁸¹²
