4340 6018
280 307 316 375 c.
358 313 506 377 roim!
548 307 754 375 sacuam
797 302 964 375 harda
1008 313 1195 377 maroa„
1239 313 1408 375 simvl„
1453 314 1681 379 caesnas.
1778 330 1811 384 ao

150 470 280 535 colasque
291 464 486 549 Palaeogonos
497 460 717 531 appellarhauri
727 457 959 530 margaritarum·
1010 478 1089 518 esse:
1109 466 1345 550 colillarculemr
1366 463 1540 589 eliffllregern
1551 481 1570 520 s
1583 469 1689 551 popqu
1704 481 1815 525 senecm

149 552 200 607 qna
212 536 362 607 grandium
373 534 535 595 fertiliores,
544 548 627 600 quam
638 532 730 585 ludos.
759 530 960 586 Eratosthenes
1010 532 1399 603 clementiaque,hberosnon
1432 535 1575 590 abentemr
1588 542 1653 590 etsr
1666 543 1814 610 posteagi·

150 625 177 663 er
188 620 346 660 mensuram
357 603 492 672 prodidit,
503 601 691 671 longitudinis
701 602 752 657 vii
760 601 801 654 Μ.
811 602 884 655 stad.
896 601 960 654 lati·
1010 609 1086 669 goat,
1096 604 1229 669 abdicari,
1240 622 1275 658 nc
1286 607 1336 658 dat
1347 605 1546 660 hereditarium
1557 621 1682 676 regnum.
1719 611 1813 663 Recto·

152 677 253 732 tudinis
264 676 385 744 quinque
397 674 436 725 Μ.
448 687 499 726 nec
509 673 592 725 urbas
602 687 675 737 esse,
694 671 744 725 aad
759 671 835 725 vicos
855 671 959 739 septin·
1010 686 1056 724 res
1067 672 1237 739 elapopulu
1246 675 1326 727 XXX
1337 675 1417 730 dari:
1439 692 1490 730 nee
1501 678 1555 729 nisi
1567 677 1686 745 plurium
1707 687 1815 732 senten·
1913 696 1917 711 ⁸

150 756 258 816 gentos.
295 745 397 812 incipit
406 743 441 796 ab
453 744 515 796 lioo
526 741 607 806 mari,
624 743 700 795 inter
711 748 804 795 ortum
815 756 957 795 occasum·
1010 742 1052 794 tia
1061 756 1216 808 quenquam
1227 744 1327 812 capitis
1338 745 1481 799 damnari:
1502 747 1547 799 sic
1565 762 1675 815 quoque
1694 750 1814 816 appella·

150 813 396 885 qucSolislndiae
409 818 608 880 praetenta‚et
624 812 762 879 quondam
775 812 885 865 credita
905 809 959 865 ΧΧ
1010 811 1115 864 tionem
1126 826 1188 864 esse
1200 811 1235 863 ad
1248 813 1398 880 populum:
1419 816 1497 868 Lxx
1511 817 1619 870 iudices
1638 818 1714 870 daris
1734 819 1759 870 si
1781 821 1813 869 li·

150 888 256 939 dierum
268 884 449 952 nauigatione
460 897 477 934 a
488 881 622 936 Prasiana
637 889 721 950 gente
736 882 860 1003 distensa:
883 894 958 943 mox,
1009 881 1106 934 herent
1115 880 1137 932 ii
1145 895 1233 943 reum,
1255 882 1374 949 amplius
1385 886 1517 953 triginta,
1537 889 1573 940 iis
1583 887 1686 940 nullam
1698 902 1759 941 esse
1771 888 1813 941 di·
1861 942 1866 951 ,

148 957 214 1025 quia
224 953 392 1025 papyraceis
403 955 528 1014 naribus,
540 952 718 1004 armamentis
738 968 772 1004 ue
781 952 817 1004 hii
830 951 839 1003 i
851 958 958 1020 petere·

150 1038 201 1088 tur,
210 1026 247 1078 ad
260 1030 419 1076 normarum
431 1036 541 1075 narrum
552 1035 663 1084 cursus,
685 1022 721 1075 Vl
756 1021 958 1074 dieruminter·
1007 968 1110 1089 istiu,
1130 1021 1232 1073 ceteris
1241 1021 1372 1075 Arabum.
1406 1022 1526 1091 Regem,
1545 1028 1647 1095 siquid
1664 1027 1815 1095 delinquat,

150 1096 224 1153 talio
236 1100 343 1147 taxato.
372 1093 453 1145 Mare
463 1091 581 1144 interest
590 1088 740 1155 vadosum,
750 1092 824 1144 senis
836 1107 890 1143 non
902 1105 958 1142 am·
1008 1099 1099 1153 morte
1110 1089 1234 1154 multari,
1244 1090 1320 1142 nullo
1332 1088 1523 1157 interimente,
1543 1097 1734 1151 aversantibus
1745 1113 1811 1150 cun.

149 1166 222 1232 plius
233 1162 394 1217 altitudinis
405 1163 550 1229 passibus,
572 1159 622 1214 sed
644 1161 729 1213 certis
749 1161 895 1214 canalibus
916 1160 958 1212 ita
1009 1162 1073 1226 etis,
1084 1168 1113 1213 et
1123 1163 1289 1213 commercia
1299 1162 1382 1213 etiam
1393 1163 1532 1214 sermonis
1547 1168 1723 1233 negantibus.
1760 1169 1812 1221 Fe·

149 1234 328 1303 profundum,
339 1239 372 1284 ut
383 1232 478 1285 nullae
488 1245 609 1284 ancorae
620 1229 729 1281 sidant:
752 1230 788 1282 ob
799 1231 827 1282 id
839 1230 956 1282 naribus
1007 1237 1053 1284 sta
1063 1231 1210 1283 venatione
1220 1229 1543 1298 absumirgratissimam
1557 1249 1617 1285 eam
1630 1231 1748 1304 tigrib'us
1758 1238 1813 1293 ele·
1919 1288 1924 1297 ,

149 1306 278 1371 utrinque
288 1317 396 1370 prorae,
418 1317 452 1355 ne
465 1316 515 1369 par
524 1292 667 1369 angustias
678 1301 750 1352 aluei
761 1299 911 1369 circumagi
920 1299 958 1350 sit
1007 1300 1173 1369 phantisqua
1195 1305 1333 1353 constare.
1368 1299 1457 1367 Agros
1479 1299 1631 1370 diligenter
1651 1297 1726 1358 coli:
1747 1308 1813 1359 vitis

149 1389 273 1428 neceme.
309 1371 477 1440 Magnitudo
488 1372 523 1424 ad
535 1369 712 1423 ternamillia
723 1369 895 1437 amphoram.
915 1368 957 1421 Sl·
1006 1386 1087 1423 nsum
1098 1386 1153 1422 non
1164 1386 1235 1432 esse,
1254 1370 1343 1438 pomis
1354 1368 1506 1421 abundare.
1544 1371 1849 1442 usmetrnphestuf

149 1442 289 1497 der-umis
305 1442 462 1511 navigando
483 1441 561 1493 nulla
580 1439 751 1493 observatio.
784 1437 955 1509 §eptemtrio
1006 1439 1191 1506 voluptatem,
1209 1439 1380 1492 testudinum
1392 1440 1521 1500 manime,
1538 1447 1811 1511 quarumsuperllcle

106 1544 111 1557 .
149 1531 205 1583 non
217 1513 356 1565 cernitur:
378 1512 427 1565 sed
439 1500 566 1563 iolucres
576 1524 669 1562 aecum
687 1508 805 1572 uehunt,
826 1504 956 1561 emitten-
1007 1509 1131 1564 familias
1142 1509 1325 1562 habitantium
1337 1511 1466 1579 contegi:
1485 1516 1565 1562 tanta
1577 1513 1695 1577 reperiri
1704 1516 1811 1583 magni·

148 1578 619 1650 tessaepius‚meatumqueearum
632 1585 734 1632 terram
746 1580 898 1647 petentium
910 1593 956 1631 co·
1006 1578 1112 1633 tudine.
1157 1578 1251 1632 Vitam
1272 1578 1414 1632 hominum
1436 1586 1546 1633 centuni
1567 1580 1646 1633 annis
1666 1582 1812 1637 modicam.

150 1655 292 1705 irritantur.
328 1650 387 1704 Nee
397 1651 459 1718 plus
470 1651 611 1719 quaternis
628 1648 767 1702 mensibus
789 1664 861 1702 anno
882 1648 957 1701 nari·
1005 1651 1086 1703 ilaec
1097 1657 1242 1716 comperta
1253 1649 1288 1701 de
1299 1650 1475 1717 Taprobane.

148 1734 226 1789 gant.
264 1723 369 1775 carent
380 1736 397 1773 a
408 1720 531 1774 solstitio
541 1720 663 1773 maxime
674 1726 783 1773 centum
798 1718 875 1782 dies,
895 1724 954 1771 tum
1040 1717 1130 1772 XXV.
1149 1720 1275 1783 Quatuor
1285 1716 1436 1788 satrapiae,
1447 1734 1515 1787 quas
1525 1722 1553 1772 in
1566 1719 1639 1772 hunc
1654 1719 1746 1773 locum
1758 1722 1812 1775 dis-

149 1793 200 1844 illo
212 1791 282 1842 mari
293 1790 419 1844 hiberno.
1004 1789 1138 1853 tulimus,
1160 1789 1202 1841 ita
1212 1787 1364 1842 schabest.
1402 1791 1422 1841 A
1440 1790 1575 1857 proximis
1586 1789 1653 1842 lndo
1675 1791 1813 1858 gentibus,

182 1861 471 1928 Hactenusapriseis
493 1865 664 1913 memorata:
689 1857 770 1912 nobis
791 1856 956 1925 diligentior
1005 1865 1147 1912 montana.
1183 1859 1713 1928 CapissenehahuitCapissamorbent,
1731 1875 1813 1928 quam

148 1932 248 1983 notitia
259 1928 370 1982 Claudii
381 1929 536 1996 principatu
548 1929 683 1999 contigit,
702 1926 805 1996 legatis
825 1929 909 1979 etiarn
920 1942 955 1980 ex
1004 1930 1094 1982 diruit
1103 1931 1201 1997 cyrus.
1219 1927 1374 1981 Arachosia
1386 1943 1448 1980 cum
1461 1930 1565 1999 oppido
1577 1936 1606 1982 et
1617 1928 1730 1982 llumine
1741 1932 1814 1984 eius·

94 2032 99 2045 ·
147 2000 383 2055 insulaadractis.
418 1997 741 2052 idaccidirhocmodn=
762 1996 956 2051 AnniiPloca·
1004 1997 1416 2067 demnominis,quodquidam
1429 1999 1815 2069 Cephendixeremdemira·

146 2073 193 2132 mi,
202 2072 251 2138 qui
262 2070 348 2123 maris
359 2070 447 2122 liubri
459 2069 681 2136 uectigalatisco
693 2067 859 2131 redemerat,
872 2068 955 2121 liber·
1006 2069 1245 2124 mideconditum.
1281 2069 1377 2121 Amnis
1394 2062 1816 2136 ErynranthuipraetluensPa·
1896 2084 1901 2093 ’

146 2150 192 2193 tus
201 2141 277 2193 circa
283 2140 415 2193 Arabiam
425 2141 568 2207 navigans,
576 2138 758 2206 Aquilonibus
768 2146 865 2206 raptus
876 2153 956 2204 prae·
1005 2140 1135 2193 rabasten
1145 2138 1372 2192 Arachosiorum.
1408 2138 1557 2191 Proximos
1568 2139 1602 2190 iis
1613 2154 1631 2191 a
1642 2140 1760 2194 meridie
1779 2141 1815 2193 ad

146 2220 189 2262 ter
200 2210 387 2271 Carmaniam,
406 2208 459 2262 XV
476 2208 521 2261 dic
533 2208 676 2275 Hippuros
687 2214 797 2275 portum
809 2209 869 2262 eius
881 2210 955 2261 inre·
1006 2218 1114 2277 partern
1126 2206 1325 2262 Arachotarum
1338 2207 1445 2261 faciunt
1457 2208 1612 2271 Gedrusos,
1627 2216 1657 2261 et
1668 2218 1814 2277 aseptem·

144 2290 220 2342 ctus,
231 2278 363 2348 hospitali
374 2279 449 2347 regis
460 2278 610 2330 clementia
621 2292 670 2331 sex
681 2279 816 2331 mensium
829 2288 955 2346 tempore
1005 2280 1097 2332 trione
1109 2278 1339 2345 Paropemlsndns
1351 2296 1358 2330 r
1377 2281 1499 2331 Cartarm
1510 2278 1640 2347 oppidrmr
1650 2279 1702 2331 sub
1714 2282 1815 2333 Cauca·

144 2348 267 2401 imbutus
278 2349 417 2415 alloquio,
428 2348 601 2416 percontanti
612 2354 712 2416 postea
721 2350 844 2401 narrarit
856 2351 955 2401 Roma·
1006 2364 1047 2412 so,
1068 2347 1142 2416 quod
1153 2356 1251 2417 postea
1262 2349 1432 2417 Tetragonis
1444 2348 1558 2401 dictum.
1595 2350 1674 2401 Haec
1684 2347 1762 2419 regio
1774 2358 1816 2403 cst

143 2435 195 2471 nos
207 2428 236 2472 et
247 2421 406 2472 Caesarem.
442 2418 543 2470 Mirum
555 2419 583 2469 in
594 2418 706 2470 modum
717 2419 744 2471 in
757 2419 861 2471 auditis
877 2419 955 2469 iusti·
1006 2435 1040 2471 ax
1051 2421 1178 2471 adverso.
1213 2419 1428 2471 Bactrianorum
1447 2418 1564 2481 deinde,
1583 2420 1662 2471 ouius
1684 2420 1815 2487 oppidum

143 2489 211 2540 tiam
224 2489 274 2541 ille
284 2488 421 2556 suspexit,
432 2487 505 2554 quod
517 2502 597 2554 pares
609 2487 731 2555 pondere
741 2490 852 2541 denarii
862 2494 955 2539 essent
1005 2487 1186 2552 Alexandria,
1196 2503 1214 2540 a
1224 2488 1371 2541 conditore
1382 2487 1494 2539 dietum.
1530 2487 1681 2556 Syndraci,
1704 2490 1815 2558 Danga-

139 2560 169 2610 in
181 2559 295 2625 captiva
306 2557 432 2624 pecunia,
443 2572 505 2607 cum
516 2557 643 2611 diversae
653 2557 787 2626 imagines
798 2558 956 2611 indicarent
1006 2558 1059 2617 lae,
1069 2557 1225 2625 Parapiani,
1246 2559 1391 2617 cantares,
1412 2557 1495 2609 Mani.
1531 2558 1572 2610 Ad
1585 2559 1746 2620 Caucasum,
1765 2560 1815 2611 co-

140 2628 297 2697 epluribus
308 2626 408 2682 iactos.
433 2627 470 2679 Iit
478 2624 532 2679 hoc
543 2630 663 2680 nrasime
673 2627 830 2679 solicitatur
841 2625 877 2677 ad
888 2625 955 2677 ami·
1008 2625 1085 2676 drusi
1098 2644 1105 2676 r
1129 2627 1260 2693 oppidum
1272 2626 1307 2677 ab
1319 2625 1477 2678 Alexandro
1488 2626 1642 2677 conditum.

139 2700 250 2763 citiam,
272 2701 383 2767 legatos
403 2704 523 2764 quatuor
542 2696 628 2757 misit,
651 2696 776 2763 principe
792 2710 888 2748 eorum
901 2696 955 2746 lia-
1043 2693 1118 2746 inira
1129 2693 1196 2747 haec
1208 2695 1313 2756 omnia,
1334 2709 1384 2745 ora
1395 2695 1430 2745 ab
1441 2693 1529 2744 lndor
1549 2694 1653 2747 Ariana
1669 2697 1749 2762 regio
1761 2710 1816 2748 am·

137 2769 217 2821 chia.
255 2768 344 2819 liniis
355 2768 510 2836 cognitum,
530 2764 628 2818 Desss
641 2765 752 2832 oppida,
770 2770 881 2831 portum
892 2779 955 2816 coo·
1006 2765 1091 2816 busta
1102 2763 1268 2825 fervoribus,
1289 2763 1462 2829 desertisque
1473 2762 1658 2826 circumdata,
1677 2764 1765 2815 multa
1776 2772 1816 2816 ta·

135 2846 190 2889 tra
220 2836 386 2898 meridiem,
416 2834 573 2902 appositum
602 2834 704 2902 oppido
731 2833 955 2897 Palaesimundo,
1007 2850 1069 2886 men
1087 2832 1223 2885 interfusa
1239 2832 1401 2899 opacitate:
1423 2833 1546 2885 cultores
1566 2841 1720 2903 congregat
1741 2835 1817 2887 circa

136 2905 270 2959 omnium
281 2904 319 2956 ibi
333 2904 546 2987 clarissimo,nc
558 2907 635 2972 regia
651 2906 694 2956 CC
707 2903 746 2956 Μ.
758 2903 857 2972 plebis.
893 2903 954 2956 Sta·
1007 2901 1691 2986 euosmaximefluvios,x‘onuononntmosapen.
1729 2904 1814 2973 Oppi-

138 2972 827 3109 iiiillhlltiltPihlihletiilil
840 2973 955 3095 “eiii
1007 2972 1483 3095 lirnitiidiniiltiidi’
1515 2972 1814 3108 “laetititiae

140 3114 215 3164 duos
226 3126 321 3164 amnes
333 3125 478 3176 erumpere
490 3128 496 3161 ι
517 3109 777 3174 Palaesimundum,
785 3112 865 3161 iuxta
876 3112 954 3176 oppi·
1006 3112 1094 3173 XXX,
1104 3111 1247 3175 multoque
1260 3109 1412 3175 pulchrius,
1424 3109 1497 3162 sicut
1509 3110 1566 3160 anti
1588 3112 1657 3171 rrius,
1669 3113 1814 3163 Artacabe-

142 3183 210 3233 dum
222 3180 346 3233 eiusdem
359 3179 494 3241 nominis,
514 3176 713 3232 induentemin
729 3186 842 3246 portum
864 3180 953 3230 trihus
1005 3125 1813 3248 ne,iterumabAntiochomunitummtadLDoriscr‘gens.

143 3252 245 3313 sireis,
256 3250 377 3319 quinque
387 3247 541 3301 stadiorum
552 3248 721 3310 arctissimo,
740 3246 794 3300 XV
813 3248 951 3316 amplissi-
1005 3254 1125 3302 Amnes:
1146 3246 1338 3309 Pharnacotis,
1348 3246 1505 3314 Ophradus.
1541 3246 1727 3314 Prophthasia
1739 3252 1815 3318 oppi-

144 3336 210 3372 mo:
232 3320 353 3372 alterum
363 3318 400 3371 ad
419 3319 635 3384 septemtriones
651 3317 814 3386 indiamque
832 3312 953 3382 nerium,
1005 3320 1069 3371 dum
1082 3317 1295 3384 Zariasparum:
1317 3315 1463 3436 Dranfae,
1475 3317 1647 3384 Evergetae,
1658 3318 1813 3385 Zarangae,

144 3389 389 3457 Cydaranomine.
424 3387 584 3440 Proximum
603 3402 664 3441 asse
680 3387 775 3442 lndlae
793 3395 952 3455 promonto·
1006 3388 1136 3440 Gedrusi.
1156 3386 1281 3453 Oppidar
1303 3384 1664 3454 Peucoeis,1,ynpbonn=
1679 3386 1813 3440 hlotheri·

145 3462 225 3521 mum,
237 3457 311 3526 quad
322 3463 440 3510 vocetur
451 3459 602 3521 Coliacum,
612 3457 756 3524 quatridui
767 3457 954 3526 navigatione,
1007 3468 1101 3509 corum
1111 3457 1260 3509 desertum.
1270 3455 1366 3508 Amnis
1372 3456 1493 3507 Mansio:
1503 3455 1650 3526 Augutturi
1662 3471 1739 3525 gens.
1750 3457 1814 3509 Flu·

145 3530 239 3580 medio
249 3529 276 3579 in
288 3542 371 3581 cursu
383 3525 459 3580 Solis
470 3528 561 3581 insula
571 3532 745 3581 occurrente.
780 3528 860 3580 Mare
870 3526 897 3578 id
908 3541 954 3579 eo·
1007 3542 1068 3579 meu
1082 3528 1172 3578 Borru
1183 3544 1189 3576 ε
1202 3540 1269 3593 gens
1279 3525 1357 3578 Urbi.
1381 3525 1497 3583 Flumen
1509 3524 1664 3595 navigabile
1675 3525 1814 3579 Pomanus

146 3599 205 3650 lore
217 3597 356 3666 perviridi,
366 3604 515 3663 praeterea
526 3597 689 3651 fruticosum
701 3596 862 3659 arboribus,
873 3597 954 3648 iubas
1006 3595 1163 3648 Pandarum
1177 3596 1286 3647 linibus.
1296 3595 1365 3647 item
1372 3593 1655 3659 cabirusSuarorum,
1663 3595 1739 3647 ostio
1751 3610 1815 3663 por·

145 3683 238 3719 earum
263 3667 461 3736 gubernaculis
488 3666 688 3721 deterentibus.
734 3666 953 3734 Septemtriones
1006 3673 1112 3717 tunsus.
1149 3664 1286 3732 Oppidum
1299 3664 1522 3786 Condiframma.
1557 3664 1671 3718 Flumen
1695 3665 1813 3734 Cophes.

145 3736 341 3806 Vergiliosque
352 3737 427 3805 apud
437 3752 498 3800 nos,
517 3738 607 3790 veluti
617 3751 688 3788 novo
699 3736 794 3798 caclo,
815 3737 954 3788 miraban·
1007 3734 1129 3787 influunt
1141 3737 1169 3787 in
1182 3749 1244 3788 eum
1256 3735 1387 3804 narigabi
1400 3737 1428 3788 ie
1439 3734 1572 3799 Sadarus,
1592 3734 1741 3805 Parospus,
1764 3736 1813 3791 So·

145 3816 200 3858 tur.
237 3807 280 3859 Ne
291 3806 401 3859 Lunam
412 3807 522 3875 quidem
535 3807 607 3875 apud
621 3809 714 3873 ipsos,
734 3807 786 3857 nisi
799 3805 834 3857 ab
853 3813 953 3859 oetara
1006 3805 1098 3857 dinus.

146 3875 257 3928 adliVl
269 3891 354 3943 supra
365 3884 469 3929 terram
481 3876 586 3945 adspici
596 3875 727 3931 latentes.
756 3876 952 3943 Canopumlu-
1039 3875 1158 3927 Arianae
1168 3878 1275 3941 partem
1287 3888 1348 3926 asse
1358 3872 1473 3926 Daritin
1483 3873 1811 3941 aliquisolunt,mensu-
1846 3920 1851 3931 .

147 3959 210 3998 cere
221 3947 359 4008 noctibus,
370 3946 450 3998 sidus
460 3947 560 4013 ingens
571 3952 600 3999 et
613 3948 728 3999 clarum.
764 3945 819 3998 Sed
831 3945 951 3999 maxime
1006 3960 1120 4013 remque
1133 3943 1253 4012 produnt
1263 3944 1409 4010 utriusque
1420 3944 1595 4011 longitudine
1605 3946 1698 3999 decies
1716 3954 1745 3998 et
1766 3962 1812 3996 no·

146 4017 246 4068 mirum
258 4016 294 4068 iis
305 4022 376 4077 crat,
399 4017 512 4066 umbras
523 4018 764 4069 suasinnostrum
777 4015 881 4068 caelum
904 4030 950 4068 ca-
1004 4017 1062 4067 ries
1075 4022 1191 4066 cantara
1202 4013 1235 4076 l„
1245 4013 1395 4066 latitudine
1407 4013 1523 4066 dimidio
1535 4014 1656 4076 minore,
1678 4028 1758 4081 quam
1771 4015 1813 4065 ln·

146 4086 220 4149 dere,
231 4100 287 4139 non
298 4087 327 4137 in
339 4100 433 4137 suum:
444 4084 594 4153 Solemque
606 4100 623 4138 a
634 4086 714 4139 laeva
723 4088 798 4149 oriri,
806 4092 834 4138 et
845 4088 873 4137 in
886 4085 952 4138 dex·
1005 4085 1077 4137 diae.
1088 4082 1450 4145 AliiGedrusos,etPasires
1461 4098 1577 4150 posuere
1586 4098 1635 4150 per
1647 4081 1812 4134 obxxxm

145 4155 490 4221 teramoeoiderepotius,
510 4155 752 4224 quamedirerso.
789 4156 950 4209 lidcmnar·
1004 4155 1074 4206 mill.
1086 4168 1225 4221 passuum.
1261 4153 1328 4205 Mox
1340 4151 1565 4221 ichthyophagos
1577 4150 1813 4216 Oritas,propria

145 4240 255 4282 rasere,
264 4226 340 4276 latus
349 4224 466 4286 insulae,
479 4224 553 4294 quod
569 4224 796 4292 praetenderetur
805 4226 913 4288 indiae,
924 4225 951 4276 X
1004 4241 1058 4277 non
1069 4225 1199 4276 indorum
1210 4223 1306 4290 lingua
1318 4223 1472 4289 loquentes,
1478 4234 1528 4286 per
1538 4221 1582 4271 CC
1593 4219 1661 4270 mill.
1671 4231 1809 4284 passuum.

104 4352 110 4363 .
147 4294 270 4343 hhstad.
282 4296 387 4347 esaeab
398 4296 507 4348 oriente
519 4284 853 4348 bibernofUltramontes
865 4295 950 4346 Emo-
1004 4294 1072 4345 lnde
1092 4308 1210 4360 posuere
1227 4292 1374 4343 Arbiorum
1397 4295 1508 4358 gentem
1529 4302 1581 4353 per
1602 4287 1644 4339 CC
1664 4287 1733 4339 mill.
1751 4286 1810 4339 ich·

149 4360 306 4431 ‹inqsersa
318 4376 424 4430 quoque
433 4366 468 4417 ab
480 4366 549 4434 ipsis
560 4364 675 4432 adspicl,
684 4362 767 4416 notos
778 4364 949 4417 etiam'coni·
1004 4361 1183 4431 thyophagos
1194 4375 1289 4412 onrnes
1300 4358 1458 4412 Alexander
1468 4357 1556 4407 vetuit
1568 4353 1692 4423 piscibus
1710 4359 1809 4412 virere.

146 4421 400 4498 mercffipamm
421 4434 544 4488 Rachiae
565 4448 737 4486 commeasse
759 4447 811 4485 eos
838 4432 952 4485 advenis
1004 4431 1094 4493 Ultra,
1114 4434 1242 4486 deserta:
1277 4425 1378 4479 deinde
1389 4424 1543 4487 Cumania,
1562 4439 1596 4478 ac
1606 4425 1707 4492 Persis,
1727 4436 1811 4498 atque

145 4500 200 4553 eibi
211 4499 299 4554 Seras
310 4514 462 4558 oadunare.
499 4505 578 4572 lpsos
586 4518 654 4556 vero
665 4502 801 4556 excedere
811 4499 951 4554 hominum
1005 4501 1116 4553 Arabia.

145 4569 377 4639 magnitudinem,
396 4574 490 4626 rutilis
500 4574 596 4635 comis,
619 4573 756 4625 caeruleis
769 4571 873 4631 oculis,
895 4570 952 4623 oris
1039 4570 1140 4622 xxvi.
1160 4564 1382 4632 sedpriusquarn
1401 4560 1471 4616 haec
1490 4566 1643 4632 generatim
1664 4584 1810 4637 persequa-

144 4654 213 4691 snno
226 4641 309 4703 truci,
319 4642 397 4694 nullo
409 4643 577 4697 commercio
589 4643 706 4711 linguae.
735 4643 835 4695 Cetera
846 4640 953 4703 eadem,
1005 4655 1076 4702 mur,
1087 4637 1210 4688 indicare
1223 4633 1439 4701 conveniendae
1448 4633 1540 4701 prodit
1550 4638 1808 4701 Onesicritus,rlas·

145 4723 214 4776 quae
230 4710 322 4763 nostri
338 4717 541 4780 negotiatores.
577 4712 714 4766 Fluminis
735 4712 870 4764 ulteriore
891 4711 953 4777 ripa
1005 4727 1035 4763 ae
1046 4705 1196 4760 Alexandri
1208 4704 1407 4757 circumvectus
1422 4705 1450 4756 in
1472 4704 1672 4762 mediterranea
1688 4709 1810 4763 Persidis

146 4792 251 4833 merces
260 4784 369 4846 positas
381 4785 460 4837 iuxta
469 4782 581 4836 venalia
590 4782 656 4835 tolli
667 4783 701 4834 ub
718 4781 774 4844 his,
796 4782 820 4833 si
843 4780 953 4848 placeat
1006 4796 1040 4834 cx
1051 4777 1139 4840 ludia,
1150 4782 1264 4826 narrata
1276 4774 1402 4839 proxime
1413 4789 1430 4826 a
1442 4774 1527 4828 iuba:
1548 4777 1609 4829 dein
1621 4793 1681 4830 eam
1695 4782 1808 4850 nariga-

146 4852 316 4916 permutatio
327 4868 335 4901 r
356 4867 411 4904 non
423 4853 510 4907 aliter
518 4853 583 4905 odio
594 4853 711 4906 iustiore
720 4852 858 4917 luxuriae,
870 4866 952 4920 quam
1006 4851 1120 4910 tionem,
1128 4860 1199 4914 quae
1210 4843 1252 4896 bls
1261 4844 1339 4897 annis
1350 4852 1492 4912 comperta
1502 4855 1627 4899 serretur
1638 4848 1729 4902 hodie.
1742 4851 1810 4903 One·

1030 951 1179 1013 nationem,
1200 951 1487 1020 gravissimoprobrn.
1524 957 1594 1027 Regi
1605 958 1709 1010 cultum
1719 957 1815 1011 Liberi
1857 960 1861 968 '
1912 996 1917 1003 .

1859 2026 1879 2063 V

146 4919 170 4971 si
181 4921 316 4987 perducta
326 4936 406 4974 meos
415 4922 484 4975 illuc
492 4938 582 4993 nsque
592 4923 707 5001 cogitet,
720 4922 829 4992 quidet
840 4937 895 4991 quo
908 4936 953 4988 pe·
1006 4920 1094 4973 sicriti
1105 4926 1133 4970 et
1145 4913 1262 4969 Nearchi
1277 4914 1419 4983 navigatio
1433 4931 1483 4968 nec
1496 4917 1608 4970 nomina
1628 4915 1713 4972 habet
1733 4933 1808 4972 man·
1873 4968 1877 4975 .

146 4996 378 5059 tatur,etqnare.
958 5004 961 5015 ’
1006 4992 1131 5049 stonum,
1159 5001 1209 5038 nec
1229 4985 1338 5052 apatiat
1374 4987 1548 5054 primumque
1568 4986 1756 5057 Xylenopolis
1776 4988 1810 5040 ab

180 5058 233 5113 bed
246 5076 281 5113 no
291 5062 462 5128 Taprobane
473 5060 600 5130 quidem,
620 5062 745 5130 quamvis
761 5068 841 5114 entra
858 5061 953 5114 orbem
1007 5056 1166 5113 Alexandro
1178 5055 1305 5118 condita,
1326 5055 1399 5108 unde
1410 5063 1542 5124 ceperunt
1552 5060 1711 5123 exordium,
1732 5059 1811 5110 iuxta

145 5136 275 5184 aratura
284 5130 430 5203 relegata,
451 5132 556 5183 nostris
569 5133 646 5184 ritiis
661 5138 747 5185 caret.
783 5131 886 5183 Aurum
910 5145 953 5183 ar·
1007 5126 1204 5197 quodllumen,
1225 5126 1330 5179 autubi
1349 5123 1448 5190 fuerit,
1468 5143 1523 5179 non
1544 5128 1615 5181 satis
1634 5129 1809 5196 explanatur.

144 5208 315 5269 geniumque
324 5208 353 5253 et
366 5200 407 5253 ibi
425 5207 454 5254 in
469 5203 570 5270 pretio.
606 5202 731 5254 Marmor
750 5201 897 5253 testudinis
917 5200 954 5250 si·
1007 5199 1087 5250 llaec
1097 5204 1190 5248 tamea
1201 5195 1227 5248 di
1251 5211 1286 5248 na
1297 5203 1453 5249 memoratu
1462 5196 1626 5265 produntur.
1663 5200 1745 5253 Arbis
1764 5211 1811 5264 op·

144 5270 218 5331 mlle,
233 5285 364 5340 gemmae
373 5271 599 5341 margaritasque
610 5272 639 5323 in
650 5270 755 5323 honore
771 5270 858 5322 multo
876 5284 953 5337 prae·
1006 5213 1269 5335 pidumah'earcio
1282 5266 1422 5318 conditum
1433 5267 1462 5319 in
1473 5268 1655 5337 navigatione
1667 5285 1708 5323 ea
1745 5265 1809 5318 flu·

143 5341 317 5394 amariores:
330 5347 361 5393 et
370 5343 458 5393 totius
469 5341 598 5394 luxuriae
609 5346 722 5393 nostrae
732 5339 866 5391 cumulus.
879 5340 954 5406 lpso·
1006 5352 1068 5389 men
1080 5335 1202 5389 Nabrum
1215 5337 1325 5390 navium
1345 5350 1433 5403 capax
1444 5355 1451 5388 z
1471 5344 1572 5392 contra
1590 5339 1683 5392 insula
1704 5336 1812 5387 distans
1895 5398 1898 5403 y

143 5424 205 5462 rum
216 5425 286 5479 opes
297 5413 421 5464 maiores
430 5425 492 5464 essa
504 5410 651 5473 dicebant,
674 5409 723 5463 sed
734 5409 806 5479 apud
820 5424 870 5460 nos
888 5423 953 5476 opu·
1005 5406 1083 5459 lxxx
1104 5406 1176 5459 stad.
1212 5405 1384 5460 Alexandria
1404 5406 1517 5461 condita
1539 5425 1557 5462 a
1576 5410 1721 5463 Leonnato
1735 5404 1812 5456 iussu

142 5480 247 5534 tentiae
256 5481 396 5535 maiorem
407 5494 499 5533 usum
518 5479 632 5534 sermm
644 5480 764 5534 nemini:
775 5494 829 5531 non
840 5478 867 5532 ln
879 5477 952 5530 diem
1005 5477 1154 5530 Alexandri
1167 5477 1195 5529 in
1206 5474 1308 5528 tinibus
1324 5475 1431 5544 gentis,
1450 5477 1574 5547 Argaous
1594 5482 1676 5544 portu
1696 5474 1812 5528 salubri.

141 5556 192 5601 ant
200 5551 328 5606 interdiu
338 5566 485 5605 somnum:
508 5547 830 5605 aedidciamorllcoel¹
832 5562 942 5576 ·····
1005 5547 1121 5599 Flumen
1141 5547 1283 5600 Tuberum
1303 5545 1476 5613 navigabile,
1497 5548 1572 5598 circa
1591 5543 1666 5610 quod
1687 5543 1813 5601 Pasirae.

139 5624 259 5744 stupetis,
271 5636 412 5678 annonam
422 5630 567 5689 nunquam
577 5622 686 5690 angeri,
708 5634 760 5673 nor
1051 5616 1114 5670 'nde
1124 5613 1328 5684 lebthyophagi
1338 5615 1611 5727 ta1n²rlongotractm
1627 5618 1660 5666 ut
1681 5613 1736 5669 xx
1752 5616 1812 5673 die·

205 5706 274 5746 arn.
291 5692 393 5748 iiten.
411 5703 537 5747 irrue.
