4356 6014
337 333 401 396 250
486 328 520 392 c.
553 322 704 388 rursu
736 312 947 381 sacuam
978 309 1150 375 aaran
1185 286 1376 373 uisron.
1410 308 1498 372 arn.
1521 308 1597 371 xx
1636 307 1735 367 cae.
1756 310 1879 373 zan-ar.

339 497 424 555 qoam
438 478 584 550 asperrimi
595 470 743 545 pendentia
752 468 964 537 immerguntur,
985 464 1027 519 its
1036 478 1072 518 ne
1082 462 1143 517 olla

360 560 420 606 arte
433 568 484 604 ras
495 549 666 614 contingant.
701 541 766 592 Hoc
777 538 808 589 iit
822 544 887 590 ante
898 536 1060 599 solstitium,
1080 534 1139 587 die·

338 568 393 675 {aa
404 619 530 673 XLthi.
567 616 663 681 (lypso
686 608 786 661 deinde
804 606 911 659 obiitus
925 605 1010 660 cadus
1027 605 1143 673 ponitur

341 693 392 744 sub
413 688 524 757 tegulis,
543 684 630 735 totins
651 677 811 731 dieiSolem
831 676 1039 744 accipientibus.
1073 673 1143 725 Post

340 768 555 815 eumoumerum
572 750 679 803 dierum
697 747 810 799 tollitur
823 761 882 808 ras,
902 746 985 798 scilia
1000 743 1142 807 eximitur,

341 835 450 883 acetum
479 818 693 874 transfunditur.
728 818 793 869 Hoc
819 816 966 867 clariorem
996 813 1141 866 oculorum

340 900 427 952 aciem
439 894 515 945 lacit.
552 889 683 942 Saluture
698 891 741 939 est
756 884 895 939 stomachi
905 885 1080 950 laterumque
1094 882 1142 935 do·

339 966 456 1025 laribus,
477 974 572 1028 parum
584 963 705 1011 sumtum
716 956 791 1009 binis
801 955 907 1008 diebus.
943 952 998 1006 Sed
1010 958 1090 1004 tanta
1101 950 1142 1002 ris

341 1040 391 1097 est,
401 1040 433 1084 ut
443 1030 552 1084 aridius
563 1027 691 1081 haustum
704 1026 863 1079 exstinctae
879 1025 987 1076 animae
999 1028 1141 1073 momento

339 1104 435 1170 aliquo
457 1100 579 1169 speciem
598 1098 741 1168 praebeat.
777 1094 897 1147 Prodest
912 1100 941 1145 et
960 1091 1092 1161 gingivis,
1112 1096 1142 1142 et

339 1173 477 1233 dentibus,
489 1170 533 1223 rcl
544 1184 595 1238 per
605 1184 635 1221 se
651 1164 886 1219 commanducata.
922 1163 1025 1214 Tineas
1036 1166 1065 1214 et
1074 1159 1140 1213 reli·

340 1258 395 1313 qao
404 1242 509 1295 ventris
526 1237 659 1291 animalia
676 1237 756 1305 pellit
768 1241 895 1295 exaucto
906 1237 934 1287 et
947 1230 1029 1284 melle
1039 1237 1141 1282 sumta.

339 1313 467 1381 Linguae
479 1324 590 1379 qaoque
600 1323 697 1361 recens
708 1306 835 1358 subiecta
846 1310 981 1371 praestat,
993 1316 1028 1352 ne
1038 1299 1142 1367 hydro·

339 1384 395 1452 pici
407 1380 512 1434 sitiant.
549 1379 684 1446 Coquitur
693 1376 819 1445 pluribus
830 1373 931 1427 modis:
953 1369 1060 1434 inulla,
1071 1383 1142 1437 qaae

340 1451 507 1505 coniiciator
526 1450 554 1501 in
571 1448 709 1501 clibanum
729 1453 777 1498 aut
790 1443 913 1507 furnum,
932 1441 979 1494 rel
994 1440 1077 1507 adipe
1093 1444 1143 1491 aut

339 1523 401 1576 lato
412 1521 494 1582 illita,
515 1525 564 1570 aut
573 1519 715 1572 frustatim
726 1517 754 1567 in
766 1514 877 1583 patinis.
913 1513 951 1566 Et
962 1509 1141 1564 crudasicco·

340 1601 398 1655 tar,
419 1588 521 1642 deinde
540 1588 705 1650 conciditur,
727 1585 910 1652 coquiturque
926 1582 956 1634 io
972 1585 1062 1642 aceto,
1082 1585 1141 1630 tam

339 1660 512 1728 serpentium
532 1660 635 1710 ictibus
653 1655 812 1723 imponitur.
848 1655 938 1706 'l'osta
951 1665 1059 1719 quoque
1079 1662 1143 1716 pur-

340 1736 433 1799 gatur,
446 1736 474 1782 et
484 1719 605 1780 me'dium
616 1727 676 1778 eins
687 1725 790 1777 iterum
802 1723 829 1775 ln
840 1736 913 1791 aqua
923 1720 1060 1789 coquitur.
1070 1720 1142 1771 Usus

340 1803 381 1853 sic
393 1804 489 1852 coctae
500 1797 534 1848 ad
545 1796 721 1864 hydropicos,
744 1793 779 1845 ad
793 1793 900 1845 urinam
913 1791 1040 1845 ciendam
1051 1789 1143 1841 tribus

341 1869 432 1922 obolis
443 1882 504 1920 eam
515 1865 598 1918 melle
608 1871 636 1917 et
646 1871 725 1917 aceto
738 1869 831 1931 potae.
867 1864 935 1914 item
948 1860 982 1912 ad
994 1859 1142 1927 splenicos,

342 1948 371 1992 et
381 1934 574 1999 stomachicus,
586 1935 621 1999 (si
632 1950 687 1986 nan
698 1933 821 1986 sentiant
832 1931 940 1995 halcas)
951 1931 1049 1998 quibas
1062 1929 1144 1980 inna-

340 2015 384 2062 tet
396 2008 480 2061 cibus.
516 2005 557 2058 Ad
567 2007 694 2066 tormina,
705 2005 800 2073 regios
812 2002 932 2063 morbus,
952 1999 1142 2051 tassimvrete·

341 2093 400 2132 rem
414 2091 474 2129 cam
492 2074 622 2141 suspirio.
660 2074 784 2126 Discutit
801 2069 1058 2131 ettoiitsstrarnas,
1078 2080 1145 2135 qua·

343 2147 431 2201 drinls
452 2144 551 2199 diebus
570 2143 671 2196 saluta.
706 2142 840 2194 Fariares
861 2140 1010 2206 capitis,et
1029 2135 1145 2188 bulcem

340 2215 484 2269 manantia
493 2215 579 2278 illita,
597 2228 631 2266 cx
643 2212 705 2265 aleo
717 2218 804 2264 cocta.
840 2211 975 2277 (loquitar
985 2213 1014 2260 et
1023 2210 1050 2259 in
1063 2204 1144 2259 melle

342 2288 397 2341 eibi
420 2286 522 2355 gratia,
535 2284 656 2337 maxime
676 2282 718 2333 uti
738 2281 894 2333 coctionem
916 2278 1012 2330 iacias.
1048 2274 1095 2328 Sic
1116 2281 1145 2327 et

341 2357 478 2409 interiore
486 2359 597 2424 purgat.
633 2353 728 2404 Rimas
739 2349 839 2417 pedum
846 2354 926 2400 sanat
937 2350 965 2398 in
978 2346 1041 2398 oleo
1054 2350 1144 2408 cocta,

343 2433 372 2479 et
382 2427 472 2478 orista
482 2425 600 2477 resinae.
638 2422 738 2473 Sumen
757 2419 817 2472 eius
831 2418 987 2469 lamborum
1004 2415 1098 2467 dolori
1109 2428 1143 2466 ex

342 2497 428 2549 melle
439 2494 601 2561 imponitur.
624 2489 799 2558 Pythagoras
810 2488 918 2540 scillam
930 2488 958 2537 in
970 2485 1068 2536 limiae
1079 2498 1145 2551 qao-

345 2580 398 2633 qoc
418 2564 519 2615 ianuae
539 2575 699 2628 suspensam
722 2558 857 2610 oraiomm
880 2555 1145 2609 medicamentorum

343 2633 489 2687 introitum
502 2631 606 2700 pellere
618 2628 713 2680 tradit.

380 2703 440 2756 xt..
459 2705 586 2754 Ceteram
598 2697 676 2751 bulbi
692 2711 726 2749 ex
742 2699 823 2748 aceto
839 2702 869 2747 et
884 2692 1016 2762 sulphure
1027 2691 1145 2744 raineri·

343 2774 395 2828 hus
405 2774 433 2825 in
444 2772 516 2825 incia
531 2770 687 2822 medentur.
723 2765 902 2818 Persevera
919 2764 982 2816 triti
997 2774 1145 2815 nervorum

345 2841 540 2905 contractioni,
551 2844 623 2893 etex
635 2838 701 2890 rino
711 2834 860 2904 porrigini:
872 2849 934 2887 cum
944 2831 1037 2896 melle,
1048 2844 1146 2883 canum

344 2913 493 2966 morsibus.
511 2911 685 2963 Erasistrato
695 2908 788 2975 ploret
800 2918 860 2956 curn
871 2904 942 2971 pice.
978 2900 1146 2969 Sanguinem

345 2983 422 3036 idem
442 2997 490 3036 eos
505 2982 603 3033 sistere
620 2977 708 3031 tradit
726 2974 814 3027 illitos
829 2989 889 3025 cunr
905 2971 998 3025 melle.
1027 2970 1085 3023 siit
1095 2970 1146 3023 sio

344 3051 459 3104 naribus
470 3051 545 3110 fluat,
558 3047 733 3101 coriandrum
746 3049 775 3096 et
784 3044 899 3096 iarioam
910 3042 1053 3095 adiiciunt
1075 3039 1147 3103 The·

347 3120 452 3171 tedanus
463 3125 492 3170 ct
503 3117 625 3171 lichenas
637 3132 670 3170 ex
686 3121 765 3168 aceto
782 3113 873 3167 balbis
892 3124 983 3164 curat:
1016 3119 1044 3164 et
1055 3125 1146 3163 eram·

368 3189 443 3240 entia
453 3190 480 3238 iu
492 3188 591 3254 cupite,
614 3202 674 3239 cum
688 3184 749 3237 rino
761 3192 873 3236 austero
885 3188 933 3234 aut
944 3195 1007 3234 oro.
1039 3180 1076 3231 Et
1087 3179 1147 3233 bul·

344 3204 397 3310 lios
407 3255 549 3324 epiphoris
560 3256 633 3308 idern
644 3255 738 3319 illinit,
749 3260 777 3306 et
786 3254 828 3306 sic
839 3251 1000 3320 lippitudini
1011 3249 1146 3302 medetur.

345 3333 439 3396 Aeque
453 3325 519 3377 utin
551 3341 603 3377 uae
614 3331 678 3377 saut
691 3326 718 3375 in
730 3323 811 3386 iucie,
836 3337 930 3375 eoram
942 3320 1076 3373 rubentes
1089 3334 1146 3370 ma·

345 3402 428 3459 sinte,
448 3397 476 3447 in
499 3342 565 3450 Sole
581 3395 649 3447 illiti
666 3409 727 3446 curu
743 3395 869 3447 melleet
885 3392 968 3456 nitro,
988 3389 1147 3444 eotendoot:

344 3467 508 3535 lentiginem
519 3480 579 3518 cam
592 3465 722 3530 rino,nat
732 3462 839 3515 cacumi
853 3468 942 3514 cocto.
979 3460 1148 3513 Vulneribus

347 3551 456 3605 aquaque
478 3536 547 3589 mira
567 3542 684 3602 prosunt
704 3549 755 3602 per
775 3548 818 3585 se:
839 3539 897 3596 aut
918 3536 950 3583 at
969 3530 1098 3591 Damion,
1113 3542 1148 3580 ex

345 3607 446 3670 mulso,
468 3607 492 3658 si
505 3607 602 3674 quinto
613 3604 658 3658 die
670 3606 822 3656 solvantur.
857 3601 958 3655 lisdem
970 3607 998 3651 et
1010 3596 1148 3653 auriculas

346 3678 454 3731 fractas
466 3684 554 3740 curat,
576 3680 605 3727 et
623 3675 738 3727 testium
754 3672 879 3740 pituitas.
917 3672 949 3723 ln
965 3668 1148 3722 articulorum

347 3748 489 3800 doloribus
500 3749 616 3799 miscent
627 3742 757 3796 laninam.
770 3742 801 3793 ln
812 3743 876 3792 vino
888 3741 960 3793 cocti
971 3739 1038 3791 illiti
1049 3739 1148 3801 ventri,

346 3816 478 3869 duritiam
491 3812 713 3884 praecordiorum
726 3810 881 3863 eraolliunt.
915 3807 1108 3877 Dyseotericis
1119 3807 1149 3858 in

344 3888 411 3939 rino
422 3900 457 3940 ex
469 3898 540 3951 aqua
550 3883 666 3936 caelesti
676 3887 832 3946 temperato
843 3878 951 3929 dantur.
987 3876 1029 3928 Ad
1039 3874 1149 3928 comui·

346 3972 378 4010 sa
389 3957 473 4017 intus,
485 3966 545 4005 cum
556 3951 658 4020 silphio
671 3949 767 4019 pilulis
778 3949 858 4001 fabae
869 3945 1071 4015 magnitudine.
1107 3942 1149 3997 st

346 4026 475 4080 sudorem
487 4023 544 4074 tusi
556 4022 711 4074 illinantur.
748 4018 846 4072 Nereis
860 4017 956 4067 utiles:
978 4015 1043 4068 ideo
1055 4021 1083 4068 et
1099 4029 1148 4082 pa-

345 4097 388 4149 ral
403 4097 476 4148 uicis
491 4092 601 4144 dantur.
638 4089 749 4141 Luxata
767 4089 796 4141 in
818 4086 942 4155 pedibas,
955 4087 1002 4154 qai
1016 4092 1081 4137 sunt
1096 4084 1149 4135 rati

348 4182 382 4219 tex
391 4115 446 4228 lus,
466 4163 600 4216 citissinre
610 4165 709 4213 sanant
719 4173 781 4210 cum
793 4157 874 4209 melle
886 4155 993 4209 eisaie.
1012 4155 1148 4208 Venerem

346 4236 469 4288 maxime
480 4232 614 4300 Megarici
626 4228 782 4283 stimulant:
799 4226 936 4280 hortensii
954 4232 1072 4294 partum,
1087 4239 1148 4276 cum

348 4320 416 4371 sapa
426 4309 473 4355 aut
485 4317 567 4369 passo
579 4301 677 4354 sumti:
698 4299 852 4361 siluestres,
874 4298 1079 4351 interaneorum
1090 4298 1149 4365 pla·

349 4388 399 4438 gos
411 4381 438 4423 et
451 4373 528 4433 vitio,
541 4388 601 4425 cam
614 4369 715 4438 silphio
728 4369 822 4436 pilulis
834 4368 974 4420 decoratis
985 4367 1090 4420 sedant.
1114 4368 1150 4419 Et

349 4444 502 4491 satirarum
519 4457 612 4494 sennen
630 4446 729 4493 contra
746 4438 897 4508 phalangia
912 4439 1017 4490 bibitur
1033 4437 1061 4487 in
1078 4436 1151 4487 rino.

348 4507 404 4575 ipsi
416 4523 450 4561 ex
462 4517 541 4561 aceto
550 4510 701 4561 illinantur
710 4516 808 4559 contra
817 4524 863 4561 ser
882 4508 986 4559 entium
997 4508 1077 4557 ictas.
1105 4504 1152 4556 Se·

348 4592 414 4629 meu
432 4576 538 4645 antiqui
555 4578 702 4631 hibendum
718 4524 916 4629 insanienuias
938 4576 1049 4627 dabant.
1084 4573 1152 4623 Flos

349 4646 498 4698 bulborum
510 4648 592 4698 tritus
611 4662 721 4699 cruram
733 4648 856 4699 maculas
872 4647 1077 4711 varietatesque
1087 4643 1151 4710 igno

351 4719 440 4768 iactas
450 4717 588 4767 emendat.
625 4715 738 4771 Diocles
755 4716 850 4768 oculos
866 4712 1045 4766 hebetari.oh
1056 4711 1089 4762 iis
1101 4726 1152 4778 pu-

352 4796 404 4837 tat.
441 4784 538 4836 Elixos
550 4784 621 4836 assis
634 4787 725 4837 minus
736 4784 819 4836 utiles
835 4798 896 4835 esse
915 4782 1023 4847 adiicit,
1044 4779 1151 4835 ctditli·

352 4855 407 4905 nile
418 4852 553 4920 concoqui
565 4867 600 4904 ex
610 4854 637 4906 ri
649 4854 868 4921 uniuscuiusque
879 4860 1004 4904 naturae.

388 4923 461 4975 xta.
480 4922 626 4975 Balbincm
643 4924 743 4976 Graeci
760 4928 861 4973 cocant
875 4920 990 4974 herbam
1009 4922 1151 4988 porraceis

351 4991 438 5056 loliis,
459 4989 613 5044 rubicundo
631 4991 725 5043 bulbo.
761 4989 841 5042 ilaec
858 4988 1152 5043 traditarmrineribus

312 5094 328 5111 -.
350 5063 421 5115 mire
433 5063 512 5114 nrtiiis
530 5059 675 5112 dumtaxat
691 5061 858 5112 recentibus.
894 5059 1000 5111 Bnlbus
1012 5073 1092 5126 quem
1103 5072 1151 5109 vo·

350 5131 491 5191 unitoriam
504 5130 649 5182 uocantab
668 5128 778 5193 effectu,
798 5127 1063 5197 iaiiahabetuigra,
1080 5133 1154 5180 cete·

349 5204 388 5252 ris
402 5202 446 5253 lon
470 5202 538 5252 iura.

387 5218 471 5323 xisti.
492 5267 661 5321 titilissimas
683 5264 827 5320 stomacho
844 5267 922 5318 cibus
944 5267 1072 5335 asparagi
1093 5270 1152 5318 tra·

351 5342 462 5393 dantur.
499 5338 615 5391 Caurino
632 5336 743 5405 quidem
763 5336 859 5388 addito
875 5336 1033 5388 inflationes
1049 5340 1153 5387 stoma·

351 5407 395 5461 chi
406 5410 516 5509 colique
526 5406 688 5458 discutiunt:
719 5405 802 5457 iidem
815 5406 904 5458 oculis
916 5405 1071 5457 claritatem
1085 5402 1151 5456 affe·

350 5486 424 5532 rant.
461 5475 850 5532 leotremleoitermolliunt.
879 5474 1008 5527 Pectoris
1020 5477 1152 5541 etspiuao

352 5548 507 5611 doloribus,
524 5546 778 5613 intestinorumque
789 5544 868 5596 vitiis
879 5550 1006 5612 prosunt,
1016 5543 1081 5595 rino
1091 5558 1151 5596 cam

351 5625 508 5686 coquuntur
519 5616 624 5671 addito.
661 5614 703 5668 atri
715 5614 870 5670 iamborum
882 5622 910 5671 et
922 5629 1016 5670 renum
1030 5613 1152 5679 datores,

1195 478 1289 518 semes
1300 461 1386 516 tunm
1398 460 1543 516 obolorum
1554 459 1687 530 pondere,
1698 458 1758 529 pari
1770 461 1874 514 cumini
1883 459 1997 516 bibitur.

1196 536 1332 589 Venerem
1343 531 1497 585 stimulant.
1533 533 1646 584 Urinam
1656 531 1731 584 cient
1742 532 1899 596 utilissime,
1919 547 1998 600 prae·

1195 609 1320 673 terqoam
1332 601 1454 657 vesicam
1466 599 1655 655 exhulcerant.
1690 601 1782 653 Radix
1793 617 1912 670 qaoque,
1935 602 1997 670 plu·

1196 674 1329 726 rimorum
1342 672 1561 740 praedicatione,
1581 672 1659 734 trito,
1680 678 1709 723 et
1721 686 1756 723 ex
1767 671 1830 724 rino
1841 672 1907 724 albo
1918 680 1999 740 pota,
2096 718 2101 727 .

1196 743 1319 796 calculos
1331 757 1440 811 quoque
1451 741 1591 803 exturbat,
1602 740 1759 793 lumborum
1771 746 1800 792 et
1809 756 1907 795 renum
1919 743 1998 796 dola·

1195 812 1339 866 ressedat.
1376 810 1496 873 Quidam
1517 816 1546 862 et
1563 809 1597 862 ad
1614 810 1714 863 vulvae
1725 810 1851 864 dolorem
1872 812 1997 866 radicem

1196 898 1257 935 cam
1269 882 1335 933 rino
1346 880 1422 946 dulqi
1438 880 1596 948 propinant.
1632 880 1738 933 Eadem
1749 882 1777 932 in
1787 886 1868 933 aceto
1880 880 2000 936 decocta

1195 958 1293 1005 contra
1302 950 1503 1019 elephantiasin
1513 949 1635 1019 proiicit.
1651 952 1794 1020 asparago
1804 952 1875 1003 trito
1885 967 1921 1006 ex
1933 952 1999 1006 elea

1195 1027 1359 1092 perunctam
1370 1020 1454 1089 pungi
1470 1021 1505 1073 ab
1517 1021 1616 1089 apibus
1627 1026 1739 1089 negant.

1214 1088 2000 1160 libili.Silvestremasparogumaliquicorrudam,aliqui

1195 1158 1713 1228 Libycamroeant,Atticihormenorn.
1725 1158 1859 1212 liuiusad
1869 1162 2001 1230 sopradi-
2019 1164 2029 1213 τ’

1196 1228 1486 1282 ctaomniaefficacior
1496 1231 1548 1295 ris,
1559 1236 1588 1282 et
1600 1229 1756 1282 candidiori
1764 1231 1864 1282 maior.
1880 1231 1998 1300 Regium

1195 1300 1324 1350 morbum
1334 1304 1477 1353 extenuat.
1493 1299 1723 1354 Veneriscausaa
1742 1314 1805 1352 uam
1817 1303 1999 1355 eorurndceo-

1196 1375 1269 1422 ctam
1280 1369 1441 1422 bibiiubent
1451 1369 1485 1422 ad
1494 1368 1644 1424 heminam.
1655 1369 1697 1422 sd
1709 1315 1783 1422 iiam
1791 1371 2012 1424 etsemenralet'

1196 1452 1258 1490 cum
1273 1436 1385 1502 anetho,
1395 1439 1484 1492 ternis
1501 1441 1649 1508 utriusque
1666 1439 1766 1493 obolis.
1802 1441 1895 1492 Datur
1915 1447 1944 1494 et
1963 1441 1999 1494 ad

1196 1509 1367 1576 serpentium
1383 1510 1457 1562 ictus
1472 1524 1570 1563 succus
1582 1509 1725 1563 decoctus.
1761 1508 1852 1563 Radix
1868 1510 2001 1564 miscetur

1196 1578 1285 1631 radici
1300 1577 1436 1631 marathri
1453 1579 1528 1632 inter
1543 1579 1738 1633 efficacissima
1748 1579 1864 1632 auxilia.
1899 1579 1929 1632 Si
1939 1596 2001 1634 sao·

1197 1647 1260 1717 guis
1270 1662 1321 1717 per
1329 1648 1438 1701 urinam
1449 1648 1591 1714 reddatur,
1600 1664 1694 1703 semen
1706 1650 1844 1718 asparagi,
1855 1654 1884 1703 et
1895 1651 1961 1718 apii,
1973 1658 2002 1704 ct

1197 1720 1300 1771 cumini
1310 1719 1399 1771 ternis
1416 1718 1507 1772 obolis
1523 1721 1550 1771 in
1567 1720 1625 1771 sini
1641 1719 1751 1789 cyathis
1771 1719 1890 1782 duobus,
1911 1721 2002 1787 quinis

1197 1789 1305 1851 diebus,
1327 1787 1499 1857 chrysippus
1518 1788 1581 1842 dari
1600 1790 1686 1843 iubet.
1723 1789 1769 1842 Sic
1789 1797 1816 1841 et
1836 1787 2000 1858 hydropicis

1197 1859 1368 1912 contrariam
1388 1874 1457 1922 esse,
1478 1860 1603 1928 quamvis
1623 1860 1734 1912 urinam
1758 1867 1880 1922 moveat,
1903 1859 1999 1913 docet:

1196 1928 1265 1982 item
1281 1926 1398 1980 Veoeri:
1417 1929 1527 1983 vesicae
1543 1944 1660 1999 quoque,
1681 1930 1735 1982 nisi
1748 1927 1906 1983 decoctam:
1929 1928 2000 1997 qaae

1197 2012 1270 2065 aqua
1280 1997 1306 2049 si
1315 1996 1431 2050 canibus
1444 1998 1534 2066 detur,
1553 1999 1642 2052 occidi
1655 2014 1713 2052 eos.
1748 2000 1780 2052 ln
1791 1999 1857 2052 rino
1869 1998 2001 2052 decoctae

1196 2066 1302 2121 radicis
1311 2082 1432 2131 saccum,
1442 2069 1467 2120 si
1479 2084 1528 2123 ore
1539 2073 1725 2133 contineatur,
1742 2068 1874 2124 dentibus
1885 2068 2000 2123 mederi.

1232 2134 1331 2189 xmv.
1346 2136 1417 2218 ilpio
1438 2140 1532 2206 gratia
1549 2142 1577 2191 io
1592 2139 1677 2209 vulgo
1695 2146 1747 2192 est.
1783 2139 1910 2208 Namque
1929 2139 2000 2192 rasni

1197 2206 1284 2276 largis
1295 2206 1470 2272 portionibus
1481 2225 1531 2279 per
1541 2211 1603 2262 iura
1613 2210 1828 2274 innatant,et·in
1840 2210 2000 2263 condimen·

1197 2279 1236 2329 tis
1255 2275 1426 2343 peculiarem
1445 2280 1566 2347 gratiam
1586 2276 1698 2332 habeut.
1739 2279 1891 2333 Praeterea
1913 2280 2001 2333 oculis

1197 2346 1299 2398 illitum
1311 2360 1373 2397 cum
1385 2347 1484 2413 melle,
1504 2348 1545 2401 ita
1555 2356 1586 2402 ut
1596 2347 1713 2402 subinde
1723 2346 1872 2401 {creantur
1881 2348 2001 2402 terrenti

1198 2427 1281 2468 sacco
1299 2415 1420 2479 decocti,
1439 2417 1558 2486 aliisque
1573 2421 1759 2473 membrorum
1776 2418 1931 2489 epiphoris:
1952 2434 2002 2488 per

1197 2501 1228 2539 se
1239 2487 1346 2550 tritum,
1355 2493 1405 2537 aut
1417 2502 1478 2539 cum
1489 2490 1621 2556 pune,vel
1630 2489 1744 2560 polenta
1753 2489 2001 2558 impositum,mire
2107 2486 2110 2493 '

1198 2554 1366 2675 auxiliata&
1398 2554 1492 2610 Pisces
1507 2574 1617 2628 quoque
1633 2560 1657 2612 ai
1673 2567 1821 2630 aegrotent
1834 2560 1862 2611 in
1877 2559 2002 2627 piscinis,

1198 2628 2002 2753 ittaa:uitiati..dathiathum

1199 2772 1252 2817 est.
1287 2762 1481 2833 Distinguitar
1496 2782 1573 2821 sexa.
1610 2767 1926 2838 Chrysippuslemioam
1938 2782 2002 2821 essa

1199 2831 1268 2887 dicit
1279 2835 1459 2902 crispioribus
1470 2836 1548 2889 loliis
1559 2842 1587 2907 et
1598 2837 1685 2901 duris,
1696 2855 1791 2892 crasso
1803 2839 1891 2903 caule,
1900 2852 2001 2907 saporo

1199 2906 1256 2957 acri
1269 2910 1297 2956 et
1307 2903 1424 2957 fervido.
1459 2904 1613 2974 Dionysius
1624 2908 1790 2976 nigriorem,
1811 2909 1947 2962 brevioris
1958 2922 2003 2960 ra·

1199 2972 1279 3037 dicis,
1292 2973 1458 3027 vermiculos
1468 2975 1637 3043 gignentem.
1673 2978 1761 3028 Ambo
1773 2985 1903 3030 neutrum
1915 2977 1950 3030 ad
1963 2976 2003 3029 ci-

1199 3042 1473 3111 bosaadmittendam,
1492 3044 1577 3095 immo
1596 3046 1707 3098 omnino
1723 3044 1817 3099 naias:
1839 3062 1904 3098 nam
1917 3040 2005 3101 idda

1200 3113 1358 3167 iunctorum
1368 3114 1458 3180 epulis
1470 3112 1601 3167 feralibus
1613 3108 1736 3166 dicatum
1749 3130 1822 3167 esse:
1845 3117 1923 3166 risus
1934 3131 2004 3185 quo·

1200 3200 1252 3253 que
1268 3182 1393 3236 claritati
1406 3182 1555 3236 inimicum.
1592 3185 1677 3237 Caute
1699 3184 1820 3237 feminae
1832 3185 2003 3238 vermiculos

1199 3255 1287 3323 gigni.
1323 3251 1443 3320 ideoque
1454 3268 1502 3306 eos
1513 3254 1559 3322 qai
1571 3254 1688 3317 ederint,
1707 3254 1896 3319 sterilescere,
1911 3270 2004 3308 mares

1200 3323 1382 3391 feminasque.
1418 3322 1448 3374 ln
1459 3324 1615 3392 puerperiis
1628 3338 1695 3377 nero
1711 3323 1746 3376 ab
1757 3338 1791 3376 eo
1803 3324 1866 3377 cibo
1877 3325 2002 3377 comitia·

1201 3394 1243 3446 les
1254 3394 1314 3446 deri
1331 3394 1377 3459 qui
1394 3391 1481 3445 ubera
1497 3393 1636 3446 hauriunt.
1673 3393 1891 3447 innocentiorem
1908 3403 2003 3446 tamen

1201 3477 1262 3516 esse
1274 3476 1387 3514 marem.
1423 3464 1520 3531 anue
1531 3468 1673 3525 causaest,
1679 3478 1713 3516 ne
1725 3464 1797 3516 inter
1807 3462 1931 3516 nefastos
1943 3462 2002 3514 sru-

1200 3533 1271 3585 tices
1283 3532 1439 3584 damnetur.
1467 3535 1652 3585 Mannmarum
1665 3532 1796 3586 duritiam
1808 3532 1948 3598 impositis
1959 3531 2004 3586 lo·

1201 3602 1248 3654 liis
1259 3601 1375 3654 emollit.
1412 3599 1562 3655 Suariores
1574 3618 1661 3671 aquas
1676 3604 1754 3671 potui
1772 3604 1911 3654 incoctum
1924 3616 2003 3669 prae·

1201 3677 1267 3724 stat.
1303 3668 1390 3723 Succo
1411 3673 1533 3723 maxime
1555 3673 1657 3724 radicis
1676 3687 1736 3723 curu
1759 3672 1825 3724 vino
1844 3672 2003 3724 lumborum

1202 3742 1314 3794 datores
1325 3738 1447 3805 mitigat.
1484 3740 1592 3792 Eodem
1609 3741 1669 3794 iare
1685 3741 1823 3794 instillato
1834 3741 2001 3811 grauitatem

1202 3811 1322 3863 uarium.
1359 3808 1471 3861 Semina
1486 3808 1594 3861 aunam
1610 3810 1674 3874 ciet,
1693 3818 1845 3876 mensuua,
1864 3826 2004 3864 aeserun-

1202 3879 1252 3933 das
1262 3884 1366 3947 partus.
1402 3881 1448 3941 Et,
1458 3879 1484 3930 si
1494 3877 1642 3932 taceantur
1656 3881 1759 3934 semine
1772 3879 1899 3945 decocto,
1918 3879 2004 3949 sugil-

1201 3950 1262 4003 lato
1271 3948 1363 4002 reddit
1373 3948 1470 4001 colori
1489 3950 1556 4001 Cum
1568 3952 1614 4003 ori
1625 3951 1689 4003 albo
1699 3952 1811 4014 illitum,
1825 3959 1874 4004 aut
1885 3967 1920 4006 cx
1931 3965 2003 4018 aqua

1202 4026 1310 4073 coctum
1323 4024 1473 4088 potumque
1484 4019 1596 4071 renibus
1606 4020 1745 4075 credatur:
1756 4023 1784 4075 in
1795 4021 2002 4092 frigidatritum

1202 4089 1259 4143 oris
1281 4088 1446 4142 hulceribus.
1483 4089 1583 4145 Semeu
1605 4107 1666 4143 cam
1687 4092 1763 4156 rino,
1783 4093 1830 4145 rel
1843 4091 1922 4145 radix
1941 4105 2002 4142 cam

1202 4156 1292 4214 reteri
1302 4160 1377 4221 rino,
1389 4159 1496 4212 vesicae
1506 4160 1628 4213 calculos
1638 4160 1779 4231 frangunt.
1808 4160 1908 4217 Semeo
1920 4160 2003 4213 datar

1203 4236 1232 4286 et
1242 4230 1368 4299 arquatis
1379 4245 1413 4283 ea
1423 4230 1488 4282 vino
1501 4230 1575 4283 albo.

1237 4300 1323 4354 xbv.
1342 4300 1501 4366 Apiastram
1512 4302 1645 4370 Hyginus
1666 4298 1777 4369 quidem
1792 4298 2003 4368 mallissopbyi-

1203 4370 1251 4424 loo
1262 4369 1395 4437 appellat.
1430 4368 1486 4422 Sed
1496 4370 1526 4422 io
1538 4369 1668 4424 consessa
1679 4371 1856 4424 damnatione
1868 4376 1910 4423 esi
1923 4386 2003 4422 rene·

1203 4445 1300 4492 natum
1312 4442 1339 4490 in
1351 4439 1487 4493 Sardinia.
1506 4440 1687 4494 contexenda
1696 4442 1767 4493 enim
1779 4449 1843 4494 sunt
1855 4440 1958 4505 amnia,
1969 4452 2002 4491 ex

1204 4506 1301 4564 eodem
1313 4510 1422 4563 nentina
1434 4507 1506 4578 apud
1519 4510 1642 4564 Graecos
1654 4510 1810 4578 pendentia.

1238 4577 1338 4633 XLVl.
1359 4580 1519 4632 Olusatrum
1532 4581 1605 4647 qaod
1618 4578 1823 4647 hipposelinum
1835 4584 1948 4641 vocant,
1959 4578 2006 4630 ad·

1203 4655 1334 4702 rersatur
1344 4650 1545 4716 scorpionibus.
1582 4650 1652 4701 Pota
1663 4649 1767 4702 semine
1780 4647 1954 4710 torminibus,
1976 4654 2005 4702 et

1204 4719 1356 4770 interaneis
1368 4717 1503 4771 osedetar.
1539 4718 1663 4783 itemque
1683 4712 1894 4767 diiiicaltatibas
1906 4716 2006 4770 urinis

1204 4802 1300 4839 semen
1312 4786 1373 4839 eiua
1385 4787 1527 4838 decoctam
1547 4802 1582 4840 ex
1593 4785 1801 4852 nralsopotam.
1838 4783 1930 4837 lladix
1943 4786 2006 4839 eias

1204 4857 1232 4907 in
1244 4857 1308 4906 rino
1321 4854 1437 4907 decocta
1447 4856 1569 4908 calculos
1579 4854 1671 4923 pellit,
1683 4860 1711 4907 et
1721 4852 1881 4906 luniburum
1892 4869 1925 4906 ac
1936 4854 2004 4908 late·

1204 4923 1374 4977 risdoiores.
1393 4923 1476 4976 Canis
1486 4926 1591 4976 rabiosi
1601 4923 1741 4976 morsibus
1751 4927 1886 4992 potasset
1896 4924 2003 4977 illitam

1204 4992 1340 5044 medetur.
1377 4989 1479 5046 Saccus
1510 4994 1570 5045 cias
1600 4993 1727 5061 algentes
1759 4993 1889 5046 calefacit
1910 5001 2003 5062 potus.

1205 5063 1342 5124 quartam
1372 5075 1440 5114 enas
1451 5076 1484 5114 ex
1496 5062 1593 5116 eodem
1605 5061 1711 5116 iaciunt
1721 5062 1807 5131 aliqui
1818 5064 2021 5126 oreoselinon,-

1205 5129 1325 5198 palmum
1337 5076 1397 5182 alto
1409 5130 1512 5185 frutice
1522 5146 1554 5183 ae
1565 5138 1642 5183 recto
1653 5134 1767 5194 seuniae,
1788 5134 1897 5185 cantino
1908 5132 2003 5195 simili,

1204 5199 1304 5253 urinae
1315 5207 1344 5253 et
1355 5203 1504 5253 menstruis
1514 5200 1621 5253 eibcax.
1646 5200 1828 5255 ileleonelino
1839 5204 1882 5255 rii
1894 5205 2003 5270 privata
2015 5208 2038 5257 i·

1206 5274 1303 5339 coatra
1314 5286 1442 5324 araneos.
1477 5270 1534 5324 Sed
1545 5275 1573 5324 et
1583 5270 1741 5339 oreoselino
1753 5271 1873 5326 feminae
1884 5286 2002 5341 purgan-

1205 5340 1363 5392 tarerina.

1210 5409 1351 5463 exavis.
1368 5409 1430 5462 allio
1451 5423 1552 5476 genere
1574 5412 1761 5477 petroselinon
1784 5408 2002 5477 qnidamappel-

1204 5479 1265 5533 lant
1275 5479 1303 5532 in
1316 5480 1391 5532 saxis
1403 5485 1508 5543 natum,
1524 5468 1710 5600 dpraeeipuam
1722 5480 1757 5533 ad
1776 5478 1907 5540 nauticas,
1920 5477 2002 5530 coch-

1205 5549 1328 5603 learibus
1335 5549 1410 5603 binis
1420 5551 1494 5601 succi
1506 5565 1522 5601 a
1543 5549 1611 5600 ditis
1621 5550 1648 5600 in
1659 5548 1792 5616 cyathum
1802 5547 1932 5599 marrubii
1943 5565 2006 5601 aac⁴

1205 5619 1240 5685 ci,
1252 5626 1334 5690 atquc
1345 5622 1388 5673 ito
1399 5633 1487 5689 aquae
1496 5618 1604 5673 calidae
1616 5620 1708 5672 tribou
1719 5617 1840 5688 cyathis.
1862 5615 2004 5670 addidere
