4374 6014
217 356 221 359 ·
293 325 323 385 C.
362 324 507 387 PLlNll
542 324 748 389 secutur
783 328 1054 392 mutuastis
1091 332 1211 396 HlS'l'.
1247 335 1328 396 LlB.
1350 334 1469 399 XXX.
1492 340 1583 400 CAP.
1605 342 1725 403 44-63.
1774 342 1835 410 355

184 476 328 533 scanderit
348 476 473 547 gravida
492 477 633 530 innoxiam
645 479 715 543 lieri,
735 477 761 531 si
772 481 899 547 protinus
910 488 984 535 tran·

184 548 300 603 scandat
311 555 492 601 asservatam.
515 549 621 616 tinguis
631 549 781 602 inveterati
792 550 900 604 suffitus
910 567 986 607 mea·

184 627 265 671 strua
276 616 416 670 adirrrant.

220 686 320 740 XLlV.
338 687 473 753 Anguinm
484 693 614 738 senectus
625 684 781 755 adalligata
791 688 904 753 lumbis,
915 688 984 742 laci·

185 757 271 810 liores
283 763 380 823 partus
392 755 469 817 lacit,
481 756 609 821 protinus
621 771 638 807 a
649 760 794 825 puerperio
808 759 984 811 removenda

184 827 301 880 linotet
319 826 347 877 in
369 829 431 876 rino
443 824 589 879 bibendam
602 841 663 878 cum
675 825 768 880 thure:
790 828 874 880 aliter
883 836 984 890 sumta,

185 896 313 949 abortum
325 892 403 947 iacit.
439 894 583 957 Baculnm,
603 911 657 963 quo
677 898 760 964 angui
780 912 848 949 rana
868 913 986 950 excussa

184 968 230 1028 sit,
253 967 439 1032 parturientes
461 964 588 1016 adiuvat:
611 965 783 1018 troxaiidum
801 967 873 1018 unis
895 968 985 1019 illitus

183 1051 245 1088 cum
264 1033 356 1095 melle,
378 1033 568 1099 purgationes.
605 1034 674 1086 ltem
695 1050 823 1096 araneas,
843 1036 890 1102 qui
909 1037 984 1087 ilium

184 1105 299 1158 deducit
309 1118 344 1155 ex
354 1104 421 1164 aito,
441 1103 500 1169 capi
512 1102 595 1154 debet
606 1118 775 1167 manucava,
785 1106 924 1171 tritusque
934 1105 984 1156 ad·

183 1174 304 1226 moveri:
327 1171 400 1237 qnod
419 1174 443 1222 si
459 1172 620 1224 redeuntem
641 1173 828 1239 prehenderit,
848 1174 986 1225 inhibebit

127 1272 131 1281 ι
183 1244 259 1296 idem
273 1242 463 1307 purgationes.
499 1240 584 1307 Lapis
604 1242 705 1293 aetites
725 1242 754 1293 in
770 1242 880 1310 aquilae
892 1257 986 1309 reper-

182 1323 230 1366 tns
241 1311 317 1374 nido,
328 1309 451 1361 custodit
480 1318 556 1362 artus
568 1317 667 1363 contra
678 1326 773 1364 omnes
783 1312 932 1363 abortuum
944 1312 986 1362 in·

183 1381 281 1434 sidias.
317 1378 411 1430 Pcnna
427 1325 568 1429 vulturina
587 1379 715 1430 subiecta
735 1380 850 1445 pedibas
871 1380 986 1430 adiurat

181 1450 382 1519 parturientes.
419 1447 507 1497 Orum
528 1448 603 1498 corvi
621 1448 745 1513 gravidis
756 1446 909 1499 cavendum
922 1463 985 1498 con·

182 1527 249 1579 stat,
271 1518 401 1583 quoniam
424 1516 606 1584 transgressis
626 1517 755 1567 abortum
777 1531 827 1582 per
847 1515 984 1568 associat.

181 1589 293 1647 Planum
304 1586 449 1652 accipitris
461 1588 488 1636 in
501 1586 590 1636 mulso
602 1586 826 1653 potum,videtur
834 1584 985 1637 foecundas

183 1656 288 1709 iacere.
310 1652 460 1705 Vulvnrum
473 1654 593 1706 duritias
602 1661 631 1708 et
641 1654 831 1718 collectiones,
842 1655 927 1723 adeps
937 1670 985 1707 an-

183 1726 294 1779 serious
306 1730 355 1775 uut
367 1723 452 1790 cygni
463 1723 581 1775 emollit.

218 1792 305 1846 XLV.
325 1794 463 1844 Mammas
482 1807 500 1844 a
520 1799 603 1860 partu
627 1792 749 1844 custodit
770 1793 855 1859 adeps
876 1793 984 1843 anseris

182 1879 245 1916 cunr
257 1876 371 1915 rosaceo
383 1868 412 1913 et
421 1876 534 1914 araneo.
563 1861 689 1929 Phryges
702 1869 730 1913 et
742 1863 887 1929 Lycaones
900 1876 984 1911 nram·

118 1962 131 1979 ,
181 1936 236 1984 mis
248 1932 397 1999 puerperio
419 1931 526 1983 seratis
541 1933 671 1983 invenere
689 1932 795 1982 otidum
807 1931 916 1998 adipem
929 1930 983 1980 uti·

181 2002 324 2055 lenresse:
348 2000 475 2066 hisquae
492 2000 575 2053 vulva
594 2000 812 2068 strangulentur,
834 2008 861 2051 et
880 1998 984 2049 blattas

182 2072 306 2124 illinunt.
325 2070 446 2121 Ovorum
459 2069 581 2136 perdicis
593 2070 766 2138 putaminum
779 2070 849 2120 cinis
860 2069 984 2119 cadmiae

171 2142 295 2202 asinus,
306 2144 334 2190 et
345 2154 433 2200 cerae,
444 2145 551 2192 stantes
562 2154 696 2190 mammas
707 2146 812 2190 serrat.
840 2138 944 2189 Putant
956 2144 985 2188 ct

181 2217 226 2264 ter
250 2209 452 2261 circumductas
470 2224 522 2280 ovp
545 2208 665 2275 perdicis
686 2223 739 2258 non
758 2207 901 2259 inclinaris
923 2207 984 2257 etsi

182 2280 350 2333 sorbeantur
360 2277 465 2339 eadem,
476 2277 694 2330 foecunditatem
708 2276 813 2329 lacere:
824 2278 906 2328 lactis
917 2289 985 2343 quo·

183 2364 238 2417 que
260 2351 373 2415 copiam.
410 2348 477 2399 Cum
499 2347 626 2399 eriserino
645 2345 727 2413 adipe
746 2346 985 2412 perunctismam·

182 2419 246 2479 mis,
257 2417 369 2470 dolores
381 2416 514 2478 minuere,
531 2417 619 2467 molas
629 2418 702 2466 uteri
714 2430 852 2481 rumpere,
863 2414 984 2465 scabiem

182 2487 327 2540 vulsarum
339 2485 447 2544 sedare,
458 2485 483 2535 si
493 2501 554 2536 cum
567 2486 664 2537 cimice
674 2485 743 2535 trito
755 2484 911 2534 illinantur.

220 2556 317 2607 vat.
336 2553 573 2620 vespertilionum
594 2554 707 2618 sanguis
725 2551 854 2619 psilothri
867 2552 922 2601 vim
934 2549 983 2602 ha·

182 2625 245 2677 bet:
257 2622 306 2675 sed
318 2623 399 2674 malis
410 2638 558 2688 puerorum
569 2622 658 2672 illitus
669 2638 723 2672 non
735 2624 804 2673 antis
816 2621 934 2686 proficit,
945 2622 985 2670 ni·

184 2694 210 2745 si
223 2706 336 2758 aerugo,
356 2692 400 2742 vel
420 2695 527 2743 cicutae
541 2706 635 2743 semen
648 2699 749 2757 postea
760 2690 921 2741 inducatur:
943 2690 984 2740 sic

183 2764 259 2815 eninr
275 2761 364 2813 autin
377 2767 466 2812 totum
480 2761 617 2811 tolluntur
638 2761 698 2827 pili,
721 2768 770 2812 aut
781 2777 835 2811 non
847 2758 986 2812 excedunt

182 2833 353 2897 lanuginem.
390 2831 467 2881 idem
487 2837 514 2881 et
527 2830 641 2882 cerebro
654 2846 749 2882 eorum
766 2829 862 2896 profici
873 2836 983 2897 putant.

181 2903 237 2958 Est
247 2907 340 2952 autem
355 2898 465 2965 duplex,
477 2899 578 2951 rubens
590 2901 685 2966 utique
696 2908 724 2953 et
735 2900 891 2951 candidum.
926 2898 984 2949 ati·

126 3011 131 3019 ,
183 2970 232 3091 pai
247 2969 408 3037 sanguinem
429 2976 458 3022 et
477 2970 554 3021 iecur
571 2970 695 3022 eiusdem
717 2969 880 3022 admiscent.
918 2967 984 3029 uui-

205 3056 249 3091 am
265 3042 293 3090 in
306 3039 396 3091 tribus
415 3037 533 3092 heminis
545 3040 601 3091 olel
614 3040 780 3105 discoquunt
791 3039 924 3107 viperam,
936 3052 983 3088 ex·

184 3111 266 3163 emtis
276 3110 387 3161 ossibus
397 3109 526 3177 psilothri
538 3111 598 3161 rice
610 3115 735 3170 utuntur,
745 3108 848 3160 evulsis
860 3110 936 3173 prins
947 3106 985 3173 pi·

182 3179 220 3232 lis
237 3195 305 3247 quos
321 3182 429 3231 renasci
441 3179 547 3231 nolant.
584 3180 632 3231 Fel
654 3178 795 3230 herinacei
817 3174 983 3244 psilothrum

172 3250 238 3310 est,
259 3249 352 3314 ntique
366 3250 455 3300 mixto
472 3249 587 3300 cerebro
599 3249 807 3315 vespertilionis
818 3254 846 3298 et
857 3248 930 3297 lacte
942 3260 985 3296 ca·

181 3319 280 3387 prino:
303 3318 370 3368 item
384 3332 433 3383 per
443 3334 473 3369 se
484 3320 563 3373 cirris.
600 3318 689 3369 Lacte
699 3320 775 3370 canis
789 3315 870 3384 primi
880 3321 984 3381 partus,

182 3388 288 3441 evulsis
306 3386 369 3452 pilis
391 3403 459 3453 quos
474 3389 578 3438 renasci
590 3387 697 3446 nolunt,
718 3386 760 3438 vel
771 3386 891 3437 nondum
902 3384 984 3444 natis,

180 3459 327 3525 perunctis
339 3456 471 3522 partibus,
490 3457 538 3507 alii
556 3471 609 3507 noa
621 3461 745 3522 surgunt.
782 3455 857 3507 idem
874 3452 985 3506 evenire

181 3524 309 3578 traditur
319 3525 455 3593 sanguine
467 3525 546 3576 ricini
557 3525 646 3576 evulsi
657 3528 732 3576 cani:
755 3526 821 3577 item
833 3521 985 3575 hirundini·

181 3610 221 3646 no
234 3597 378 3660 sanguine,
400 3595 444 3645 vel
457 3594 532 3647 selle.
571 3596 637 3646 Oris
649 3593 826 3646 lormricarum
838 3592 986 3659 supercilia

182 3663 327 3730 denigrari
345 3680 407 3715 cum
429 3666 531 3715 muscis
546 3665 621 3717 tritis
634 3663 756 3715 trudunt.
793 3663 823 3715 st
833 3678 898 3715 reru
909 3660 985 3713 oculi

180 3733 258 3799 nigri
268 3735 439 3785 nascentium
452 3734 590 3801 placeant,
601 3734 718 3785 soricem
733 3735 894 3800 praegnanti
904 3731 985 3784 eden·

183 3803 258 3855 dom.
295 3804 396 3870 Capilli
419 3818 452 3854 ne
473 3811 632 3866 canescant,
656 3804 790 3856 vermium
812 3811 985 3855 terrenorum

182 3872 276 3924 cinere
290 3872 427 3939 praestari
439 3872 564 3924 odorisio
577 3875 649 3926 oleo.

219 3940 332 3994 XLVll.
349 3942 516 4006 infantibus,
537 3944 584 4009 qui
601 3944 675 3994 lacte
694 3950 826 3995 concreto
839 3948 985 4003 vexantur,

182 4010 324 4082 praesidio
335 4018 380 4062 est
390 4013 519 4077 agninum
532 4012 718 4077 coagulantes
729 4026 801 4078 aqua
812 4018 917 4078 potum.
930 4014 985 4063 Aut

184 4081 210 4132 si
222 4080 383 4147 coagulatio
393 4080 475 4130 iactis
486 4080 631 4141 acciderit,
653 4080 802 4131 discutitur
819 4079 938 4145 coagulo
951 4094 984 4130 es

182 4158 265 4203 aceto
277 4148 352 4200 dato.
379 4147 419 4199 Ad
432 4147 607 4208 dentitiones,
618 4149 762 4199 cerebrum
774 4149 883 4215 pecoris
895 4148 986 4197 utilis·

183 4221 284 4271 alneum
297 4224 348 4268 est.
384 4217 500 4268 Ossibus
511 4219 539 4268 in
552 4218 650 4267 canino
663 4216 727 4266 limo
738 4217 865 4275 inventis,
876 4214 985 4266 adustio

183 4286 342 4348 infantiam,
354 4299 425 4350 quae
435 4294 552 4336 vocatur
560 4286 676 4345 sirianis,
687 4284 846 4351 adalligatis
858 4282 985 4335 emenda·

183 4362 250 4408 tur:
281 4356 398 4407 ramices
420 4352 569 4406 infantium
590 4355 712 4405 lacertae
736 4353 832 4405 viridis
854 4353 985 4405 adnrotae

184 4424 389 4487 dormientibus
401 4438 502 4475 nrorsu.
540 4422 640 4474 Postea
651 4422 910 4488 arundinialligata
920 4436 985 4471 sus-

182 4492 316 4565 penditur
335 4493 364 4543 in
383 4492 472 4543 fumo:
496 4492 663 4560 traduntque
685 4493 790 4559 pariter
811 4506 871 4542 cnm
888 4506 921 4541 ca
936 4504 984 4541 er-

183 4565 311 4632 spirante
328 4563 422 4614 sanari
436 4561 579 4614 infantem.
616 4559 797 4613 cochlearum
810 4559 900 4612 salira
910 4560 985 4611 illita

184 4633 332 4686 infantium
345 4632 443 4694 oculis,
458 4633 602 4699 palpebras
613 4628 737 4698 corrigit,
749 4632 903 4699 gignitque.
932 4630 985 4681 lla·

185 4704 300 4756 micosis
311 4700 486 4754 cochlearum
498 4704 569 4754 cinis
579 4717 640 4754 cum
650 4699 731 4753 thure
742 4716 775 4753 ex
787 4699 914 4751 nvisatbo
925 4715 985 4751 suc·

188 4787 222 4824 eo
234 4772 322 4824 illitus
338 4785 388 4838 per
398 4773 457 4823 dies
468 4772 585 4840 triginta
595 4771 730 4822 medetur.
767 4770 945 4821 inveniuntur
955 4771 984 4820 in

185 4840 335 4894 corniculis
345 4841 521 4894 cochlearum
532 4856 684 4893 arenaceae
696 4840 829 4901 duritiae:
848 4855 899 4892 eae
920 4839 985 4890 den·

183 4910 315 4963 titionem
336 4910 449 4964 facilem
470 4918 614 4981 praestant
633 4910 811 4978 adalligatae.
848 4907 981 4960 Coehlea·

183 4996 246 5033 rum
258 4983 380 5033 inanium
391 4982 461 5033 cinis
471 4981 613 5033 adortatus
623 4996 712 5042 cerae,
732 4978 931 5047 procidentium
944 4979 985 5029 in-

182 5054 362 5103 teraneorum
374 5058 468 5118 partes
479 5058 621 5103 extremas
633 5049 773 5116 probibet.
809 5050 928 5116 Oportet
938 5061 985 5098 au·

118 5168 130 5179 ,
182 5126 240 5174 tem
254 5120 339 5172 cineri
351 5121 461 5174 misceri
471 5121 575 5174 saniem
586 5123 696 5187 punctis
708 5122 833 5172 emissam
843 5133 858 5171 e
869 5118 983 5169 cerebro

154 5192 164 5202 '
184 5188 306 5256 viperae.
325 5191 475 5242 Cerebrum
486 5192 597 5259 viperae
608 5190 746 5260 illigatum
759 5188 907 5256 pelliculae
919 5188 984 5239 dea·

181 5258 298 5311 titiones
312 5258 435 5311 adiuvat.
465 5259 540 5313 idem
551 5260 646 5313 velent
657 5267 685 5312 et
695 5259 874 5326 grandissimi
886 5256 983 5308 dentes

182 5328 363 5395 serpentium.
398 5328 508 5380 Fimum
526 5329 602 5381 corvi
619 5329 687 5379 iana
698 5327 878 5394 adalligatum
890 5325 981 5376 inian-

180 5396 252 5448 tium
274 5397 342 5446 tussi
360 5396 497 5449 medetur.
534 5398 587 5449 Vin
599 5404 641 5448 est
652 5398 726 5449 serio
740 5395 885 5461 complecti
897 5408 980 5460 quae·

182 5464 260 5516 dant:
275 5479 329 5514 non
341 5465 495 5517 omittenda
506 5472 609 5527 tamen,
620 5467 684 5532 quia
694 5473 759 5518 sont
770 5463 890 5533 prodita.
928 5463 981 5516 Ra·

180 5536 246 5586 mici
258 5531 407 5586 infantium
419 5534 525 5585 lacerta
538 5534 642 5586 mederi
654 5537 758 5588 iubent.
789 5534 896 5586 Marem
909 5530 981 5584 hanc

178 5601 323 5669 prehendi.
359 5602 391 5655 id
410 5602 531 5671 intelligi
551 5609 579 5657 ct
590 5604 665 5673 quod
675 5606 727 5657 snb
737 5602 828 5659 canda
839 5616 921 5655 ιιιιιιιιι
932 5617 978 5656 oa-

1038 500 1150 539 vernam
1162 484 1272 541 habeat.
1306 487 1337 539 ld
1359 489 1507 557 agendum,
1527 499 1737 560 riperensem,
1756 500 1838 551 etar-

1039 563 1160 625 gentom,
1172 565 1220 608 aut
1233 567 1340 608 ostrum
1352 558 1478 611 mordeat
1489 557 1593 613 sitium.
1630 565 1701 615 ‘i‘om
1710 568 1738 616 in
1750 567 1837 620 calice

1039 641 1111 677 noro
1122 626 1258 694 illigatur,
1270 627 1336 679 etin
1347 627 1424 679 lunio
1434 631 1554 695 ponitur.
1591 631 1677 683 Urina
1686 634 1835 688 infantium

1039 694 1185 745 cohibetur
1201 697 1325 748 muribus
1336 698 1418 749 elisis
1431 699 1457 748 in
1470 699 1531 750 cibo
1544 699 1627 751 datis.
1663 698 1834 756 scarabaeo·

1037 777 1099 815 rum
1112 764 1526 831 corooagrandiadenticuiata,
1535 768 1689 835 adalligata
1700 769 1835 833 his,anru·

1038 832 1088 885 icti
1101 839 1228 883 naturam
1240 835 1374 884 obtinent.
1405 837 1498 888 Bovae
1510 838 1594 903 capiti
1608 838 1734 905 lapillum
1744 842 1835 896 inesse

1037 902 1162 962 tradunt,
1183 917 1263 969 quern
1275 904 1310 954 ab
1322 916 1356 953 eo
1366 906 1465 970 exspui
1474 906 1498 955 si
1511 922 1604 958 necem
1618 909 1723 968 timeat,
1744 912 1831 977 inopi·

1038 972 1129 1021 nantis
1150 970 1274 1038 praeciso
1297 972 1387 1037 capite
1409 982 1563 1036 exeuntum,
1585 976 1834 1044 adalligatumque,

1038 1042 1108 1091 mire
1117 1038 1252 1105 prodesse
1263 1038 1418 1091 dentitioni.
1455 1043 1525 1094 item
1548 1045 1690 1095 cerebram
1712 1047 1834 1098 eiusdem

1038 1107 1073 1159 ad
1085 1107 1201 1160 eundem
1216 1122 1294 1159 usum
1306 1109 1457 1177 adalligari
1468 1112 1575 1163 iubent:
1593 1120 1622 1164 et
1635 1114 1745 1166 limacis
1755 1115 1835 1181 lapil-

1039 1177 1095 1227 lum
1116 1177 1176 1228 sire
1189 1178 1346 1240 ossiculum,
1368 1179 1444 1246 quod
1455 1181 1595 1232 invenitur
1605 1184 1633 1234 in
1645 1183 1737 1235 dorso.
1774 1185 1836 1236 Ma·

1038 1246 1138 1314 gniiice
1149 1246 1226 1298 iurat
1236 1254 1264 1299 et
1274 1248 1335 1297 oris
1349 1248 1493 1301 cerebrum
1505 1250 1624 1317 gingivis
1636 1252 1751 1305 illitum:
1762 1253 1836 1305 sicut

1038 1330 1121 1366 aures
1140 1315 1225 1382 adeps
1245 1319 1389 1369 anserinus
1411 1333 1471 1369 cum
1484 1320 1566 1370 ocimi
1578 1335 1661 1371 succo
1678 1323 1834 1387 impositus.

1038 1383 1108 1434 Sunt
1118 1385 1263 1437 seminali
1274 1389 1301 1438 in
1312 1389 1434 1453 spinosis
1445 1387 1537 1439 herbis
1550 1390 1652 1454 asperi,
1664 1390 1834 1458 lanuginosi:

1039 1451 1089 1501 hos
1101 1453 1271 1520 adalligatos
1293 1459 1420 1523 protinus
1432 1456 1539 1509 mederi
1550 1458 1662 1510 madunt
1672 1459 1835 1523 infantibus,

1037 1520 1138 1585 siquid
1151 1536 1183 1572 cr
1196 1522 1260 1572 cibo
1270 1521 1391 1576 haereat
1638 1528 1644 1539 ‘

1071 1588 1197 1641 XLVill.
1216 1590 1334 1643 Somnos
1352 1593 1443 1644 allicit
1463 1609 1597 1661 oesypum
1620 1611 1679 1646 cunr
1704 1595 1835 1662 myrrhae

1038 1665 1177 1710 monrento
1189 1660 1216 1710 in
1230 1660 1286 1710 tini
1297 1661 1408 1728 cyathis
1426 1661 1533 1713 duobus
1554 1664 1688 1726 dilutum,
1710 1666 1754 1716 vel
1772 1680 1835 1717 cum

1038 1727 1121 1793 adipe
1132 1732 1261 1779 anserino
1272 1738 1301 1781 et
1311 1730 1377 1781 vino
1389 1733 1519 1799 myrtite:
1537 1733 1597 1783 avis
1608 1734 1723 1785 cuculas
1731 1734 1835 1801 lepori·

1037 1811 1072 1846 na
1084 1796 1157 1862 pelle
1169 1797 1355 1865 adalligatus:
1377 1801 1507 1852 ardeolee
1520 1807 1639 1853 rostrum
1652 1803 1680 1852 in
1692 1803 1766 1871 pelle
1778 1805 1833 1855 asi·

1037 1865 1101 1915 nina
1115 1865 1203 1917 tronti
1225 1867 1418 1935 adalligatum.
1455 1870 1559 1921 Putant
1572 1879 1601 1922 et
1613 1886 1703 1937 perse
1714 1880 1835 1924 rostrum

1037 1933 1161 1986 eiusdem
1190 1934 1308 1988 allectus
1329 1953 1390 1989 csse
1412 1940 1477 1989 vino
1499 1938 1642 1990 collatum.
1680 1941 1834 1994 Ediverse
1916 1996 1922 2009 ,

1036 2018 1163 2054 sensnum
1181 2012 1259 2056 arcet
1279 2005 1487 2073 vespertilionis
1509 2015 1593 2076 caput
1607 2007 1715 2060 aridum
1726 2008 1838 2062 'adalli-

1036 2080 1140 2141 gaium.

1071 2140 1171 2194 XLlX.
1189 2143 1220 2193 ln
1242 2142 1323 2193 urina
1342 2143 1418 2194 virili
1439 2144 1546 2197 lacerta
1566 2151 1676 2208 necata,
1698 2144 1837 2200 Venerem

1037 2211 1096 2263 cius
1108 2210 1274 2278 quitecerit,
1294 2209 1412 2264 inhibet.
1448 2214 1519 2267 Nam
1541 2218 1616 2269 inter
1626 2216 1765 2270 amatoria
1775 2231 1838 2270 esse

1040 2281 1114 2345 hiagi
1126 2280 1231 2332 dicunt.
1268 2279 1377 2349 inhibet
1394 2290 1422 2334 et
1443 2284 1537 2337 limum
1549 2285 1680 2337 cochleae
1691 2292 1719 2337 et
1730 2287 1836 2338 colum·

1037 2351 1129 2401 binum
1142 2364 1201 2400 conr
1213 2349 1277 2400 oleo
1289 2358 1317 2400 ct
1329 2351 1394 2402 vino
1404 2361 1509 2417 potum.
1547 2354 1691 2406 Pulmonis
1701 2354 1838 2407 vulturini

1038 2419 1152 2469 destrae
1172 2426 1265 2483 partes
1277 2417 1411 2472 Venerem
1432 2424 1573 2473 concitent
1584 2425 1652 2474 viris
1664 2423 1837 2490 adalligatae

1032 2487 1114 2553 gruis
1127 2485 1208 2552 pelis.
1242 2486 1311 2538 ltcm
1323 2489 1346 2538 si
1361 2489 1436 2540 lutra
1448 2505 1480 2540 er
1493 2493 1553 2541 ovis
1564 2493 1684 2557 quinque
1696 2491 1837 2543 columba·

1039 2572 1109 2615 runi,
1121 2554 1244 2606 maristo
1255 2555 1348 2619 adipis
1357 2556 1433 2607 suilli
1446 2558 1554 2610 denarii
1566 2561 1696 2625 pondere,
1707 2575 1742 2612 ex
1752 2558 1836 2612 melle

1037 2626 1211 2676 sorbeantur.
1248 2623 1378 2676 Passaron
1390 2627 1416 2675 in
1428 2627 1499 2687 cibo,
1513 2628 1738 2680 velovocorum.
1769 2628 1835 2679 Gal·

1039 2695 1136 2746 linacei
1146 2692 1245 2745 deuter
1253 2695 1335 2745 testis
1344 2696 1464 2746 arietina
1472 2696 1544 2762 pelle
1555 2696 1735 2762 adalligatos.
1748 2696 1836 2748 ibium
1903 2736 1909 2745 .

1038 2766 1146 2817 cineres
1157 2778 1219 2815 cum
1230 2762 1313 2829 adipe
1323 2765 1432 2815 anseris
1442 2772 1471 2815 et
1481 2767 1553 2816 irino
1565 2768 1715 2833 perunctis,
1736 2766 1761 2816 si
1773 2781 1837 2817 con·

1038 2840 1133 2900 ceptus
1144 2834 1190 2894 sit,
1208 2840 1305 2913 partps
1322 2833 1477 2885 continere:
1501 2841 1601 2886 contra
1616 2832 1736 2885 inhiberi
1747 2834 1837 2886 Vene-

1037 2920 1094 2955 rem
1108 2904 1272 2969 pugnatoris
1282 2901 1351 2968 galli
1371 2902 1509 2953 testiculis
1521 2903 1650 2955 anserino
1661 2902 1743 2969 adipe
1753 2902 1835 2955 illitis

1038 2972 1254 3039 adalligatisque
1272 2970 1344 3036 pelle
1365 2972 1617 3023 ariednatradnnt.
1652 2974 1722 3024 ltem
1744 2971 1834 3025 euius·

1038 3058 1145 3110 cunque
1156 3041 1224 3107 galli
1236 3040 1397 3106 gallinacei,
1418 3045 1442 3091 si
1455 3057 1515 3093 cum
1532 3042 1666 3108 sanguine
1685 3040 1837 3109 gallinacei

1037 3114 1111 3164 lecto
1123 3112 1315 3162 subiicientur.
1352 3112 1460 3176 Cogunt
1480 3111 1625 3176 concipere
1644 3111 1836 3164 invitassetae

1038 3198 1070 3234 ex
1084 3180 1174 3233 cauda
1185 3180 1285 3242 arulae,
1303 3179 1326 3229 si
1339 3180 1441 3231 iunctis
1452 3181 1615 3239 evelluntur,
1633 3180 1707 3232 inter
1717 3195 1747 3231 se
1759 3180 1838 3232 colii·

1037 3260 1120 3319 gatae
1131 3251 1255 3317 ingenita.
1293 3248 1346 3311 Qui
1370 3252 1396 3299 in
1417 3251 1523 3300 urinam
1536 3251 1698 3301 caniss‘nam
1711 3252 1836 3317 ingesse-

1039 3322 1084 3381 rit,
1096 3320 1200 3371 dicitur
1210 3318 1244 3370 ad
1258 3316 1392 3371 Venerem
1412 3319 1520 3385 pigrior
1539 3319 1610 3370 lieri.
1647 3320 1748 3369 Mirum
1760 3326 1788 3370 et
1800 3319 1835 3372 de

1037 3389 1176 3441 stellionis
1188 3390 1280 3440 cinere
1290 3387 1327 3451 (si
1339 3402 1433 3437 rerrsm
1446 3393 1500 3446 est)
1513 3388 1666 3439 linamento
1678 3388 1835 3439 involutum

1038 3461 1066 3510 in
1086 3460 1200 3510 sinistra
1220 3471 1300 3506 ιιιιιιιιι
1313 3453 1449 3507 Venerem
1462 3457 1623 3507 stimulare:
1642 3457 1668 3507 si
1684 3456 1834 3509 transiere·

1038 3528 1120 3579 turin
1135 3527 1273 3586 dextram,
1292 3523 1427 3576 inhibere.
1463 3525 1531 3576 item
1553 3525 1757 3592 vespertilionis
1773 3540 1835 3577 saa·

1037 3597 1149 3665 guinem
1163 3596 1310 3647 collectum
1324 3592 1419 3655 flocco,
1438 3596 1665 3661 suppositumque
1678 3595 1764 3660 capiti
1778 3610 1835 3646 mu·

1039 3668 1148 3727 ilerum,
1170 3666 1313 3717 libidinem
1332 3678 1460 3715 aserere:
1482 3670 1530 3716 aut
1550 3664 1793 3731 ansedslinguam
1805 3664 1836 3715 ia

1038 3736 1099 3788 cibo
1111 3735 1155 3786 vel
1166 3735 1283 3800 potione
1294 3740 1424 3784 sumtum.
1822 3738 1825 3744 “

1072 3805 1105 3857 L.
1124 3804 1294 3856 Phthirinsin
1306 3818 1323 3853 ιι
1336 3809 1397 3853 toto
1409 3817 1525 3871 corpore
1535 3809 1603 3871 pota
1619 3803 1779 3854 membrana
1789 3815 1833 3853 se-

1036 3875 1159 3928 nectutis
1171 3874 1301 3942 angoium
1312 3872 1405 3923 triduo
1418 3880 1510 3926 necat:
1521 3890 1555 3926 ac
1564 3888 1656 3925 serum
1667 3877 1777 3923 exemto
1788 3885 1833 3922 ca·

1037 3961 1085 3998 seo
1109 3952 1201 4012 potum
1224 3959 1283 3995 cam
1302 3943 1484 4009 exiguosalc.
1522 3946 1634 4002 Caseus,
1654 3943 1678 3991 si
1692 3941 1834 3992 cerebrum

1039 4014 1174 4066 mustelae
1187 4012 1304 4079 coagulo
1314 4012 1443 4073 addatur,
1450 4019 1553 4077 negant
1563 4008 1702 4072 corrumpi
1714 4014 1835 4058 vetusta·

1038 4092 1075 4144 te,
1085 4092 1134 4135 aut
1146 4099 1163 4133 a
1174 4083 1296 4133 muribus
1306 4082 1414 4148 attingi.
1441 4080 1574 4131 Eiusdem
1585 4077 1719 4130 mustelae
1730 4074 1798 4126 clais
1809 4075 1836 4125 si

1038 4153 1119 4203 detur
1138 4151 1167 4201 in
1189 4150 1245 4201 olla
1264 4150 1428 4216 gallinaceis
1439 4150 1523 4215 pullis
1534 4156 1562 4201 et
1572 4144 1746 4204 columbinis,
1756 4148 1834 4193 tutos

1038 4234 1101 4271 esse
1120 4233 1136 4268 a
1154 4218 1290 4269 mustelis.
1327 4219 1515 4268 lamentorum
1536 4216 1637 4267 urinae
1660 4211 1834 4269 terminare-

1038 4286 1201 4353 epertilione
1212 4285 1366 4351 adalligato
1377 4286 1518 4336 finiuntur.
1543 4282 1719 4335 Vemriaatln
1730 4286 1774 4332 ter
1783 4280 1835 4331 cir·

1038 4356 1161 4409 cunilato
1171 4354 1299 4405 verendis
1311 4355 1454 4420 palumbo:
1471 4354 1570 4406 mirum
1583 4351 1672 4403 dictu:
1690 4349 1834 4414 palumbus

1038 4426 1154 4477 emissus
1164 4423 1291 4485 moritur,
1302 4423 1454 4473 iumentum
1468 4424 1602 4475 liberatur
1614 4415 1769 4489 consestipr.

1072 4495 1117 4545 Li.
1138 4493 1262 4544 Ebriosis
1276 4507 1328 4543 ova
1338 4498 1456 4545 noctuae
1468 4508 1517 4560 per
1534 4487 1657 4541 tridrmm
1676 4486 1743 4538 deta
1754 4486 1782 4538 in
1792 4490 1833 4539 ri·

1039 4580 1084 4626 no,
1094 4563 1217 4616 taedium
1229 4564 1289 4614 eius
1299 4561 1449 4612 adducunt.
1485 4560 1655 4611 Ebrietatem
1667 4563 1744 4608 arcet
1755 4570 1835 4624 pecu·

1038 4636 1102 4687 dum
1113 4647 1194 4684 assus
1206 4631 1299 4698 pulmo
1313 4638 1497 4697 praesumtus.
1522 4626 1687 4677 llirundinis
1700 4628 1784 4677 rostri
1795 4626 1834 4677 ei·

1037 4705 1154 4756 niseum
1166 4698 1282 4768 myrrha
1292 4702 1384 4762 tritus,
1405 4708 1434 4752 et
1452 4701 1480 4748 in
1500 4697 1565 4747 sino
1584 4695 1658 4761 quod
1670 4695 1833 4748 bibeturln·

1037 4789 1159 4842 spersus,
1179 4785 1293 4823 securos
1314 4765 1469 4838 praestabit
1489 4764 1693 4819 atemulentla.
1729 4766 1837 4818 invenit

1038 4844 1091 4897 hac
1102 4844 1198 4894 Herus
1208 4840 1386 4908 Assyriorum
1398 4850 1458 4889 rex.

1071 4912 1131 4964 Lll.
1151 4912 1267 4963 Praeter
1287 4909 1355 4957 haec
1372 4912 1436 4957 sont
1459 4905 1593 4957 notabilia
1613 4902 1775 4955 animalium
1798 4901 1834 4953 ad

1037 4981 1089 5034 hoc
1099 4982 1228 5032 volumen
1244 4977 1453 5043 pertinentium.
1489 4973 1695 5041 Grompbenasn
1713 4986 1791 5023 arem
1805 4974 1832 5020 ln

1036 5051 1166 5105 Sardinia
1185 5052 1301 5099 narrant
1312 5047 1376 5114 grui
1394 5044 1524 5106 similem,
1544 5043 1669 5112 ignotam
1681 5043 1736 5093 iam
1749 5040 1833 5091 etiam

1038 5119 1144 5182 Sardis,
1154 5124 1186 5169 ut
1197 5116 1336 5169 existimo.
1371 5115 1402 5166 la
1413 5114 1509 5168 eadem
1522 5114 1711 5180 provinciaest
1722 5106 1833 5174 ophion,

1036 5190 1125 5244 cervis
1136 5194 1244 5239 tantum
1256 5185 1315 5253 pilo
1326 5183 1435 5246 similis,
1445 5200 1496 5236 nec
1507 5183 1574 5236 alibi
1586 5194 1711 5235 nuceas.
1746 5175 1832 5228 iidem

1036 5266 1167 5319 auctores
1177 5259 1354 5307 nominavere
1375 5254 1532 5321 subiugum,
1554 5251 1628 5321 qnod
1639 5243 1781 5312 necqusle
1792 5258 1835 5297 es·

1035 5337 1078 5381 set
1089 5327 1202 5387 animal,
1213 5326 1321 5377 necubi
1331 5331 1501 5386 nasceretur,
1516 5321 1698 5375 tradiderunt.
1732 5312 1833 5395 Pulses

1035 5398 1146 5466 quidem
1157 5411 1211 5447 non
1224 5394 1331 5456 dubito,
1347 5409 1408 5445 cum
1420 5402 1450 5447 et
1460 5391 1613 5445 medicinae
1624 5400 1659 5466 ex
1670 5397 1704 5434 eo
1716 5387 1773 5433 arnt
1786 5382 1833 5434 de·

1034 5471 1216 5520 nronstratae.
1253 5465 1292 5516 lli.
1307 5464 1406 5515 Cicero
1426 5461 1514 5515 tradit
1533 5454 1664 5510 animalia
1676 5451 1773 5503 biuros
1784 5467 1834 5504 ru-

1034 5538 1101 5598 sori,
1132 5536 1160 5587 ui
1171 5535 1243 5586 vites
1254 5535 1282 5584 in
1293 5534 1446 5599 campania
1457 5526 1583 5583 erodant.
1667 5588 1674 5601 θ

1068 5553 1139 5661 atil.
1158 5604 1275 5673 Reliqua
1284 5587 1745 5723 mbptfiiipnexhisquaedmman
1772 5589 1835 5644 Non
