4356 6014
228 252 233 266 Ι
274 317 305 378 C.
340 308 497 379 PLlNll
522 302 738 370 saeuum
769 303 936 370 natea.
969 302 1160 380 elisios.
1191 302 1683 373 Lib.xt⁷11.car.3s-4r.
1755 312 1817 373 215

162 469 236 525 ilinc
248 465 350 520 sumdt
359 462 542 529 Androcydes
541 452 720 522 medicinam
732 463 831 513 contm
842 460 963 513 ebrleta-

163 548 216 604 tcs,
226 534 365 606 raphanus
376 540 407 585 ut
417 532 566 584 mandatur
577 530 760 597 praecipiens.
783 529 891 582 Oditet
903 545 965 582 cau·

162 610 263 672 lem,et
274 606 336 658 olus
347 618 443 656 omne:
458 601 517 653 odit
528 609 557 653 et
567 599 709 667 corylum;
720 601 750 651 ni
759 600 857 667 procul
864 599 965 662 absint,

165 677 255 731 tristis
266 682 350 743 atque
360 686 455 742 segra.
467 670 579 731 Nicrum
591 669 702 736 quidem
714 675 743 722 et
754 670 875 733 alumen,
885 670 967 721 niari-

62 762 66 771 “
165 762 201 800 na
210 761 284 816 aqua
295 742 396 803 calida,
417 740 539 796 etlubae
550 741 702 806 putamina,
724 738 768 791 rel
779 739 848 803 ervi,
865 738 965 792 ultima

164 831 271 871 reuersa
282 819 354 866 suut.

201 882 354 938 xxxviii.
373 878 530 933 intersitis
538 877 669 930 arborum
680 882 725 930 est
734 881 764 931 et
774 877 910 944 prodigiis
920 876 963 929 lo·

166 971 223 1008 cus.
252 953 409 1005 Invenimus
419 952 492 1002 euim
504 949 566 1001 sine
576 947 654 999 toliis
664 954 759 999 natas:
770 948 856 1000 ritem
868 954 896 1000 et
906 962 964 998 ma·

166 1026 223 1076 lum
244 1021 376 1073 Punicam
396 1020 484 1085 stirpe
503 1019 624 1069 lructum
637 1016 754 1078 tulisse,
775 1031 831 1069 non
843 1017 966 1085 palmite,

165 1102 215 1146 aut
225 1094 322 1145 ramis:
332 1090 428 1151 ritem,
440 1103 507 1139 uras
516 1088 578 1139 sine
587 1085 678 1138 toliis:
691 1086 769 1137 oleas
779 1101 888 1152 quoque
899 1088 966 1137 ami·

164 1165 235 1216 sisse
246 1161 316 1214 iulia
326 1159 422 1214 baccis
432 1156 621 1210 haerentibus.
643 1154 713 1208 Sunt
722 1163 751 1207 et
761 1155 897 1207 miracula
908 1155 965 1207 lor·

164 1233 246 1285 tulta.
276 1230 347 1284 Nam
358 1235 387 1283 et
397 1227 473 1279 oliva
484 1228 512 1278 iu
523 1233 615 1278 totum
626 1225 756 1277 ambusta
767 1225 885 1277 revixit:
896 1231 924 1277 et
935 1224 965 1275 in

165 1301 287 1355 Boeotia
297 1300 416 1351 derosae
425 1312 443 1349 a
454 1297 572 1349 locustis
579 1294 755 1346 licusiterum
762 1295 965 1362 germinavere.

165 1373 316 1425 Mutantur
325 1368 441 1421 arbores
451 1372 480 1419 et
493 1365 602 1426 colore,
622 1364 746 1431 fiuntque
758 1379 790 1416 ex
803 1364 891 1432 nigris
902 1379 965 1416 can·

165 1440 257 1502 didae,
272 1453 326 1490 non
337 1450 450 1503 semper
459 1434 633 1502 prodigiose:
657 1448 707 1485 eae
718 1433 840 1485 maxime
850 1448 921 1501 qaae
932 1448 967 1485 ex

1017 464 1165 526 temperat.
1178 460 1403 514 Novellaeenim
1412 458 1623 513 minussitiunt.
1648 459 1821 517 Deciderant
1857 462 1913 517 Ἦ
1932 454 2055 539 friat,

1018 536 1112 581 sutem
1123 531 1242 584 maximo
1252 532 1350 600 rigari,
1360 544 1432 598 quae
1441 545 1595 584 assuercre.
1625 532 1728 583 Contra
1738 532 1820 585 siccis

1018 598 1089 681 locis
1110 601 1207 667 genita
1223 616 1279 653 non
1295 607 1429 670 expetunt
1448 599 1601 665 hunroreur,
1622 602 1678 653 uisi
1693 616 1820 655 necessa·

1017 683 1098 720 num.

1053 736 1127 788 ΧΗ.
1148 736 1300 803 Asperiora
1309 738 1374 791 rinc
1385 737 1471 807 rigari
1480 739 1578 808 utique
1590 740 1704 806 cupiunt
1715 741 1743 791 in
1754 738 1817 792 Sul·

1018 806 1143 858 monensi
1154 807 1253 860 ltaliae
1264 822 1342 874 agro,
1363 824 1434 875 pago
1445 809 1570 861 Fabiano
1577 843 1586 871 ,
1606 809 1656 861 ubi
1667 814 1695 860 et
1706 824 1772 861 arra
1782 812 1821 862 ri·

1018 881 1102 945 gant:
1120 876 1283 943 mirumque,
1303 874 1405 930 herbae
1414 892 1487 946 aqua
1495 878 1548 930 illa
1558 886 1701 940 necantur,
1722 879 1818 947 lruges

1018 949 1140 1009 aluntur,
1162 950 1191 997 et
1209 946 1306 1013 riguus
1321 960 1372 1013 pro
1388 946 1500 999 sarculo
1511 954 1562 999 cst.
1597 949 1627 1000 lu
1640 946 1766 1000 eudemo
1787 964 1818 1001 ro

1017 1016 1126 1076 bruma,
1146 1020 1226 1067 tanto
1239 1016 1327 1084 magis
1338 1017 1364 1067 si
1374 1019 1450 1068 nives
1460 1016 1579 1079 iaceant,
1595 1016 1714 1083 geletve,
1724 1032 1761 1068 ne
1798 1018 1818 1056 '-

1019 1098 1071 1152 gus
1082 1084 1156 1137 vites
1167 1085 1276 1149 adurat,
1289 1084 1512 1137 circumfundunt
1521 1085 1620 1151 riguis,
1641 1087 1714 1153 quod
1726 1086 1766 1137 ibi
1777 1092 1818 1139 te·

1019 1154 1115 1221 pidarc
1125 1164 1241 1205 vocant:
1252 1155 1427 1207 memorabili
1438 1161 1539 1208 natura
1549 1157 1578 1206 in
1589 1170 1670 1208 amus
1679 1155 1750 1209 solo.
1762 1154 1818 1209 Sed

1018 1224 1091 1276 idem
1101 1229 1209 1276 aestate
1219 1224 1267 1277 rix
1278 1224 1416 1277 tolerandi
1428 1224 1539 1292 rigoris.

1052 1292 1138 1344 XLll.
1157 1294 1366 1347 Carbunculiae
1383 1294 1543 1362 rubiginum
1562 1294 1686 1349 remedia
1706 1295 1818 1349 demon·

1018 1362 1170 1415 strobimus
1182 1362 1324 1417 volumine
1333 1365 1471 1433 proximo.
1497 1364 1613 1416 hrterirn
1623 1371 1666 1417 est
1677 1366 1816 1417 scarifica-

1018 1432 1059 1483 tio
1071 1431 1208 1501 quaedam
1217 1433 1246 1483 in
1258 1434 1402 1487 remediis:
1423 1448 1485 1485 cum
1503 1433 1714 1493 maciacorticis
1724 1450 1758 1487 ex
1769 1450 1817 1488 ae·

163 1511 270 1563 semine
282 1513 445 1567 nascuntur,
453 1512 484 1556 ut
494 1502 612 1571 populus
622 1502 687 1554 alba
695 1503 725 1553 in
738 1502 844 1570 nigram
854 1503 966 1553 transit.
1016 1503 1162 1568 gritudine
1173 1501 1365 1571 adstringente
1375 1519 1414 1566 se,
1422 1503 1552 1569 iustoque
1563 1502 1624 1570 plus
1633 1503 1731 1555 vitalia
1739 1505 1820 1557 arbo·

163 1578 283 1643 Quidam
295 1583 325 1629 et
336 1576 459 1638 sorbum,
480 1576 505 1625 si
517 1574 544 1623 in
556 1572 690 1624 calidiora
701 1572 764 1624 loca
775 1574 893 1631 venerit,
912 1576 967 1623 ste-

163 1649 298 1701 rilescere
310 1649 418 1713 putant.
454 1642 588 1709 Prodigia
599 1647 693 1692 autem
713 1640 783 1692 liunt
794 1655 829 1692 ex
840 1640 966 1693 dulcibus

165 1719 267 1772 acerba
278 1730 369 1784 poma,
388 1719 439 1766 aut
449 1712 541 1764 dulcia
551 1726 585 1764 ex
597 1710 718 1774 acerbis,
737 1710 896 1777 ecapriiico
906 1710 966 1761 tici:

165 1794 215 1841 aut
226 1792 336 1840 contra:
357 1783 438 1851 gravi
448 1787 574 1845 ostento,
596 1795 657 1833 cum
668 1781 697 1831 in
710 1778 850 1831 deteriora
860 1785 968 1830 mutan·

166 1868 225 1919 tur,
244 1870 278 1909 ex
286 1855 351 1907 olea
362 1857 390 1905 in
402 1853 563 1912 oleastrum,
582 1864 616 1903 ex
627 1848 747 1902 candida
756 1863 808 1901 ura
819 1854 847 1900 et
858 1850 921 1913 lieo,
938 1849 966 1899 in

166 1927 275 1993 nigras:
297 1930 330 1975 ut
349 1921 517 1982 Laodiceae,
538 1919 639 1972 Xerxis
660 1919 781 1972 adventu
802 1919 916 1986 platano
938 1918 967 1969 in

167 1996 259 2049 oleam
279 1999 402 2045 mutata:
428 1991 558 2059 qualibus
578 1991 696 2042 ostentis
718 1988 876 2043 Aristandri
895 1987 967 2054 apud

167 2064 290 2118 Graecos
310 2062 441 2116 volumen
461 2066 561 2122 scatet,
580 2075 614 2112 ne
630 2060 660 2111 ia
670 2060 809 2112 inlinitum
819 2059 967 2110 abeamus:

168 2134 242 2203 apud
253 2148 304 2185 nos
315 2147 380 2187 vero
390 2133 419 2184 C.
431 2130 525 2197 Epidii
539 2129 733 2182 commentarii
746 2165 754 2191 ,
775 2131 803 2180 in
815 2128 913 2195 quibus
925 2142 968 2179 ar·

166 2206 252 2258 bores
261 2204 374 2255 locutae
385 2214 496 2269 quoque
507 2200 694 2267 reperiuntur.
731 2198 864 2251 Subsedit
874 2199 902 2249 in
914 2199 967 2249 Cu·

167 2272 254 2325 mand
262 2273 347 2325 arbor
357 2271 438 2340 grati
448 2276 561 2323 ostenta
571 2304 580 2332 ,
601 2268 686 2335 paulo
697 2276 761 2321 ante
772 2268 900 2334 Pompeii
910 2269 969 2319 bia·

167 2343 301 2410 guibella
311 2340 412 2402 cicilia,
432 2340 530 2406 paucis
541 2339 627 2391 tauris
641 2339 836 2391 eminentibus.
872 2338 970 2389 laren·

166 2421 227 2463 tum
245 2411 393 2478 Sibyllinis
412 2410 494 2461 libris
511 2408 728 2460 internecionem
746 2405 887 2457 hominum
898 2406 969 2467 iore,

165 2486 371 2548 tantoquceam
382 2480 637 2542 maiorem,quanto
648 2476 761 2544 propius
770 2477 804 2527 ab
812 2476 883 2527 Urbe
895 2482 971 2540 post·

166 2566 202 2603 ca
221 2550 298 2603 iacta
318 2554 401 2601 esset.
435 2546 507 2598 Sunt
518 2547 654 2612 prodigia,
675 2554 776 2595 etcum
788 2543 970 2595 alienislocir

166 2628 347 2677 enascuntur,
364 2621 397 2667 ut
415 2614 444 2665 in
461 2615 599 2680 capitibus
612 2622 778 2673 statuarum,
798 2612 918 2674 telaria,
941 2616 970 2664 et

165 2705 230 2742 cunr
242 2688 272 2737 iu
283 2683 430 2737 arboribus
440 2684 508 2749 ipsis
529 2682 645 2734 alienae.
682 2681 766 2732 Ficus
775 2681 802 2731 in
813 2680 893 2733 lauro
903 2686 969 2732 nata

165 2764 211 2811 est
224 2755 322 2824 Cyzici
333 2758 400 2805 ante
410 2752 593 2804 obsidionem.
630 2750 719 2802 Simili
731 2748 814 2803 modo
826 2749 968 2801 Trallibus

165 2826 263 2895 palma
280 2827 308 2876 in
327 2823 389 2875 basi
400 2823 528 2874 caesaris
546 2820 693 2872 dictatoris
705 2819 778 2871 circa
793 2819 867 2871 bella
877 2819 970 2872 cirilla

168 2898 238 2948 eiua.
274 2892 335 2947 Nec
347 2906 402 2943 aon
413 2896 442 2945 et
453 2890 558 2943 Romae
568 2890 598 2942 ia
610 2890 764 2956 Capitolio,
784 2891 813 2940 in
825 2889 916 2956 capite
926 2889 970 2940 bis

167 2964 245 3018 bello
258 2961 353 3015 Persei
363 2967 449 3013 enata
468 2960 570 3025 palma,
591 2958 737 3011 uictoriam
756 2958 969 3027 triumphosque

168 3032 323 3102 portendit:
346 3030 398 3083 hac
410 3030 621 3095 tempestatibus
633 3034 783 3095 prostrata,
796 3027 893 3080 codem
905 3028 968 3080 loco

169 3104 240 3157 beas
250 3106 333 3154 enata
343 3105 394 3163 est,
412 3100 451 3152 hl.
462 3098 610 3160 Messalae,
628 3100 658 3149 C.
670 3097 759 3149 Cassii
769 3112 914 3150 censorum
925 3097 967 3148 lu·

168 3178 242 3225 stro.
253 3171 276 3222 Α
287 3185 340 3238 quo
350 3175 475 3236 tempore
485 3167 648 3235 pudicitiam
659 3168 820 3220 subversam
830 3165 894 3218 lise
905 3181 968 3235 gra·

168 3242 212 3294 ris
222 3247 321 3294 auctor
332 3239 461 3306 prodidit.
477 3239 669 3304 superomnia
680 3252 750 3304 quae
760 3252 883 3303 unquam
893 3236 969 3288 audi·

167 3318 202 3363 ta
210 3317 283 3373 suut,
302 3311 357 3362 erit
367 3306 523 3375 prodigium
533 3309 562 3357 in
573 3313 670 3358 nostro
684 3322 752 3358 aero
764 3305 885 3358 Neronis
896 3307 968 3374 prin·

170 3380 242 3447 cipis
252 3378 450 3431 ruinaiacturu
467 3377 496 3427 in
518 3391 588 3444 agro
601 3375 770 3438 Marrucino,
792 3373 884 3428 vectii
893 3376 970 3428 hiar-

169 3449 261 3502 cellis
274 3448 370 3516 primis
381 3446 518 3513 equestris
528 3444 635 3496 ordinis
647 3444 886 3497 olivetounirerso
897 3449 969 3496 riam

190 3517 310 3570 pblicam
322 3524 505 3585 transgresso,
522 3513 650 3582 ars'isque
670 3512 736 3566 isde
753 3528 769 3566 e
787 3514 929 3567 contrario
939 3514 969 3565 ia

182 3602 262 3639 ocum
273 3587 371 3639 oliveti
383 3583 525 3651 proiectis.

203 3654 338 3709 xxxix.
356 3654 436 3707 Nunc
445 3651 580 3721 expositis
592 3654 722 3706 arborum
733 3653 970 3716 morbis,eonsen·

167 3731 282 3779 tansum
293 3731 336 3778 est
349 3724 440 3778 dicere
451 3732 478 3776 et
488 3722 619 3775 remedia.
649 3723 694 3774 Ex
705 3720 747 3774 his
757 3721 892 3790 quaedam
904 3728 972 3774 sunt

169 3796 326 3848 comaruaia
344 3794 476 3860 omnium,
495 3792 630 3860 quaedam
652 3791 767 3858 propria
788 3790 969 3860 quarundam.

170 3865 353 3919 Communia:
374 3861 562 3931 ablaqueatio,
581 3861 779 3924 accumulatio,
795 3859 971 3913 aldariradi·

169 3950 226 3998 ces,
246 3941 295 3987 aut
305 3933 452 4000 cooperiri,
472 3932 560 3999 riguis
572 3929 639 3983 dato
652 3938 720 3996 potu
730 3930 774 3985 rel
785 3931 890 3993 ablato,
910 3929 969 3982 timi

169 4019 255 4058 taceo
265 4002 387 4065 reiectis,
408 4004 552 4069 putatione
567 4000 666 4052 levatis
678 4015 771 4054 onere.
807 4001 876 4053 item
887 4014 969 4053 succo

171 4072 272 4125 emisso
283 4072 417 4140 quaedam
428 4071 516 4124 relati
527 4069 667 4122 detractio
676 4071 836 4189 sanquinis:
854 4070 970 4122 circum·

169 4143 247 4196 rasio
258 4143 385 4196 corticis:
396 4141 494 4193 citium
505 4139 675 4201 extenuatio,
686 4147 715 4191 et
745 4139 971 4204 omiturapalmi·

169 4218 244 4264 tum:
266 4225 449 4282 gemmarum,
469 4210 493 4260 si
504 4209 594 4274 frigus
605 4207 759 4259 retorridas
774 4206 916 4325 hirtasque
927 4206 968 4258 le·

171 4282 251 4343 ecrit,
264 4278 459 4349 repumicatio,
479 4275 652 4343 etquaedam
664 4276 795 4342 politura.
832 4279 871 4328 Ar
891 4288 969 4326 orum

168 4349 204 4402 iis
214 4352 289 4403 aliae
301 4347 400 4412 magis,
417 4344 490 4396 aliae
502 4346 592 4395 minus
602 4343 740 4412 gaudent:
761 4343 849 4397 relati
861 4357 970 4409 cuprea·

169 4436 217 4471 sus
232 4424 261 4472 et
272 4430 372 4483 aquam
383 4417 551 4481 aspernatur
562 4420 590 4464 et
604 4416 715 4474 limum,
737 4420 765 4464 et
777 4411 970 4465 circumfossu-

169 4484 534 4551 ram,amputationemque,
543 4489 570 4534 ct
582 4482 674 4533 omnia
685 4481 810 4534 remedia
819 4481 892 4534 odit:
904 4482 969 4548 quia

172 4561 257 4612 etiam
269 4560 385 4608 necator
394 4552 496 4621 riguis:
519 4558 547 4604 et
559 4552 632 4614 ritis,
653 4558 682 4604 et
691 4550 813 4604 Punicae
823 4552 969 4619 praecipue

171 4627 297 4680 aluntur.
315 4624 397 4675 Ficus
407 4623 492 4675 arbor
502 4621 564 4689 ipsa
574 4622 663 4689 riguis
675 4622 767 4681 alitur,
779 4635 890 4688 primurn
903 4636 970 4674 cero

171 4699 233 4749 eius
243 4693 397 4747 marcescit.
412 4691 587 4760 amygdalae
598 4692 624 4742 si
635 4692 765 4743 colantur
775 4691 907 4752 iussione,
918 4690 968 4742 llo·

170 4781 232 4819 rem
252 4765 392 4818 amittunt.
429 4761 487 4814 Nec
508 4762 607 4813 insitas
628 4760 830 4816 circumfodere
851 4767 970 4827 oportet,

169 4837 332 4905 priusquam
343 4830 454 4885 validae
463 4829 541 4885 iocre
551 4831 694 4898 coeperint
705 4845 796 4898 poma.
828 4830 970 4883 Plurimae

170 4911 265 4958 autem
275 4901 414 4971 amputari
424 4902 477 4953 sibl
500 4901 598 4952 colunt
618 4915 737 4953 onerosa
747 4915 970 4968 acsupervacua,

169 4977 244 5027 sicut
256 4989 307 5025 nos
317 4976 460 5040 ungueset
469 4970 609 5038 capillum.
624 4969 919 5025 Recidunturreteres
929 4980 972 5023 to·

169 5053 228 5107 tae,
248 5058 282 5095 ac
301 5057 397 5094 rursus
408 5041 548 5095 astolone
567 5027 662 5107 aliquo
674 5048 835 5107 resurgunt:
856 5041 904 5093 scd
916 5056 971 5093 non

170 5128 278 5176 omnes,
290 5126 340 5164 nec
351 5111 403 5162 nisi
415 5125 530 5177 quarum
541 5116 668 5162 naturam
680 5110 739 5177 pati
751 5108 869 5162 diximus

204 5182 267 5235 XL.
286 5179 762 5250 lliguaaestirisraporibusutilia,
779 5176 867 5233 hieme
878 5180 969 5237 inimi·

169 5268 212 5316 cn,
233 5257 366 5307 nubrmno
387 5248 472 5312 varia,
492 5256 568 5303 etex
586 5256 687 5301 natura
705 5249 773 5300 soli:
795 5249 897 5317 quippe
909 5264 969 5301 cum

169 5321 339 5377 vindemitor
348 5319 549 5385 Hispaniarum
567 5324 716 5388 stagnante
726 5317 788 5371 solo
799 5333 865 5370 uvas
876 5317 968 5372 deme·

169 5398 221 5445 tat.
259 5394 360 5445 cetero
370 5389 475 5440 maiore
486 5388 513 5439 in
526 5394 606 5455 parte
621 5389 696 5441 orbis
707 5387 790 5441 etiam
802 5388 908 5454 pluvias
919 5403 968 5441 aa·

168 5462 259 5513 tumni
269 5475 357 5529 aquas
367 5457 468 5513 erirsri
479 5456 617 5510 contenit.
646 5458 726 5511 Circa
738 5459 819 5510 Canis
830 5464 922 5509 ortum
933 5473 936 5509 l
949 5458 956 5464 '

169 5545 224 5598 gua
235 5533 357 5584 mariam
367 5531 493 5595 prosunt,
508 5540 541 5579 ae
549 5541 589 5601 ne
598 5532 664 5578 tanc
675 5527 786 5594 quidem
798 5526 892 5589 nimia,
902 5541 920 5575 c

170 5599 244 5654 niam
255 5600 401 5654 inebriatis
411 5594 552 5653 radicibus
562 5602 673 5651 nocent.
708 5597 835 5649 litaetas
855 5610 898 5647 mc

1018 1585 1079 1621 runi
1092 1570 1303 1635 comprimente,
1312 1580 1437 1624 exactam
1449 1572 1529 1624 lalcis
1541 1573 1630 1625 aciem
1640 1577 1821 1639 utraquema·

1019 1654 1055 1690 nu
1063 1640 1410 1707 imprimentes,perpetuis
1421 1641 1550 1693 incisuris
1563 1641 1749 1706 deducunt,ac
1759 1642 1819 1695 rel·

1019 1711 1060 1760 uti
1070 1716 1163 1762 cutem
1174 1709 1279 1760 laxant.
1298 1708 1427 1762 Salutare
1437 1709 1467 1761 id
1478 1710 1746 1780 luisse,argumcuto
1754 1718 1821 1764 suut

1020 1779 1156 1832 dilatatae
1167 1779 1321 1843 cicatrices,
1336 1787 1366 1833 et
1374 1781 1513 1832 internato
1526 1795 1642 1848 corpore
1654 1781 1793 1849 expletae.

1053 1848 1153 1900 xbllt.
1172 1847 1332 1916 Magnaque
1350 1865 1384 1902 ex
1404 1856 1485 1918 parte
1501 1849 1600 1901 similis
1612 1850 1753 1903 hominum
1764 1865 1822 1904 me·

1020 1919 1115 1971 dicina
1133 1922 1163 1971 et
1181 1919 1312 1970 arborum
1323 1925 1376 1983 est,
1397 1919 1507 1988 quando
1519 1934 1615 1972 earum
1628 1928 1821 1989 quoquetere·

1019 1989 1135 2042 bruatur
1146 2002 1219 2040 ossa.
1256 1989 1428 2061 amygdalae
1438 2004 1473 2041 ex
1484 1990 1587 2041 amaris
1599 1989 1693 2043 dulces
1704 1991 1784 2053 liunt,
1794 1993 1822 2043 si
1877 1990 1882 1999 '

1020 2056 1203 2110 circumfosso
1213 2057 1317 2125 stipite,
1325 2067 1353 2111 et
1364 2060 1398 2111 ab
1411 2060 1469 2111 ima
1478 2068 1558 2125 parte
1570 2061 1768 2113 circumforato
1774 2060 1822 2114 dc·

1019 2129 1106 2181 linens
1115 2128 1218 2195 pituita
1230 2128 1436 2198 abstergentur.
1447 2128 1485 2179 Et
1495 2128 1577 2183 ulmls
1590 2129 1820 2183 detrahitursuc·

1022 2213 1070 2250 cus
1081 2198 1199 2262 inutilis,
1204 2213 1288 2266 supra
1299 2205 1403 2252 terram
1414 2199 1514 2252 loram
1524 2201 1658 2267 usquead
1671 2199 1821 2254 medullam

1019 2268 1048 2319 in
1058 2274 1178 2330 senecta,
1199 2275 1249 2319 aut
1267 2284 1328 2321 cunt
1345 2270 1480 2323 alimento
1501 2271 1588 2323 nimio
1604 2270 1746 2324 abundare
1756 2285 1821 2322 sea-

1020 2340 1135 2388 riantur.
1158 2337 1234 2390 ldem
1245 2344 1274 2390 et
1285 2338 1399 2391 ficorum
1412 2339 1525 2421 turgido
1536 2340 1641 2394 cortice
1652 2340 1782 2393 incisuris
1791 2341 1823 2391 iu

1021 2407 1164 2471 obliquum
1175 2405 1283 2457 levibus
1294 2410 1444 2458 emittitur:
1465 2416 1508 2460 rta
1522 2412 1555 2460 lit
1574 2425 1608 2463 ne
1622 2409 1754 2463 decidant
1764 2407 1823 2461 ira·

1021 2482 1090 2525 ctus.
1103 2472 1337 2541 Pumiicris,quae
1346 2478 1512 2542 germinant,
1523 2492 1574 2529 nec
1585 2477 1679 2530 lerunt
1689 2477 1822 2541 inactum,

1021 2545 1086 2595 lissa
1097 2541 1191 2594 radice
1200 2542 1308 2594 inditur
1319 2542 1400 2610 lapis,
1410 2543 1572 2612 fertilesque
1583 2547 1662 2598 liunt.
1674 2546 1739 2598 Huc
1747 2545 1821 2599 idem
1850 2568 1857 2577 ·

1021 2618 1050 2663 et
1060 2610 1225 2678 amygdalis,
1236 2628 1252 2665 e
1262 2611 1363 2664 robore
1374 2626 1461 2664 cunco
1474 2613 1585 2666 adacto.
1600 2617 1631 2666 ln
1642 2615 1710 2682 piris
1720 2616 1823 2667 sorbis-

1021 2696 1084 2749 que,
1096 2680 1196 2742 eteda,
1207 2696 1239 2732 ac
1251 2683 1344 2733 cinere
1355 2688 1385 2733 et
1396 2692 1473 2734 terra
1484 2688 1627 2749 cooperto.
1639 2684 1733 2735 Etiam
1746 2682 1823 2736 radi-

1023 2765 1069 2802 ces
1079 2749 1286 2802 circumcidisse
1296 2748 1410 2816 prodcst
1423 2751 1522 2803 vitium
1546 2752 1745 2804 luxuriantium
1758 2753 1823 2805 deo·

1021 2834 1146 2887 rumque,
1157 2829 1186 2873 et
1197 2819 1363 2871 circumcisis
1374 2820 1495 2874 cinerem
1507 2820 1658 2874 addidisse.
1673 2821 1734 2874 Fici
1743 2836 1821 2876 sero·

1021 2889 1098 2942 dirae
1109 2891 1192 2953 liunt,
1211 2890 1236 2941 si
1247 2891 1353 2957 primae
1364 2891 1468 2956 grossi,
1488 2905 1549 2942 cum
1561 2889 1643 2944 labae
1654 2891 1821 2959 maguitudi-

1022 2974 1085 3012 nem
1107 2973 1267 3023 excessere,
1290 2958 1488 3012 detrahantur:
1512 2961 1717 3013 subnascuntur
1739 2962 1821 3024 eninr,

1021 3043 1093 3095 quae
1103 3030 1193 3082 serius
1205 3036 1403 3083 maturescunt.
1428 3028 1549 3082 Eaedem
1562 3045 1622 3083 curu
1635 3029 1767 3083 frondere
1778 3032 1822 3083 in-

1021 3098 1134 3165 cipiunt,
1151 3100 1176 3151 si
1186 3099 1330 3151 cacumina
1339 3098 1409 3150 rami
1420 3100 1555 3165 cuiusque
1566 3098 1756 3163 detrahantur,
1777 3102 1823 3152 lir-

1020 3169 1124 3220 miores
1143 3168 1354 3234 fertilioresque
1375 3169 1458 3221 liunt:
1482 3183 1547 3221 uam
1567 3168 1741 3236 caprificatio
1762 3184 1820 3223 rua·

1021 3244 1107 3289 tutat.

1055 3307 1155 3360 xLlV.
1173 3308 1206 3359 ln
1225 3322 1260 3361 ea
1274 3307 1378 3361 culices
1395 3307 1473 3360 nasci
1489 3322 1505 3361 e
1520 3309 1627 3376 grossis
1641 3308 1820 3363 manifestum

1021 3383 1077 3428 est:
1099 3380 1230 3443 quoniam
1240 3392 1302 3430 cum
1314 3376 1469 3440 evolavere,
1488 3393 1544 3428 non
1554 3378 1732 3431 inveniuntur
1744 3380 1820 3430 intas

1022 3461 1118 3512 grana,
1129 3462 1200 3513 quac
1210 3448 1239 3498 iu
1251 3461 1299 3500 eos
1308 3462 1389 3500 versa
1398 3452 1523 3512 apparet.
1550 3448 1676 3500 Excuudi
1688 3454 1767 3500 tanta
1778 3455 1822 3500 est

1022 3515 1152 3579 ariditas,
1161 3523 1192 3567 ut
1202 3517 1329 3635 plerique
1340 3522 1389 3567 aut
1400 3515 1471 3584 pede
1482 3515 1590 3577 relicto,
1611 3523 1660 3569 aut
1671 3531 1764 3583 penna
1774 3533 1821 3584 pa·

1022 3584 1093 3638 riter
1104 3593 1258 3651 erumpant.

1023 3662 1089 3707 cant
1098 3655 1247 3717 centrinas,
1268 3653 1340 3706 lucis
1352 3655 1445 3721 apium
1456 3653 1563 3706 similes
1575 3656 1688 3722 ignaria
1699 3656 1822 3708 malitia-

1023 3739 1084 3793 que,
1105 3739 1167 3775 cum
1188 3723 1448 3792 perniciercrorum
1467 3729 1497 3776 et
1511 3724 1637 3775 atilium:
1658 3723 1822 3801 intcry'munt

1022 3794 1096 3846 eninr
1107 3794 1181 3857 illos,
1202 3801 1286 3861 utque
1297 3794 1351 3861 ipsi
1362 3793 1528 3846 moriuntur.
1564 3792 1677 3845 Vexent
1687 3801 1716 3847 et
1725 3794 1819 3848 tineae

1021 3865 1129 3917 semina
1139 3864 1265 3916 liccrum.
1301 3868 1406 3916 Contra
1417 3878 1485 3932 quas
1496 3861 1663 3925 remedium,
1683 3865 1711 3914 in
1723 3863 1821 3917 eodem

1021 3933 1121 3986 scrobe
1132 3932 1264 3986 nefacere
1275 3935 1375 3987 taleam
1385 3932 1505 3996 lentisci,
1521 3935 1633 3985 inversa
1644 3939 1732 3998 parte,
1749 3949 1820 4000 quas

1021 4002 1109 4056 luerit
1131 4018 1149 4055 a
1163 4004 1315 4055 cacumine.
1351 4003 1512 4054 Uberrimns
1523 4009 1615 4053 autem
1628 4002 1696 4051 licus
1707 4002 1821 4054 rubrica

1022 4088 1134 4125 amurca
1144 4071 1248 4134 diluta,
1264 4078 1292 4124 et
1304 4086 1366 4123 cum
1378 4071 1443 4122 limo
1454 4069 1546 4122 infusa
1556 4068 1695 4122 radicibus
1706 4067 1819 4121 fronde-

1022 4142 1264 4207 reincipiendum,
1276 4141 1352 4193 lacit.
1367 4141 1563 4206 eapriltcorum
1573 4137 1724 4189 laudantur
1734 4139 1821 4189 maxi·

1023 4225 1067 4261 mc
1078 4211 1185 4276 nigrae,
1209 4218 1238 4263 et
1248 4211 1276 4261 in
1290 4209 1418 4275 petrosis,
1439 4210 1568 4274 qnoniam
1579 4206 1721 4257 humente
1732 4205 1820 4271 pluri·

1022 4293 1068 4329 ma
1079 4275 1212 4329 habeant:
1223 4279 1394 4345 caprificatio
1406 4278 1467 4343 ipsa
1476 4282 1542 4343 post
1552 4272 1679 4327 imbrem.

1058 4345 1142 4397 va.
1161 4347 1298 4414 inprimis
1310 4350 1402 4398 autem
1415 4344 1575 4405 carendum,
1596 4359 1630 4397 ne
1643 4358 1676 4396 ex
1687 4343 1820 4398 remediis

1022 4416 1093 4467 vitia
1103 4416 1183 4467 liant:
1205 4415 1278 4483 quod
1292 4414 1384 4468 euenit
1395 4413 1483 4465 nimia
1494 4420 1542 4466 aut
1557 4414 1753 4480 intempestiva
1764 4429 1820 4467 nie·

1023 4485 1124 4539 (licina.
1148 4484 1327 4536 interlucatio
1339 4481 1485 4534 arboribus
1494 4482 1625 4550 prodest:
1636 4481 1684 4535 sed
1695 4484 1819 4536 omnium

1023 4568 1160 4608 annorum
1169 4552 1319 4606 trucidatio
1334 4551 1520 4604 inutilissima.
1556 4552 1630 4605 Vitis
1641 4558 1748 4605 tantum
1761 4562 1821 4605 ton·

1023 4640 1116 4677 suram
1128 4638 1245 4676 annuam
1257 4621 1377 4691 quaerit,
1398 4622 1535 4674 alternam
1546 4636 1610 4673 vero
1622 4629 1745 4690 myrtus,
1766 4622 1820 4674 Pu·

1023 4697 1113 4758 nicae,
1124 4694 1212 4755 oleae,
1226 4693 1290 4762 quia
1301 4692 1431 4745 celeriter
1442 4690 1635 4744 fruticescunt.
1649 4693 1766 4745 Ceteras
1775 4706 1820 4746 ra·

1022 4764 1249 4827 riustondentur,
1261 4762 1492 4814 nullauutumno.
1515 4759 1818 4828 scnemdumnrqat·

1022 4836 1094 4897 dem,
1113 4834 1169 4886 nisi
1188 4848 1261 4886 rere.
1297 4832 1448 4884 Putatione
1467 4832 1568 4900 plagae
1586 4830 1622 4884 ad
1642 4831 1821 4885 vitaliasunt

1023 4903 1117 4957 omnia
1128 4917 1307 4971 quaecuuque
1318 4916 1373 4953 non
1385 4916 1564 4969 supervacua.

1056 4972 1155 5026 XLVl.
1175 4973 1279 5024 Similis
1290 4974 1346 5023 limi
1358 4973 1440 5023 ratio.
1465 4970 1593 5023 Gaudent
1604 4984 1648 5034 eu,
1658 4970 1707 5024 sed
1719 4986 1816 5026 careu-

1022 5043 1137 5105 dum,ne
1147 5044 1177 5094 in
1189 5040 1380 5095 teneamus
1389 5040 1620 5103 admoveatur‚ne
1630 5042 1819 5103 immaturum,

1022 5129 1057 5165 nc
1067 5112 1188 5164 validius
1198 5126 1280 5181 quam
1291 5125 1361 5178 opus
1372 5111 1418 5163 sit.
1454 5112 1516 5163 Urit
1527 5110 1619 5163 vineas
1629 5112 1753 5172 suillum,
1764 5111 1817 5161 nisi

1022 5182 1210 5250 quinquennio
1230 5181 1407 5248 interpositu,
1430 5188 1623 5248 praeterquam
1635 5181 1659 5230 si
1677 5180 1766 5248 riguis
1776 5179 1816 5228 dl-

1022 5252 1130 5303 luatur:
1142 5258 1171 5303 et
1182 5267 1197 5304 e
1209 5251 1391 5303 coriariorum
1399 5248 1817 5313 sordibus,nisiadmixtaaqua:

1021 5321 1089 5373 item
1100 5319 1214 5388 largius.
1234 5322 1337 5372 lustum
1350 5319 1509 5373 existimant
1519 5320 1548 5371 in
1560 5318 1645 5371 denos
1656 5316 1740 5381 pedes
1752 5327 1817 5379 qua·

1021 5390 1128 5451 drutus,
1138 5395 1197 5442 tres
1207 5389 1323 5442 modios.
1341 5388 1371 5441 ld
1384 5389 1492 5456 quidem
1505 5388 1559 5439 soll
1569 5393 1668 5437 natura
1679 5383 1817 5437 decernet.

1188 5459 1350 5511 ilolumbino
1368 5474 1400 5510 sc
1415 5458 1499 5509 suillo
1515 5454 1605 5522 plagis
1617 5464 1728 5517 qnoque
1738 5452 1818 5503 arbo·

1240 5548 1247 5567 κ
1269 5527 1301 5580 Si
1311 5528 1385 5579 mala
1396 5526 1500 5577 Punica
1509 5523 1590 5576 acida
1602 5524 1762 5582 nascantur,
1772 5521 1819 5572 ab·

1268 5602 1312 5640 “¹
1321 5597 1415 5648 dmum
1428 5594 1541 5648 suillum
1554 5586 1700 5642 adhibeat:
1722 5602 1757 5642 ao
1767 5604 1818 5645 an-

1294 3593 1360 3638 stet
1371 3585 1447 3636 aliud
1457 3600 1544 3652 genus
1555 3585 1762 3653 culicum,quos
1774 3603 1821 3637 ro·
