<?xml version="1.0" encoding="UTF-8"?>
<!DOCTYPE html PUBLIC "-//W3C//DTD XHTML 1.0 Transitional//EN"
    "http://www.w3.org/TR/xhtml1/DTD/xhtml1-transitional.dtd">
<html xmlns="http://www.w3.org/1999/xhtml" xml:lang="en" lang="en">
 <head>
  <title>
</title>
<meta http-equiv="Content-Type" content="text/html;charset=utf-8" />
  <meta name='ocr-system' content='tesseract 3.04.00' />
  <meta name='ocr-capabilities' content='ocr_page ocr_carea ocr_par ocr_line ocrx_word'/>
</head>
<body>
  <div class='ocr_page' id='page_1' title='image "./historiaenatura00plingoog_0344.png"; bbox 0 0 4368 6008; ppageno 0'>
   <div class='ocr_carea' id='block_1_1' title="bbox 182 284 1825 367">
    <p class='ocr_par' dir='ltr' id='par_1_1' title="bbox 182 284 1825 367">
     <span class='ocr_line' id='line_1_1' title="bbox 182 284 1825 367; baseline 0.001 -11"><span class='ocrx_word' id='word_1_1' title='bbox 182 349 204 367; x_wconf 68' lang='grc'><strong>,,</strong></span> <span class='ocrx_word' id='word_1_2' title='bbox 254 285 688 355; x_wconf 62' lang='grc' dir='ltr'><strong>(λῬῐιΙΝῙΙΒΕΟΠΝΒΙ</strong></span> <span class='ocrx_word' id='word_1_3' title='bbox 726 284 891 349; x_wconf 69' lang='lat' dir='ltr'><strong>baculu</strong></span> <span class='ocrx_word' id='word_1_4' title='bbox 930 287 1116 353; x_wconf 71' lang='lat' dir='ltr'><strong>bruslor„</strong></span> <span class='ocrx_word' id='word_1_5' title='bbox 1154 289 1240 353; x_wconf 76' lang='grc' dir='ltr'><strong>ΗΒ.</strong></span> <span class='ocrx_word' id='word_1_6' title='bbox 1267 289 1447 352; x_wconf 79' lang='lat' dir='ltr'><strong>xxvlla</strong></span> <span class='ocrx_word' id='word_1_7' title='bbox 1482 289 1719 358; x_wconf 66' lang='lat' dir='ltr'><strong>&#39;carte-4⁷.</strong></span> <span class='ocrx_word' id='word_1_8' title='bbox 1764 300 1825 365; x_wconf 68' lang='lat'><strong>³³8</strong></span> 
     </span>
    </p>
   </div>
   <div class='ocr_carea' id='block_1_2' title="bbox 171 437 1865 2027">
    <p class='ocr_par' dir='ltr' id='par_1_2' title="bbox 171 437 1865 1682">
     <span class='ocr_line' id='line_1_2' title="bbox 171 437 1826 516; baseline 0.006 -21"><span class='ocrx_word' id='word_1_9' title='bbox 171 456 286 516; x_wconf 79' lang='lat' dir='ltr'><strong>prorum</strong></span> <span class='ocrx_word' id='word_1_10' title='bbox 297 456 384 496; x_wconf 85' lang='lat' dir='ltr'><strong>cornu</strong></span> <span class='ocrx_word' id='word_1_11' title='bbox 394 438 437 493; x_wconf 81' lang='lat' dir='ltr'><strong>rel</strong></span> <span class='ocrx_word' id='word_1_12' title='bbox 449 438 516 507; x_wconf 90' lang='lat' dir='ltr'><strong>pliis</strong></span> <span class='ocrx_word' id='word_1_13' title='bbox 529 438 664 502; x_wconf 79' lang='lat' dir='ltr'><strong>accensis,</strong></span> <span class='ocrx_word' id='word_1_14' title='bbox 675 437 770 508; x_wconf 72' lang='lat' dir='ltr'><strong>inqui</strong></span> <span class='ocrx_word' id='word_1_15' title='bbox 780 445 925 508; x_wconf 70' lang='lat' dir='ltr'><strong>serpentes</strong></span> <span class='ocrx_word' id='word_1_16' title='bbox 937 440 978 494; x_wconf 89' lang='lat' dir='ltr'><strong>di·</strong></span> <span class='ocrx_word' id='word_1_17' title='bbox 1027 443 1056 499; x_wconf 86' lang='lat' dir='ltr'><strong>le</strong></span> <span class='ocrx_word' id='word_1_18' title='bbox 1064 448 1154 497; x_wconf 80' lang='lat' dir='ltr'><strong>scach</strong></span> <span class='ocrx_word' id='word_1_19' title='bbox 1165 440 1262 496; x_wconf 83' lang='lat' dir='ltr'><strong>omasi</strong></span> <span class='ocrx_word' id='word_1_20' title='bbox 1271 456 1381 511; x_wconf 90' lang='lat' dir='ltr'><strong>qaoque</strong></span> <span class='ocrx_word' id='word_1_21' title='bbox 1389 443 1451 497; x_wconf 85' lang='lat' dir='ltr'><strong>lure</strong></span> <span class='ocrx_word' id='word_1_22' title='bbox 1460 448 1528 513; x_wconf 91' lang='lat' dir='ltr'><strong>poto</strong></span> <span class='ocrx_word' id='word_1_23' title='bbox 1538 460 1646 501; x_wconf 77' lang='lat' dir='ltr'><strong>venena</strong></span> <span class='ocrx_word' id='word_1_24' title='bbox 1657 462 1741 516; x_wconf 86' lang='lat' dir='ltr'><strong>supra</strong></span> <span class='ocrx_word' id='word_1_25' title='bbox 1751 448 1826 505; x_wconf 83' lang='lat' dir='ltr'><strong>dicta</strong></span> 
     </span>
     <span class='ocr_line' id='line_1_3' title="bbox 173 508 1848 582; baseline 0.002 -18"><span class='ocrx_word' id='word_1_26' title='bbox 173 519 240 571; x_wconf 76' lang='lat' dir='ltr'><strong>aurit</strong></span> <span class='ocrx_word' id='word_1_27' title='bbox 248 547 258 575; x_wconf 91' lang='lat'><strong>,</strong></span> <span class='ocrx_word' id='word_1_28' title='bbox 280 512 456 576; x_wconf 73' lang='lat' dir='ltr'>cineremque</span> <span class='ocrx_word' id='word_1_29' title='bbox 467 524 581 562; x_wconf 88' lang='lat' dir='ltr'><strong>ecornu</strong></span> <span class='ocrx_word' id='word_1_30' title='bbox 592 516 689 575; x_wconf 88' lang='lat' dir='ltr'><strong>potum</strong></span> <span class='ocrx_word' id='word_1_31' title='bbox 705 509 751 563; x_wconf 83' lang='lat' dir='ltr'><strong>rel</strong></span> <span class='ocrx_word' id='word_1_32' title='bbox 765 508 870 563; x_wconf 88' lang='lat' dir='ltr'><strong>illitum</strong></span> <span class='ocrx_word' id='word_1_33' title='bbox 880 518 978 564; x_wconf 76' lang='lat' dir='ltr'><strong>matra</strong></span> <span class='ocrx_word' id='word_1_34' title='bbox 1028 514 1181 582; x_wconf 76' lang='lat' dir='ltr'><strong>expugnari</strong></span> <span class='ocrx_word' id='word_1_35' title='bbox 1192 519 1304 582; x_wconf 85' lang='lat' dir='ltr'><strong>putant,</strong></span> <span class='ocrx_word' id='word_1_36' title='bbox 1324 513 1453 580; x_wconf 80' lang='lat' dir='ltr'><strong>privatim</strong></span> <span class='ocrx_word' id='word_1_37' title='bbox 1464 529 1531 568; x_wconf 79' lang='lat' dir='ltr'><strong>aero</strong></span> <span class='ocrx_word' id='word_1_38' title='bbox 1546 518 1660 569; x_wconf 81' lang='lat' dir='ltr'><strong>aconita</strong></span> <span class='ocrx_word' id='word_1_39' title='bbox 1669 521 1848 572; x_wconf 66' lang='lat' dir='ltr'><strong>etcicutaar,</strong></span> 
     </span>
     <span class='ocr_line' id='line_1_4' title="bbox 173 576 1826 652; baseline 0.004 -17"><span class='ocrx_word' id='word_1_40' title='bbox 173 581 365 637; x_wconf 78' lang='lat' dir='ltr'><strong>rctnsvolero:</strong></span> <span class='ocrx_word' id='word_1_41' title='bbox 396 579 464 631; x_wconf 86' lang='lat' dir='ltr'><strong>item</strong></span> <span class='ocrx_word' id='word_1_42' title='bbox 485 577 569 631; x_wconf 83' lang='lat' dir='ltr'><strong>lactis</strong></span> <span class='ocrx_word' id='word_1_43' title='bbox 584 576 700 630; x_wconf 83' lang='lat' dir='ltr'><strong>haustus</strong></span> <span class='ocrx_word' id='word_1_44' title='bbox 715 580 977 644; x_wconf 84' lang='lat' dir='ltr'><strong>cumuvotamicia,</strong></span> <span class='ocrx_word' id='word_1_45' title='bbox 1028 583 1151 651; x_wconf 87' lang='lat' dir='ltr'><strong>itemque</strong></span> <span class='ocrx_word' id='word_1_46' title='bbox 1162 582 1282 634; x_wconf 83' lang='lat' dir='ltr'><strong>vitulino</strong></span> <span class='ocrx_word' id='word_1_47' title='bbox 1293 598 1369 637; x_wconf 83' lang='lat' dir='ltr'><strong>sero.</strong></span> <span class='ocrx_word' id='word_1_48' title='bbox 1406 586 1542 652; x_wconf 82' lang='lat' dir='ltr'><strong>caprinus</strong></span> <span class='ocrx_word' id='word_1_49' title='bbox 1551 601 1650 640; x_wconf 84' lang='lat' dir='ltr'><strong>caseus</strong></span> <span class='ocrx_word' id='word_1_50' title='bbox 1660 602 1766 651; x_wconf 89' lang='lat' dir='ltr'><strong>reeens,</strong></span> <span class='ocrx_word' id='word_1_51' title='bbox 1782 588 1826 641; x_wconf 85' lang='lat' dir='ltr'><strong>bis</strong></span> 
     </span>
     <span class='ocr_line' id='line_1_5' title="bbox 173 646 1826 727; baseline 0.008 -28"><span class='ocrx_word' id='word_1_52' title='bbox 173 650 220 707; x_wconf 83' lang='lat' dir='ltr'><strong>rel</strong></span> <span class='ocrx_word' id='word_1_53' title='bbox 228 650 325 703; x_wconf 81' lang='lat' dir='ltr'><strong>urinae</strong></span> <span class='ocrx_word' id='word_1_54' title='bbox 334 663 396 701; x_wconf 89' lang='lat' dir='ltr'><strong>cum</strong></span> <span class='ocrx_word' id='word_1_55' title='bbox 406 655 488 701; x_wconf 89' lang='lat' dir='ltr'><strong>aceto</strong></span> <span class='ocrx_word' id='word_1_56' title='bbox 498 646 618 701; x_wconf 80' lang='lat' dir='ltr'><strong>scilliter</strong></span> <span class='ocrx_word' id='word_1_57' title='bbox 639 661 750 700; x_wconf 74' lang='lat' dir='ltr'><strong>emerant</strong></span> <span class='ocrx_word' id='word_1_58' title='bbox 761 651 901 715; x_wconf 82' lang='lat' dir='ltr'><strong>caprinum</strong></span> <span class='ocrx_word' id='word_1_59' title='bbox 913 664 976 703; x_wconf 88' lang='lat' dir='ltr'><strong>cum</strong></span> <span class='ocrx_word' id='word_1_60' title='bbox 1027 653 1076 721; x_wconf 92' lang='lat' dir='ltr'><strong>qui</strong></span> <span class='ocrx_word' id='word_1_61' title='bbox 1086 653 1189 727; x_wconf 39' lang='lat' dir='ltr'><strong>rislcuor</strong></span> <span class='ocrx_word' id='word_1_62' title='bbox 1198 652 1333 705; x_wconf 74' lang='lat' dir='ltr'><strong>biberintr</strong></span> <span class='ocrx_word' id='word_1_63' title='bbox 1348 652 1393 706; x_wconf 87' lang='lat' dir='ltr'><strong>iac</strong></span> <span class='ocrx_word' id='word_1_64' title='bbox 1403 669 1470 706; x_wconf 83' lang='lat' dir='ltr'><strong>reno</strong></span> <span class='ocrx_word' id='word_1_65' title='bbox 1482 660 1580 708; x_wconf 88' lang='lat' dir='ltr'><strong>eontra</strong></span> <span class='ocrx_word' id='word_1_66' title='bbox 1591 655 1772 711; x_wconf 80' lang='lat' dir='ltr'><strong>cantharidas</strong></span> <span class='ocrx_word' id='word_1_67' title='bbox 1780 674 1826 713; x_wconf 89' lang='lat' dir='ltr'><strong>re·</strong></span> 
     </span>
     <span class='ocr_line' id='line_1_6' title="bbox 174 714 1827 791; baseline 0.006 -21"><span class='ocrx_word' id='word_1_68' title='bbox 174 720 290 788; x_wconf 75' lang='lat' dir='ltr'><strong>origano</strong></span> <span class='ocrx_word' id='word_1_69' title='bbox 309 718 483 786; x_wconf 88' lang='lat' dir='ltr'><strong>impositum,</strong></span> <span class='ocrx_word' id='word_1_70' title='bbox 512 714 557 769; x_wconf 82' lang='lat' dir='ltr'><strong>rel</strong></span> <span class='ocrx_word' id='word_1_71' title='bbox 578 730 672 769; x_wconf 80' lang='lat' dir='ltr'><strong>sevum</strong></span> <span class='ocrx_word' id='word_1_72' title='bbox 692 731 754 769; x_wconf 88' lang='lat' dir='ltr'><strong>eum</strong></span> <span class='ocrx_word' id='word_1_73' title='bbox 774 733 847 772; x_wconf 84' lang='lat' dir='ltr'><strong>cera.</strong></span> <span class='ocrx_word' id='word_1_74' title='bbox 884 718 977 771; x_wconf 80' lang='lat' dir='ltr'><strong>Millia</strong></span> <span class='ocrx_word' id='word_1_75' title='bbox 1028 721 1119 774; x_wconf 74' lang='lat' dir='ltr'><strong>medm</strong></span> <span class='ocrx_word' id='word_1_76' title='bbox 1139 727 1192 784; x_wconf 87' lang='lat' dir='ltr'><strong>eet,</strong></span> <span class='ocrx_word' id='word_1_77' title='bbox 1211 728 1240 773; x_wconf 85' lang='lat' dir='ltr'><strong>et</strong></span> <span class='ocrx_word' id='word_1_78' title='bbox 1261 728 1359 773; x_wconf 88' lang='lat' dir='ltr'><strong>eontra</strong></span> <span class='ocrx_word' id='word_1_79' title='bbox 1368 722 1508 790; x_wconf 84' lang='lat' dir='ltr'><strong>ephemeri</strong></span> <span class='ocrx_word' id='word_1_80' title='bbox 1519 732 1616 791; x_wconf 85' lang='lat' dir='ltr'><strong>potum</strong></span> <span class='ocrx_word' id='word_1_81' title='bbox 1634 740 1694 777; x_wconf 82' lang='lat' dir='ltr'><strong>eum</strong></span> <span class='ocrx_word' id='word_1_82' title='bbox 1710 728 1827 780; x_wconf 83' lang='lat' dir='ltr'><strong>taminiu</strong></span> 
     </span>
     <span class='ocr_line' id='line_1_7' title="bbox 173 785 1827 859; baseline 0.004 -16"><span class='ocrx_word' id='word_1_83' title='bbox 173 794 322 859; x_wconf 81' lang='lat' dir='ltr'><strong>praetereo</strong></span> <span class='ocrx_word' id='word_1_84' title='bbox 331 785 517 841; x_wconf 79' lang='lat' dir='ltr'>remediorum</span> <span class='ocrx_word' id='word_1_85' title='bbox 528 799 565 839; x_wconf 81' lang='lat' dir='ltr'><strong>ex</strong></span> <span class='ocrx_word' id='word_1_86' title='bbox 574 800 608 838; x_wconf 89' lang='lat' dir='ltr'><strong>eo</strong></span> <span class='ocrx_word' id='word_1_87' title='bbox 619 785 734 837; x_wconf 84' lang='lat' dir='ltr'><strong>animali</strong></span> <span class='ocrx_word' id='word_1_88' title='bbox 742 786 976 851; x_wconf 68' lang='lat' dir='ltr'><strong>demonstrantur,</strong></span> <span class='ocrx_word' id='word_1_89' title='bbox 1027 806 1089 842; x_wconf 84' lang='lat' dir='ltr'><strong>ura.</strong></span> <span class='ocrx_word' id='word_1_90' title='bbox 1111 788 1230 856; x_wconf 73' lang='lat' dir='ltr'><strong>Sanguis</strong></span> <span class='ocrx_word' id='word_1_91' title='bbox 1238 790 1368 855; x_wconf 86' lang='lat' dir='ltr'><strong>caprinus</strong></span> <span class='ocrx_word' id='word_1_92' title='bbox 1379 793 1511 845; x_wconf 86' lang='lat' dir='ltr'><strong>decoctus</strong></span> <span class='ocrx_word' id='word_1_93' title='bbox 1521 808 1582 845; x_wconf 83' lang='lat' dir='ltr'><strong>cuso</strong></span> <span class='ocrx_word' id='word_1_94' title='bbox 1592 794 1716 847; x_wconf 83' lang='lat' dir='ltr'><strong>medulla</strong></span> <span class='ocrx_word' id='word_1_95' title='bbox 1727 804 1827 849; x_wconf 88' lang='lat' dir='ltr'><strong>contra</strong></span> 
     </span>
     <span class='ocr_line' id='line_1_8' title="bbox 174 853 1825 932; baseline 0.003 -19"><span class='ocrx_word' id='word_1_96' title='bbox 174 861 247 913; x_wconf 79' lang='lat' dir='ltr'><strong>aicut</strong></span> <span class='ocrx_word' id='word_1_97' title='bbox 257 857 418 926; x_wconf 82' lang='lat' dir='ltr'><strong>apparebit:</strong></span> <span class='ocrx_word' id='word_1_98' title='bbox 436 853 512 923; x_wconf 82' lang='lat' dir='ltr'><strong>quud</strong></span> <span class='ocrx_word' id='word_1_99' title='bbox 525 853 652 921; x_wconf 85' lang='lat' dir='ltr'><strong>equidem</strong></span> <span class='ocrx_word' id='word_1_100' title='bbox 663 856 760 919; x_wconf 87' lang='lat' dir='ltr'><strong>miror,</strong></span> <span class='ocrx_word' id='word_1_101' title='bbox 774 870 836 911; x_wconf 88' lang='lat' dir='ltr'><strong>cum</strong></span> <span class='ocrx_word' id='word_1_102' title='bbox 847 855 917 909; x_wconf 85' lang='lat' dir='ltr'><strong>lebri</strong></span> <span class='ocrx_word' id='word_1_103' title='bbox 928 872 975 911; x_wconf 86' lang='lat' dir='ltr'><strong>ou·</strong></span> <span class='ocrx_word' id='word_1_104' title='bbox 1028 860 1122 912; x_wconf 77' lang='lat' dir='ltr'><strong>toxica</strong></span> <span class='ocrx_word' id='word_1_105' title='bbox 1138 874 1244 910; x_wconf 76' lang='lat' dir='ltr'><strong>scaena</strong></span> <span class='ocrx_word' id='word_1_106' title='bbox 1263 860 1397 911; x_wconf 79' lang='lat' dir='ltr'><strong>sumitur:</strong></span> <span class='ocrx_word' id='word_1_107' title='bbox 1432 860 1569 914; x_wconf 85' lang='lat' dir='ltr'><strong>hoedious</strong></span> <span class='ocrx_word' id='word_1_108' title='bbox 1589 871 1691 917; x_wconf 79' lang='lat' dir='ltr'><strong>cuutru</strong></span> <span class='ocrx_word' id='word_1_109' title='bbox 1707 865 1825 932; x_wconf 82' lang='lat' dir='ltr'><strong>relique.</strong></span> 
     </span>
     <span class='ocr_line' id='line_1_9' title="bbox 174 923 1826 1008; baseline 0.004 -27"><span class='ocrx_word' id='word_1_110' title='bbox 174 934 371 997; x_wconf 71' lang='lat' dir='ltr'><strong>geturcarere.</strong></span> <span class='ocrx_word' id='word_1_111' title='bbox 405 923 975 1008; x_wconf 66' lang='lat' dir='ltr'><strong>Amplicrpotentiaieriaeiusdemgene«</strong></span> <span class='ocrx_word' id='word_1_112' title='bbox 1028 929 1184 997; x_wconf 78' lang='lat' dir='ltr'><strong>coagulum</strong></span> <span class='ocrx_word' id='word_1_113' title='bbox 1206 926 1291 980; x_wconf 89' lang='lat' dir='ltr'><strong>hoedi</strong></span> <span class='ocrx_word' id='word_1_114' title='bbox 1312 930 1541 994; x_wconf 78' lang='lat' dir='ltr'><strong>contrariarum,</strong></span> <span class='ocrx_word' id='word_1_115' title='bbox 1562 939 1591 984; x_wconf 86' lang='lat' dir='ltr'><strong>et</strong></span> <span class='ocrx_word' id='word_1_116' title='bbox 1601 929 1826 987; x_wconf 85' lang='lat' dir='ltr'><strong>chamaeleonem</strong></span> 
     </span>
     <span class='ocr_line' id='line_1_10' title="bbox 174 995 1827 1136; baseline -0.007 -17"><span class='ocrx_word' id='word_1_117' title='bbox 174 995 976 1133; x_wconf 56' lang='lat' dir='ltr'><strong>{tired”dirrrrrblrzribbb,iiber</strong></span> <span class='ocrx_word' id='word_1_118' title='bbox 1026 998 1827 1136; x_wconf 48' lang='lat' dir='ltr'><strong>mecummetbirrbrtllbrlibt‘b:</strong></span> 
     </span>
     <span class='ocr_line' id='line_1_11' title="bbox 175 1132 1827 1207; baseline 0.002 -20"><span class='ocrx_word' id='word_1_119' title='bbox 175 1136 277 1204; x_wconf 88' lang='lat' dir='ltr'><strong>quisiu</strong></span> <span class='ocrx_word' id='word_1_120' title='bbox 316 1134 532 1187; x_wconf 76' lang='lat' dir='ltr'><strong>larianumasit.</strong></span> <span class='ocrx_word' id='word_1_121' title='bbox 576 1132 659 1186; x_wconf 74' lang='lat' dir='ltr'><strong>erno</strong></span> <span class='ocrx_word' id='word_1_122' title='bbox 669 1147 779 1199; x_wconf 84' lang='lat' dir='ltr'><strong>quoque</strong></span> <span class='ocrx_word' id='word_1_123' title='bbox 791 1146 936 1199; x_wconf 83' lang='lat' dir='ltr'><strong>caprarum</strong></span> <span class='ocrx_word' id='word_1_124' title='bbox 948 1135 976 1185; x_wconf 89' lang='lat' dir='ltr'><strong>in</strong></span> <span class='ocrx_word' id='word_1_125' title='bbox 1027 1136 1233 1189; x_wconf 87' lang='lat' dir='ltr'><strong>ructomnium</strong></span> <span class='ocrx_word' id='word_1_126' title='bbox 1244 1138 1827 1207; x_wconf 75' lang='lat' dir='ltr'><strong>marinorumictusrelmorsus,cougulum</strong></span> 
     </span>
     <span class='ocr_line' id='line_1_12' title="bbox 175 1202 1865 1275; baseline 0.002 -19"><span class='ocrx_word' id='word_1_127' title='bbox 175 1210 259 1259; x_wconf 86' lang='lat' dir='ltr'><strong>aceto</strong></span> <span class='ocrx_word' id='word_1_128' title='bbox 295 1209 392 1257; x_wconf 86' lang='lat' dir='ltr'><strong>ecocto</strong></span> <span class='ocrx_word' id='word_1_129' title='bbox 406 1203 484 1255; x_wconf 89' lang='lat' dir='ltr'><strong>illini</strong></span> <span class='ocrx_word' id='word_1_130' title='bbox 500 1203 576 1255; x_wconf 87' lang='lat' dir='ltr'><strong>ictus</strong></span> <span class='ocrx_word' id='word_1_131' title='bbox 588 1202 760 1271; x_wconf 71' lang='lat' dir='ltr'><strong>serpentium</strong></span> <span class='ocrx_word' id='word_1_132' title='bbox 776 1203 879 1268; x_wconf 77' lang='lat' dir='ltr'><strong>placet,</strong></span> <span class='ocrx_word' id='word_1_133' title='bbox 895 1210 925 1255; x_wconf 87' lang='lat' dir='ltr'><strong>et</strong></span> <span class='ocrx_word' id='word_1_134' title='bbox 936 1217 976 1255; x_wconf 89' lang='lat' dir='ltr'><strong>re·</strong></span> <span class='ocrx_word' id='word_1_135' title='bbox 1026 1205 1141 1272; x_wconf 81' lang='lat' dir='ltr'><strong>leporis,</strong></span> <span class='ocrx_word' id='word_1_136' title='bbox 1150 1205 1197 1260; x_wconf 85' lang='lat' dir='ltr'><strong>rel</strong></span> <span class='ocrx_word' id='word_1_137' title='bbox 1207 1203 1302 1267; x_wconf 88' lang='lat' dir='ltr'><strong>hoedi,</strong></span> <span class='ocrx_word' id='word_1_138' title='bbox 1313 1204 1357 1257; x_wconf 88' lang='lat' dir='ltr'><strong>rel</strong></span> <span class='ocrx_word' id='word_1_139' title='bbox 1367 1205 1441 1273; x_wconf 77' lang='lat' dir='ltr'><strong>agni,</strong></span> <span class='ocrx_word' id='word_1_140' title='bbox 1451 1206 1599 1260; x_wconf 86' lang='lat' dir='ltr'><strong>drachmae</strong></span> <span class='ocrx_word' id='word_1_141' title='bbox 1609 1209 1730 1275; x_wconf 84' lang='lat' dir='ltr'><strong>pondere</strong></span> <span class='ocrx_word' id='word_1_142' title='bbox 1739 1223 1775 1260; x_wconf 84' lang='lat' dir='ltr'><strong>ex</strong></span> <span class='ocrx_word' id='word_1_143' title='bbox 1787 1208 1827 1259; x_wconf 86' lang='lat' dir='ltr'><strong>ri·</strong></span> <span class='ocrx_word' id='word_1_144' title='bbox 1859 1208 1865 1221; x_wconf 80' lang='lat'><em>¹</em></span> 
     </span>
     <span class='ocr_line' id='line_1_13' title="bbox 175 1270 1827 1338; baseline 0.002 -12"><span class='ocrx_word' id='word_1_145' title='bbox 175 1272 370 1328; x_wconf 86' lang='lat' dir='ltr'><strong>centiseinere</strong></span> <span class='ocrx_word' id='word_1_146' title='bbox 389 1273 418 1325; x_wconf 93' lang='lat' dir='ltr'><strong>in</strong></span> <span class='ocrx_word' id='word_1_147' title='bbox 439 1273 516 1323; x_wconf 81' lang='lat' dir='ltr'><strong>rino:</strong></span> <span class='ocrx_word' id='word_1_148' title='bbox 538 1276 625 1338; x_wconf 88' lang='lat' dir='ltr'><strong>atque</strong></span> <span class='ocrx_word' id='word_1_149' title='bbox 642 1274 671 1323; x_wconf 89' lang='lat' dir='ltr'><strong>in</strong></span> <span class='ocrx_word' id='word_1_150' title='bbox 692 1277 781 1323; x_wconf 87' lang='lat' dir='ltr'><strong>totum</strong></span> <span class='ocrx_word' id='word_1_151' title='bbox 794 1270 976 1325; x_wconf 87' lang='lat' dir='ltr'><strong>difficiiinsae</strong></span> <span class='ocrx_word' id='word_1_152' title='bbox 1026 1289 1072 1327; x_wconf 83' lang='lat' dir='ltr'><strong>au.</strong></span> <span class='ocrx_word' id='word_1_153' title='bbox 1108 1274 1227 1338; x_wconf 83' lang='lat' dir='ltr'><strong>Leporis</strong></span> <span class='ocrx_word' id='word_1_154' title='bbox 1237 1274 1385 1338; x_wconf 61' lang='lat' dir='ltr'><strong>cuculum</strong></span> <span class='ocrx_word' id='word_1_155' title='bbox 1397 1280 1425 1327; x_wconf 89' lang='lat' dir='ltr'><strong>et</strong></span> <span class='ocrx_word' id='word_1_156' title='bbox 1434 1284 1533 1328; x_wconf 87' lang='lat' dir='ltr'><strong>contra</strong></span> <span class='ocrx_word' id='word_1_157' title='bbox 1542 1292 1648 1329; x_wconf 81' lang='lat' dir='ltr'><strong>reneca</strong></span> <span class='ocrx_word' id='word_1_158' title='bbox 1656 1276 1770 1329; x_wconf 89' lang='lat' dir='ltr'><strong>additor</strong></span> <span class='ocrx_word' id='word_1_159' title='bbox 1780 1291 1827 1329; x_wconf 87' lang='lat' dir='ltr'><strong>an·</strong></span> 
     </span>
     <span class='ocr_line' id='line_1_14' title="bbox 175 1338 1827 1409; baseline 0.002 -15"><span class='ocrx_word' id='word_1_160' title='bbox 175 1340 400 1408; x_wconf 66' lang='lat' dir='ltr'><strong>recolligentem</strong></span> <span class='ocrx_word' id='word_1_161' title='bbox 410 1340 582 1406; x_wconf 86' lang='lat' dir='ltr'><strong>serpentium</strong></span> <span class='ocrx_word' id='word_1_162' title='bbox 593 1341 661 1400; x_wconf 85' lang='lat' dir='ltr'><strong>ictu,</strong></span> <span class='ocrx_word' id='word_1_163' title='bbox 672 1340 699 1388; x_wconf 88' lang='lat' dir='ltr'><strong>in</strong></span> <span class='ocrx_word' id='word_1_164' title='bbox 711 1338 862 1403; x_wconf 71' lang='lat' dir='ltr'><strong>caprilibus</strong></span> <span class='ocrx_word' id='word_1_165' title='bbox 872 1341 976 1403; x_wconf 83' lang='lat' dir='ltr'><strong>optime</strong></span> <span class='ocrx_word' id='word_1_166' title='bbox 1028 1342 1132 1392; x_wconf 86' lang='lat' dir='ltr'><strong>tidotis.</strong></span> <span class='ocrx_word' id='word_1_167' title='bbox 1153 1341 1262 1408; x_wconf 89' lang='lat' dir='ltr'><strong>Papilio</strong></span> <span class='ocrx_word' id='word_1_168' title='bbox 1272 1355 1383 1409; x_wconf 88' lang='lat' dir='ltr'><strong>quoque</strong></span> <span class='ocrx_word' id='word_1_169' title='bbox 1394 1343 1570 1396; x_wconf 87' lang='lat' dir='ltr'><strong>lucernarum</strong></span> <span class='ocrx_word' id='word_1_170' title='bbox 1581 1345 1732 1397; x_wconf 83' lang='lat' dir='ltr'><strong>luminibus</strong></span> <span class='ocrx_word' id='word_1_171' title='bbox 1742 1345 1827 1398; x_wconf 79' lang='lat' dir='ltr'><strong>adro·</strong></span> 
     </span>
     <span class='ocr_line' id='line_1_15' title="bbox 175 1404 1828 1470; baseline 0.003 -8"><span class='ocrx_word' id='word_1_172' title='bbox 175 1408 383 1462; x_wconf 75' lang='lat' dir='ltr'><strong>convalescunt.</strong></span> <span class='ocrx_word' id='word_1_173' title='bbox 416 1408 472 1470; x_wconf 73' lang='lat' dir='ltr'><strong>Qui</strong></span> <span class='ocrx_word' id='word_1_174' title='bbox 484 1408 624 1459; x_wconf 86' lang='lat' dir='ltr'><strong>ellicaoius</strong></span> <span class='ocrx_word' id='word_1_175' title='bbox 635 1406 732 1458; x_wconf 83' lang='lat' dir='ltr'><strong>volunt</strong></span> <span class='ocrx_word' id='word_1_176' title='bbox 741 1404 854 1465; x_wconf 79' lang='lat' dir='ltr'><strong>mederi,</strong></span> <span class='ocrx_word' id='word_1_177' title='bbox 866 1405 976 1458; x_wconf 70' lang='lat' dir='ltr'><strong>codice</strong></span> <span class='ocrx_word' id='word_1_178' title='bbox 1027 1408 1097 1469; x_wconf 76' lang='lat' dir='ltr'><strong>mos,</strong></span> <span class='ocrx_word' id='word_1_179' title='bbox 1108 1410 1182 1463; x_wconf 84' lang='lat' dir='ltr'><strong>iuter</strong></span> <span class='ocrx_word' id='word_1_180' title='bbox 1193 1412 1265 1464; x_wconf 80' lang='lat' dir='ltr'><strong>maia</strong></span> <span class='ocrx_word' id='word_1_181' title='bbox 1275 1413 1479 1465; x_wconf 84' lang='lat' dir='ltr'><strong>medicamenta</strong></span> <span class='ocrx_word' id='word_1_182' title='bbox 1489 1420 1658 1465; x_wconf 86' lang='lat' dir='ltr'><strong>nunreratur.</strong></span> <span class='ocrx_word' id='word_1_183' title='bbox 1679 1415 1705 1464; x_wconf 90' lang='lat' dir='ltr'><strong>ll</strong></span> <span class='ocrx_word' id='word_1_184' title='bbox 1727 1416 1752 1465; x_wconf 91' lang='lat' dir='ltr'><strong>ic</strong></span> <span class='ocrx_word' id='word_1_185' title='bbox 1763 1430 1828 1467; x_wconf 89' lang='lat' dir='ltr'><strong>con·</strong></span> 
     </span>
     <span class='ocr_line' id='line_1_16' title="bbox 176 1430 1827 1546; baseline 0.004 -15"><span class='ocrx_word' id='word_1_186' title='bbox 176 1493 277 1546; x_wconf 86' lang='lat' dir='ltr'><strong>caprae</strong></span> <span class='ocrx_word' id='word_1_187' title='bbox 290 1476 382 1530; x_wconf 84' lang='lat' dir='ltr'><strong>airum</strong></span> <span class='ocrx_word' id='word_1_188' title='bbox 394 1475 545 1530; x_wconf 81' lang='lat' dir='ltr'><strong>dissectam</strong></span> <span class='ocrx_word' id='word_1_189' title='bbox 555 1489 617 1529; x_wconf 77' lang='lat' dir='ltr'><strong>cruat</strong></span> <span class='ocrx_word' id='word_1_190' title='bbox 629 1475 695 1527; x_wconf 79' lang='lat' dir='ltr'><strong>deno</strong></span> <span class='ocrx_word' id='word_1_191' title='bbox 705 1476 782 1526; x_wconf 86' lang='lat' dir='ltr'><strong>lotus</strong></span> <span class='ocrx_word' id='word_1_192' title='bbox 791 1481 905 1541; x_wconf 83' lang='lat' dir='ltr'><strong>reperto</strong></span> <span class='ocrx_word' id='word_1_193' title='bbox 917 1481 974 1526; x_wconf 86' lang='lat' dir='ltr'><strong>sta·</strong></span> <span class='ocrx_word' id='word_1_194' title='bbox 1027 1478 1146 1530; x_wconf 79' lang='lat' dir='ltr'><strong>trucium</strong></span> <span class='ocrx_word' id='word_1_195' title='bbox 1168 1486 1211 1531; x_wconf 84' lang='lat' dir='ltr'><strong>est</strong></span> <span class='ocrx_word' id='word_1_196' title='bbox 1229 1480 1308 1531; x_wconf 86' lang='lat' dir='ltr'><strong>iecur</strong></span> <span class='ocrx_word' id='word_1_197' title='bbox 1325 1480 1482 1545; x_wconf 76' lang='lat' dir='ltr'><strong>caprinum</strong></span> <span class='ocrx_word' id='word_1_198' title='bbox 1504 1482 1576 1531; x_wconf 85' lang='lat' dir='ltr'><strong>sicut</strong></span> <span class='ocrx_word' id='word_1_199' title='bbox 1591 1481 1632 1533; x_wconf 84' lang='lat' dir='ltr'><strong>iel</strong></span> <span class='ocrx_word' id='word_1_200' title='bbox 1642 1430 1781 1536; x_wconf 67' lang='lat' dir='ltr'><strong>cenricus</strong></span> <span class='ocrx_word' id='word_1_201' title='bbox 1792 1498 1827 1537; x_wconf 78' lang='lat' dir='ltr'><strong>ex</strong></span> 
     </span>
     <span class='ocr_line' id='line_1_17' title="bbox 175 1542 1827 1613; baseline 0.002 -13"><span class='ocrx_word' id='word_1_202' title='bbox 175 1550 226 1600; x_wconf 91' lang='lat' dir='ltr'><strong>tim</strong></span> <span class='ocrx_word' id='word_1_203' title='bbox 239 1546 361 1613; x_wconf 71' lang='lat' dir='ltr'><strong>illigant„</strong></span> <span class='ocrx_word' id='word_1_204' title='bbox 397 1545 570 1599; x_wconf 76' lang='lat' dir='ltr'><strong>Aiiiccrnem</strong></span> <span class='ocrx_word' id='word_1_205' title='bbox 592 1550 732 1599; x_wconf 77' lang='lat' dir='ltr'><strong>remutem</strong></span> <span class='ocrx_word' id='word_1_206' title='bbox 753 1542 907 1597; x_wconf 83' lang='lat' dir='ltr'><strong>hoedorum</strong></span> <span class='ocrx_word' id='word_1_207' title='bbox 918 1544 976 1610; x_wconf 88' lang='lat' dir='ltr'><strong>pilo</strong></span> <span class='ocrx_word' id='word_1_208' title='bbox 1027 1546 1368 1601; x_wconf 81' lang='lat' dir='ltr'><strong>mmtelarusticalactis.</strong></span> <span class='ocrx_word' id='word_1_209' title='bbox 1402 1547 1589 1603; x_wconf 86' lang='lat' dir='ltr'><strong>llincdeiode</strong></span> <span class='ocrx_word' id='word_1_210' title='bbox 1605 1551 1827 1604; x_wconf 75' lang='lat' dir='ltr'><strong>revertemur-sd</strong></span> 
     </span>
     <span class='ocr_line' id='line_1_18' title="bbox 174 1612 1309 1682; baseline -0.003 -11"><span class='ocrx_word' id='word_1_211' title='bbox 174 1616 298 1680; x_wconf 80' lang='lat' dir='ltr'><strong>suffiunt,</strong></span> <span class='ocrx_word' id='word_1_212' title='bbox 310 1614 463 1681; x_wconf 85' lang='lat' dir='ltr'><strong>eodemque</strong></span> <span class='ocrx_word' id='word_1_213' title='bbox 474 1616 572 1669; x_wconf 87' lang='lat' dir='ltr'><strong>nidore</strong></span> <span class='ocrx_word' id='word_1_214' title='bbox 582 1612 684 1682; x_wconf 74' lang='lat' dir='ltr'><strong>lugunt</strong></span> <span class='ocrx_word' id='word_1_215' title='bbox 692 1620 846 1680; x_wconf 71' lang='lat' dir='ltr'><strong>serpentes.</strong></span> <span class='ocrx_word' id='word_1_216' title='bbox 855 1613 977 1665; x_wconf 86' lang='lat' dir='ltr'><strong>Utuntur</strong></span> <span class='ocrx_word' id='word_1_217' title='bbox 1029 1631 1131 1682; x_wconf 71' lang='lat' dir='ltr'><strong>genera</strong></span> <span class='ocrx_word' id='word_1_218' title='bbox 1141 1617 1309 1669; x_wconf 79' lang='lat' dir='ltr'><strong>arorborunr.</strong></span> 
     </span>
    </p>

    <p class='ocr_par' dir='ltr' id='par_1_3' title="bbox 174 1682 1829 2027">
     <span class='ocr_line' id='line_1_19' title="bbox 176 1682 1828 1753; baseline 0.001 -14"><span class='ocrx_word' id='word_1_219' title='bbox 176 1694 206 1739; x_wconf 89' lang='lat' dir='ltr'><strong>ct</strong></span> <span class='ocrx_word' id='word_1_220' title='bbox 217 1685 290 1752; x_wconf 88' lang='lat' dir='ltr'><strong>pelle</strong></span> <span class='ocrx_word' id='word_1_221' title='bbox 301 1701 398 1738; x_wconf 83' lang='lat' dir='ltr'><strong>eurum</strong></span> <span class='ocrx_word' id='word_1_222' title='bbox 408 1691 521 1737; x_wconf 70' lang='lat' dir='ltr'><strong>recente</strong></span> <span class='ocrx_word' id='word_1_223' title='bbox 531 1683 565 1736; x_wconf 88' lang='lat' dir='ltr'><strong>ad</strong></span> <span class='ocrx_word' id='word_1_224' title='bbox 577 1683 686 1752; x_wconf 76' lang='lat' dir='ltr'><strong>plagas,</strong></span> <span class='ocrx_word' id='word_1_225' title='bbox 702 1698 787 1734; x_wconf 86' lang='lat' dir='ltr'><strong>carne</strong></span> <span class='ocrx_word' id='word_1_226' title='bbox 797 1688 826 1735; x_wconf 89' lang='lat' dir='ltr'><strong>et</strong></span> <span class='ocrx_word' id='word_1_227' title='bbox 835 1682 901 1733; x_wconf 86' lang='lat' dir='ltr'><strong>limo</strong></span> <span class='ocrx_word' id='word_1_228' title='bbox 913 1682 976 1748; x_wconf 87' lang='lat' dir='ltr'><strong>equi</strong></span> <span class='ocrx_word' id='word_1_229' title='bbox 1062 1683 1163 1737; x_wconf 75' lang='lat' dir='ltr'><strong>xbvl.</strong></span> <span class='ocrx_word' id='word_1_230' title='bbox 1183 1686 1283 1752; x_wconf 83' lang='lat' dir='ltr'><strong>Capilli</strong></span> <span class='ocrx_word' id='word_1_231' title='bbox 1294 1685 1415 1739; x_wconf 87' lang='lat' dir='ltr'><strong>delluria</strong></span> <span class='ocrx_word' id='word_1_232' title='bbox 1425 1685 1537 1739; x_wconf 83' lang='lat' dir='ltr'><strong>ursinus</strong></span> <span class='ocrx_word' id='word_1_233' title='bbox 1556 1684 1646 1753; x_wconf 81' lang='lat' dir='ltr'><strong>adeps</strong></span> <span class='ocrx_word' id='word_1_234' title='bbox 1653 1686 1777 1739; x_wconf 77' lang='lat' dir='ltr'><strong>admixto</strong></span> <span class='ocrx_word' id='word_1_235' title='bbox 1787 1688 1828 1741; x_wconf 89' lang='lat' dir='ltr'><strong>ic·</strong></span> 
     </span>
     <span class='ocr_line' id='line_1_20' title="bbox 175 1753 1829 1823; baseline 0 -16"><span class='ocrx_word' id='word_1_236' title='bbox 175 1757 205 1807; x_wconf 90' lang='lat' dir='ltr'><strong>ic</strong></span> <span class='ocrx_word' id='word_1_237' title='bbox 223 1768 293 1820; x_wconf 79' lang='lat' dir='ltr'><strong>agro</strong></span> <span class='ocrx_word' id='word_1_238' title='bbox 314 1754 396 1820; x_wconf 86' lang='lat' dir='ltr'><strong>pasti,</strong></span> <span class='ocrx_word' id='word_1_239' title='bbox 414 1753 532 1821; x_wconf 80' lang='lat' dir='ltr'><strong>coagulo</strong></span> <span class='ocrx_word' id='word_1_240' title='bbox 543 1753 650 1819; x_wconf 87' lang='lat' dir='ltr'><strong>leporis</strong></span> <span class='ocrx_word' id='word_1_241' title='bbox 664 1767 700 1804; x_wconf 78' lang='lat' dir='ltr'><strong>ea</strong></span> <span class='ocrx_word' id='word_1_242' title='bbox 711 1759 802 1812; x_wconf 87' lang='lat' dir='ltr'><strong>aceto,</strong></span> <span class='ocrx_word' id='word_1_243' title='bbox 824 1757 976 1817; x_wconf 79' lang='lat' dir='ltr'><strong>contraque</strong></span> <span class='ocrx_word' id='word_1_244' title='bbox 1028 1753 1101 1806; x_wconf 90' lang='lat' dir='ltr'><strong>dano</strong></span> <span class='ocrx_word' id='word_1_245' title='bbox 1114 1754 1267 1806; x_wconf 75' lang='lat' dir='ltr'><strong>erudiente</strong></span> <span class='ocrx_word' id='word_1_246' title='bbox 1279 1754 1412 1817; x_wconf 75' lang='lat' dir='ltr'><strong>continet,</strong></span> <span class='ocrx_word' id='word_1_247' title='bbox 1432 1756 1628 1823; x_wconf 72' lang='lat' dir='ltr'><strong>alopeciasque</strong></span> <span class='ocrx_word' id='word_1_248' title='bbox 1639 1756 1777 1817; x_wconf 83' lang='lat' dir='ltr'><strong>eorendut,</strong></span> <span class='ocrx_word' id='word_1_249' title='bbox 1799 1762 1829 1807; x_wconf 81' lang='lat' dir='ltr'><strong>et</strong></span> 
     </span>
     <span class='ocr_line' id='line_1_21' title="bbox 174 1819 1829 1892; baseline 0.001 -16"><span class='ocrx_word' id='word_1_250' title='bbox 174 1824 352 1889; x_wconf 79' lang='lat' dir='ltr'><strong>scorpionem</strong></span> <span class='ocrx_word' id='word_1_251' title='bbox 363 1829 393 1874; x_wconf 86' lang='lat' dir='ltr'><strong>et</strong></span> <span class='ocrx_word' id='word_1_252' title='bbox 401 1836 507 1874; x_wconf 84' lang='lat' dir='ltr'><strong>cruram</strong></span> <span class='ocrx_word' id='word_1_253' title='bbox 519 1836 662 1873; x_wconf 86' lang='lat' dir='ltr'><strong>aruncum.</strong></span> <span class='ocrx_word' id='word_1_254' title='bbox 676 1820 760 1872; x_wconf 74' lang='lat' dir='ltr'><strong>Alunt</strong></span> <span class='ocrx_word' id='word_1_255' title='bbox 770 1826 861 1873; x_wconf 89' lang='lat' dir='ltr'><strong>autem</strong></span> <span class='ocrx_word' id='word_1_256' title='bbox 874 1835 928 1870; x_wconf 89' lang='lat' dir='ltr'><strong>nun</strong></span> <span class='ocrx_word' id='word_1_257' title='bbox 940 1819 977 1871; x_wconf 83' lang='lat' dir='ltr'><strong>ie·</strong></span> <span class='ocrx_word' id='word_1_258' title='bbox 1027 1823 1172 1875; x_wconf 84' lang='lat' dir='ltr'><strong>raritatem</strong></span> <span class='ocrx_word' id='word_1_259' title='bbox 1184 1824 1407 1889; x_wconf 79' lang='lat' dir='ltr'><strong>superciliorum,</strong></span> <span class='ocrx_word' id='word_1_260' title='bbox 1422 1839 1483 1875; x_wconf 88' lang='lat' dir='ltr'><strong>cum</strong></span> <span class='ocrx_word' id='word_1_261' title='bbox 1494 1823 1589 1892; x_wconf 79' lang='lat' dir='ltr'><strong>iungis</strong></span> <span class='ocrx_word' id='word_1_262' title='bbox 1600 1824 1783 1885; x_wconf 88' lang='lat' dir='ltr'><strong>lucernarum,</strong></span> <span class='ocrx_word' id='word_1_263' title='bbox 1795 1838 1829 1877; x_wconf 85' lang='lat' dir='ltr'><strong>ac</strong></span> 
     </span>
     <span class='ocr_line' id='line_1_22' title="bbox 175 1889 1829 1960; baseline -0.001 -15"><span class='ocrx_word' id='word_1_264' title='bbox 175 1892 344 1958; x_wconf 83' lang='lat' dir='ltr'><strong>ririlepcris</strong></span> <span class='ocrx_word' id='word_1_265' title='bbox 354 1891 473 1958; x_wconf 77' lang='lat' dir='ltr'><strong>coagulo</strong></span> <span class='ocrx_word' id='word_1_266' title='bbox 484 1896 642 1957; x_wconf 69' lang='lat' dir='ltr'><strong>perunctos.</strong></span> <span class='ocrx_word' id='word_1_267' title='bbox 674 1891 978 1954; x_wconf 72' lang='lat' dir='ltr'><strong>dacor-pionoperoua·</strong></span> <span class='ocrx_word' id='word_1_268' title='bbox 1029 1889 1156 1958; x_wconf 80' lang='lat' dir='ltr'><strong>iuligine,</strong></span> <span class='ocrx_word' id='word_1_269' title='bbox 1178 1906 1248 1958; x_wconf 82' lang='lat' dir='ltr'><strong>quae</strong></span> <span class='ocrx_word' id='word_1_270' title='bbox 1265 1892 1346 1944; x_wconf 83' lang='lat' dir='ltr'><strong>estin</strong></span> <span class='ocrx_word' id='word_1_271' title='bbox 1362 1893 1576 1945; x_wconf 85' lang='lat' dir='ltr'><strong>rostriseerum.</strong></span> <span class='ocrx_word' id='word_1_272' title='bbox 1612 1893 1754 1960; x_wconf 74' lang='lat' dir='ltr'><strong>Porrigini</strong></span> <span class='ocrx_word' id='word_1_273' title='bbox 1765 1907 1829 1944; x_wconf 89' lang='lat' dir='ltr'><strong>cum</strong></span> 
     </span>
     <span class='ocr_line' id='line_1_23' title="bbox 176 1956 1828 2027; baseline 0.001 -17"><span class='ocrx_word' id='word_1_274' title='bbox 176 1962 226 2022; x_wconf 85' lang='lat' dir='ltr'><strong>sis,</strong></span> <span class='ocrx_word' id='word_1_275' title='bbox 248 1960 343 2011; x_wconf 81' lang='lat' dir='ltr'><strong>duorum</strong></span> <span class='ocrx_word' id='word_1_276' title='bbox 363 1974 464 2025; x_wconf 85' lang='lat' dir='ltr'><strong>caprae</strong></span> <span class='ocrx_word' id='word_1_277' title='bbox 484 1958 621 2012; x_wconf 81' lang='lat' dir='ltr'><strong>efficacius</strong></span> <span class='ocrx_word' id='word_1_278' title='bbox 640 1972 705 2009; x_wconf 78' lang='lat' dir='ltr'><strong>cram</strong></span> <span class='ocrx_word' id='word_1_279' title='bbox 727 1965 809 2009; x_wconf 84' lang='lat' dir='ltr'><strong>aceto</strong></span> <span class='ocrx_word' id='word_1_280' title='bbox 830 1956 976 2009; x_wconf 88' lang='lat' dir='ltr'><strong>decoctum</strong></span> <span class='ocrx_word' id='word_1_281' title='bbox 1029 1960 1093 2011; x_wconf 83' lang='lat' dir='ltr'><strong>rino</strong></span> <span class='ocrx_word' id='word_1_282' title='bbox 1105 1959 1234 2027; x_wconf 66' lang='lat' dir='ltr'><strong>prodest,</strong></span> <span class='ocrx_word' id='word_1_283' title='bbox 1251 1961 1293 2012; x_wconf 80' lang='lat' dir='ltr'><strong>nu</strong></span> <span class='ocrx_word' id='word_1_284' title='bbox 1305 1959 1412 2013; x_wconf 74' lang='lat' dir='ltr'><strong>hancei</strong></span> <span class='ocrx_word' id='word_1_285' title='bbox 1422 1976 1523 2013; x_wconf 90' lang='lat' dir='ltr'><strong>cornus</strong></span> <span class='ocrx_word' id='word_1_286' title='bbox 1533 1962 1638 2015; x_wconf 81' lang='lat' dir='ltr'><strong>cervini</strong></span> <span class='ocrx_word' id='word_1_287' title='bbox 1649 1963 1828 2024; x_wconf 80' lang='lat' dir='ltr'><strong>ciniserino,</strong></span> 
     </span>
    </p>
   </div>
   <div class='ocr_carea' id='block_1_3' title="bbox 174 2024 1940 2099">
    <p class='ocr_par' dir='ltr' id='par_1_4' title="bbox 174 2024 1940 2099">
     <span class='ocr_line' id='line_1_24' title="bbox 174 2024 1940 2099; baseline -0.002 -14"><span class='ocrx_word' id='word_1_288' title='bbox 174 2029 343 2085; x_wconf 60' lang='lat' dir='ltr'><strong>acciuntur:</strong></span> <span class='ocrx_word' id='word_1_289' title='bbox 353 2028 463 2081; x_wconf 80' lang='lat' dir='ltr'><strong>lardum</strong></span> <span class='ocrx_word' id='word_1_290' title='bbox 474 2028 573 2096; x_wconf 85' lang='lat' dir='ltr'><strong>iusque</strong></span> <span class='ocrx_word' id='word_1_291' title='bbox 583 2027 690 2080; x_wconf 88' lang='lat' dir='ltr'><strong>decocti</strong></span> <span class='ocrx_word' id='word_1_292' title='bbox 701 2034 798 2093; x_wconf 82' lang='lat' dir='ltr'><strong>potura</strong></span> <span class='ocrx_word' id='word_1_293' title='bbox 809 2024 862 2091; x_wconf 82' lang='lat' dir='ltr'><strong>iris,</strong></span> <span class='ocrx_word' id='word_1_294' title='bbox 872 2025 976 2095; x_wconf 72' lang='lat' dir='ltr'><strong>quibu·</strong></span> <span class='ocrx_word' id='word_1_295' title='bbox 1028 2034 1113 2095; x_wconf 86' lang='lat' dir='ltr'><strong>utque</strong></span> <span class='ocrx_word' id='word_1_296' title='bbox 1123 2044 1177 2079; x_wconf 91' lang='lat' dir='ltr'><strong>non</strong></span> <span class='ocrx_word' id='word_1_297' title='bbox 1188 2028 1282 2081; x_wconf 82' lang='lat' dir='ltr'><strong>taedia</strong></span> <span class='ocrx_word' id='word_1_298' title='bbox 1292 2029 1453 2080; x_wconf 82' lang='lat' dir='ltr'><strong>animalium</strong></span> <span class='ocrx_word' id='word_1_299' title='bbox 1464 2031 1745 2099; x_wconf 84' lang='lat' dir='ltr'><strong>capillisincreacant.</strong></span> <span class='ocrx_word' id='word_1_300' title='bbox 1758 2033 1828 2084; x_wconf 78' lang='lat' dir='ltr'><strong>lieni</strong></span> <span class='ocrx_word' id='word_1_301' title='bbox 1937 2040 1940 2047; x_wconf 64' lang='lat'><em>⁴</em></span> 
     </span>
    </p>
   </div>
   <div class='ocr_carea' id='block_1_4' title="bbox 138 2096 1830 5537">
    <p class='ocr_par' dir='ltr' id='par_1_5' title="bbox 138 2096 1830 5537">
     <span class='ocr_line' id='line_1_25' title="bbox 138 2096 1829 2170; baseline 0 -19"><span class='ocrx_word' id='word_1_302' title='bbox 138 2138 143 2151; x_wconf 70' lang='grc'>,</span> <span class='ocrx_word' id='word_1_303' title='bbox 173 2099 293 2170; x_wconf 84' lang='lat' dir='ltr'><strong>prectim</strong></span> <span class='ocrx_word' id='word_1_304' title='bbox 306 2097 456 2151; x_wconf 76' lang='lat' dir='ltr'><strong>hmrserint.</strong></span> <span class='ocrx_word' id='word_1_305' title='bbox 1028 2096 1067 2149; x_wconf 83' lang='lat' dir='ltr'><strong>iel</strong></span> <span class='ocrx_word' id='word_1_306' title='bbox 1080 2097 1221 2164; x_wconf 81' lang='lat' dir='ltr'><strong>cuprinum</strong></span> <span class='ocrx_word' id='word_1_307' title='bbox 1233 2112 1294 2149; x_wconf 88' lang='lat' dir='ltr'><strong>cum</strong></span> <span class='ocrx_word' id='word_1_308' title='bbox 1306 2105 1383 2150; x_wconf 84' lang='lat' dir='ltr'><strong>creta</strong></span> <span class='ocrx_word' id='word_1_309' title='bbox 1392 2099 1510 2151; x_wconf 84' lang='lat' dir='ltr'><strong>cimolia</strong></span> <span class='ocrx_word' id='word_1_310' title='bbox 1522 2105 1551 2150; x_wconf 90' lang='lat' dir='ltr'><strong>et</strong></span> <span class='ocrx_word' id='word_1_311' title='bbox 1560 2106 1651 2162; x_wconf 86' lang='lat' dir='ltr'><strong>aceto,</strong></span> <span class='ocrx_word' id='word_1_312' title='bbox 1668 2100 1711 2153; x_wconf 83' lang='lat' dir='ltr'><strong>aie</strong></span> <span class='ocrx_word' id='word_1_313' title='bbox 1722 2105 1753 2151; x_wconf 91' lang='lat' dir='ltr'><strong>ut</strong></span> <span class='ocrx_word' id='word_1_314' title='bbox 1762 2114 1829 2166; x_wconf 86' lang='lat' dir='ltr'><strong>pau·</strong></span> 
     </span>
     <span class='ocr_line' id='line_1_26' title="bbox 210 2164 1830 2235; baseline -0.001 -13"><span class='ocrx_word' id='word_1_315' title='bbox 210 2164 768 2235; x_wconf 76' lang='lat' dir='ltr'><strong>bucinetrumsiqnismiooinsnrem</strong></span> <span class='ocrx_word' id='word_1_316' title='bbox 788 2164 978 2231; x_wconf 77' lang='lat' dir='ltr'><strong>percuiaume</strong></span> <span class='ocrx_word' id='word_1_317' title='bbox 1028 2167 1085 2227; x_wconf 79' lang='lat' dir='ltr'><strong>lum</strong></span> <span class='ocrx_word' id='word_1_318' title='bbox 1095 2168 1357 2235; x_wconf 84' lang='lat' dir='ltr'><strong>copitiinaresccnt.</strong></span> <span class='ocrx_word' id='word_1_319' title='bbox 1384 2167 1830 2221; x_wconf 78' lang='lat' dir='ltr'><strong>ltentelscrotlnumcnmorino</strong></span> 
     </span>
     <span class='ocr_line' id='line_1_27' title="bbox 175 2233 1830 2303; baseline 0 -13"><span class='ocrx_word' id='word_1_320' title='bbox 175 2238 327 2303; x_wconf 74' lang='lat' dir='ltr'><strong>scorpione</strong></span> <span class='ocrx_word' id='word_1_321' title='bbox 337 2252 368 2289; x_wconf 89' lang='lat' dir='ltr'><strong>se</strong></span> <span class='ocrx_word' id='word_1_322' title='bbox 378 2235 463 2298; x_wconf 85' lang='lat' dir='ltr'><strong>dicut,</strong></span> <span class='ocrx_word' id='word_1_323' title='bbox 469 2233 589 2287; x_wconf 84' lang='lat' dir='ltr'><strong>transire</strong></span> <span class='ocrx_word' id='word_1_324' title='bbox 599 2233 701 2285; x_wconf 88' lang='lat' dir='ltr'><strong>malum</strong></span> <span class='ocrx_word' id='word_1_325' title='bbox 713 2237 837 2299; x_wconf 82' lang='lat' dir='ltr'><strong>protinus</strong></span> <span class='ocrx_word' id='word_1_326' title='bbox 850 2235 976 2286; x_wconf 69' lang='lat' dir='ltr'><strong>tredento</strong></span> <span class='ocrx_word' id='word_1_327' title='bbox 1028 2236 1113 2288; x_wconf 85' lang='lat' dir='ltr'><strong>tauri.</strong></span> <span class='ocrx_word' id='word_1_328' title='bbox 1149 2235 1179 2287; x_wconf 78' lang='lat' dir='ltr'><strong>Si</strong></span> <span class='ocrx_word' id='word_1_329' title='bbox 1190 2250 1256 2288; x_wconf 81' lang='lat' dir='ltr'><strong>vero</strong></span> <span class='ocrx_word' id='word_1_330' title='bbox 1268 2242 1347 2288; x_wconf 88' lang='lat' dir='ltr'><strong>retus</strong></span> <span class='ocrx_word' id='word_1_331' title='bbox 1356 2237 1404 2299; x_wconf 82' lang='lat' dir='ltr'><strong>ait,</strong></span> <span class='ocrx_word' id='word_1_332' title='bbox 1418 2237 1507 2291; x_wconf 82' lang='lat' dir='ltr'><strong>etiam</strong></span> <span class='ocrx_word' id='word_1_333' title='bbox 1518 2236 1642 2290; x_wconf 76' lang='lat' dir='ltr'><strong>furfures</strong></span> <span class='ocrx_word' id='word_1_334' title='bbox 1652 2236 1763 2290; x_wconf 85' lang='lat' dir='ltr'><strong>adiecto</strong></span> <span class='ocrx_word' id='word_1_335' title='bbox 1774 2238 1830 2290; x_wconf 90' lang='lat' dir='ltr'><strong>sul·</strong></span> 
     </span>
     <span class='ocr_line' id='line_1_28' title="bbox 175 2303 1830 2435; baseline 0.001 -8"><span class='ocrx_word' id='word_1_336' title='bbox 175 2303 978 2428; x_wconf 48' lang='lat' dir='ltr'><strong>lzss&#39;fflil&#39;rlmrrlrrib”irrubuit¹⁹²</strong></span> <span class='ocrx_word' id='word_1_337' title='bbox 1029 2304 1830 2435; x_wconf 52' lang='lat' dir='ltr'><strong>¹³lllr‘l‘rie‘dlzirrrldtdli:delire</strong></span> 
     </span>
     <span class='ocr_line' id='line_1_29' title="bbox 210 2387 1829 2509; baseline -0.001 -13"><span class='ocrx_word' id='word_1_338' title='bbox 210 2443 312 2496; x_wconf 80' lang='lat' dir='ltr'><strong>XLlll.</strong></span> <span class='ocrx_word' id='word_1_339' title='bbox 332 2445 355 2499; x_wconf 87' lang='lat'><strong>1.</strong></span> <span class='ocrx_word' id='word_1_340' title='bbox 368 2390 459 2497; x_wconf 48' lang='lat' dir='ltr'><strong>Canii</strong></span> <span class='ocrx_word' id='word_1_341' title='bbox 469 2441 576 2495; x_wconf 84' lang='lat' dir='ltr'><strong>rabiosi</strong></span> <span class='ocrx_word' id='word_1_342' title='bbox 593 2387 912 2494; x_wconf 59' lang='lat' dir='ltr'><strong>monriplactaprulnerc</strong></span> <span class='ocrx_word' id='word_1_343' title='bbox 927 2442 978 2492; x_wconf 88' lang='lat' dir='ltr'><strong>cir·</strong></span> <span class='ocrx_word' id='word_1_344' title='bbox 1028 2389 1085 2502; x_wconf 54' lang='lat' dir='ltr'><strong>fur,</strong></span> <span class='ocrx_word' id='word_1_345' title='bbox 1106 2389 1271 2509; x_wconf 57' lang='lat' dir='ltr'><strong>plrimboque</strong></span> <span class='ocrx_word' id='word_1_346' title='bbox 1283 2444 1365 2494; x_wconf 89' lang='lat' dir='ltr'><strong>tritus</strong></span> <span class='ocrx_word' id='word_1_347' title='bbox 1377 2456 1438 2494; x_wconf 89' lang='lat' dir='ltr'><strong>cnm</strong></span> <span class='ocrx_word' id='word_1_348' title='bbox 1450 2441 1523 2494; x_wconf 87' lang='lat' dir='ltr'><strong>oleo.</strong></span> <span class='ocrx_word' id='word_1_349' title='bbox 1557 2411 1678 2496; x_wconf 67' lang='lat' dir='ltr'><strong>Denssrl</strong></span> <span class='ocrx_word' id='word_1_350' title='bbox 1689 2454 1717 2496; x_wconf 80' lang='lat' dir='ltr'><strong>et</strong></span> <span class='ocrx_word' id='word_1_351' title='bbox 1727 2446 1829 2496; x_wconf 87' lang='lat' dir='ltr'><strong>asinini</strong></span> 
     </span>
     <span class='ocr_line' id='line_1_30' title="bbox 175 2509 1830 2579; baseline -0.001 -13"><span class='ocrx_word' id='word_1_352' title='bbox 175 2513 335 2566; x_wconf 73' lang='lat' dir='ltr'><strong>mudum</strong></span> <span class='ocrx_word' id='word_1_353' title='bbox 346 2512 381 2564; x_wconf 88' lang='lat' dir='ltr'><strong>ad</strong></span> <span class='ocrx_word' id='word_1_354' title='bbox 390 2513 466 2564; x_wconf 84' lang='lat' dir='ltr'><strong>rirua</strong></span> <span class='ocrx_word' id='word_1_355' title='bbox 476 2527 563 2578; x_wconf 82' lang='lat' dir='ltr'><strong>usque</strong></span> <span class='ocrx_word' id='word_1_356' title='bbox 574 2517 669 2577; x_wconf 80' lang='lat' dir='ltr'><strong>partes</strong></span> <span class='ocrx_word' id='word_1_357' title='bbox 680 2509 802 2576; x_wconf 88' lang='lat' dir='ltr'><strong>quidum,</strong></span> <span class='ocrx_word' id='word_1_358' title='bbox 811 2522 978 2577; x_wconf 81' lang='lat' dir='ltr'><strong>carnemque</strong></span> <span class='ocrx_word' id='word_1_359' title='bbox 1029 2511 1171 2579; x_wconf 86' lang='lat' dir='ltr'><strong>pullicum</strong></span> <span class='ocrx_word' id='word_1_360' title='bbox 1181 2510 1276 2561; x_wconf 81' lang='lat' dir='ltr'><strong>urina:</strong></span> <span class='ocrx_word' id='word_1_361' title='bbox 1298 2509 1505 2576; x_wconf 87' lang='lat' dir='ltr'><strong>admiscentque</strong></span> <span class='ocrx_word' id='word_1_362' title='bbox 1519 2513 1634 2563; x_wconf 84' lang='lat' dir='ltr'><strong>nardum</strong></span> <span class='ocrx_word' id='word_1_363' title='bbox 1646 2509 1755 2563; x_wconf 74' lang='lat' dir='ltr'><strong>fastidii</strong></span> <span class='ocrx_word' id='word_1_364' title='bbox 1767 2528 1830 2579; x_wconf 81' lang='lat' dir='ltr'><strong>gru·</strong></span> 
     </span>
     <span class='ocr_line' id='line_1_31' title="bbox 175 2576 1829 2648; baseline -0.001 -14"><span class='ocrx_word' id='word_1_365' title='bbox 175 2582 259 2634; x_wconf 78' lang='lat' dir='ltr'><strong>rituli</strong></span> <span class='ocrx_word' id='word_1_366' title='bbox 279 2579 440 2643; x_wconf 83' lang='lat' dir='ltr'><strong>admovent,</strong></span> <span class='ocrx_word' id='word_1_367' title='bbox 453 2587 486 2631; x_wconf 78' lang='lat' dir='ltr'><strong>et</strong></span> <span class='ocrx_word' id='word_1_368' title='bbox 503 2581 549 2630; x_wconf 79' lang='lat' dir='ltr'><strong>ina</strong></span> <span class='ocrx_word' id='word_1_369' title='bbox 567 2593 603 2630; x_wconf 82' lang='lat' dir='ltr'><strong>es</strong></span> <span class='ocrx_word' id='word_1_370' title='bbox 621 2578 719 2630; x_wconf 84' lang='lat' dir='ltr'><strong>eodem</strong></span> <span class='ocrx_word' id='word_1_371' title='bbox 739 2578 831 2630; x_wconf 87' lang='lat' dir='ltr'><strong>carnis</strong></span> <span class='ocrx_word' id='word_1_372' title='bbox 845 2577 978 2631; x_wconf 80' lang='lat' dir='ltr'><strong>decoctae</strong></span> <span class='ocrx_word' id='word_1_373' title='bbox 1029 2581 1079 2633; x_wconf 87' lang='lat' dir='ltr'><strong>tia.</strong></span> <span class='ocrx_word' id='word_1_374' title='bbox 1114 2578 1261 2643; x_wconf 69' lang='lat' dir='ltr'><strong>alopecias</strong></span> <span class='ocrx_word' id='word_1_375' title='bbox 1276 2576 1342 2630; x_wconf 80' lang='lat' dir='ltr'><strong>felle</strong></span> <span class='ocrx_word' id='word_1_376' title='bbox 1363 2580 1473 2631; x_wconf 82' lang='lat' dir='ltr'><strong>taurino</strong></span> <span class='ocrx_word' id='word_1_377' title='bbox 1486 2594 1547 2631; x_wconf 85' lang='lat' dir='ltr'><strong>eum</strong></span> <span class='ocrx_word' id='word_1_378' title='bbox 1557 2579 1698 2648; x_wconf 72' lang='lat' dir='ltr'><strong>Aegyptio</strong></span> <span class='ocrx_word' id='word_1_379' title='bbox 1708 2579 1829 2633; x_wconf 78' lang='lat' dir='ltr'><strong>alumine</strong></span> 
     </span>
     <span class='ocr_line' id='line_1_32' title="bbox 175 2645 1830 2715; baseline 0 -13"><span class='ocrx_word' id='word_1_380' title='bbox 175 2649 248 2702; x_wconf 78' lang='lat' dir='ltr'><strong>daut</strong></span> <span class='ocrx_word' id='word_1_381' title='bbox 257 2647 348 2713; x_wconf 84' lang='lat' dir='ltr'><strong>potui,</strong></span> <span class='ocrx_word' id='word_1_382' title='bbox 359 2654 408 2698; x_wconf 89' lang='lat' dir='ltr'><strong>snt</strong></span> <span class='ocrx_word' id='word_1_383' title='bbox 417 2649 564 2714; x_wconf 68' lang='lat' dir='ltr'><strong>axungiam</strong></span> <span class='ocrx_word' id='word_1_384' title='bbox 575 2661 637 2699; x_wconf 82' lang='lat' dir='ltr'><strong>cum</strong></span> <span class='ocrx_word' id='word_1_385' title='bbox 648 2647 726 2698; x_wconf 86' lang='lat' dir='ltr'><strong>calce</strong></span> <span class='ocrx_word' id='word_1_386' title='bbox 738 2653 839 2697; x_wconf 78' lang='lat' dir='ltr'><strong>tusam.</strong></span> <span class='ocrx_word' id='word_1_387' title='bbox 1030 2645 1178 2715; x_wconf 81' lang='lat' dir='ltr'><strong>tepeluctis</strong></span> <span class='ocrx_word' id='word_1_388' title='bbox 1190 2647 1311 2699; x_wconf 85' lang='lat' dir='ltr'><strong>illinunt.</strong></span> <span class='ocrx_word' id='word_1_389' title='bbox 1348 2647 1455 2714; x_wconf 85' lang='lat' dir='ltr'><strong>Capitis</strong></span> <span class='ocrx_word' id='word_1_390' title='bbox 1467 2646 1580 2701; x_wconf 83' lang='lat' dir='ltr'><strong>hulcerc</strong></span> <span class='ocrx_word' id='word_1_391' title='bbox 1595 2648 1738 2700; x_wconf 80' lang='lat' dir='ltr'><strong>manantia</strong></span> <span class='ocrx_word' id='word_1_392' title='bbox 1749 2650 1830 2702; x_wconf 84' lang='lat' dir='ltr'><strong>urina</strong></span> 
     </span>
     <span class='ocr_line' id='line_1_33' title="bbox 211 2715 1830 2784; baseline 0.001 -15"><span class='ocrx_word' id='word_1_393' title='bbox 211 2719 240 2769; x_wconf 87' lang='lat'><strong>2.</strong></span> <span class='ocrx_word' id='word_1_394' title='bbox 258 2716 441 2770; x_wconf 85' lang='lat' dir='ltr'><strong>llirciiecure</strong></span> <span class='ocrx_word' id='word_1_395' title='bbox 453 2716 590 2784; x_wconf 75' lang='lat' dir='ltr'><strong>inposite</strong></span> <span class='ocrx_word' id='word_1_396' title='bbox 610 2731 646 2774; x_wconf 82' lang='lat' dir='ltr'><strong>ne</strong></span> <span class='ocrx_word' id='word_1_397' title='bbox 656 2719 758 2768; x_wconf 84' lang='lat' dir='ltr'><strong>tentari</strong></span> <span class='ocrx_word' id='word_1_398' title='bbox 768 2715 878 2783; x_wconf 83' lang='lat' dir='ltr'><strong>quidem</strong></span> <span class='ocrx_word' id='word_1_399' title='bbox 888 2729 978 2783; x_wconf 80' lang='lat' dir='ltr'><strong>aquea</strong></span> <span class='ocrx_word' id='word_1_400' title='bbox 1030 2720 1102 2770; x_wconf 87' lang='lat' dir='ltr'><strong>tauri</strong></span> <span class='ocrx_word' id='word_1_401' title='bbox 1113 2716 1265 2769; x_wconf 84' lang='lat' dir='ltr'><strong>efficaciter</strong></span> <span class='ocrx_word' id='word_1_402' title='bbox 1275 2722 1370 2768; x_wconf 84' lang='lat' dir='ltr'><strong>sanat:</strong></span> <span class='ocrx_word' id='word_1_403' title='bbox 1390 2718 1458 2769; x_wconf 87' lang='lat' dir='ltr'><strong>item</strong></span> <span class='ocrx_word' id='word_1_404' title='bbox 1468 2715 1589 2769; x_wconf 84' lang='lat' dir='ltr'><strong>hominis</strong></span> <span class='ocrx_word' id='word_1_405' title='bbox 1601 2724 1688 2780; x_wconf 82' lang='lat' dir='ltr'><strong>retus,</strong></span> <span class='ocrx_word' id='word_1_406' title='bbox 1699 2716 1724 2768; x_wconf 89' lang='lat' dir='ltr'><strong>si</strong></span> <span class='ocrx_word' id='word_1_407' title='bbox 1735 2719 1830 2784; x_wconf 80' lang='lat' dir='ltr'><strong>cyclo·</strong></span> 
     </span>
     <span class='ocr_line' id='line_1_34' title="bbox 174 2784 1830 2851; baseline -0.001 -12"><span class='ocrx_word' id='word_1_408' title='bbox 174 2784 414 2839; x_wconf 71' lang='lat' dir='ltr'><strong>metuuilirmaut.</strong></span> <span class='ocrx_word' id='word_1_409' title='bbox 1032 2789 1133 2838; x_wconf 83' lang='lat' dir='ltr'><strong>micum</strong></span> <span class='ocrx_word' id='word_1_410' title='bbox 1145 2784 1311 2847; x_wconf 78' lang='lat' dir='ltr'><strong>adiicietur,</strong></span> <span class='ocrx_word' id='word_1_411' title='bbox 1333 2790 1361 2836; x_wconf 89' lang='lat' dir='ltr'><strong>et</strong></span> <span class='ocrx_word' id='word_1_412' title='bbox 1377 2785 1500 2851; x_wconf 87' lang='lat' dir='ltr'><strong>sulphur.</strong></span> <span class='ocrx_word' id='word_1_413' title='bbox 1538 2785 1830 2839; x_wconf 83' lang='lat' dir='ltr'><strong>Efficaciustcmenet</strong></span> 
     </span>
     <span class='ocr_line' id='line_1_35' title="bbox 211 2851 1830 2921; baseline 0 -14"><span class='ocrx_word' id='word_1_414' title='bbox 211 2854 238 2906; x_wconf 81' lang='lat'><strong>3.</strong></span> <span class='ocrx_word' id='word_1_415' title='bbox 249 2852 380 2907; x_wconf 71' lang='lat' dir='ltr'><strong>hanimi</strong></span> <span class='ocrx_word' id='word_1_416' title='bbox 389 2860 418 2906; x_wconf 92' lang='lat' dir='ltr'><strong>ot</strong></span> <span class='ocrx_word' id='word_1_417' title='bbox 429 2852 632 2919; x_wconf 80' lang='lat' dir='ltr'><strong>capraellusum</strong></span> <span class='ocrx_word' id='word_1_418' title='bbox 643 2866 678 2904; x_wconf 72' lang='lat' dir='ltr'><strong>ea</strong></span> <span class='ocrx_word' id='word_1_419' title='bbox 687 2851 874 2906; x_wconf 75' lang='lat' dir='ltr'><strong>vircillitunr:</strong></span> <span class='ocrx_word' id='word_1_420' title='bbox 887 2854 977 2916; x_wconf 90' lang='lat' dir='ltr'><strong>melis,</strong></span> <span class='ocrx_word' id='word_1_421' title='bbox 1030 2854 1178 2907; x_wconf 80' lang='lat' dir='ltr'><strong>vitulinum</strong></span> <span class='ocrx_word' id='word_1_422' title='bbox 1192 2853 1230 2905; x_wconf 81' lang='lat' dir='ltr'><strong>fel</strong></span> <span class='ocrx_word' id='word_1_423' title='bbox 1238 2872 1245 2905; x_wconf 77' lang='lat' dir='ltr'><strong>r</strong></span> <span class='ocrx_word' id='word_1_424' title='bbox 1254 2868 1309 2921; x_wconf 92' lang='lat' dir='ltr'><strong>quo</strong></span> <span class='ocrx_word' id='word_1_425' title='bbox 1320 2868 1383 2905; x_wconf 88' lang='lat' dir='ltr'><strong>cum</strong></span> <span class='ocrx_word' id='word_1_426' title='bbox 1393 2863 1473 2907; x_wconf 82' lang='lat' dir='ltr'><strong>aceto</strong></span> <span class='ocrx_word' id='word_1_427' title='bbox 1485 2853 1622 2907; x_wconf 78' lang='lat' dir='ltr'><strong>miclcctu</strong></span> <span class='ocrx_word' id='word_1_428' title='bbox 1634 2862 1662 2906; x_wconf 87' lang='lat' dir='ltr'><strong>et</strong></span> <span class='ocrx_word' id='word_1_429' title='bbox 1674 2854 1830 2907; x_wconf 84' lang='lat' dir='ltr'><strong>lendcstol·</strong></span> 
     </span>
     <span class='ocr_line' id='line_1_36' title="bbox 172 2921 1829 2991; baseline -0.001 -14"><span class='ocrx_word' id='word_1_430' title='bbox 172 2921 845 2987; x_wconf 79' lang='lat' dir='ltr'><strong>etcuculi,etbirundinisdecoetuaretpuium.</strong></span> <span class='ocrx_word' id='word_1_431' title='bbox 881 2921 978 2975; x_wconf 80' lang='lat' dir='ltr'><strong>Adre-</strong></span> <span class='ocrx_word' id='word_1_432' title='bbox 1030 2925 1133 2976; x_wconf 84' lang='lat' dir='ltr'><strong>lnntur.</strong></span> <span class='ocrx_word' id='word_1_433' title='bbox 1170 2923 1269 2975; x_wconf 86' lang='lat' dir='ltr'><strong>Serum</strong></span> <span class='ocrx_word' id='word_1_434' title='bbox 1292 2922 1511 2975; x_wconf 82' lang='lat' dir='ltr'><strong>ritulinnmoum</strong></span> <span class='ocrx_word' id='word_1_435' title='bbox 1532 2924 1591 2976; x_wconf 81' lang='lat' dir='ltr'><strong>sele</strong></span> <span class='ocrx_word' id='word_1_436' title='bbox 1603 2924 1709 2986; x_wconf 90' lang='lat' dir='ltr'><strong>tritum,</strong></span> <span class='ocrx_word' id='word_1_437' title='bbox 1728 2925 1829 2991; x_wconf 85' lang='lat' dir='ltr'><strong>capitia</strong></span> 
     </span>
     <span class='ocr_line' id='line_1_37' title="bbox 173 2991 1830 3060; baseline -0.002 -15"><span class='ocrx_word' id='word_1_438' title='bbox 173 2993 269 3059; x_wconf 84' lang='lat' dir='ltr'><strong>liquos</strong></span> <span class='ocrx_word' id='word_1_439' title='bbox 289 2992 443 3044; x_wconf 83' lang='lat' dir='ltr'><strong>bestiarum</strong></span> <span class='ocrx_word' id='word_1_440' title='bbox 459 3005 568 3043; x_wconf 87' lang='lat' dir='ltr'><strong>morsus</strong></span> <span class='ocrx_word' id='word_1_441' title='bbox 584 2992 727 3058; x_wconf 86' lang='lat' dir='ltr'><strong>cuprinum</strong></span> <span class='ocrx_word' id='word_1_442' title='bbox 751 3006 861 3043; x_wconf 83' lang='lat' dir='ltr'><strong>eoseum</strong></span> <span class='ocrx_word' id='word_1_443' title='bbox 873 2991 978 3043; x_wconf 87' lang='lat' dir='ltr'><strong>siecum</strong></span> <span class='ocrx_word' id='word_1_444' title='bbox 1031 2992 1190 3046; x_wconf 71' lang='lat' dir='ltr'><strong>hulceribus</strong></span> <span class='ocrx_word' id='word_1_445' title='bbox 1201 2991 1548 3045; x_wconf 58' lang='lat' dir='ltr'><strong>utilissimumchudatnr</strong></span> <span class='ocrx_word' id='word_1_446' title='bbox 1559 2998 1590 3046; x_wconf 88' lang='lat' dir='ltr'><strong>et</strong></span> <span class='ocrx_word' id='word_1_447' title='bbox 1600 2994 1722 3060; x_wconf 75' lang='lat' dir='ltr'><strong>vulpium</strong></span> <span class='ocrx_word' id='word_1_448' title='bbox 1734 2994 1830 3059; x_wconf 85' lang='lat' dir='ltr'><strong>adeps,</strong></span> 
     </span>
     <span class='ocr_line' id='line_1_38' title="bbox 173 3058 1830 3197; baseline -0.001 -13"><span class='ocrx_word' id='word_1_449' title='bbox 173 3058 986 3192; x_wconf 46' lang='lat' dir='ltr'><strong>:tremulumtitlr&#39;bzizrrlllrl</strong></span> <span class='ocrx_word' id='word_1_450' title='bbox 1030 3060 1830 3197; x_wconf 62' lang='lat' dir='ltr'><strong>ritliiiiltlzlblrlb:rlniril&#39;lbh&#39;rritl&#39;</strong></span> 
     </span>
     <span class='ocr_line' id='line_1_39' title="bbox 674 3155 1830 3190; baseline 0 -21"><span class='ocrx_word' id='word_1_451' title='bbox 674 3161 684 3190; x_wconf 79' lang='lat'><strong>,</strong></span> <span class='ocrx_word' id='word_1_452' title='bbox 1115 3166 1122 3181; x_wconf 81' lang='grc'>,</span> <span class='ocrx_word' id='word_1_453' title='bbox 1206 3172 1207 3177; x_wconf 16' lang='lat'>1</span> <span class='ocrx_word' id='word_1_454' title='bbox 1820 3155 1830 3169; x_wconf 95' lang='lat'><strong><em>.</em></strong></span> 
     </span>
     <span class='ocr_line' id='line_1_40' title="bbox 173 3198 1830 3266; baseline -0.002 -13"><span class='ocrx_word' id='word_1_455' title='bbox 173 3215 232 3253; x_wconf 77' lang='lat' dir='ltr'><strong>nou</strong></span> <span class='ocrx_word' id='word_1_456' title='bbox 243 3205 309 3252; x_wconf 78' lang='lat' dir='ltr'><strong>aare</strong></span> <span class='ocrx_word' id='word_1_457' title='bbox 339 3199 446 3250; x_wconf 80' lang='lat' dir='ltr'><strong>uictum</strong></span> <span class='ocrx_word' id='word_1_458' title='bbox 458 3198 530 3249; x_wconf 83' lang='lat' dir='ltr'><strong>diem</strong></span> <span class='ocrx_word' id='word_1_459' title='bbox 542 3199 661 3249; x_wconf 80' lang='lat' dir='ltr'><strong>solvant.</strong></span> <span class='ocrx_word' id='word_1_460' title='bbox 1032 3199 1200 3263; x_wconf 66' lang='lat' dir='ltr'><strong>nichodemo</strong></span> <span class='ocrx_word' id='word_1_461' title='bbox 1210 3203 1283 3251; x_wconf 73' lang='lat' dir='ltr'><strong>nimo</strong></span> <span class='ocrx_word' id='word_1_462' title='bbox 1293 3206 1322 3252; x_wconf 89' lang='lat' dir='ltr'><strong>et</strong></span> <span class='ocrx_word' id='word_1_463' title='bbox 1330 3200 1472 3251; x_wconf 80' lang='lat' dir='ltr'><strong>tannariois</strong></span> <span class='ocrx_word' id='word_1_464' title='bbox 1482 3200 1630 3261; x_wconf 64' lang='lat' dir='ltr'><strong>semineci</strong></span> <span class='ocrx_word' id='word_1_465' title='bbox 1639 3198 1744 3266; x_wconf 86' lang='lat' dir='ltr'><strong>butyro</strong></span> <span class='ocrx_word' id='word_1_466' title='bbox 1755 3198 1830 3251; x_wconf 84' lang='lat' dir='ltr'><strong>oleo·</strong></span> 
     </span>
     <span class='ocr_line' id='line_1_41' title="bbox 210 3265 1829 3339; baseline 0 -20"><span class='ocrx_word' id='word_1_467' title='bbox 210 3267 313 3331; x_wconf 62' lang='lat' dir='ltr'><strong>lelV.</strong></span> <span class='ocrx_word' id='word_1_468' title='bbox 357 3266 482 3319; x_wconf 86' lang='lat' dir='ltr'><strong>eaelieiis</strong></span> <span class='ocrx_word' id='word_1_469' title='bbox 494 3275 614 3318; x_wconf 87' lang='lat' dir='ltr'><strong>rostrum</strong></span> <span class='ocrx_word' id='word_1_470' title='bbox 627 3265 684 3332; x_wconf 91' lang='lat' dir='ltr'><strong>lupi</strong></span> <span class='ocrx_word' id='word_1_471' title='bbox 701 3265 978 3319; x_wconf 81' lang='lat' dir='ltr'><strong>resistereinretera-</strong></span> <span class='ocrx_word' id='word_1_472' title='bbox 1030 3285 1093 3339; x_wconf 88' lang='lat' dir='ltr'><strong>que,</strong></span> <span class='ocrx_word' id='word_1_473' title='bbox 1115 3271 1192 3337; x_wconf 90' lang='lat' dir='ltr'><strong>prius</strong></span> <span class='ocrx_word' id='word_1_474' title='bbox 1203 3269 1381 3336; x_wconf 83' lang='lat' dir='ltr'><strong>capiternso,</strong></span> <span class='ocrx_word' id='word_1_475' title='bbox 1399 3267 1472 3320; x_wconf 86' lang='lat' dir='ltr'><strong>mire</strong></span> <span class='ocrx_word' id='word_1_476' title='bbox 1486 3266 1630 3319; x_wconf 78' lang='lat' dir='ltr'><strong>continent</strong></span> <span class='ocrx_word' id='word_1_477' title='bbox 1647 3267 1829 3319; x_wconf 76' lang='lat' dir='ltr'><strong>itallmntern</strong></span> 
     </span>
     <span class='ocr_line' id='line_1_42' title="bbox 173 3335 1830 3406; baseline -0.002 -17"><span class='ocrx_word' id='word_1_478' title='bbox 173 3344 235 3389; x_wconf 83' lang='lat' dir='ltr'><strong>tum</strong></span> <span class='ocrx_word' id='word_1_479' title='bbox 248 3337 337 3399; x_wconf 83' lang='lat' dir='ltr'><strong>aiunt,</strong></span> <span class='ocrx_word' id='word_1_480' title='bbox 346 3338 381 3388; x_wconf 89' lang='lat' dir='ltr'><strong>oh</strong></span> <span class='ocrx_word' id='word_1_481' title='bbox 388 3336 476 3403; x_wconf 76' lang='lat' dir='ltr'><strong>idque</strong></span> <span class='ocrx_word' id='word_1_482' title='bbox 486 3335 614 3387; x_wconf 82' lang='lat' dir='ltr'><strong>villarum</strong></span> <span class='ocrx_word' id='word_1_483' title='bbox 627 3335 717 3400; x_wconf 83' lang='lat' dir='ltr'><strong>portis</strong></span> <span class='ocrx_word' id='word_1_484' title='bbox 726 3336 892 3402; x_wconf 79' lang='lat' dir='ltr'><strong>praefigunt.</strong></span> <span class='ocrx_word' id='word_1_485' title='bbox 916 3336 979 3388; x_wconf 88' lang='lat' dir='ltr'><strong>lloc</strong></span> <span class='ocrx_word' id='word_1_486' title='bbox 1030 3339 1172 3406; x_wconf 87' lang='lat' dir='ltr'><strong>eupillura.</strong></span> <span class='ocrx_word' id='word_1_487' title='bbox 1193 3337 1285 3390; x_wconf 84' lang='lat' dir='ltr'><strong>Sicuti</strong></span> <span class='ocrx_word' id='word_1_488' title='bbox 1296 3337 1386 3389; x_wconf 75' lang='lat' dir='ltr'><strong>emis</strong></span> <span class='ocrx_word' id='word_1_489' title='bbox 1398 3337 1491 3388; x_wconf 89' lang='lat' dir='ltr'><strong>cinere</strong></span> <span class='ocrx_word' id='word_1_490' title='bbox 1501 3350 1536 3387; x_wconf 81' lang='lat' dir='ltr'><strong>ex</strong></span> <span class='ocrx_word' id='word_1_491' title='bbox 1546 3336 1609 3386; x_wconf 87' lang='lat' dir='ltr'><strong>oleo</strong></span> <span class='ocrx_word' id='word_1_492' title='bbox 1622 3335 1696 3385; x_wconf 89' lang='lat' dir='ltr'><strong>illito</strong></span> <span class='ocrx_word' id='word_1_493' title='bbox 1707 3338 1830 3402; x_wconf 88' lang='lat' dir='ltr'><strong>superci-</strong></span> 
     </span>
     <span class='ocr_line' id='line_1_43' title="bbox 172 3402 1828 3475; baseline -0.002 -18"><span class='ocrx_word' id='word_1_494' title='bbox 172 3407 251 3458; x_wconf 89' lang='lat' dir='ltr'><strong>idem</strong></span> <span class='ocrx_word' id='word_1_495' title='bbox 261 3411 405 3471; x_wconf 77' lang='lat' dir='ltr'><strong>praestare</strong></span> <span class='ocrx_word' id='word_1_496' title='bbox 415 3412 443 3457; x_wconf 84' lang='lat' dir='ltr'><strong>et</strong></span> <span class='ocrx_word' id='word_1_497' title='bbox 455 3404 536 3471; x_wconf 87' lang='lat' dir='ltr'><strong>pollis</strong></span> <span class='ocrx_word' id='word_1_498' title='bbox 547 3420 562 3456; x_wconf 93' lang='lat' dir='ltr'><strong>e</strong></span> <span class='ocrx_word' id='word_1_499' title='bbox 573 3405 680 3456; x_wconf 75' lang='lat' dir='ltr'><strong>oerrice</strong></span> <span class='ocrx_word' id='word_1_500' title='bbox 687 3403 977 3457; x_wconf 80' lang='lat' dir='ltr'><strong>sulidceristimatur:</strong></span> <span class='ocrx_word' id='word_1_501' title='bbox 1030 3407 1070 3460; x_wconf 86' lang='lat' dir='ltr'><strong>lio</strong></span> <span class='ocrx_word' id='word_1_502' title='bbox 1080 3409 1249 3475; x_wconf 77' lang='lat' dir='ltr'><strong>nigrescunt.</strong></span> <span class='ocrx_word' id='word_1_503' title='bbox 1286 3406 1377 3457; x_wconf 79' lang='lat' dir='ltr'><strong>baete</strong></span> <span class='ocrx_word' id='word_1_504' title='bbox 1386 3403 1498 3468; x_wconf 84' lang='lat' dir='ltr'><strong>caprino</strong></span> <span class='ocrx_word' id='word_1_505' title='bbox 1520 3402 1616 3455; x_wconf 86' lang='lat' dir='ltr'><strong>lendes</strong></span> <span class='ocrx_word' id='word_1_506' title='bbox 1626 3403 1690 3455; x_wconf 90' lang='lat' dir='ltr'><strong>tolli</strong></span> <span class='ocrx_word' id='word_1_507' title='bbox 1701 3406 1828 3455; x_wconf 86' lang='lat' dir='ltr'><strong>tradunt:</strong></span> 
     </span>
     <span class='ocr_line' id='line_1_44' title="bbox 172 3471 1829 3542; baseline -0.001 -17"><span class='ocrx_word' id='word_1_508' title='bbox 172 3477 279 3542; x_wconf 81' lang='lat' dir='ltr'><strong>quippe</strong></span> <span class='ocrx_word' id='word_1_509' title='bbox 289 3475 420 3526; x_wconf 80' lang='lat' dir='ltr'><strong>tentaris</strong></span> <span class='ocrx_word' id='word_1_510' title='bbox 432 3472 622 3533; x_wconf 75' lang='lat' dir='ltr'><strong>cmaoimulis,</strong></span> <span class='ocrx_word' id='word_1_511' title='bbox 641 3479 798 3538; x_wconf 82' lang='lat' dir='ltr'><strong>praeterea</strong></span> <span class='ocrx_word' id='word_1_512' title='bbox 818 3488 890 3539; x_wconf 89' lang='lat' dir='ltr'><strong>quac</strong></span> <span class='ocrx_word' id='word_1_513' title='bbox 902 3481 976 3524; x_wconf 82' lang='lat' dir='ltr'><strong>retu·</strong></span> <span class='ocrx_word' id='word_1_514' title='bbox 1030 3479 1096 3527; x_wconf 82' lang='lat' dir='ltr'><strong>rimu</strong></span> <span class='ocrx_word' id='word_1_515' title='bbox 1109 3492 1169 3527; x_wconf 87' lang='lat' dir='ltr'><strong>cum</strong></span> <span class='ocrx_word' id='word_1_516' title='bbox 1181 3475 1264 3527; x_wconf 90' lang='lat' dir='ltr'><strong>molle</strong></span> <span class='ocrx_word' id='word_1_517' title='bbox 1283 3474 1425 3537; x_wconf 72' lang='lat' dir='ltr'><strong>alopecias</strong></span> <span class='ocrx_word' id='word_1_518' title='bbox 1443 3471 1563 3537; x_wconf 80' lang='lat' dir='ltr'><strong>expleri:</strong></span> <span class='ocrx_word' id='word_1_519' title='bbox 1584 3473 1651 3523; x_wconf 85' lang='lat' dir='ltr'><strong>item</strong></span> <span class='ocrx_word' id='word_1_520' title='bbox 1664 3473 1829 3540; x_wconf 82' lang='lat' dir='ltr'><strong>ungulorum</strong></span> 
     </span>
     <span class='ocr_line' id='line_1_45' title="bbox 171 3539 1827 3610; baseline -0.002 -14"><span class='ocrx_word' id='word_1_521' title='bbox 171 3543 271 3598; x_wconf 78' lang='lat' dir='ltr'><strong>limus,</strong></span> <span class='ocrx_word' id='word_1_522' title='bbox 289 3551 322 3595; x_wconf 84' lang='lat' dir='ltr'><strong>ut</strong></span> <span class='ocrx_word' id='word_1_523' title='bbox 334 3543 454 3610; x_wconf 74' lang='lat' dir='ltr'><strong>vestigia</strong></span> <span class='ocrx_word' id='word_1_524' title='bbox 472 3542 532 3595; x_wconf 89' lang='lat' dir='ltr'><strong>eius</strong></span> <span class='ocrx_word' id='word_1_525' title='bbox 547 3541 656 3595; x_wconf 80' lang='lat' dir='ltr'><strong>calcate</strong></span> <span class='ocrx_word' id='word_1_526' title='bbox 665 3539 874 3607; x_wconf 85' lang='lat' dir='ltr'><strong>equisaiferaot</strong></span> <span class='ocrx_word' id='word_1_527' title='bbox 883 3548 988 3606; x_wconf 54' lang='lat' dir='ltr'><strong>torpes</strong></span> <span class='ocrx_word' id='word_1_528' title='bbox 1030 3546 1123 3595; x_wconf 86' lang='lat' dir='ltr'><strong>cinere</strong></span> <span class='ocrx_word' id='word_1_529' title='bbox 1137 3555 1197 3592; x_wconf 88' lang='lat' dir='ltr'><strong>curn</strong></span> <span class='ocrx_word' id='word_1_530' title='bbox 1208 3545 1277 3607; x_wconf 83' lang='lat' dir='ltr'><strong>pice,</strong></span> <span class='ocrx_word' id='word_1_531' title='bbox 1287 3542 1418 3592; x_wconf 80' lang='lat' dir='ltr'><strong>liuentem</strong></span> <span class='ocrx_word' id='word_1_532' title='bbox 1431 3539 1562 3605; x_wconf 83' lang='lat' dir='ltr'><strong>capillum</strong></span> <span class='ocrx_word' id='word_1_533' title='bbox 1575 3542 1721 3593; x_wconf 86' lang='lat' dir='ltr'><strong>contineri.</strong></span> <span class='ocrx_word' id='word_1_534' title='bbox 1737 3541 1827 3607; x_wconf 84' lang='lat' dir='ltr'><strong>Lepo-</strong></span> 
     </span>
     <span class='ocr_line' id='line_1_46' title="bbox 171 3608 1828 3676; baseline -0.004 -10"><span class='ocrx_word' id='word_1_535' title='bbox 171 3626 244 3666; x_wconf 76' lang='lat' dir='ltr'><strong>rem.</strong></span> <span class='ocrx_word' id='word_1_536' title='bbox 1031 3611 1109 3662; x_wconf 85' lang='lat' dir='ltr'><strong>rinus</strong></span> <span class='ocrx_word' id='word_1_537' title='bbox 1121 3609 1191 3662; x_wconf 84' lang='lat' dir='ltr'><strong>cinis</strong></span> <span class='ocrx_word' id='word_1_538' title='bbox 1202 3624 1264 3660; x_wconf 87' lang='lat' dir='ltr'><strong>cum</strong></span> <span class='ocrx_word' id='word_1_539' title='bbox 1277 3609 1341 3661; x_wconf 91' lang='lat' dir='ltr'><strong>olco</strong></span> <span class='ocrx_word' id='word_1_540' title='bbox 1353 3615 1463 3676; x_wconf 87' lang='lat' dir='ltr'><strong>myrteo</strong></span> <span class='ocrx_word' id='word_1_541' title='bbox 1474 3610 1575 3675; x_wconf 85' lang='lat' dir='ltr'><strong>capitis</strong></span> <span class='ocrx_word' id='word_1_542' title='bbox 1595 3608 1721 3661; x_wconf 89' lang='lat' dir='ltr'><strong>dolorem</strong></span> <span class='ocrx_word' id='word_1_543' title='bbox 1732 3609 1828 3661; x_wconf 88' lang='lat' dir='ltr'><strong>sedat:</strong></span> 
     </span>
     <span class='ocr_line' id='line_1_47' title="bbox 207 3677 1830 3747; baseline -0.004 -14"><span class='ocrx_word' id='word_1_544' title='bbox 207 3678 297 3733; x_wconf 80' lang='lat' dir='ltr'><strong>XLV.</strong></span> <span class='ocrx_word' id='word_1_545' title='bbox 316 3681 354 3733; x_wconf 90' lang='lat' dir='ltr'><strong>lis</strong></span> <span class='ocrx_word' id='word_1_546' title='bbox 365 3679 412 3747; x_wconf 91' lang='lat' dir='ltr'><strong>qui</strong></span> <span class='ocrx_word' id='word_1_547' title='bbox 422 3684 567 3746; x_wconf 74' lang='lat' dir='ltr'><strong>argentam</strong></span> <span class='ocrx_word' id='word_1_548' title='bbox 577 3678 668 3743; x_wconf 73' lang='lat' dir='ltr'><strong>rivum</strong></span> <span class='ocrx_word' id='word_1_549' title='bbox 680 3677 923 3737; x_wconf 80' lang='lat' dir='ltr'><strong>biberint,lnrdum</strong></span> <span class='ocrx_word' id='word_1_550' title='bbox 934 3691 975 3726; x_wconf 87' lang='lat' dir='ltr'><strong>re·</strong></span> <span class='ocrx_word' id='word_1_551' title='bbox 1027 3681 1098 3732; x_wconf 83' lang='lat' dir='ltr'><strong>item</strong></span> <span class='ocrx_word' id='word_1_552' title='bbox 1109 3694 1180 3747; x_wconf 84' lang='lat' dir='ltr'><strong>aqua</strong></span> <span class='ocrx_word' id='word_1_553' title='bbox 1191 3686 1268 3744; x_wconf 86' lang='lat' dir='ltr'><strong>poto,</strong></span> <span class='ocrx_word' id='word_1_554' title='bbox 1290 3692 1360 3744; x_wconf 88' lang='lat' dir='ltr'><strong>qnae</strong></span> <span class='ocrx_word' id='word_1_555' title='bbox 1380 3693 1396 3729; x_wconf 89' lang='lat' dir='ltr'><strong>e</strong></span> <span class='ocrx_word' id='word_1_556' title='bbox 1417 3679 1497 3729; x_wconf 84' lang='lat' dir='ltr'><strong>horis</strong></span> <span class='ocrx_word' id='word_1_557' title='bbox 1507 3685 1557 3728; x_wconf 88' lang='lat' dir='ltr'><strong>aut</strong></span> <span class='ocrx_word' id='word_1_558' title='bbox 1570 3677 1640 3728; x_wconf 85' lang='lat' dir='ltr'><strong>asini</strong></span> <span class='ocrx_word' id='word_1_559' title='bbox 1653 3684 1719 3744; x_wconf 93' lang='lat' dir='ltr'><strong>potu</strong></span> <span class='ocrx_word' id='word_1_560' title='bbox 1730 3677 1830 3729; x_wconf 86' lang='lat' dir='ltr'><strong>relicta</strong></span> 
     </span>
     <span class='ocr_line' id='line_1_48' title="bbox 172 3745 1829 3813; baseline -0.002 -9"><span class='ocrx_word' id='word_1_561' title='bbox 172 3749 272 3804; x_wconf 78' lang='lat' dir='ltr'><strong>nscio</strong></span> <span class='ocrx_word' id='word_1_562' title='bbox 284 3758 336 3801; x_wconf 86' lang='lat' dir='ltr'><strong>est.</strong></span> <span class='ocrx_word' id='word_1_563' title='bbox 355 3749 471 3801; x_wconf 73' lang='lat' dir='ltr'><strong>Aricino</strong></span> <span class='ocrx_word' id='word_1_564' title='bbox 481 3749 553 3800; x_wconf 82' lang='lat' dir='ltr'><strong>lacte</strong></span> <span class='ocrx_word' id='word_1_565' title='bbox 564 3754 631 3813; x_wconf 86' lang='lat' dir='ltr'><strong>puto</strong></span> <span class='ocrx_word' id='word_1_566' title='bbox 643 3761 750 3799; x_wconf 83' lang='lat' dir='ltr'><strong>venene</strong></span> <span class='ocrx_word' id='word_1_567' title='bbox 758 3745 978 3812; x_wconf 69' lang='lat' dir='ltr'><strong>restinguuntur,</strong></span> <span class='ocrx_word' id='word_1_568' title='bbox 1027 3755 1088 3801; x_wconf 79' lang='lat' dir='ltr'><strong>est:</strong></span> <span class='ocrx_word' id='word_1_569' title='bbox 1099 3754 1136 3810; x_wconf 75' lang='lat' dir='ltr'><strong>et,</strong></span> <span class='ocrx_word' id='word_1_570' title='bbox 1147 3748 1173 3797; x_wconf 91' lang='lat' dir='ltr'><strong>si</strong></span> <span class='ocrx_word' id='word_1_571' title='bbox 1183 3746 1425 3812; x_wconf 83' lang='lat' dir='ltr'><strong>eredimus‚nulpis</strong></span> <span class='ocrx_word' id='word_1_572' title='bbox 1436 3746 1575 3798; x_wconf 83' lang='lat' dir='ltr'><strong>masculae</strong></span> <span class='ocrx_word' id='word_1_573' title='bbox 1585 3747 1829 3813; x_wconf 74' lang='lat' dir='ltr'><strong>genituiecircnnr·</strong></span> 
     </span>
     <span class='ocr_line' id='line_1_49' title="bbox 171 3814 1830 3888; baseline -0.001 -17"><span class='ocrx_word' id='word_1_574' title='bbox 171 3818 355 3888; x_wconf 84' lang='lat' dir='ltr'><strong>peculiariter</strong></span> <span class='ocrx_word' id='word_1_575' title='bbox 364 3821 388 3869; x_wconf 88' lang='lat' dir='ltr'><strong>si</strong></span> <span class='ocrx_word' id='word_1_576' title='bbox 399 3817 603 3885; x_wconf 80' lang='lat' dir='ltr'><strong>hyoscyamum</strong></span> <span class='ocrx_word' id='word_1_577' title='bbox 620 3824 714 3881; x_wconf 89' lang='lat' dir='ltr'><strong>potum</strong></span> <span class='ocrx_word' id='word_1_578' title='bbox 727 3815 780 3876; x_wconf 86' lang='lat' dir='ltr'><strong>sit,</strong></span> <span class='ocrx_word' id='word_1_579' title='bbox 801 3819 849 3865; x_wconf 85' lang='lat' dir='ltr'><strong>cut</strong></span> <span class='ocrx_word' id='word_1_580' title='bbox 864 3814 976 3875; x_wconf 74' lang='lat' dir='ltr'><strong>viscum,</strong></span> <span class='ocrx_word' id='word_1_581' title='bbox 1027 3819 1270 3884; x_wconf 79' lang='lat' dir='ltr'><strong>ligatumreornus</strong></span> <span class='ocrx_word' id='word_1_582' title='bbox 1281 3816 1385 3867; x_wconf 78' lang='lat' dir='ltr'><strong>cervini</strong></span> <span class='ocrx_word' id='word_1_583' title='bbox 1396 3815 1466 3866; x_wconf 86' lang='lat' dir='ltr'><strong>cinis</strong></span> <span class='ocrx_word' id='word_1_584' title='bbox 1476 3815 1565 3868; x_wconf 86' lang='lat' dir='ltr'><strong>illitus</strong></span> <span class='ocrx_word' id='word_1_585' title='bbox 1576 3830 1610 3869; x_wconf 80' lang='lat' dir='ltr'><strong>ex</strong></span> <span class='ocrx_word' id='word_1_586' title='bbox 1622 3824 1774 3879; x_wconf 86' lang='lat' dir='ltr'><strong>aceto,out</strong></span> <span class='ocrx_word' id='word_1_587' title='bbox 1787 3832 1830 3869; x_wconf 90' lang='lat' dir='ltr'><strong>rc·</strong></span> 
     </span>
     <span class='ocr_line' id='line_1_50' title="bbox 172 3881 1318 3957; baseline -0.004 -18"><span class='ocrx_word' id='word_1_588' title='bbox 172 3896 225 3939; x_wconf 76' lang='lat' dir='ltr'><strong>aut</strong></span> <span class='ocrx_word' id='word_1_589' title='bbox 247 3889 345 3957; x_wconf 49' lang='grc' dir='ltr'><strong>ἕως,</strong></span> <span class='ocrx_word' id='word_1_590' title='bbox 366 3894 415 3939; x_wconf 84' lang='lat' dir='ltr'><strong>cut</strong></span> <span class='ocrx_word' id='word_1_591' title='bbox 428 3886 509 3954; x_wconf 88' lang='lat' dir='ltr'><strong>lepua</strong></span> <span class='ocrx_word' id='word_1_592' title='bbox 524 3885 657 3947; x_wconf 84' lang='lat' dir='ltr'><strong>morinus,</strong></span> <span class='ocrx_word' id='word_1_593' title='bbox 677 3890 727 3937; x_wconf 88' lang='lat' dir='ltr'><strong>uut</strong></span> <span class='ocrx_word' id='word_1_594' title='bbox 745 3881 976 3951; x_wconf 82' lang='lat' dir='ltr'><strong>opocarpathum,</strong></span> <span class='ocrx_word' id='word_1_595' title='bbox 1029 3891 1225 3947; x_wconf 66' lang='lat' dir='ltr'><strong>secemautes</strong></span> <span class='ocrx_word' id='word_1_596' title='bbox 1236 3885 1318 3937; x_wconf 88' lang='lat' dir='ltr'><strong>irino.</strong></span> 
     </span>
     <span class='ocr_line' id='line_1_51' title="bbox 171 3950 1829 4023; baseline -0.002 -14"><span class='ocrx_word' id='word_1_597' title='bbox 171 3962 225 4009; x_wconf 82' lang='lat' dir='ltr'><strong>aot</strong></span> <span class='ocrx_word' id='word_1_598' title='bbox 241 3953 384 4022; x_wconf 83' lang='lat' dir='ltr'><strong>pharieon,</strong></span> <span class='ocrx_word' id='word_1_599' title='bbox 405 3963 455 4007; x_wconf 87' lang='lat' dir='ltr'><strong>ant</strong></span> <span class='ocrx_word' id='word_1_600' title='bbox 465 3955 639 4023; x_wconf 64' lang='lat' dir='ltr'><strong>dorycnium,</strong></span> <span class='ocrx_word' id='word_1_601' title='bbox 657 3959 687 4005; x_wconf 87' lang='lat' dir='ltr'><strong>et</strong></span> <span class='ocrx_word' id='word_1_602' title='bbox 697 3953 722 4003; x_wconf 86' lang='lat' dir='ltr'><strong>si</strong></span> <span class='ocrx_word' id='word_1_603' title='bbox 732 3950 879 4017; x_wconf 80' lang='lat' dir='ltr'><strong>coagulum</strong></span> <span class='ocrx_word' id='word_1_604' title='bbox 891 3951 976 4002; x_wconf 88' lang='lat' dir='ltr'><strong>nlioui</strong></span> <span class='ocrx_word' id='word_1_605' title='bbox 1063 3953 1175 4007; x_wconf 79' lang='lat' dir='ltr'><strong>xbvll.</strong></span> <span class='ocrx_word' id='word_1_606' title='bbox 1187 3954 1336 4005; x_wconf 80' lang='lat' dir='ltr'><strong>Oculorum</strong></span> <span class='ocrx_word' id='word_1_607' title='bbox 1348 3953 1495 4023; x_wconf 76' lang='lat' dir='ltr'><strong>epiphoras</strong></span> <span class='ocrx_word' id='word_1_608' title='bbox 1506 3955 1609 4008; x_wconf 86' lang='lat' dir='ltr'><strong>bubulo</strong></span> <span class='ocrx_word' id='word_1_609' title='bbox 1620 3969 1686 4007; x_wconf 84' lang='lat' dir='ltr'><strong>sevo</strong></span> <span class='ocrx_word' id='word_1_610' title='bbox 1697 3968 1757 4005; x_wconf 89' lang='lat' dir='ltr'><strong>cnm</strong></span> <span class='ocrx_word' id='word_1_611' title='bbox 1765 3952 1829 4005; x_wconf 86' lang='lat' dir='ltr'><strong>olco</strong></span> 
     </span>
     <span class='ocr_line' id='line_1_52' title="bbox 171 4020 1830 4089; baseline -0.003 -12"><span class='ocrx_word' id='word_1_612' title='bbox 171 4025 315 4078; x_wconf 67' lang='lat' dir='ltr'><strong>comede:</strong></span> <span class='ocrx_word' id='word_1_613' title='bbox 338 4023 447 4075; x_wconf 83' lang='lat' dir='ltr'><strong>numid</strong></span> <span class='ocrx_word' id='word_1_614' title='bbox 463 4020 574 4089; x_wconf 72' lang='lat' dir='ltr'><strong>q&#39;uuque</strong></span> <span class='ocrx_word' id='word_1_615' title='bbox 589 4020 977 4086; x_wconf 72' lang='lat' dir='ltr'><strong>venenumeslprimulucliu</strong></span> <span class='ocrx_word' id='word_1_616' title='bbox 1027 4031 1109 4077; x_wconf 88' lang='lat' dir='ltr'><strong>cocto</strong></span> <span class='ocrx_word' id='word_1_617' title='bbox 1119 4024 1242 4075; x_wconf 88' lang='lat' dir='ltr'><strong>illinunt.</strong></span> <span class='ocrx_word' id='word_1_618' title='bbox 1272 4024 1385 4077; x_wconf 79' lang='lat' dir='ltr'><strong>cervini</strong></span> <span class='ocrx_word' id='word_1_619' title='bbox 1408 4039 1509 4076; x_wconf 87' lang='lat' dir='ltr'><strong>cornua</strong></span> <span class='ocrx_word' id='word_1_620' title='bbox 1528 4023 1773 4076; x_wconf 84' lang='lat' dir='ltr'><strong>cineresoabritiaa</strong></span> <span class='ocrx_word' id='word_1_621' title='bbox 1784 4034 1830 4072; x_wconf 83' lang='lat' dir='ltr'><strong>ec·</strong></span> 
     </span>
     <span class='ocr_line' id='line_1_53' title="bbox 172 4087 1829 4161; baseline -0.002 -18"><span class='ocrx_word' id='word_1_622' title='bbox 172 4092 383 4161; x_wconf 73' lang='lat' dir='ltr'><strong>oaagaolatiuae.</strong></span> <span class='ocrx_word' id='word_1_623' title='bbox 419 4092 528 4143; x_wconf 74' lang='lat' dir='ltr'><strong>linitos</strong></span> <span class='ocrx_word' id='word_1_624' title='bbox 548 4092 610 4142; x_wconf 65' lang='lat' dir='ltr'><strong>mus</strong></span> <span class='ocrx_word' id='word_1_625' title='bbox 628 4097 658 4140; x_wconf 83' lang='lat' dir='ltr'><strong>et</strong></span> <span class='ocrx_word' id='word_1_626' title='bbox 680 4088 751 4140; x_wconf 80' lang='lat' dir='ltr'><strong>ullos</strong></span> <span class='ocrx_word' id='word_1_627' title='bbox 766 4088 976 4140; x_wconf 85' lang='lat' dir='ltr'><strong>nsasdicumua.</strong></span> <span class='ocrx_word' id='word_1_628' title='bbox 1027 4093 1142 4144; x_wconf 68' lang='lat' dir='ltr'><strong>cundem</strong></span> <span class='ocrx_word' id='word_1_629' title='bbox 1153 4095 1302 4158; x_wconf 69' lang='lat' dir='ltr'><strong>inungente</strong></span> <span class='ocrx_word' id='word_1_630' title='bbox 1315 4107 1461 4144; x_wconf 78' lang='lat' dir='ltr'><strong>mncroaea</strong></span> <span class='ocrx_word' id='word_1_631' title='bbox 1471 4099 1563 4144; x_wconf 80' lang='lat' dir='ltr'><strong>antam</strong></span> <span class='ocrx_word' id='word_1_632' title='bbox 1573 4087 1829 4157; x_wconf 84' lang='lat' dir='ltr'><strong>ipsosefflcncioree</strong></span> 
     </span>
     <span class='ocr_line' id='line_1_54' title="bbox 172 4157 1829 4227; baseline -0.005 -13"><span class='ocrx_word' id='word_1_633' title='bbox 172 4162 231 4215; x_wconf 72' lang='lat' dir='ltr'><strong>Sed</strong></span> <span class='ocrx_word' id='word_1_634' title='bbox 251 4158 416 4212; x_wconf 75' lang='lat' dir='ltr'><strong>memirrime</strong></span> <span class='ocrx_word' id='word_1_635' title='bbox 428 4159 571 4225; x_wconf 84' lang='lat' dir='ltr'><strong>oportebit</strong></span> <span class='ocrx_word' id='word_1_636' title='bbox 586 4157 690 4208; x_wconf 85' lang='lat' dir='ltr'><strong>recenti</strong></span> <span class='ocrx_word' id='word_1_637' title='bbox 702 4157 844 4216; x_wconf 80' lang='lat' dir='ltr'><strong>utendum,</strong></span> <span class='ocrx_word' id='word_1_638' title='bbox 863 4164 912 4208; x_wconf 84' lang='lat' dir='ltr'><strong>out</strong></span> <span class='ocrx_word' id='word_1_639' title='bbox 922 4171 979 4207; x_wconf 70' lang='lat' dir='ltr'><strong>nun</strong></span> <span class='ocrx_word' id='word_1_640' title='bbox 1027 4166 1135 4227; x_wconf 74' lang='lat' dir='ltr'><strong>potant,</strong></span> <span class='ocrx_word' id='word_1_641' title='bbox 1178 4160 1251 4225; x_wconf 80' lang='lat' dir='ltr'><strong>ani</strong></span> <span class='ocrx_word' id='word_1_642' title='bbox 1270 4161 1454 4212; x_wconf 78' lang='lat' dir='ltr'><strong>excrementis</strong></span> <span class='ocrx_word' id='word_1_643' title='bbox 1480 4157 1638 4211; x_wconf 88' lang='lat' dir='ltr'><strong>circumlini</strong></span> <span class='ocrx_word' id='word_1_644' title='bbox 1659 4157 1829 4209; x_wconf 78' lang='lat' dir='ltr'><strong>suffusiones</strong></span> 
     </span>
     <span class='ocr_line' id='line_1_55' title="bbox 171 4223 1827 4295; baseline -0.004 -14"><span class='ocrx_word' id='word_1_645' title='bbox 171 4226 539 4293; x_wconf 81' lang='lat' dir='ltr'><strong>multoposteatepelcctu.</strong></span> <span class='ocrx_word' id='word_1_646' title='bbox 575 4223 976 4277; x_wconf 82' lang='lat' dir='ltr'><strong>Nullnmecimcelerluaera-</strong></span> <span class='ocrx_word' id='word_1_647' title='bbox 1028 4227 1154 4295; x_wconf 71' lang='lat' dir='ltr'><strong>prudent.</strong></span> <span class='ocrx_word' id='word_1_648' title='bbox 1182 4230 1281 4279; x_wconf 79' lang='lat' dir='ltr'><strong>cinere</strong></span> <span class='ocrx_word' id='word_1_649' title='bbox 1292 4242 1461 4279; x_wconf 84' lang='lat' dir='ltr'><strong>eorumeunr</strong></span> <span class='ocrx_word' id='word_1_650' title='bbox 1475 4228 1563 4278; x_wconf 69' lang='lat' dir='ltr'><strong>Attico</strong></span> <span class='ocrx_word' id='word_1_651' title='bbox 1576 4226 1659 4277; x_wconf 89' lang='lat' dir='ltr'><strong>melle</strong></span> <span class='ocrx_word' id='word_1_652' title='bbox 1670 4225 1767 4290; x_wconf 78' lang='lat' dir='ltr'><strong>inungi</strong></span> <span class='ocrx_word' id='word_1_653' title='bbox 1779 4226 1827 4274; x_wconf 89' lang='lat' dir='ltr'><strong>oh·</strong></span> 
     </span>
     <span class='ocr_line' id='line_1_56' title="bbox 171 4291 1829 4360; baseline -0.006 -7"><span class='ocrx_word' id='word_1_654' title='bbox 171 4298 276 4352; x_wconf 77' lang='lat' dir='ltr'><strong>nescit</strong></span> <span class='ocrx_word' id='word_1_655' title='bbox 295 4295 486 4360; x_wconf 74' lang='lat' dir='ltr'><strong>Ouaquoque</strong></span> <span class='ocrx_word' id='word_1_656' title='bbox 498 4291 976 4353; x_wconf 61' lang='lat' dir='ltr'><strong>asiniconlractaetdecocmon·</strong></span> <span class='ocrx_word' id='word_1_657' title='bbox 1029 4298 1192 4348; x_wconf 71' lang='lat' dir='ltr'><strong>susurrorem</strong></span> <span class='ocrx_word' id='word_1_658' title='bbox 1212 4298 1279 4347; x_wconf 86' lang='lat' dir='ltr'><strong>item</strong></span> <span class='ocrx_word' id='word_1_659' title='bbox 1301 4295 1369 4347; x_wconf 83' lang='lat' dir='ltr'><strong>ielle</strong></span> <span class='ocrx_word' id='word_1_660' title='bbox 1389 4296 1496 4347; x_wconf 71' lang='lat' dir='ltr'><strong>ursino.</strong></span> <span class='ocrx_word' id='word_1_661' title='bbox 1532 4293 1725 4360; x_wconf 70' lang='lat' dir='ltr'><strong>Epinyctiuss,</strong></span> <span class='ocrx_word' id='word_1_662' title='bbox 1746 4292 1829 4358; x_wconf 81' lang='lat' dir='ltr'><strong>adipe</strong></span> 
     </span>
     <span class='ocr_line' id='line_1_57' title="bbox 169 4357 1826 4431; baseline -0.005 -10"><span class='ocrx_word' id='word_1_663' title='bbox 169 4374 220 4421; x_wconf 81' lang='lat' dir='ltr'><strong>tre</strong></span> <span class='ocrx_word' id='word_1_664' title='bbox 229 4363 338 4430; x_wconf 83' lang='lat' dir='ltr'><strong>leporis</strong></span> <span class='ocrx_word' id='word_1_665' title='bbox 349 4364 452 4414; x_wconf 81' lang='lat' dir='ltr'><strong>marlai</strong></span> <span class='ocrx_word' id='word_1_666' title='bbox 469 4377 604 4415; x_wconf 83' lang='lat' dir='ltr'><strong>renonum</strong></span> <span class='ocrx_word' id='word_1_667' title='bbox 623 4361 732 4413; x_wconf 76' lang='lat' dir='ltr'><strong>(lactor.</strong></span> <span class='ocrx_word' id='word_1_668' title='bbox 767 4361 867 4412; x_wconf 84' lang='lat' dir='ltr'><strong>Omula</strong></span> <span class='ocrx_word' id='word_1_669' title='bbox 878 4357 975 4411; x_wconf 86' lang='lat' dir='ltr'><strong>eadem</strong></span> <span class='ocrx_word' id='word_1_670' title='bbox 1027 4377 1364 4431; x_wconf 77' lang='lat' dir='ltr'><strong>aprugnoeumrosncec.</strong></span> <span class='ocrx_word' id='word_1_671' title='bbox 1393 4361 1826 4429; x_wconf 72' lang='lat' dir='ltr'><strong>Ungulaeaslninoecinlslnun·</strong></span> 
     </span>
     <span class='ocr_line' id='line_1_58' title="bbox 170 4430 1828 4500; baseline -0.002 -14"><span class='ocrx_word' id='word_1_672' title='bbox 170 4433 297 4500; x_wconf 55' lang='lat' dir='ltr'><strong>ornam</strong></span> <span class='ocrx_word' id='word_1_673' title='bbox 312 4430 480 4484; x_wconf 66' lang='lat' dir='ltr'><strong>efficuciurc·</strong></span> <span class='ocrx_word' id='word_1_674' title='bbox 514 4431 559 4482; x_wconf 83' lang='lat' dir='ltr'><strong>De</strong></span> <span class='ocrx_word' id='word_1_675' title='bbox 579 4430 712 4496; x_wconf 71' lang='lat' dir='ltr'><strong>equiferic</strong></span> <span class='ocrx_word' id='word_1_676' title='bbox 727 4445 783 4481; x_wconf 82' lang='lat' dir='ltr'><strong>nou</strong></span> <span class='ocrx_word' id='word_1_677' title='bbox 805 4431 978 4494; x_wconf 66' lang='lat' dir='ltr'><strong>teriputrufll</strong></span> <span class='ocrx_word' id='word_1_678' title='bbox 1028 4442 1179 4486; x_wconf 85' lang='lat' dir='ltr'><strong>ctuaeruo</strong></span> <span class='ocrx_word' id='word_1_679' title='bbox 1199 4432 1283 4494; x_wconf 64' lang='lat' dir='ltr'><strong>lacte</strong></span> <span class='ocrx_word' id='word_1_680' title='bbox 1298 4432 1444 4484; x_wconf 84' lang='lat' dir='ltr'><strong>cicatrices</strong></span> <span class='ocrx_word' id='word_1_681' title='bbox 1463 4430 1616 4492; x_wconf 71' lang='lat' dir='ltr'><strong>(mulorum,</strong></span> <span class='ocrx_word' id='word_1_682' title='bbox 1638 4437 1667 4482; x_wconf 83' lang='lat' dir='ltr'><strong>et</strong></span> <span class='ocrx_word' id='word_1_683' title='bbox 1682 4430 1828 4497; x_wconf 71' lang='lat' dir='ltr'><strong>albugines</strong></span> 
     </span>
     <span class='ocr_line' id='line_1_59' title="bbox 171 4495 1828 4567; baseline -0.006 -8"><span class='ocrx_word' id='word_1_684' title='bbox 171 4499 430 4566; x_wconf 59' lang='lat' dir='ltr'><strong>&amp;omimium</strong></span> <span class='ocrx_word' id='word_1_685' title='bbox 441 4499 845 4567; x_wconf 69' lang='lat' dir='ltr'><strong>eamrllmnmgigsoboo.</strong></span> <span class='ocrx_word' id='word_1_686' title='bbox 861 4495 977 4549; x_wconf 77' lang='lat' dir='ltr'><strong>Verun-</strong></span> <span class='ocrx_word' id='word_1_687' title='bbox 1031 4502 1115 4555; x_wconf 77' lang='lat' dir='ltr'><strong>court.</strong></span> <span class='ocrx_word' id='word_1_688' title='bbox 1151 4501 1435 4553; x_wconf 70' lang='lat' dir='ltr'><strong>neonlmbobnraer</strong></span> <span class='ocrx_word' id='word_1_689' title='bbox 1451 4499 1828 4565; x_wconf 70' lang='lat' dir='ltr'><strong>ournocmreprrorerrrta</strong></span> 
     </span>
     <span class='ocr_line' id='line_1_60' title="bbox 171 4565 1828 4637; baseline -0.008 -5"><span class='ocrx_word' id='word_1_690' title='bbox 171 4579 272 4625; x_wconf 64' lang='grc' dir='ltr'><strong>ΝΜ</strong></span> <span class='ocrx_word' id='word_1_691' title='bbox 283 4567 406 4621; x_wconf 58' lang='grc' dir='ltr'><strong>ἶθῆίθΐῦ</strong></span> <span class='ocrx_word' id='word_1_692' title='bbox 415 4571 510 4622; x_wconf 61' lang='lat' dir='ltr'><strong>wie</strong></span> <span class='ocrx_word' id='word_1_693' title='bbox 521 4568 629 4632; x_wconf 58' lang='lat' dir='ltr'><strong>wlffino</strong></span> <span class='ocrx_word' id='word_1_694' title='bbox 651 4584 733 4636; x_wconf 58' lang='lat' dir='ltr'><strong>‘imm</strong></span> <span class='ocrx_word' id='word_1_695' title='bbox 744 4569 774 4617; x_wconf 62' lang='grc' dir='ltr'><strong>ἱ·</strong></span> <span class='ocrx_word' id='word_1_696' title='bbox 784 4568 861 4634; x_wconf 61' lang='lat' dir='ltr'>0¹1ssss</span> <span class='ocrx_word' id='word_1_697' title='bbox 871 4565 976 4617; x_wconf 59' lang='lat' dir='ltr'><strong>meist·</strong></span> <span class='ocrx_word' id='word_1_698' title='bbox 1028 4569 1306 4637; x_wconf 64' lang='lat' dir='ltr'><strong>consurgeremus</strong></span> <span class='ocrx_word' id='word_1_699' title='bbox 1318 4568 1348 4623; x_wconf 81' lang='lat' dir='ltr'><strong>ei</strong></span> <span class='ocrx_word' id='word_1_700' title='bbox 1356 4568 1551 4636; x_wconf 82' lang='lat' dir='ltr'><strong>palpebrarum</strong></span> <span class='ocrx_word' id='word_1_701' title='bbox 1563 4566 1642 4620; x_wconf 82' lang='lat' dir='ltr'><strong>vitiis</strong></span> <span class='ocrx_word' id='word_1_702' title='bbox 1652 4568 1828 4636; x_wconf 72' lang='lat' dir='ltr'><strong>angulorum·</strong></span> 
     </span>
     <span class='ocr_line' id='line_1_61' title="bbox 171 4634 1828 4709; baseline -0.004 -16"><span class='ocrx_word' id='word_1_703' title='bbox 171 4640 326 4709; x_wconf 70' lang='lat' dir='ltr'><strong>giacum</strong></span> <span class='ocrx_word' id='word_1_704' title='bbox 362 4638 677 4707; x_wconf 73' lang='lat' dir='ltr'><strong>bmeseqnimvenms</strong></span> <span class='ocrx_word' id='word_1_705' title='bbox 692 4637 796 4704; x_wconf 87' lang='lat' dir='ltr'><strong>leporis</strong></span> <span class='ocrx_word' id='word_1_706' title='bbox 808 4635 924 4698; x_wconf 86' lang='lat' dir='ltr'><strong>murini,</strong></span> <span class='ocrx_word' id='word_1_707' title='bbox 948 4640 979 4687; x_wconf 83' lang='lat' dir='ltr'><strong>et</strong></span> <span class='ocrx_word' id='word_1_708' title='bbox 1027 4640 1229 4709; x_wconf 73' lang='lat' dir='ltr'><strong>qneoocrrrrit:</strong></span> <span class='ocrx_word' id='word_1_709' title='bbox 1252 4638 1446 4705; x_wconf 81' lang='lat' dir='ltr'><strong>calliblephari</strong></span> <span class='ocrx_word' id='word_1_710' title='bbox 1465 4637 1549 4689; x_wconf 82' lang='lat' dir='ltr'><strong>modo</strong></span> <span class='ocrx_word' id='word_1_711' title='bbox 1569 4638 1658 4704; x_wconf 77' lang='lat' dir='ltr'><strong>fuligo</strong></span> <span class='ocrx_word' id='word_1_712' title='bbox 1673 4638 1701 4688; x_wconf 91' lang='lat' dir='ltr'><strong>in</strong></span> <span class='ocrx_word' id='word_1_713' title='bbox 1712 4634 1765 4689; x_wconf 87' lang='lat' dir='ltr'><strong>hoo</strong></span> <span class='ocrx_word' id='word_1_714' title='bbox 1775 4650 1828 4688; x_wconf 89' lang='lat' dir='ltr'><strong>usu</strong></span> 
     </span>
     <span class='ocr_line' id='line_1_62' title="bbox 171 4703 1827 4777; baseline -0.003 -14"><span class='ocrx_word' id='word_1_715' title='bbox 171 4711 272 4763; x_wconf 75' lang='lat' dir='ltr'><strong>rumice</strong></span> <span class='ocrx_word' id='word_1_716' title='bbox 291 4715 494 4777; x_wconf 72' lang='lat' dir='ltr'><strong>expugnantur.</strong></span> <span class='ocrx_word' id='word_1_717' title='bbox 531 4708 666 4759; x_wconf 87' lang='lat' dir='ltr'><strong>Necuros</strong></span> <span class='ocrx_word' id='word_1_718' title='bbox 678 4703 977 4759; x_wconf 85' lang='lat' dir='ltr'><strong>autbisonteahabue·</strong></span> <span class='ocrx_word' id='word_1_719' title='bbox 1027 4716 1216 4776; x_wconf 78' lang='lat' dir='ltr'><strong>toorperaturr</strong></span> <span class='ocrx_word' id='word_1_720' title='bbox 1237 4710 1341 4776; x_wconf 86' lang='lat' dir='ltr'><strong>optime</strong></span> <span class='ocrx_word' id='word_1_721' title='bbox 1360 4706 1502 4775; x_wconf 86' lang='lat' dir='ltr'><strong>ellychnio</strong></span> <span class='ocrx_word' id='word_1_722' title='bbox 1523 4721 1688 4774; x_wconf 83' lang='lat' dir='ltr'><strong>papyraceo,</strong></span> <span class='ocrx_word' id='word_1_723' title='bbox 1708 4707 1827 4772; x_wconf 84' lang='lat' dir='ltr'><strong>oleoque</strong></span> 
     </span>
     <span class='ocr_line' id='line_1_63' title="bbox 171 4773 1828 4846; baseline -0.004 -15"><span class='ocrx_word' id='word_1_724' title='bbox 171 4784 241 4831; x_wconf 74' lang='lat' dir='ltr'><strong>runi</strong></span> <span class='ocrx_word' id='word_1_725' title='bbox 251 4777 357 4831; x_wconf 72' lang='lat' dir='ltr'><strong>Graeci</strong></span> <span class='ocrx_word' id='word_1_726' title='bbox 378 4781 405 4829; x_wconf 88' lang='lat' dir='ltr'><strong>in</strong></span> <span class='ocrx_word' id='word_1_727' title='bbox 426 4777 636 4844; x_wconf 72' lang='lat' dir='ltr'><strong>experimentis,</strong></span> <span class='ocrx_word' id='word_1_728' title='bbox 656 4790 815 4843; x_wconf 82' lang='lat' dir='ltr'><strong>quanquam</strong></span> <span class='ocrx_word' id='word_1_729' title='bbox 836 4773 977 4827; x_wconf 77' lang='lat' dir='ltr'><strong>bureferc</strong></span> <span class='ocrx_word' id='word_1_730' title='bbox 1028 4780 1177 4841; x_wconf 84' lang='lat' dir='ltr'><strong>sesamino,</strong></span> <span class='ocrx_word' id='word_1_731' title='bbox 1186 4777 1302 4846; x_wconf 79' lang='lat' dir='ltr'><strong>ibligine</strong></span> <span class='ocrx_word' id='word_1_732' title='bbox 1314 4778 1341 4829; x_wconf 86' lang='lat' dir='ltr'><strong>ia</strong></span> <span class='ocrx_word' id='word_1_733' title='bbox 1352 4791 1451 4828; x_wconf 80' lang='lat' dir='ltr'><strong>uorum</strong></span> <span class='ocrx_word' id='word_1_734' title='bbox 1461 4789 1511 4826; x_wconf 77' lang='lat' dir='ltr'><strong>ras</strong></span> <span class='ocrx_word' id='word_1_735' title='bbox 1521 4776 1618 4843; x_wconf 82' lang='lat' dir='ltr'><strong>pennis</strong></span> <span class='ocrx_word' id='word_1_736' title='bbox 1628 4775 1748 4827; x_wconf 77' lang='lat' dir='ltr'><strong>deterca.</strong></span> <span class='ocrx_word' id='word_1_737' title='bbox 1781 4775 1828 4825; x_wconf 76' lang='lat' dir='ltr'><strong>lli-</strong></span> 
     </span>
     <span class='ocr_line' id='line_1_64' title="bbox 172 4843 1827 4912; baseline -0.002 -13"><span class='ocrx_word' id='word_1_738' title='bbox 172 4845 293 4901; x_wconf 73' lang='lat' dir='ltr'><strong>reiertls</strong></span> <span class='ocrx_word' id='word_1_739' title='bbox 306 4846 404 4899; x_wconf 82' lang='lat' dir='ltr'><strong>indiae</strong></span> <span class='ocrx_word' id='word_1_740' title='bbox 413 4846 507 4899; x_wconf 80' lang='lat' dir='ltr'><strong>ailria:</strong></span> <span class='ocrx_word' id='word_1_741' title='bbox 530 4848 662 4912; x_wconf 74' lang='lat' dir='ltr'><strong>porticae</strong></span> <span class='ocrx_word' id='word_1_742' title='bbox 673 4844 875 4898; x_wconf 64' lang='lat' dir='ltr'><strong>mercedem</strong></span> <span class='ocrx_word' id='word_1_743' title='bbox 887 4843 977 4896; x_wconf 77' lang='lat' dir='ltr'><strong>ellicu-</strong></span> <span class='ocrx_word' id='word_1_744' title='bbox 1028 4850 1193 4901; x_wconf 65' lang='lat' dir='ltr'><strong>floccissime</strong></span> <span class='ocrx_word' id='word_1_745' title='bbox 1213 4856 1311 4898; x_wconf 81' lang='lat' dir='ltr'><strong>tumen</strong></span> <span class='ocrx_word' id='word_1_746' title='bbox 1327 4846 1436 4898; x_wconf 87' lang='lat' dir='ltr'><strong>erulaor</strong></span> <span class='ocrx_word' id='word_1_747' title='bbox 1454 4844 1494 4895; x_wconf 92' lang='lat' dir='ltr'><strong>ibi</strong></span> <span class='ocrx_word' id='word_1_748' title='bbox 1511 4845 1583 4911; x_wconf 79' lang='lat' dir='ltr'><strong>plica</strong></span> <span class='ocrx_word' id='word_1_749' title='bbox 1595 4849 1713 4895; x_wconf 80' lang='lat' dir='ltr'><strong>coercet.</strong></span> <span class='ocrx_word' id='word_1_750' title='bbox 1748 4843 1827 4896; x_wconf 83' lang='lat' dir='ltr'><strong>Felie</strong></span> 
     </span>
     <span class='ocr_line' id='line_1_65' title="bbox 173 4912 1828 4983; baseline -0.004 -15"><span class='ocrx_word' id='word_1_751' title='bbox 173 4915 359 4970; x_wconf 58' lang='lat' dir='ltr'><strong>&amp;momnis</strong></span> <span class='ocrx_word' id='word_1_752' title='bbox 374 4914 467 4968; x_wconf 73' lang='lat' dir='ltr'><strong>exiis</strong></span> <span class='ocrx_word' id='word_1_753' title='bbox 481 4915 558 4968; x_wconf 82' lang='lat' dir='ltr'><strong>credi</strong></span> <span class='ocrx_word' id='word_1_754' title='bbox 576 4922 689 4983; x_wconf 78' lang='lat' dir='ltr'><strong>pareat.</strong></span> <span class='ocrx_word' id='word_1_755' title='bbox 725 4913 893 4981; x_wconf 81' lang='lat' dir='ltr'><strong>Sicquoquc</strong></span> <span class='ocrx_word' id='word_1_756' title='bbox 903 4913 977 4965; x_wconf 80' lang='lat' dir='ltr'><strong>lacte</strong></span> <span class='ocrx_word' id='word_1_757' title='bbox 1030 4919 1103 4970; x_wconf 86' lang='lat' dir='ltr'><strong>tauri</strong></span> <span class='ocrx_word' id='word_1_758' title='bbox 1113 4933 1174 4970; x_wconf 91' lang='lat' dir='ltr'><strong>oum</strong></span> <span class='ocrx_word' id='word_1_759' title='bbox 1184 4917 1314 4975; x_wconf 86' lang='lat' dir='ltr'><strong>oriolbo,</strong></span> <span class='ocrx_word' id='word_1_760' title='bbox 1327 4914 1445 4980; x_wconf 86' lang='lat' dir='ltr'><strong>collyria</strong></span> <span class='ocrx_word' id='word_1_761' title='bbox 1456 4914 1533 4972; x_wconf 85' lang='lat' dir='ltr'><strong>llunr,</strong></span> <span class='ocrx_word' id='word_1_762' title='bbox 1555 4912 1828 4981; x_wconf 78' lang='lat' dir='ltr'><strong>aquaqueriiccoluta</strong></span> 
     </span>
     <span class='ocr_line' id='line_1_66' title="bbox 172 4980 1826 5055; baseline -0.005 -17"><span class='ocrx_word' id='word_1_763' title='bbox 172 4985 282 5038; x_wconf 78' lang='lat' dir='ltr'><strong>bubula</strong></span> <span class='ocrx_word' id='word_1_764' title='bbox 298 4992 401 5036; x_wconf 74' lang='lat' dir='ltr'><strong>macha</strong></span> <span class='ocrx_word' id='word_1_765' title='bbox 414 5001 522 5038; x_wconf 77' lang='lat' dir='ltr'><strong>emeca</strong></span> <span class='ocrx_word' id='word_1_766' title='bbox 542 4987 695 5053; x_wconf 75' lang='lat' dir='ltr'><strong>expugnari</strong></span> <span class='ocrx_word' id='word_1_767' title='bbox 714 4982 838 5040; x_wconf 74' lang='lat' dir='ltr'><strong>tradunt.</strong></span> <span class='ocrx_word' id='word_1_768' title='bbox 859 4984 981 5034; x_wconf 69' lang='lat' dir='ltr'><strong>uariare</strong></span> <span class='ocrx_word' id='word_1_769' title='bbox 1029 4991 1164 5055; x_wconf 76' lang='lat' dir='ltr'><strong>inungunt</strong></span> <span class='ocrx_word' id='word_1_770' title='bbox 1177 4982 1422 5053; x_wconf 75' lang='lat' dir='ltr'><strong>perquamiduum.</strong></span> <span class='ocrx_word' id='word_1_771' title='bbox 1443 4981 1542 5035; x_wconf 75' lang='lat' dir='ltr'><strong>Serum</strong></span> <span class='ocrx_word' id='word_1_772' title='bbox 1555 4982 1709 5033; x_wconf 75' lang='lat' dir='ltr'><strong>vitulinum</strong></span> <span class='ocrx_word' id='word_1_773' title='bbox 1722 4980 1826 5031; x_wconf 88' lang='lat' dir='ltr'><strong>anseris</strong></span> 
     </span>
     <span class='ocr_line' id='line_1_67' title="bbox 174 5050 1825 5123; baseline -0.005 -18"><span class='ocrx_word' id='word_1_774' title='bbox 174 5050 264 5121; x_wconf 71' lang='lat' dir='ltr'><strong>&#39;surpra</strong></span> <span class='ocrx_word' id='word_1_775' title='bbox 275 5053 362 5105; x_wconf 77' lang='lat' dir='ltr'><strong>dicta:</strong></span> <span class='ocrx_word' id='word_1_776' title='bbox 381 5059 412 5106; x_wconf 81' lang='lat' dir='ltr'><strong>et</strong></span> <span class='ocrx_word' id='word_1_777' title='bbox 425 5055 454 5106; x_wconf 86' lang='lat' dir='ltr'><strong>si</strong></span> <span class='ocrx_word' id='word_1_778' title='bbox 464 5054 641 5123; x_wconf 78' lang='lat' dir='ltr'><strong>ephemerum</strong></span> <span class='ocrx_word' id='word_1_779' title='bbox 656 5055 806 5119; x_wconf 75' lang='lat' dir='ltr'><strong>inopactum</strong></span> <span class='ocrx_word' id='word_1_780' title='bbox 822 5053 874 5103; x_wconf 74' lang='lat' dir='ltr'><strong>site</strong></span> <span class='ocrx_word' id='word_1_781' title='bbox 891 5051 977 5103; x_wconf 79' lang='lat' dir='ltr'><strong>autri</strong></span> <span class='ocrx_word' id='word_1_782' title='bbox 1030 5057 1113 5123; x_wconf 76' lang='lat' dir='ltr'><strong>adipe</strong></span> <span class='ocrx_word' id='word_1_783' title='bbox 1122 5062 1151 5107; x_wconf 81' lang='lat' dir='ltr'><strong>et</strong></span> <span class='ocrx_word' id='word_1_784' title='bbox 1161 5055 1245 5106; x_wconf 87' lang='lat' dir='ltr'><strong>ocimi</strong></span> <span class='ocrx_word' id='word_1_785' title='bbox 1257 5067 1349 5114; x_wconf 85' lang='lat' dir='ltr'><strong>succo,</strong></span> <span class='ocrx_word' id='word_1_786' title='bbox 1358 5066 1491 5120; x_wconf 80' lang='lat' dir='ltr'><strong>generum</strong></span> <span class='ocrx_word' id='word_1_787' title='bbox 1503 5051 1578 5102; x_wconf 80' lang='lat' dir='ltr'><strong>vitiis</strong></span> <span class='ocrx_word' id='word_1_788' title='bbox 1590 5050 1763 5118; x_wconf 86' lang='lat' dir='ltr'><strong>aptissimam</strong></span> <span class='ocrx_word' id='word_1_789' title='bbox 1775 5055 1825 5098; x_wconf 83' lang='lat' dir='ltr'><strong>ert.</strong></span> 
     </span>
     <span class='ocr_line' id='line_1_68' title="bbox 174 5113 1825 5189; baseline -0.008 -14"><span class='ocrx_word' id='word_1_790' title='bbox 174 5120 828 5189; x_wconf 61' lang='lat' dir='ltr'><strong>naturidesdetaeromitimiccmniaegerie</strong></span> <span class='ocrx_word' id='word_1_791' title='bbox 842 5123 978 5173; x_wconf 72' lang='lat' dir='ltr'><strong>sioetm·</strong></span> <span class='ocrx_word' id='word_1_792' title='bbox 1030 5125 1161 5179; x_wconf 77' lang='lat' dir='ltr'><strong>Eiusdem</strong></span> <span class='ocrx_word' id='word_1_793' title='bbox 1180 5122 1324 5175; x_wconf 77' lang='lat' dir='ltr'><strong>modurllae</strong></span> <span class='ocrx_word' id='word_1_794' title='bbox 1340 5136 1401 5173; x_wconf 86' lang='lat' dir='ltr'><strong>cura</strong></span> <span class='ocrx_word' id='word_1_795' title='bbox 1425 5120 1486 5187; x_wconf 83' lang='lat' dir='ltr'><strong>pori</strong></span> <span class='ocrx_word' id='word_1_796' title='bbox 1502 5121 1719 5186; x_wconf 84' lang='lat' dir='ltr'><strong>ponderecerue</strong></span> <span class='ocrx_word' id='word_1_797' title='bbox 1731 5113 1825 5168; x_wconf 82' lang='lat' dir='ltr'><strong>erolei</strong></span> 
     </span>
     <span class='ocr_line' id='line_1_69' title="bbox 172 5186 1824 5261; baseline -0.008 -16"><span class='ocrx_word' id='word_1_798' title='bbox 172 5194 259 5261; x_wconf 73' lang='lat' dir='ltr'><strong>pria·</strong></span> <span class='ocrx_word' id='word_1_799' title='bbox 268 5193 336 5246; x_wconf 74' lang='lat' dir='ltr'><strong>lunc</strong></span> <span class='ocrx_word' id='word_1_800' title='bbox 342 5191 529 5245; x_wconf 70' lang='lat' dir='ltr'><strong>cuntharidss.</strong></span> <span class='ocrx_word' id='word_1_801' title='bbox 564 5194 671 5244; x_wconf 76' lang='lat' dir='ltr'><strong>cunero</strong></span> <span class='ocrx_word' id='word_1_802' title='bbox 681 5206 791 5245; x_wconf 76' lang='lat' dir='ltr'><strong>eoeero</strong></span> <span class='ocrx_word' id='word_1_803' title='bbox 802 5204 873 5255; x_wconf 85' lang='lat' dir='ltr'><strong>quae</strong></span> <span class='ocrx_word' id='word_1_804' title='bbox 884 5189 978 5242; x_wconf 80' lang='lat' dir='ltr'><strong>eahul·</strong></span> <span class='ocrx_word' id='word_1_805' title='bbox 1029 5195 1073 5247; x_wconf 63' lang='lat' dir='ltr'><strong>cal</strong></span> <span class='ocrx_word' id='word_1_806' title='bbox 1083 5192 1200 5255; x_wconf 70' lang='lat' dir='ltr'><strong>rosacei,</strong></span> <span class='ocrx_word' id='word_1_807' title='bbox 1209 5190 1305 5243; x_wconf 81' lang='lat' dir='ltr'><strong>addito</strong></span> <span class='ocrx_word' id='word_1_808' title='bbox 1318 5205 1380 5254; x_wconf 80' lang='lat' dir='ltr'><strong>oro,</strong></span> <span class='ocrx_word' id='word_1_809' title='bbox 1395 5188 1516 5241; x_wconf 79' lang='lat' dir='ltr'><strong>duritiae</strong></span> <span class='ocrx_word' id='word_1_810' title='bbox 1527 5203 1658 5257; x_wconf 54' lang='lat' dir='ltr'><strong>mnarum</strong></span> <span class='ocrx_word' id='word_1_811' title='bbox 1671 5186 1824 5237; x_wconf 77' lang='lat' dir='ltr'><strong>illinantur.</strong></span> 
     </span>
     <span class='ocr_line' id='line_1_70' title="bbox 173 5246 1827 5327; baseline -0.008 -12"><span class='ocrx_word' id='word_1_812' title='bbox 173 5262 323 5315; x_wconf 65' lang='lat' dir='ltr'><strong>mauroso</strong></span> <span class='ocrx_word' id='word_1_813' title='bbox 332 5268 456 5326; x_wconf 67' lang='lat' dir='ltr'><strong>macr,</strong></span> <span class='ocrx_word' id='word_1_814' title='bbox 466 5263 563 5315; x_wconf 76' lang='lat' dir='ltr'><strong>sebon</strong></span> <span class='ocrx_word' id='word_1_815' title='bbox 573 5262 722 5314; x_wconf 77' lang='lat' dir='ltr'><strong>vitulinum</strong></span> <span class='ocrx_word' id='word_1_816' title='bbox 730 5259 776 5313; x_wconf 78' lang='lat' dir='ltr'><strong>rel</strong></span> <span class='ocrx_word' id='word_1_817' title='bbox 787 5258 920 5311; x_wconf 71' lang='lat' dir='ltr'><strong>bubulum</strong></span> <span class='ocrx_word' id='word_1_818' title='bbox 931 5272 979 5310; x_wconf 70' lang='lat' dir='ltr'><strong>arr»</strong></span> <span class='ocrx_word' id='word_1_819' title='bbox 1030 5264 1118 5315; x_wconf 82' lang='lat' dir='ltr'><strong>caseo</strong></span> <span class='ocrx_word' id='word_1_820' title='bbox 1127 5260 1208 5312; x_wconf 81' lang='lat' dir='ltr'><strong>molli</strong></span> <span class='ocrx_word' id='word_1_821' title='bbox 1219 5263 1331 5327; x_wconf 85' lang='lat' dir='ltr'><strong>coprino</strong></span> <span class='ocrx_word' id='word_1_822' title='bbox 1340 5259 1476 5326; x_wconf 80' lang='lat' dir='ltr'><strong>imposito</strong></span> <span class='ocrx_word' id='word_1_823' title='bbox 1485 5273 1521 5310; x_wconf 83' lang='lat' dir='ltr'><strong>ex</strong></span> <span class='ocrx_word' id='word_1_824' title='bbox 1530 5274 1604 5326; x_wconf 80' lang='lat' dir='ltr'><strong>aqua</strong></span> <span class='ocrx_word' id='word_1_825' title='bbox 1613 5256 1704 5307; x_wconf 84' lang='lat' dir='ltr'><strong>calida</strong></span> <span class='ocrx_word' id='word_1_826' title='bbox 1714 5246 1827 5317; x_wconf 83' lang='lat' dir='ltr'><strong>epipho-</strong></span> 
     </span>
     <span class='ocr_line' id='line_1_71' title="bbox 173 5326 1826 5401; baseline -0.008 -17"><span class='ocrx_word' id='word_1_827' title='bbox 173 5332 303 5384; x_wconf 75' lang='lat' dir='ltr'><strong>xlliatur.</strong></span> <span class='ocrx_word' id='word_1_828' title='bbox 338 5331 407 5385; x_wconf 75' lang='lat' dir='ltr'><strong>lton</strong></span> <span class='ocrx_word' id='word_1_829' title='bbox 426 5338 528 5383; x_wconf 71' lang='lat' dir='ltr'><strong>corma</strong></span> <span class='ocrx_word' id='word_1_830' title='bbox 548 5332 733 5401; x_wconf 71' lang='lat' dir='ltr'><strong>sanguisugas</strong></span> <span class='ocrx_word' id='word_1_831' title='bbox 748 5335 830 5395; x_wconf 78' lang='lat' dir='ltr'><strong>potua</strong></span> <span class='ocrx_word' id='word_1_832' title='bbox 847 5328 978 5393; x_wconf 58' lang='grc' dir='ltr'><strong>Μέγα·</strong></span> <span class='ocrx_word' id='word_1_833' title='bbox 1030 5330 1268 5383; x_wconf 76' lang='lat' dir='ltr'><strong>raesadanturrsi</strong></span> <span class='ocrx_word' id='word_1_834' title='bbox 1280 5329 1429 5391; x_wconf 71' lang='lat' dir='ltr'><strong>mimorum,</strong></span> <span class='ocrx_word' id='word_1_835' title='bbox 1441 5328 1577 5379; x_wconf 73' lang='lat' dir='ltr'><strong>ermello.</strong></span> <span class='ocrx_word' id='word_1_836' title='bbox 1598 5326 1826 5399; x_wconf 69' lang='lat' dir='ltr'><strong>Utrumquevero</strong></span> 
     </span>
     <span class='ocr_line' id='line_1_72' title="bbox 174 5386 1825 5462; baseline -0.006 -9"><span class='ocrx_word' id='word_1_837' title='bbox 174 5399 618 5461; x_wconf 60' lang='lat' dir='ltr'><strong>meanwarorum</strong></span> <span class='ocrx_word' id='word_1_838' title='bbox 629 5400 784 5452; x_wconf 69' lang='lat' dir='ltr'><strong>mlemctc:</strong></span> <span class='ocrx_word' id='word_1_839' title='bbox 805 5396 919 5462; x_wconf 77' lang='lat' dir='ltr'><strong>qucdet</strong></span> <span class='ocrx_word' id='word_1_840' title='bbox 929 5410 978 5462; x_wconf 81' lang='lat' dir='ltr'><strong>per</strong></span> <span class='ocrx_word' id='word_1_841' title='bbox 1029 5414 1094 5451; x_wconf 80' lang='lat' dir='ltr'><strong>aero</strong></span> <span class='ocrx_word' id='word_1_842' title='bbox 1113 5398 1204 5451; x_wconf 85' lang='lat' dir='ltr'><strong>calido</strong></span> <span class='ocrx_word' id='word_1_843' title='bbox 1231 5398 1388 5450; x_wconf 79' lang='lat' dir='ltr'><strong>fovendam.</strong></span> <span class='ocrx_word' id='word_1_844' title='bbox 1422 5394 1505 5448; x_wconf 70' lang='lat' dir='ltr'><strong>Sicca</strong></span> <span class='ocrx_word' id='word_1_845' title='bbox 1523 5390 1674 5461; x_wconf 81' lang='lat' dir='ltr'><strong>lippitudo,</strong></span> <span class='ocrx_word' id='word_1_846' title='bbox 1695 5386 1825 5440; x_wconf 77' lang='lat' dir='ltr'><strong>lambolia</strong></span> 
     </span>
     <span class='ocr_line' id='line_1_73' title="bbox 175 5454 1817 5537; baseline -0.004 -19"><span class='ocrx_word' id='word_1_847' title='bbox 175 5469 336 5537; x_wconf 74' lang='lat' dir='ltr'><strong>aepmdest</strong></span> <span class='ocrx_word' id='word_1_848' title='bbox 346 5473 445 5518; x_wconf 75' lang='lat' dir='ltr'><strong>eoam</strong></span> <span class='ocrx_word' id='word_1_849' title='bbox 455 5484 570 5521; x_wconf 71' lang='lat' dir='ltr'><strong>uenena.</strong></span> <span class='ocrx_word' id='word_1_850' title='bbox 594 5469 699 5521; x_wconf 80' lang='lat' dir='ltr'><strong>Nomai</strong></span> <span class='ocrx_word' id='word_1_851' title='bbox 710 5469 803 5520; x_wconf 77' lang='lat' dir='ltr'><strong>oleum</strong></span> <span class='ocrx_word' id='word_1_852' title='bbox 815 5480 869 5516; x_wconf 84' lang='lat' dir='ltr'><strong>noc</strong></span> <span class='ocrx_word' id='word_1_853' title='bbox 880 5465 929 5525; x_wconf 74' lang='lat' dir='ltr'><strong>sir,</strong></span> <span class='ocrx_word' id='word_1_854' title='bbox 940 5465 978 5515; x_wconf 70' lang='lat' dir='ltr'><strong>ri</strong></span> <span class='ocrx_word' id='word_1_855' title='bbox 1029 5482 1109 5520; x_wconf 75' lang='lat' dir='ltr'><strong>mura</strong></span> <span class='ocrx_word' id='word_1_856' title='bbox 1129 5466 1235 5520; x_wconf 70' lang='lat' dir='ltr'><strong>nemis</strong></span> <span class='ocrx_word' id='word_1_857' title='bbox 1254 5474 1338 5537; x_wconf 87' lang='lat' dir='ltr'><strong>utque</strong></span> <span class='ocrx_word' id='word_1_858' title='bbox 1348 5464 1491 5525; x_wconf 74' lang='lat' dir='ltr'><strong>contritis,</strong></span> <span class='ocrx_word' id='word_1_859' title='bbox 1511 5468 1540 5514; x_wconf 86' lang='lat' dir='ltr'><strong>et</strong></span> <span class='ocrx_word' id='word_1_860' title='bbox 1554 5454 1817 5525; x_wconf 78' lang='lat' dir='ltr'><strong>impesitlstoliitur</strong></span> 
     </span>
    </p>
   </div>
   <div class='ocr_carea' id='block_1_5' title="bbox 173 5522 1826 5609">
    <p class='ocr_par' dir='ltr' id='par_1_6' title="bbox 173 5522 1826 5609">
     <span class='ocr_line' id='line_1_74' title="bbox 173 5522 1826 5609; baseline -0.011 -14"><span class='ocrx_word' id='word_1_861' title='bbox 173 5553 236 5595; x_wconf 79' lang='lat' dir='ltr'><strong>cem</strong></span> <span class='ocrx_word' id='word_1_862' title='bbox 247 5537 521 5604; x_wconf 68' lang='lat' dir='ltr'><strong>dcareprucsecrat</strong></span> <span class='ocrx_word' id='word_1_863' title='bbox 531 5537 711 5606; x_wconf 68' lang='lat' dir='ltr'><strong>multipedae</strong></span> <span class='ocrx_word' id='word_1_864' title='bbox 718 5534 978 5590; x_wconf 73' lang='lat' dir='ltr'><strong>morsuscasrsmb</strong></span> <span class='ocrx_word' id='word_1_865' title='bbox 1029 5539 1136 5607; x_wconf 75' lang='lat' dir='ltr'><strong>capsas</strong></span> <span class='ocrx_word' id='word_1_866' title='bbox 1144 5544 1247 5609; x_wconf 73' lang='lat' dir='ltr'><strong>sagam</strong></span> <span class='ocrx_word' id='word_1_867' title='bbox 1258 5537 1366 5607; x_wconf 74' lang='lat' dir='ltr'><strong>lippire,</strong></span> <span class='ocrx_word' id='word_1_868' title='bbox 1381 5532 1514 5604; x_wconf 74' lang='lat' dir='ltr'><strong>quonism</strong></span> <span class='ocrx_word' id='word_1_869' title='bbox 1524 5543 1575 5584; x_wconf 82' lang='lat' dir='ltr'><strong>ece</strong></span> <span class='ocrx_word' id='word_1_870' title='bbox 1584 5524 1715 5593; x_wconf 68' lang='lat' dir='ltr'><strong>qaudam</strong></span> <span class='ocrx_word' id='word_1_871' title='bbox 1727 5522 1826 5579; x_wconf 85' lang='lat' dir='ltr'><strong>herbae</strong></span> 
     </span>
    </p>
   </div>
   <div class='ocr_carea' id='block_1_6' title="bbox 0 0 2189 6004">
    <p class='ocr_par' dir='ltr' id='par_1_7' title="bbox 0 0 2189 6004">
     <span class='ocr_line' id='line_1_75' title="bbox 0 0 2189 6004; baseline 0 0"><span class='ocrx_word' id='word_1_872' title='bbox 0 0 2189 6004; x_wconf 95' lang='lat' dir='ltr'><strong> </strong></span> 
     </span>
    </p>
   </div>
  </div>
 </body>
</html>
