4368 6008
348 252 410 311 sot
480 250 511 310 C.
550 248 699 309 PLlNll
734 245 941 307 SECUNDI
977 242 1137 304 NATUR.
1173 241 1348 305 HISTOR
1393 242 1475 303 ΗΒ.
1498 241 1601 303 xx1.
1634 243 1729 304 CAP.
1756 244 1877 305 37-47.

263 417 271 422 ·
352 414 430 454 resa
451 400 540 467 primo
562 403 712 466 conspeetu
733 395 792 448 eius
813 399 1011 462 expavescant:
1032 392 1067 446 ab
1088 392 1152 447 aliis

352 470 512 538 nyctalopa,
534 469 661 536 quoniam
674 482 689 518 e
701 465 850 532 longinquo
860 464 987 516 noctibus
999 461 1116 532 fulgeat.

388 539 529 592 xxxvii·
547 536 692 589 Melilotos
712 533 817 601 ubique
837 536 973 586 nascitur:
994 532 1152 584 laudatissi-

315 614 334 655 ι
352 623 398 660 ma
407 616 499 659 tamen
508 607 537 657 in
547 604 651 658 attica:
675 602 830 670 ubieunque
841 617 906 656 seru
918 617 1014 655 recens
1025 618 1074 654 nec
1084 616 1151 653 can-

256 698 260 705 *
353 678 465 738 dicans,
477 683 507 727 et
520 687 602 725 eroco
616 686 698 739 quam
714 672 871 725 simillima:
894 686 1050 741 quanquam
1061 671 1091 724 in
1101 671 1153 722 lta·

229 758 232 767 ·
279 746 286 769 ¹
326 732 685 798 ⁴'linedoratioreandida

273 820 290 835 ”
309 815 333 871 ,”
388 811 540 866 xxxvia.
558 810 675 862 Florum
693 811 784 877 prima
803 826 852 863 rer
866 811 1057 864 nuntiantium
1075 809 1153 862 riola

353 886 426 936 alba.
462 879 660 947 ‘l'cpidioribus
676 895 743 932 vcro
760 881 828 932 locis
844 882 929 933 etiam
941 881 1032 934 hieme
1042 880 1152 931 emicat.

352 956 456 1007 Postea
468 964 539 1016 quae
556 950 604 1001 ion
619 949 788 1016 appellatur,
804 958 831 1001 et
842 965 988 1019 purpurea.
1024 948 1153 1001 Proxime

315 1030 337 1065 4
353 1022 493 1082 flanimea,
514 1033 583 1089 quae
598 1025 628 1070 et
666 1017 730 1070 hlox
744 1026 871 1083 vocatur,
890 1019 1027 1071 siluestris
1045 1018 1152 1069 dumta-

352 1084 408 1143 xat.
448 1087 637 1156 cyclaminum
644 1035 691 1140 iis
701 1102 783 1151 anno,
792 1103 857 1141 rere
868 1095 896 1142 et
906 1095 1052 1139 autumno:
1065 1092 1155 1139 aesta·

351 1167 396 1213 tes
406 1157 566 1225 hiemesque
576 1157 658 1227 fugit.
694 1157 1153 1227 Serioressupradictisaliquanto

351 1230 491 1282 narcissus
502 1234 531 1281 et
544 1227 634 1280 lilium
644 1234 722 1279 trans
736 1227 839 1279 maria:
859 1230 889 1278 in
901 1228 981 1278 ltalia
992 1226 1110 1293 quidem,
1122 1229 1154 1275 ιιι

355 1300 489 1360 diximus,
509 1304 574 1364 post
591 1311 694 1349 rosam.
730 1296 801 1349 Nam
819 1297 849 1347 in
861 1297 980 1348 Graecia
991 1294 1100 1346 tardius
1112 1300 1154 1346 et·

352 1370 475 1422 isarnum
487 1382 630 1420 anemone.
667 1368 718 1419 Est
727 1373 820 1419 autem
832 1365 901 1418 haee
913 1365 1081 1418 silvestrium
1094 1363 1153 1415 bul·

262 1450 266 1459 ·
350 1441 451 1491 borum
464 1436 525 1499 iios,
546 1437 657 1504 aliaque
668 1452 750 1505 quam
763 1450 832 1504 quae
843 1435 951 1487 dicetur
961 1435 989 1486 in
1001 1433 1153 1487 medicinis.

242 1566 247 1573 ,
340 1507 486 1574 ‚Sequitur
497 1504 643 1573 oenanthe,
654 1506 849 1575 arelianthum:
871 1520 904 1557 ex
915 1504 1092 1557 siluestribus
1105 1501 1153 1555 hc·

291 1604 308 1619 ··
351 1576 518 1643 lioehrysos.
535 1570 543 1595 ¹
555 1576 661 1630 Deinde
672 1574 791 1628 alterum
800 1589 889 1643 genus
900 1589 1061 1636 anemonen,
1082 1585 1153 1640 quae

352 1647 469 1701 limonia
491 1653 617 1697 vocatur.
665 1647 732 1698 Post
752 1630 982 1715 hane*gladiolus
1002 1643 1154 1695 comitatus

352 1713 522 1784 hyacinthis.
557 1713 802 1767 Novissinrarusa:
825 1714 975 1781 eademque
986 1714 1075 1780 prima
1087 1711 1154 1764 defi·

352 1787 400 1847 cit,
421 1790 539 1850 excepta
558 1783 662 1835 satira:
688 1800 704 1837 e
727 1782 828 1836 ceteris
841 1781 1012 1852 hyacinthus
1035 1782 1154 1833 maxime

290 1880 299 1893 =
351 1856 443 1916 durat,
464 1862 493 1905 et
507 1853 580 1904 riola
590 1854 662 1917 albu,
682 1858 712 1906 et
722 1851 871 1915 oenanthe:
914 1853 964 1905 sed
980 1849 1047 1905 haee
1061 1851 1110 1913 ita,
1131 1851 1155 1901 si

352 1924 464 1976 diuulsa
475 1924 572 1974 crebro
587 1922 770 1990 prohibeatur
787 1923 816 1972 in
826 1937 922 1975 semen
933 1922 1019 1975 abire.
1055 1919 1153 1972 Nasci·

351 1991 611 2069 turloeistepidis.'
637 1992 714 2044 Odor
724 1991 798 2044 idem
809 1992 845 2055 ei,
876 1992 924 2063 qui
937 1990 1155 2060 germinantibus

350 2063 423 2124 srvis,
443 2068 528 2129 atque
540 2060 725 2114 indenomen.
932 2091 934 2095 >

389 2130 580 2198 Hyacinthum
600 2131 751 2181 comitatur
773 2127 871 2181 tabula
891 2128 1014 2197 duplex,
1048 2128 1154 2179 luctum

353 2199 515 2268 praeferens
526 2201 586 2251 eius
599 2213 679 2266 quem
690 2197 790 2265 Apollo
803 2199 948 2262 dilexerat,
959 2206 1008 2251 aut
1018 2213 1053 2250 ex
1062 2197 1155 2250 Aiacis

353 2284 455 2321 eruore
466 2268 544 2332 editi,
554 2267 596 2318 ita
607 2267 827 2320 discurrentibus
839 2271 926 2332 renis,
942 2275 973 2320 ut
985 2268 1155 2321 Graecarum

352 2339 498 2393 literarum
510 2337 599 2406 ligura
609 2338 647 2391 Al
657 2337 768 2407 legatur
779 2338 922 2404 inscripta.

388 2406 593 2475 lieliochrysos
609 2408 706 2461 liorem
722 2407 807 2461 habet
822 2422 890 2459 aure
906 2405 1037 2469 similem,
1055 2404 1155 2457 lolium

352 2481 448 2540 tenue,
458 2477 623 2529 cauliculum
634 2492 744 2545 quoque
755 2478 897 2543 gracilem,
909 2477 957 2530 sed
970 2475 1077 2527 durum.
1091 2475 1155 2526 Huc

304 2552 332 2601 l·
354 2560 490 2599 coronare
502 2562 532 2599 se
542 2546 629 2613 Magi,
650 2546 1154 2613 sietunguentasumanturexauro,

355 2616 427 2682 quod
440 2631 547 2683 apyron
557 2622 667 2677 uocant,
687 2614 721 2666 ad
732 2616 852 2682 gratiam
863 2629 974 2682 quoque
984 2615 1059 2666 ritae
1069 2614 1155 2683 glori·

311 2702 338 2745 4·
354 2699 398 2737 arn
419 2683 607 2753 sepertinere
624 2686 805 2737 arbitrantur.
841 2684 879 2736 Et
894 2685 971 2761 vprni
981 2683 1091 2753 quidem
1103 2681 1153 2735 de·

353 2769 400 2808 ros
431 2756 525 2807 istrnt.
938 2746 976 2761 '⁴'

389 2824 516 2875 ΧΧΧΙΧ.
535 2821 693 2875 Succedunt
708 2823 765 2875 illis
783 2823 892 2887 aestivi,
912 2822 1032 2890 lychnis,
1043 2822 1154 2873 etlovis

352 2892 414 2956 ilos,
441 2900 469 2945 ct
481 2893 599 2945 alterum
611 2908 699 2960 genus
711 2893 773 2944 lilii.
812 2894 881 2945 item
892 2892 1020 2961 tiphyon,
1041 2897 1070 2942 et
1080 2903 1155 2940 ama·

352 2976 443 3023 rasus,
463 2977 542 3027 quem
556 2961 707 3028 Phrygium
724 2962 929 3028 cognominant.
969 2958 1024 3012 Sed
1036 2960 1155 3011 maxime

352 3032 515 3097 spectabilis
535 3029 645 3096 pothos.
681 3030 745 3081 Duo
762 3044 867 3096 genera
882 3029 976 3081 hairus:
995 3043 1089 3090 unum,
1110 3030 1154 3079 cui

353 3101 407 3151 ilos
418 3096 558 3165 hyacinthi
569 3106 625 3151 est:
636 3086 764 3151 hiterum
777 3098 931 3161 candidius,
942 3098 988 3165 qui
997 3096 1056 3151 iere
1066 3097 1155 3149 nasci·

351 3174 399 3220 tur
411 3168 439 3218 in
449 3168 574 3230 tunmlis,
585 3170 714 3234 quoniam
725 3166 829 3220 lortius
840 3168 932 3219 durat.
953 3168 991 3218 Et
999 3166 1049 3217 iris
1062 3173 1152 3219 aesta·

351 3236 480 3291 teilnret.
515 3235 958 3305 Abeuntethi,mareeseuntque.
995 3236 1155 3288 Aliirursus

352 3307 471 3359 subeunt
483 3316 626 3360 autumno.
662 3308 790 3360 Tertium
805 3322 893 3376 genus
910 3307 981 3358 lilii:
1003 3313 1032 3359 et
1043 3320 1155 3358 crocum

353 3380 382 3429 in
392 3384 511 3446 utroque
521 3392 636 3446 generes
656 3392 738 3428 unum
750 3375 843 3440 hebes,
856 3377 976 3431 alterum
987 3375 1134 3428 odoratum
1147 3392 1154 3426 s

353 3448 450 3513 primis
471 3449 566 3498 omnia
580 3447 716 3500 imbribus
732 3447 889 3499 emicantia.
926 3445 1075 3499 coronarii
1094 3445 1154 3512 qui·

353 3517 416 3566 dem
427 3523 456 3567 ct
466 3518 562 3582 spinae
577 3513 647 3567 flore
666 3524 798 3567 utuntur:
820 3518 993 3584 quippenam
1004 3516 1102 3583 spinae
1113 3514 1154 3565 al·

352 3584 405 3633 bae
418 3584 548 3634 carrlieuli
563 3584 638 3636 inter
648 3586 854 3638 oblectamenta
869 3587 951 3653 gulae
967 3600 1078 3655 quoque
1092 3600 1156 3637 con·

271 3710 279 3717 g
354 3652 477 3702 diantur.
513 3651 622 3703 Hicest
641 3659 717 3704 trans
734 3656 1024 3708 marinordoiiorum.
1061 3655 1156 3706 lnlta·

352 3720 394 3772 lia
405 3719 487 3771 violis
498 3719 624 3773 succedit
639 3736 717 3774 rosa:
740 3720 804 3774 huie
820 3723 972 3776 intervenit
986 3722 1092 3775 lilinmr
1112 3736 1157 3774 ro·

326 3800 343 3847 ιι
353 3804 412 3841 sans
424 3803 531 3857 cyanus
543 3791 655 3858 excipit,
678 3806 795 3858 manum
807 3799 977 3844 amarantus.
1013 3792 1083 3844 Nam
1095 3792 1155 3843 rin·

325 3896 331 3903 ·
354 3858 520 3925 caperrinea
529 3874 640 3927 semper
649 3859 739 3923 viret,
758 3862 785 3911 in
798 3859 908 3913 modum
919 3861 1010 3913 lineae
1020 3859 1096 3911 loliis
1107 3875 1154 3928 ge·

353 3928 501 3982 niculatim
514 3929 695 3992 circumdata,
718 3929 839 3996 topiaria
848 3928 942 3984 herba.
978 3930 1102 3996 Inopiam
1113 3934 1156 3980 ta·

353 4014 417 4051 men
437 3999 538 4050 ilerum
561 3999 711 4067 aliquando
734 4001 854 4066 supplet.
902 3999 983 4053 llaec
1002 4014 1022 4053 a
1040 3998 1156 4053 Graccis

353 4068 715 4136 chamaedaphnecocatur.

389 4138 448 4189 xl..
468 4139 535 4192 Vita
545 4139 709 4206 longissima
717 4138 810 4192 siclae
822 4139 905 4192 albae
916 4145 959 4192 est
970 4141 1095 4192 trimatu.
1114 4137 1156 4194 ab

354 4223 388 4258 en
398 4216 523 4275 tempure
535 4209 694 4277 degenerat.
731 4209 807 4261 Rosa
821 4216 850 4261 et
868 4209 1083 4277 quinquennium
1096 4222 1157 4276 per-

353 4278 419 4338 icrt,
430 4294 480 4329 nee
491 4277 580 4330 recisa
591 4315 598 4340 ,
619 4293 670 4331 nec
681 4276 791 4330 adusta.
827 4279 880 4331 illo
900 4280 974 4332 enim
985 4278 1069 4331 mode
1080 4278 1155 4329 iure·

355 4347 453 4397 nescit.
489 4347 618 4401 Diximus
629 4353 658 4401 et
669 4355 772 4401 terram
783 4346 890 4401 referre
901 4348 1060 4414 plurimum.
1084 4347 1156 4400 Nam

355 4422 384 4464 et
407 4417 433 4464 in
445 4417 571 4483 Aegypto
587 4417 649 4469 sine
669 4417 757 4472 odore
778 4414 847 4470 haee
867 4418 971 4469 omnin:
992 4423 1157 4484 tantumque

354 4484 455 4549 myrtis
467 4484 537 4537 ‹rdor
554 4487 728 4553 praecipuus.
764 4486 875 4540 alieubi
892 4487 978 4540 etiam
993 4487 1068 4540 binis
1079 4501 1155 4538 men·

355 4552 432 4601 sibus
443 4553 582 4606 antecedit
598 4556 764 4623 germinatio
782 4556 913 4609 omniurn.
949 4556 1067 4608 Rosaria
1078 4555 1157 4606 aFa·

292 4654 304 4673 ι.
355 4620 438 4671 ronio
448 4620 524 4675 iussa
538 4632 652 4692 oportet
663 4642 735 4689 esse,
755 4631 912 4692 iterumque
923 4625 1061 4677 solstitio:
1087 4630 1116 4677 ct
1126 4623 1156 4675 id

355 4690 502 4809 egestatibus,
524 4699 555 4744 ut
575 4695 650 4747 intra
670 4694 700 4746 id
720 4702 828 4763 tempus
846 4699 1014 4764 perpurgata
1035 4709 1067 4746 ae
1086 4707 1157 4760 pura

356 4773 424 4810 srn.

335 4875 346 4889 ,
391 4825 462 4879 lilii.
481 4828 584 4881 Verum
598 4828 687 4884 hortis
703 4835 965 4902 coronamentisque
981 4831 1102 4884 maxime
1117 4815 1156 4882 alt

354 4896 452 4948 searia
468 4904 496 4949 et
514 4912 582 4964 apes
603 4905 779 4965 conueniunt,
799 4919 844 4954 res
864 4902 1005 4971 praecipui
1025 4906 1156 4969 quaestus

356 4965 573 5033 compendiique,
593 4983 655 5021 cunr
666 4968 743 5022 lavit.
780 4972 886 5023 Harum
904 4986 971 5038 ergo
983 4985 1066 5023 causa
1077 4984 1157 5036 oper·

356 5044 397 5086 tet
407 5050 500 5086 serere
513 5034 647 5102 thymum,
658 5037 820 5103 apiastrum,
833 5056 933 5103 rosam,
943 5042 1040 5100 riolas,
1056 5039 1155 5100 lilium,

358 5109 487 5172 cytisum,
509 5104 609 5168 labam,
624 5107 761 5169 erviliam,
778 5110 907 5171 cunilam,
924 5124 1053 5177 papauer,
1074 5123 1157 5179 cony-

356 5189 428 5236 nam,
438 5175 728 5237 casiam,melilotum‚
741 5178 992 5246 melissophyllum,
1003 5176 1156 5230 cerinthen.

356 5245 408 5296 list
419 5252 512 5296 autern
524 5240 648 5296 cerintha
659 5243 729 5297 lolio
740 5247 870 5307 candido,
882 5249 1007 5308 incurro,
1018 5247 1157 5308 cubitalis,

354 5315 450 5381 eapite
460 5329 589 5377 concavo,
601 5315 694 5367 mellis
704 5330 814 5366 succum
825 5315 953 5369 habente.
988 5316 1098 5367 Horum
1109 5315 1159 5367 tlo-

319 5416 325 5429 ,
356 5386 396 5433 ris
408 5384 584 5436 avidissimae
594 5389 670 5445 sunt,
689 5392 775 5451 atque
786 5386 870 5436 etiarn
881 5386 998 5451 sinapis,
1019 5385 1092 5452 quod
1105 5384 1157 5436 mi·

355 5465 458 5515 remur,
469 5469 530 5506 cum
541 5455 633 5507 olivae
643 5452 740 5507 florem
751 5456 786 5506 ub
796 5451 840 5504 his
850 5469 904 5505 non
917 5453 1022 5519 attingi
1034 5459 1157 5506 masters

354 5519 477 5588 ideoque
488 5521 560 5577 hanc
572 5526 700 5579 arborem
715 5523 814 5592 procul
830 5536 892 5576 esse
908 5522 1008 5576 melius
1020 5521 1072 5575 sit:
1095 5536 1157 5575 eum

1204 391 1312 462 aliquas
1323 407 1405 463 quam
1423 391 1549 459 proxime
1564 392 1622 446 seri
1637 390 1797 457 conveniat,
1817 410 1888 464 quae
1904 404 1934 452 et
1945 413 1997 454 ero

1205 464 1324 516 lantiam
1346 463 1475 517 examina
1495 463 1624 545 inritent,
1643 478 1695 517 nee
1712 463 1826 532 longius
1842 466 1919 522 abire
1937 471 2009 537 pati·

1205 540 1296 585 antur.

1239 602 1326 654 XLll.
1345 603 1466 654 cornum
1491 614 1599 667 quoque
1619 599 1748 652 arborem
1767 604 1862 655 caveri
1883 613 2007 673 oportet:

1206 670 1275 723 dere
1291 673 1351 724 eius
1368 670 1527 738 degustato,
1546 670 1609 720 alvo
1631 670 1690 720 cita
1709 671 1872 725 moriuntur.
1910 678 2008 741 tienne.

1206 739 1291 802 diunt,
1312 740 1397 792 sorba
1412 748 1527 791 contusa
1544 737 1654 791 emelle
1670 739 1804 804 praebere
1822 739 1873 805 his,
1894 746 1940 797 rel
1952 749 2009 800 uri·

1206 826 1269 862 nam
1281 806 1431 871 heminam,
1443 809 1486 861 rel
1497 809 1643 870 boom‚nut
1654 822 1743 874 grana
1754 808 1854 863 Punici
1864 813 1940 876 mali,
1948 830 2009 868 am·

1205 882 1298 931 mineo
1308 878 1373 931 sino
1385 892 1543 944 conspersa.
1562 877 1599 929 at
1607 878 1731 955 Qifflj
1742 878 1903 936 circumseri
1914 884 2008 939 alre&

1206 949 1256 1000 riis
1267 949 1468 1017 gratissimum.
1667 948 1682 955 ‘

1240 1018 1339 1070 xhttt.
1358 1019 1463 1070 Mirum
1479 1022 1522 1069 est
1538 1016 1707 1085 dignumque
1723 1024 1889 1083 memoratu,
1910 1020 1944 1075 sle
1955 1023 2006 1075 ali·

1206 1086 1308 1138 arentis
1321 1084 1393 1153 quod
1405 1086 1534 1153 comperi.
1568 1086 1695 1139 Hostilia
1705 1088 1784 1141 ricus
1796 1089 1912 1142 alluitur
1921 1090 2007 1147 Pado.

1206 1155 1296 1207 Huius
1307 1154 1435 1223 inquilini
1447 1155 1547 1223 pabulo
1560 1156 1636 1208 circa
1646 1157 1792 1212 deficiente
1803 1159 1950 1226 imponunt
1960 1176 2007 1215 na·

1206 1225 1286 1277 ribus
1297 1226 1383 1287 alvos,
1403 1225 1586 1293 noctibusque
1602 1226 1687 1294 quina
1698 1226 1788 1279 millia
1800 1242 1929 1295 passuum
1939 1247 2006 1284 con-

1206 1296 1294 1346 trario
1312 1309 1393 1345 amne
1412 1308 1496 1346 nares
1507 1293 1672 1348 subvehunt.
1709 1298 1846 1363 Egressae
1861 1298 1923 1352 luce
1939 1314 2007 1368 apes

1207 1372 1366 1431 pastaeque,
1381 1363 1415 1413 ad
1428 1379 1511 1417 naves
1523 1365 1647 1430 quotidie
1659 1372 1793 1428 censeant,
1813 1375 1951 1421 mutantes
1961 1371 2008 1423 lo-

1207 1449 1278 1497 cum,
1289 1432 1378 1485 donec
1389 1432 1512 1500 pondere
1523 1433 1584 1500 ipso
1600 1434 1703 1502 pressis
1714 1436 1830 1487 nasibus
1841 1437 1940 1504 plenae
1950 1439 2008 1492 alsi

1206 1503 1409 1570 intelligantur,
1430 1505 1605 1570 revectisque
1621 1503 1779 1555 eximantur
1796 1506 1889 1559 mella.
1925 1510 1962 1561 Et
1977 1510 2008 1563 in

1206 1573 1344 1639 Hispania
1353 1570 1434 1623 anilis
1447 1570 1614 1638 provehunt,
1636 1572 1721 1623 simili
1734 1574 1768 1626 de
1779 1589 1869 1626 causa.

1241 1641 1340 1693 xntv.
1359 1644 1535 1709 'l'antumque
1547 1642 1677 1707 pabulum
1689 1640 1784 1706 refert,
1801 1652 1832 1697 ιιι
1842 1645 1926 1698 mella
1936 1662 2005 1715 quo·

1207 1727 1260 1779 que
1272 1718 1406 1763 venenata
1415 1711 1490 1761 fiant.
1526 1711 1684 1764 llcraoleae
1702 1714 1730 1762 in
1742 1712 1830 1765 Ponto
1843 1715 2007 1783 quibusdam

1207 1781 1286 1837 annis
1299 1780 1533 1848 perniciosissima
1544 1782 1692 1843 exsistunt,
1704 1781 1738 1834 ab
1749 1780 1848 1835 iisdem
1859 1785 1957 1851 apibus
1967 1787 2007 1839 ia·

1208 1857 1261 1902 eta.
1298 1850 1356 1902 Nee
1368 1849 1463 1901 disere
1479 1856 1622 1915 auctores,
1642 1867 1657 1904 c
1676 1851 1774 1919 quibus
1789 1854 1906 1906 floribus
1916 1872 1949 1909 ea
1961 1858 2007 1909 tie·

1208 1925 1277 1973 rent.
1313 1918 1371 1971 Nos
1382 1918 1608 1987 trademus,quac
1619 1923 1812 1988 comperimus.
1849 1925 2007 1989 lierbaest,

1208 1989 1343 2042 aberitis
1358 1995 1386 2041 et
1403 1992 1587 2041 iumentorum
1623 1990 1726 2054 uidem,
1745 1991 1793 2044 sed
1809 1995 1955 2063 praecipue
1964 2010 2007 2047 ca·

1208 2073 1327 2125 prorum,
1338 2059 1480 2126 appellata
1494 2006 1684 2129 aequissima.
1720 2062 1811 2113 liuius
1822 2062 1905 2116 flores
1916 2065 2008 2118 conci-

1209 2128 1287 2194 piunt
1298 2130 1411 2180 nexium
1421 2129 1506 2191 uirus,
1528 2143 1631 2196 aquoso
1643 2146 1707 2183 urere
1718 2138 1929 2191 marcescentes.
1966 2137 2008 2187 lta

1207 2198 1247 2260 nt,
1259 2204 1289 2249 ut
1301 2213 1356 2249 non
1370 2199 1495 2250 omuibus
1505 2200 1584 2251 antiis
1595 2201 1731 2253 sentiatur
1742 2199 1794 2254 hoc
1805 2202 1917 2257 malum.
1953 2203 2006 2258 Ve-

1207 2268 1302 2320 nenati
1312 2268 1393 2335 signa
1403 2274 1476 2330 stunt,
1498 2268 1571 2335 quod
1582 2271 1694 2321 omnino
1707 2285 1760 2322 non
1773 2270 1914 2336 densatur,
1933 2274 2008 2341 quod

1207 2337 1286 2389 color
1297 2336 1385 2405 magis
1403 2337 1503 2388 rutilus
1519 2344 1571 2399 est,
1593 2339 1664 2390 odor
1683 2339 1800 2403 alienus,
1819 2348 2008 2396 sternumenta

1207 2407 1337 2473 protinus
1356 2420 1477 2469 nrovens,
1497 2408 1570 2472 quod
1592 2409 1776 2475 ponderosius
1792 2410 1916 2467 innoxio.
1952 2413 2007 2485 Qui

1208 2475 1299 2540 cdere,
1319 2475 1455 2527 abiiciunt
1471 2489 1502 2526 se
1514 2475 1598 2540 humi,
1618 2478 1684 2530 refri
1706 2481 1857 2533 arationem
1875 2496 2006 2547 quaeren·

1207 2552 1262 2597 tes:
1285 2559 1348 2597 nam
1360 2550 1389 2596 et
1398 2543 1502 2596 sudore
1519 2543 1654 2598 diffluunt.
1716 2549 1824 2601 emedio
1835 2557 1899 2601 sunt
1910 2551 2007 2615 multa,

1208 2613 1346 2682 quaesuis
1368 2614 1438 2665 loeis
1460 2613 1593 2668 (libemus.
1630 2615 1833 2683 sedquoniam
1853 2619 1946 2671 statim
1964 2637 2007 2674 re·

1207 2683 1380 2752 praesentari
1391 2684 1487 2751 aliqua
1498 2685 1524 2735 in
1535 2685 1622 2736 tantis
1632 2685 1741 2737 insidiis
1754 2693 1873 2755 opertet,
1888 2689 2006 2742 mulsum

1206 2759 1287 2805 retus
1300 2753 1407 2806 entello
1423 2754 1527 2820 optimo
1544 2760 1573 2806 et
1589 2761 1665 2806 ruta:
1685 2756 1857 2811 salsamenta
1872 2760 1964 2821 edam,
1982 2760 2009 2812 si
2108 2768 2112 2779 '

1207 2822 1370 2874 reiiciautur
1384 2830 1476 2873 sumta
1487 2823 1593 2874 crebre.
1628 2825 1794 2892 Certumque
1805 2835 1856 2890 est,
1868 2829 1895 2880 id
1906 2829 2008 2883 malurn

1207 2907 1257 2960 per
1268 2898 1445 2944 excrementa
1456 2889 1490 2941 ad
1502 2906 1584 2943 canes
1595 2890 1679 2943 etiam
1692 2896 1846 2958 pervenire,
1866 2897 2009 2951 similiter·

1208 2977 1261 3028 que
1278 2960 1405 3026 torqueri
1421 2973 1479 3011 cos.
1515 2959 1637 3010 Mulsum
1655 2966 1749 3013 tamen
1768 2977 1802 3014 ex
1818 2979 1852 3015 co
1869 2965 2009 3019 inuetera-

1206 3036 1274 3092 tum,
1293 3031 1441 3079 innocuum
1461 3041 1523 3077 esse
1541 3032 1663 3079 constat:
1685 3036 1714 3082 et
1732 3028 1899 3085 seminarum
1916 3042 2009 3089 eutem

1206 3100 1284 3151 nullo
1303 3097 1404 3151 melius
1425 3094 1569 3149 emendari
1590 3111 1653 3150 eum
1672 3102 1770 3162 costo,
1791 3100 1927 3168 sugillata
1946 3120 2008 3157 cum

1206 3169 1278 3222 aloe.

1212 3226 1221 3237 ’
1242 3237 1328 3292 XLV.
1347 3234 1429 3289 aliua
1450 3250 1536 3304 genus
1554 3236 1583 3288 in
1603 3235 1700 3290 eodem
1721 3235 1805 3290 Ponti
1829 3239 1900 3303 situ,
1923 3248 2008 3310 gente

1207 3305 1371 3371 Sannorum,
1391 3305 1489 3367 mellis,
1511 3306 1584 3373 qued
1604 3309 1639 3359 ab
1659 3307 1787 3370 insania,
1807 3323 1887 3377 quam
1909 3311 2009 3377 gignit,

1208 3390 1407 3429 maenomenon
1418 3380 1527 3427 vocant.
1564 3374 1595 3427 ld
1611 3376 1790 3430 existimatur
1806 3376 1930 3430 contrahi
1940 3379 2008 3433 ilore
2035 3422 2038 3429 .

1208 3443 1405 3508 rhododendri,
1428 3445 1708 3512 quoscateutsilrae.
1745 3447 1924 3515 Gensqueea,
1946 3465 2008 3501 cnm
2033 3442 2042 3467 ⁷

1208 3530 1300 3568 ceram
1321 3514 1351 3566 in
1373 3514 1480 3567 tributa
1495 3515 1627 3567 Rnnranis
1639 3523 1769 3581 praestet,
1789 3518 1845 3569 nuel
1866 3518 2008 3585 (queniam

1208 3582 1322 3637 exitiale
1334 3581 1392 3655 est)
1402 3599 1457 3636 nnn
1470 3584 1576 3636 rendit.
1612 3586 1649 3636 Et
1665 3585 1691 3636 in
1705 3586 1831 3649 Perside,
1852 3594 1880 3639 et
1891 3588 1918 3638 in
1929 3587 2008 3640 Mau·

1207 3653 1334 3706 setaniae
1345 3654 1536 3706 Caesariensis
1549 3653 1688 3716 Gaetulia,
1701 3658 1876 3708 contermina
1885 3656 2008 3709 Massae-

1208 3723 1288 3791 sylis,
1308 3722 1438 3774 venenati
1453 3722 1511 3774 iari
1523 3725 1692 3791 gignuntur:
1713 3725 1880 3792 quidamque
1892 3734 2007 3793 aparte,

1209 3807 1263 3859 que
1275 3788 1343 3842 nihii
1355 3806 1417 3843 esse
1434 3789 1564 3843 fallacius
1582 3799 1685 3859 potest,
1707 3794 1760 3844 ruisi
1781 3795 1853 3860 qued
1864 3795 1952 3849 liuore
1963 3795 2007 3848 de-

1208 3859 1425 3928 prehenduntur.
1461 3861 1534 3922 Quin
1546 3861 1599 3911 sibi
1615 3863 1737 3913 voluisse
1747 3872 1875 3915 naturam
1888 3865 1923 3915 iis
1934 3865 2007 3916 arhi-

1208 3938 1315 3983 tremur
1328 3929 1448 3992 insidiis,
1468 3936 1499 3980 ut
1515 3931 1550 3982 nb
1564 3930 1664 3984 iisdem
1688 3932 1796 3998 apibus,
1818 3948 1868 3985 nec
1882 3935 2008 3986 omnibus

1209 4001 1287 4052 annis
1297 3998 1407 4063 tierent,
1427 4003 1477 4050 aot
1491 4015 1544 4052 non
1563 4003 1631 4051 totis
1649 4000 1736 4053 fassis!
1771 4001 1871 4054 Parum
1888 4009 1947 4055 erut
1963 4018 2009 4072 gc·

1208 4070 1302 4123 nubae
1313 4083 1383 4133 rem,
1392 4069 1421 4120 in
1428 4084 1482 4138 qua
1491 4085 1626 4122 venenum
1633 4070 1764 4123 facillime
1776 4070 1901 4125 daretur:
1913 4073 2011 4124 etiam·

1208 4156 1243 4192 ne
1253 4137 1307 4192 hoe
1316 4139 1379 4207 ipsa
1388 4140 1417 4190 in
1428 4139 1511 4192 melle
1523 4146 1566 4190 tot
1577 4140 1743 4192 animalibus
1755 4140 1851 4194 dediti
1887 4141 1958 4205 Quid
1970 4142 2008 4192 si-

1208 4209 1347 4271 biuoluit,
1367 4209 1422 4262 nisi
1436 4215 1467 4261 ut
1478 4209 1632 4261 cautiorem
1649 4211 1795 4278 asinosque
1811 4210 1920 4263 aridum
1937 4210 2011 4262 lace·

1210 4286 1254 4332 rct
1264 4277 1421 4332 hominemi
1456 4294 1510 4330 nen
1522 4279 1596 4332 enim
1608 4287 1637 4330 et
1654 4280 1723 4346 ipsis
1742 4282 1795 4332 inm
1811 4281 1908 4347 apibus
1920 4281 2009 4346 cuspi-

1209 4349 1259 4401 des
1271 4349 1394 4411 dederat,
1415 4348 1564 4414 etquidem
1578 4348 1742 4400 renenatasl
1780 4350 1903 4402 remedio
1915 4348 2009 4401 adrer-

1209 4433 1256 4470 sus
1267 4417 1316 4470 has
1327 4420 1423 4485 utique
1434 4433 1489 4470 non
1506 4416 1671 4471 differendo.
1708 4421 1782 4487 Ergo
1799 4419 1908 4471 malvae
1919 4431 2011 4481 succo,

1209 4495 1258 4539 aut
1267 4486 1401 4539 loliorum
1413 4487 1513 4540 ederae
1522 4489 1641 4554 perungi
1649 4487 1774 4540 salutare
1785 4498 1836 4549 est,
1849 4488 1892 4541 sel
1903 4502 2013 4554 percus·

1208 4572 1256 4609 sos
1267 4571 1314 4611 ees
1325 4557 1431 4610 hibere.
1468 4557 1569 4608 Mirum
1581 4563 1673 4608 tamen
1685 4564 1736 4617 est,
1753 4572 1857 4607 senens
1867 4564 2011 4622 portantes

1208 4640 1268 4689 erc,
1290 4628 1482 4693 fingentesque
1493 4626 1569 4691 ipsas
1580 4639 1634 4675 non
1644 4626 1729 4674 mori:
1750 4626 1804 4674 nisi
1815 4625 1889 4691 quod
1900 4625 1953 4677 illa
1965 4627 2013 4679 du·

1208 4696 1386 4748 minarerum
1405 4695 1526 4747 omnium
1542 4691 1613 4744 hanc
1630 4692 1708 4744 dedit
1724 4692 1939 4757 repugnantiam
1957 4696 2013 4763 apl·

1207 4764 1275 4885 ¹lpus:
1295 4764 1475 4817 sicntcentrs
1489 4768 1632 4829 serpentes
1649 4759 1752 4827 Psyllis
1763 4759 1923 4828 Marsisque
1939 4763 2013 4819 intes

1228 4848 1344 4885 omines.

1242 4899 1344 4954 XLVI.
1360 4898 1443 4953 Aliud
1462 4898 1589 4951 increta
1604 4898 1769 4952 miraculum
1789 4897 1891 4951 mellis.
1927 4898 2012 4955 Mons

1207 4976 1251 5023 est
1261 4970 1363 5023 carina
1376 4968 1416 5020 lx
1425 4967 1464 5019 M.
1474 4982 1605 5035 passuum
1623 4969 1742 5021 ambitu:
1765 4969 1843 5021 intra
1859 4970 1935 5037 quod
1947 4985 2011 5038 spa·

1207 5040 1276 5091 tium
1288 5052 1398 5090 muscae
1408 5051 1462 5089 uon
1473 5037 1660 5104 reperiuntur,
1668 5044 1818 5108 natumque
1830 5038 1871 5090 ibi
1882 5039 1938 5092 mel
1949 5056 2012 5092 nus·

1208 5123 1288 5178 quarn
1300 5106 1451 5190 attingunt.
1486 5108 1550 5159 lice
1562 5108 1753 5175 experimento
1770 5108 1913 5178 singulare
1923 5108 2010 5163 medi·

1208 5179 1342 5231 cementis
1352 5177 1473 5243 eligitur.

1242 5244 1353 5300 xnvu.
1371 5245 1502 5299 Atrearis
1511 5244 1647 5298 orientem
1657 5246 1889 5314 aequinoctialem
1900 5254 2011 5316 speeta-

1209 5332 1240 5395 pe
1260 5316 1401 5368 convenit.
1447 5314 1612 5382 Aquilonem
1632 5316 1752 5369 evitent:
1786 5332 1836 5370 nec
1856 5316 2010 5371 Favonium

1208 5387 1306 5437 minus.
1339 5385 1427 5436 Alvos
1447 5385 1569 5451 optimas
1591 5399 1607 5437 e
1627 5389 1740 5450 cortice,
1749 5385 1886 5440 secundas
1908 5385 2011 5447 ferula,

1207 5453 1431 5506 tertiasuiminc.
1465 5453 1553 5506 Multi
1568 5469 1617 5508 eas
1635 5462 1665 5509 et
1679 5472 1695 5509 e
1711 5455 1851 5525 speculari
1867 5454 1962 5523 lupide
1974 5453 2013 5506 ie-

1209 5538 1282 5587 cere,
1302 5528 1334 5575 ut
1344 5523 1577 5590 operantesintus
1590 5532 1758 5595 spectarent.
1794 5525 1957 5579 circumlini
1971 5524 2010 5576 sl·
