4374 6014
340 232 403 293 338
451 226 484 288 (3.
514 221 664 285 PLlNll
691 218 901 281 sectioni
929 216 1098 279 NATUR.
1117 211 1318 291 ‚Histoe
1344 212 1426 275 ira.
1452 208 1630 273 xxviii.
1658 210 1752 272 cnr.
1779 214 1899 276 7448.

341 377 448 449 caprini
459 390 559 429 cornus
570 373 614 424 rel
626 371 684 425 limi
695 383 728 421 ex
742 375 832 421 aceto.
867 368 980 421 llircini
993 383 1060 421 rere
1072 366 1139 420 ioci·

339 449 416 503 :ieris
426 445 541 497 dissecti
557 443 648 494 sanies
661 438 813 493 efficacior:
831 442 861 491 et
871 438 941 491 cinis
953 441 1095 505 utriusque
1106 451 1141 489 ex

341 521 408 571 virro
430 522 520 583 potus,
542 513 584 564 vel
604 510 718 562 naribus
738 523 774 561 ex
793 515 873 560 aceto
895 509 996 560 illitus.
1031 507 1142 559 llircinl

343 602 454 656 quoque
464 584 535 635 utris
550 581 650 632 vinarii
666 578 810 631 dumtaxat
827 576 906 640 cinis,
925 592 987 629 cum
1003 579 1065 646 pari
1077 590 1143 644 pon·

345 660 413 710 dere
424 655 544 707 resinae:
563 666 619 718 quo
632 664 733 718 genere
745 648 855 700 sistitur
864 647 988 716 sanguis,
1004 654 1031 700 et
1043 646 1143 697 vulnus

345 727 507 796 glutinatur.
543 720 704 772 lloedinum
723 732 833 786 quoque
849 717 997 785 coagulum
1008 723 1143 779 exaucto,

345 806 375 848 et
385 794 515 846 lentinum
529 790 589 842 eins
600 789 807 841 combustorum
817 787 897 850 einis,
916 786 1049 840 similiter
1058 786 1144 853 polle·

344 880 376 918 re
390 861 549 915 traduntur.
921 900 925 911 .

379 929 503 984 cxxiv,
514 928 637 980 llulcera
647 932 728 979 sanat
739 927 768 979 in
779 927 858 980 tibiis
869 927 1048 993 cruribusque
1058 924 1144 991 adeps

344 1001 464 1061 ursinus,
486 998 610 1049 admixtu
625 997 745 1049 rubrica.
781 1000 860 1060 Quas
877 1012 945 1050 uero
964 1001 1087 1063 serpunt,
1106 993 1144 1047 fel

344 1082 500 1138 aprugnum
514 1082 576 1119 cum
594 1067 689 1118 resina
708 1072 738 1118 et
749 1082 875 1118 cerussa:
895 1067 1071 1118 maxillarum
1083 1063 1146 1130 apri

344 1140 483 1193 relcuom
506 1138 587 1189 cirris:
607 1138 700 1187 limum
722 1151 801 1187 suum
823 1136 925 1188 illitum
941 1137 1059 1188 siccum:
1077 1135 1145 1186 item

346 1211 488 1276 caprinum
500 1221 535 1259 ex
548 1213 627 1257 aceto
638 1204 882 1257 subierr'elactum.
919 1207 1018 1258 Cetera
1028 1218 1146 1271 purgan-

343 1286 392 1330 tur
403 1285 432 1330 et
442 1276 592 1342 explentur
602 1275 722 1341 butyro:
750 1289 850 1327 cornus
863 1275 1081 1336 centimolum,
1101 1271 1145 1324 rel

343 1345 468 1399 medulla
479 1342 564 1392 cerri:
587 1339 654 1389 lelle
670 1343 781 1389 taurino
798 1354 859 1390 cunr
872 1346 988 1406 cyprino
1002 1343 1076 1398 olen,
1097 1347 1146 1386 sut

344 1415 429 1469 irino.
465 1410 574 1462 Fimum
596 1423 694 1459 recens
715 1422 805 1468 suuni,
825 1408 871 1460 uel
888 1407 1036 1460 inveterati
1054 1405 1147 1457 farina

344 1484 464 1538 illinitur
474 1476 635 1529 vulneribus
647 1476 721 1528 lcrro
733 1476 825 1531 laetis.
861 1474 1053 1543 Phageducnis
1065 1481 1095 1527 et
1114 1477 1145 1525 li·

345 1554 429 1607 stulis
440 1549 604 1602 immittitur
614 1547 652 1598 lel
662 1546 811 1606 tauricum
825 1560 906 1596 succo
918 1545 1003 1613 porri,
1016 1550 1064 1595 aut
1075 1543 1147 1595 lacte

344 1617 557 1679 mulierumrel
567 1616 680 1683 sangnis
690 1614 784 1666 aridus
796 1629 857 1665 cunr
868 1615 1038 1683 cotyledone
1051 1612 1146 1665 herba.

346 1689 541 1743 Carcinomata
550 1694 629 1737 curat
641 1684 787 1752 coagulum
801 1684 913 1750 leporis,
932 1699 992 1735 cum
1005 1684 1066 1750 pari
1077 1697 1144 1748 pou·

346 1758 414 1813 dere
431 1757 560 1824 capparis
579 1768 721 1821 aspersum
738 1755 818 1805 vino:
837 1768 1009 1821 gangraenas
1021 1753 1145 1804 ursinum

345 1827 387 1882 tel
403 1842 494 1894 poeria
514 1825 630 1878 illitum:
650 1825 723 1876 asiui
744 1822 910 1891 ungularum
932 1824 999 1875 cinis
1020 1838 1054 1874 ea
1075 1835 1147 1888 quae

346 1904 465 1964 serpunt
484 1894 599 1947 hulcera
619 1895 769 1961 inspersus.
812 1892 932 1961 Sanguis
953 1892 1015 1958 equi
1035 1889 1148 1942 adrodit

348 1982 447 2021 carnes
457 1964 566 2030 septica
576 1963 617 2014 ni:
637 1966 704 2015 item
716 1961 772 2013 linri
780 1962 872 2027 equini
884 1962 1033 2013 inveterati
1043 1960 1147 2012 imilla.

347 2037 391 2090 Eu
401 2050 467 2086 nero
478 2048 549 2100 quae
559 2031 755 2098 phagedaenas
766 2032 905 2082 vocontio
916 2029 1056 2082 hulsetum
1068 2043 1149 2096 gene·

346 2120 388 2168 re,
399 2104 470 2155 corii
481 2100 578 2153 bubuli
589 2101 657 2152 cinis
673 2115 734 2151 cnm
752 2099 843 2171 melle.
880 2101 952 2152 Caro
964 2100 1044 2150 rituli
1055 2114 1148 2152 recen-

346 2176 391 2227 tia
409 2172 525 2223 vuloera
543 2186 597 2221 non
609 2170 713 2237 patitur
733 2169 929 2222 intumescere:
948 2169 1042 2221 linium
1063 2170 1149 2221 bubu-

291 2262 293 2269 ’
346 2243 477 2296 lumcum
490 2240 581 2292 melle.
618 2239 763 2291 Feminam
780 2238 943 2291 ritulicinis
960 2238 1149 2292 sorditlaltul·

348 2327 424 2374 cera,
435 2318 464 2363 et
474 2324 543 2376 quae
557 2308 687 2362 cacoethe
698 2314 805 2371 vocant,
815 2323 831 2359 c
842 2309 914 2362 lacte
925 2309 1049 2362 mulieris
1059 2313 1148 2361 sanat.

347 2382 561 2435 Recentcsvero
574 2379 671 2446 plagas
692 2377 767 2431 ferro
784 2377 889 2441 illatas,
909 2379 1047 2447 glutinum
1061 2379 1148 2431 tauri·

346 2466 414 2503 num
426 2448 615 2516 liquefactum,
626 2448 710 2500 tertio
722 2448 768 2501 dic
779 2448 910 2500 solutum.
946 2449 1051 2501 Caseus
1063 2449 1150 2516 capri·

348 2536 402 2572 nus
412 2520 501 2571 siccus
513 2531 548 2569 ex
559 2524 639 2569 aceto
650 2532 683 2569 ae
693 2519 785 2581 melle,
799 2524 902 2585 purgat
912 2516 1035 2571 bulcem.
1071 2519 1150 2582 Quae

347 2605 415 2643 nero
428 2578 681 2655 serpunt-cohibet
691 2604 784 2641 sevum
803 2603 864 2639 cunr
876 2603 955 2640 cera:
973 2589 1042 2641 item
1054 2586 1150 2639 addita

346 2658 736 2730 piceacsulphurepercurat.
748 2656 1148 2725 Similiterprolicitadcacoe·

348 2729 408 2793 the,
420 2728 503 2781 hoedi
515 2729 649 2780 feminum
662 2728 733 2779 cinis
744 2745 759 2781 e
773 2729 845 2780 lacte
857 2729 1028 2781 melioriallt
1044 2725 1080 2778 ad
1092 2741 1151 2778 car·

274 2842 278 2851 .
347 2799 493 2858 bunculos,
505 2798 563 2849 suis
574 2796 695 2850 leminae
706 2798 849 2851 cerebrum
865 2806 971 2851 tostum
983 2799 1149 2864 illitumque.

383 2865 497 2920 Lxxv.
515 2866 642 2918 Scabiem
654 2865 783 2930 hominis,
804 2868 928 2920 asininae
940 2868 1079 2920 medullae
1091 2882 1150 2918 ma·

348 2939 425 2991 xime
436 2935 558 2999 abolent,
580 2942 609 2988 et
632 2935 727 2988 urinae
742 2937 865 2988 eiusdem
883 2952 945 2989 cum
961 2952 1011 2989 suo
1024 2937 1086 2988 luto
1097 2936 1150 2987 illl·

349 3013 406 3058 tae.
441 3004 580 3071 Butyrum
592 3006 686 3066 etiam,
697 3005 771 3071 quod
783 3008 810 3055 in
822 3007 952 3058 iumentis
967 3007 1078 3073 prolicit
1088 3020 1149 3058 cunt

349 3075 447 3128 resina
463 3072 566 3123 calida:
585 3073 719 3138 glutinum
739 3075 878 3125 taurinum
894 3076 924 3126 in
939 3083 1020 3127 aceto
1032 3076 1149 3143 liquefa-

349 3149 434 3204 ctum,
456 3139 553 3193 addita
564 3141 655 3193 calce:
685 3140 725 3193 iel
737 3144 879 3209 caprinum
892 3159 953 3195 cum
972 3146 1100 3196 aluminis
1113 3146 1150 3196 ci-

348 3228 431 3267 nere:
450 3211 624 3264 boas-limum
635 3211 781 3263 bubulum:
794 3213 907 3266 undeet
919 3228 1019 3266 nomen
1031 3220 1150 3267 traxere.

349 3286 455 3337 Canum
477 3282 587 3333 scabies
613 3287 729 3333 sonatur
749 3282 855 3335 bubulo
874 3284 1010 3351 sanguiue
1031 3287 1149 3336 recenti:

346 3353 517 3419 iterumque,
535 3366 598 3400 enm
610 3350 759 3417 inarescat,
778 3352 862 3415 illito,
885 3360 913 3406 et
924 3362 1037 3422 postero
1049 3353 1094 3406 die
1103 3357 1150 3407 ab·

346 3418 629 3474 lutocinerelixirio.

384 3487 509 3540 Lxxvl.
527 3488 629 3555 Spinae
639 3502 672 3539 ac
681 3487 785 3541 similia
795 3493 904 3559 corpori
914 3492 1099 3546 extrahuntur
1109 3492 1149 3542 le-

347 3558 388 3611 lis
398 3558 596 3609 excrementis:
615 3557 685 3608 item
698 3574 798 3626 caprae
808 3575 842 3612 ex
854 3564 933 3615 rino:
952 3561 1070 3630 coagulo
1081 3574 1149 3626 quo·

349 3639 476 3689 cunque,
495 3624 544 3675 sed
556 3625 675 3676 niaxime
687 3626 791 3693 leporis
802 3664 810 3689 ,
831 3645 891 3679 cum
904 3629 995 3680 thuris
1007 3630 1110 3696 polline
1122 3635 1150 3680 et

349 3694 425 3754 oleo,
445 3699 493 3742 aut
505 3707 565 3743 cum
582 3693 652 3743 visci
668 3700 728 3759 pari
744 3695 873 3762 pondere,
894 3706 942 3749 aut
958 3714 1018 3748 cum
1030 3698 1150 3765 propoli.

350 3761 504 3814 Cicatrices
515 3761 610 3828 nigras
631 3777 725 3813 serum
745 3763 882 3819 asininum
905 3766 1013 3816 reducit
1030 3768 1064 3816 ad
1077 3766 1151 3817 colo·

349 3844 419 3885 rent.
456 3829 507 3882 Fel
517 3829 596 3880 vituli
609 3837 741 3882 extenuet
751 3831 927 3884 calefactum.
965 3833 1067 3885 Medici
1079 3836 1149 3886 adii·

349 3901 429 3953 ciunt
440 3898 582 3968 myrrham
597 3906 626 3951 et
641 3901 696 3951 mel
707 3908 736 3953 et
753 3915 872 3964 crocum,
894 3918 1031 3970 aereaque
1047 3904 1151 3973 pyxide

350 3969 481 4024 cendunt.
516 3968 608 4035 Aliqui
618 3975 648 4021 et
663 3969 759 4023 liorem
770 3971 842 4023 aeris
854 3970 1012 4024 admiscent.

385 4037 525 4092 LXXVll.
544 4038 694 4091 Mulierum
707 4041 886 4109 purgationes
899 4041 1013 4093 adiuvat
1024 4041 1064 4093 iel
1075 4043 1151 4096 tauri

349 4112 380 4162 in
391 4110 455 4161 lanu
466 4108 579 4162 succida
589 4110 758 4177 appositum.
805 4110 949 4180 Olympias
961 4109 1094 4166 Thebana
1105 4112 1151 4165 ad·

351 4178 395 4231 dit
412 4176 564 4248 hyssopum
583 4185 611 4231 et
629 4180 741 4232 nitrum.
776 4181 883 4232 cornus
902 4182 1005 4233 cervini
1022 4184 1092 4235 cinis
1104 4200 1151 4252 po·

349 4257 405 4300 tur.
442 4249 510 4301 ltem
533 4249 628 4299 vulvas
647 4249 817 4313 laborantes,
835 4250 908 4303 illitu
920 4266 1044 4320 quoque:
1063 4260 1092 4305 et
1112 4253 1151 4305 lcl

349 4315 492 4368 taurinum
502 4334 562 4370 cum
583 4321 647 4385 opio
658 4320 813 4387 appositum
826 4321 915 4374 obolis
928 4321 1009 4373 binis.
1047 4321 1151 4375 Vulnus

303 4414 309 4419 -
351 4388 381 4436 et
392 4384 451 4451 pilo
463 4387 573 4440 cerrino
585 4392 676 4441 sullire
687 4388 808 4456 prodest.
828 4391 967 4456 Tradunt,
974 4407 1078 4455 cerras,
1089 4408 1151 4444 cunr

351 4455 491 4507 senserint
509 4473 539 4509 se
560 4458 697 4523 gravidus,
719 4458 843 4524 lapillum
855 4461 1001 4515 devorare:
1021 4478 1101 4528 quem
1123 4463 1151 4514 in

352 4526 537 4576 excrementis
547 4534 698 4594 repertum,
709 4529 797 4579 autin
808 4529 890 4581 vulva
900 4536 973 4592 (nam
989 4538 1018 4583 et
1028 4532 1067 4584 ibi
1078 4535 1152 4584 inve·

352 4591 440 4647 nlturl
462 4594 603 4647 custodire
623 4604 721 4662 partus
742 4597 935 4665 adalligatum.
971 4600 1151 4653 inveniuntur

354 4667 383 4710 et
394 4659 513 4740 ossicula
526 4663 552 4712 in
566 4665 650 4717 corde
661 4672 690 4718 et
705 4667 733 4717 in
744 4666 834 4728 vulva,
855 4683 987 4735 perquam
999 4669 1150 4737 utiliagru·

352 4728 705 4800 sidrsparturientibusque.
741 4732 812 4787 Nam
825 4735 860 4787 de
872 4740 1039 4806 punrice,qui
1050 4740 1077 4789 in
1089 4754 1150 4790 rac·

354 4810 448 4848 carum
459 4804 540 4848 utero
551 4800 635 4853 simili
647 4805 730 4856 niodo
742 4805 890 4867 invenitur,
901 4808 1020 4859 diximus
1030 4811 1057 4858 in
1071 4816 1149 4861 natu·

351 4879 386 4918 ra
397 4865 489 4917 boum.
526 4866 597 4933 Lupi
610 4870 694 4937 adeps
704 4873 795 4924 illitus
807 4874 900 4925 :ulnas
913 4876 1016 4928 mollit:
1037 4876 1149 4930 dolores

352 4936 553 5016 earumiectur.
592 4938 695 4992 carries
706 4941 764 5009 lupi
776 4942 867 4996 edisse
877 4945 1010 5011 parituris
1023 4948 1149 5013 prodest:

352 5005 436 5055 autsi
459 5004 656 5085 incipientibus
681 5013 818 5073 parturire
839 5013 876 5065 sit
899 5017 980 5067 iuxta
992 5014 1149 5083 quiederit,

352 5073 424 5125 adeo
434 5080 466 5125 ut
477 5081 560 5124 etnam
573 5081 671 5125 contra
683 5077 780 5132 illatas
791 5083 890 5134 noxias
901 5084 1004 5137 ualent.
1024 5084 1148 5139 Eundem

351 5143 540 5209 supervenire,
565 5141 750 5206 perniciosum
770 5157 820 5201 est.
856 5151 977 5221 Magnus
996 5160 1024 5207 et
1045 5154 1149 5222 leporis

349 5226 418 5265 usus
429 5209 600 5262 mulieribus.
638 5209 743 5266 Vulras
761 5218 874 5271 adiuret
891 5222 984 5288 pulmo
996 5224 1089 5276 aridus
1101 5240 1150 5291 pn.

287 5311 290 5317 ·
350 5286 407 5331 tus:
421 5279 557 5347 prolluria
568 5280 645 5332 iecur
656 5296 716 5333 curn
728 5284 822 5334 Samia
832 5294 906 5340 terra
917 5306 950 5342 ex
962 5309 1032 5360 aqua
1041 5302 1149 5360 potmn:

349 5352 486 5402 secundas
498 5351 660 5419 coagulum:
683 5359 815 5404 caventur
827 5357 953 5419 pridiana
965 5360 1085 5415 balineo.
1112 5363 1148 5415 ll·

348 5415 430 5469 lltum
442 5434 552 5489 quoque
564 5436 625 5473 eum
642 5436 725 5473 croco
741 5426 771 5475 et
787 5423 863 5487 porri
877 5440 925 5479 soc
982 5432 1093 5491 pellere
1104 5427 1152 5501 ap:

348 5488 483 5557 positum,
504 5492 620 5547 abortus
631 5498 757 5547 mortum
777 5491 903 5563 expellit.
1039 5515 1087 5556 :ae
1107 5501 1147 5559 le·

1192 381 1289 437 porum
1301 366 1331 418 in
1341 363 1412 419 cibis
1424 367 1578 425 sumantur,
1589 376 1681 415 mares
1691 361 1799 431 concipi
1810 361 1998 430 putantlloe

1193 446 1222 492 et
1233 435 1372 490 testiculis
1384 446 1489 496 eorum,
1508 437 1538 484 et
1550 433 1667 500 coagulo
1679 434 1785 499 prolici.
1823 435 1998 501 Conceptus:

1193 508 1300 575 leporis
1318 512 1399 557 utero
1421 508 1560 555 exemtum
1582 500 1716 621 bisssquae
1732 516 1833 571 parere
1854 502 1999 566 desierint,

1193 575 1348 631 restibilem
1370 570 1592 624 foecunditatem
1614 585 1630 621 a
1653 585 1724 623 erre.
1759 570 1813 623 Sed
1827 586 1878 639 pro
1900 586 1998 635 conce·

1195 653 1254 715 pto,
1275 643 1380 713 leporis
1396 642 1503 694 saniem
1523 646 1552 693 et
1567 639 1717 707 mellingi
1733 641 1893 708 propinant.
1928 642 1999 694 ltem

1195 716 1297 783 virgini
1317 727 1413 766 norem
1435 725 1524 779 grana
1541 704 1608 772 liur'i,
1629 716 1660 761 ut
1671 717 1747 761 stent
1758 718 1893 778 perpetuo
1913 726 1999 762 mam·

1196 802 1269 839 mae.
1304 782 1459 852 Coagulum
1475 793 1584 848 quoque
1602 778 1638 831 ob
1650 778 1679 830 id
1696 793 1758 831 cunr
1774 779 1856 833 melle
1866 780 1999 833 illinunt:

1196 854 1370 923 sanguinem,
1392 851 1440 902 ubi
1451 852 1561 902 evulsos
1573 848 1645 915 pilos
1655 848 1763 901 renasci
1776 850 1883 901 nolunt.
1919 848 2000 902 hilla-

1197 923 1389 986 tiouirulrae,
1412 922 1506 972 limum
1523 933 1677 986 aprugnum
1695 917 1842 969 suillumve
1858 933 1921 969 eum
1934 917 1999 971 oleo

1197 995 1271 1048 illini
1284 993 1405 1061 prodest.
1440 990 1588 1041 Ellicaeius
1604 988 1682 1039 sistit
1699 986 1791 1039 farina
1804 986 1886 1050 aridi,
1906 996 1936 1039 ut
1953 988 2001 1040 ad·
2054 1006 2059 1029 ι

1197 1068 1346 1133 spergatur
1356 1059 1474 1130 potioni,
1483 1059 1528 1112 vel
1537 1058 1562 1111 si
1576 1056 1709 1127 grauidae
1720 1065 1769 1108 aut
1780 1071 1932 1124 puerperae
1942 1063 1999 1110 tor·

1198 1140 1342 1203 queantur.
1378 1132 1466 1183 Lacte
1480 1133 1539 1181 suis
1555 1136 1622 1196 poto
1639 1143 1701 1180 eun:
1719 1126 1810 1179 mulso
1830 1126 1999 1179 adiuvantur

1197 1211 1296 1272 partus
1318 1201 1474 1254 mulierum.
1508 1199 1562 1251 Per
1580 1213 1689 1251 seuero
1711 1204 1817 1265 potum,
1839 1196 1999 1249 deficientia

1199 1276 1286 1327 ubera
1299 1285 1495 1340 puerperarum
1506 1268 1605 1336 replet.
1655 1267 1761 1319 Eadem
1774 1267 1931 1319 circumlita
1939 1281 1999 1317 san·

1198 1341 1501 1408 guinsteminaesuie,
1522 1340 1611 1389 minus
1622 1343 1757 1390 crescent.
1792 1334 1940 1398 stantem,
1960 1336 1998 1387 la·

1199 1409 1252 1461 ctis
1265 1405 1368 1459 asinini
1380 1412 1449 1471 potu
1459 1407 1626 1457 mulcentur:
1639 1406 1711 1474 quod
1724 1405 1823 1458 addito
1834 1405 2000 1459 mellosum.

1199 1485 1257 1529 tuni
1270 1483 1298 1529 et
1309 1475 1490 1542 purgationes
1502 1488 1597 1524 eorum
1613 1475 1737 1527 adiurat.
1773 1476 1859 1526 Sanat
1871 1482 1899 1526 et
1909 1473 1999 1524 rulia-

1198 1561 1259 1598 rum
1275 1543 1522 1609 ⁴exbulcernticnes
1533 1543 1655 1594 eiusdem
1676 1544 1803 1595 animalis
1815 1559 1909 1595 sevum
1925 1544 2000 1597 inre·

1199 1622 1331 1677 teratum,
1348 1618 1376 1664 et
1387 1613 1414 1664 in
1424 1610 1530 1664 vellere
1543 1611 1703 1678 appositum
1716 1612 1846 1663 duritiem
1858 1612 2000 1663 ruinarum

1200 1685 1317 1738 emollit.
1336 1682 1430 1734 Perse
1441 1695 1507 1732 vero
1519 1696 1616 1733 recens
1629 1681 1671 1733 rel
1682 1683 1877 1743 inveteratum,
1884 1695 1918 1733 ex
1929 1696 2001 1747 aqua

1199 1754 1313 1815 illitum,
1336 1750 1467 1819 psilotbri
1486 1751 1543 1801 uim
1562 1752 1680 1803 obtinet.
1716 1751 1848 1803 Eiusdem
1872 1749 2000 1802 animalis

1200 1824 1256 1876 lien
1268 1824 1449 1886 inveteratus,
1470 1835 1503 1872 ex
1516 1836 1589 1886 aqua
1601 1821 1690 1871 illitus
1701 1822 1837 1881 mammis,
1860 1818 1999 1870 abundan-

1201 1894 1267 1945 tiam
1285 1892 1366 1944 lacit:
1383 1890 1481 1943 vulsas
1500 1890 1595 1943 sullitu
1616 1889 1740 1957 corrigit.
1777 1889 1903 1958 lingulae
1916 1890 2001 1941 asini·

1201 1978 1252 2015 nae
1262 1965 1372 2014 sullitae
1383 1968 1492 2027 partum
1503 1967 1644 2012 maturant
1655 1996 1663 2023 ,
1684 1967 1715 2011 ut
1725 1960 1769 2011 vel
1781 1960 1896 2012 obortus
1907 1973 2002 2012 esoce·

1201 2039 1260 2084 tur:
1282 2048 1332 2084 nee
1342 2030 1427 2082 aliter
1438 2026 1625 2092 adhibentur,
1648 2029 1778 2097 quoniam
1789 2030 1930 2081 uirentem
1942 2042 2003 2095 par·

1200 2111 1259 2154 tum
1271 2107 1379 2154 necant.
1424 2099 1557 2152 Eiusdem
1569 2100 1695 2152 animalis
1707 2099 1799 2150 limum
1811 2101 1835 2150 si
1846 2113 1943 2152 recens
1953 2098 2004 2149 im·

1201 2178 1337 2240 ponatur,
1357 2169 1495 2239 prolluria
1515 2171 1657 2237 sanguinis
1679 2169 1749 2221 mire
1770 2168 1870 2223 sedare
1891 2167 2003 2219 dieitur.

1202 2242 1261 2294 Nec
1272 2256 1326 2292 non
1338 2250 1367 2293 et
1377 2240 1446 2292 cinis
1458 2240 1581 2294 eiusdem
1594 2240 1661 2301 fiori,
1676 2239 1721 2306 qui
1735 2244 1763 2289 et
1775 2238 1874 2289 rulrae
1887 2237 2005 2305 prodest

1202 2312 1359 2378 impositus.
1371 2310 1443 2377 Equi
1453 2325 1551 2377 spuma
1561 2311 1634 2362 illita
1645 2324 1693 2375 per
1703 2309 1762 2360 dies
1773 2307 1822 2358 XL
1834 2308 2006 2374 priusquam

1202 2381 1320 2450 pdnrrrm
1332 2387 1481 2432 nascantur
1492 2381 1553 2447 pili,
1566 2379 1784 2446 restinguuntur.
1820 2376 1888 2429 ltem
1900 2393 2004 2429 coruus

1204 2451 1308 2504 cervini
1333 2450 1466 2506 decocto:
1487 2451 1600 2511 melius,
1620 2448 1644 2500 si
1666 2448 1790 2500 recentia
1811 2447 1867 2498 sint
1888 2461 2003 2499 cornua.

1202 2522 1290 2574 Lacte
1311 2520 1413 2587 equino
1434 2520 1564 2571 iuvantur
1584 2520 1684 2573 ruinae
1704 2516 1834 2571 collutas.
1876 2514 2004 2576 Quodsi

1203 2598 1328 2643 mortuus
1340 2598 1436 2659 partus
1445 2589 1602 2652 sentiatur,
1622 2586 1713 2641 lichen
1730 2602 1764 2639 ex
1781 2599 1852 2653 aqua
1868 2584 1944 2637 dulei
1955 2599 2003 2652 po·

1203 2668 1247 2713 tus
1259 2661 1345 2714 elicit.
1382 2661 1449 2710 ltem
1460 2660 1580 2725 ungulae
1591 2659 1700 2720 suffitu,
1720 2665 1770 2709 aut
1779 2659 1872 2709 finium
1884 2655 2001 2707 aridum.

1202 2729 1493 2797 anrasprocideotes
1516 2730 1646 2796 butyrum
1668 2726 1790 2779 inlusum
1806 2725 1888 2778 sistit.
1925 2722 2002 2776 lodu-

1202 2811 1291 2853 ratam
1303 2799 1411 2851 sultam
1422 2799 1514 2865 aperit
1530 2797 1569 2850 lel
1586 2800 1720 2850 bubulum
1737 2810 1852 2848 rosaceo
1868 2795 2002 2856 admixto,

1203 2870 1271 2922 ioris
1283 2868 1386 2921 vellere
1398 2882 1457 2918 cunr
1469 2867 1560 2918 resina
1570 2866 1759 2919 terebinthina
1769 2864 1907 2933 imposito.
1920 2866 2003 2916 aiunt

1203 2948 1231 2993 et
1241 2939 1333 2991 suthtu
1345 2936 1403 2987 limi
1415 2952 1430 2987 e
1442 2951 1519 2988 mare
1529 2936 1610 2996 bore,
1620 2935 1797 3002 procidentes
1808 2934 1904 2986 vulvas
1916 2933 2001 2999 repri·

1203 3012 1250 3071 mi,
1266 3015 1362 3078 partus
1379 3006 1515 3057 adimari:
1538 3013 1688 3072 conceptus
1709 3020 1775 3056 uero
1798 3004 1908 3057 vaccini
1922 3001 2002 3055 lactis

1202 3088 1279 3146 potu.
1315 3076 1498 3130 sterilitatem
1511 3074 1546 3126 ob
1557 3081 1652 3142 partus
1666 3075 1842 3125 vexationem
1854 3072 1924 3134 lieri,
1945 3087 2002 3123 cer·

1203 3157 1260 3200 tum
1283 3153 1339 3198 est·
1370 3146 1451 3197 lianc
1463 3144 1603 3197 eiciendari
1619 3143 1764 3210 Olympias
1774 3143 1909 3197 Thebana
1930 3144 2003 3193 allir·

1203 3225 1259 3269 mat
1270 3215 1337 3269 ielle
1348 3217 1469 3277 taurino,
1491 3221 1519 3265 et
1530 3214 1611 3281 adipe
1623 3213 1804 3279 serpentium,
1820 3216 1850 3265 et
1861 3213 2002 3279 aerugine,

1203 3302 1236 3339 ac
1259 3286 1348 3347 nielle,
1368 3284 1512 3337 medicatis
1532 3284 1603 3335 locis
1624 3291 1689 3334 ante
1710 3285 1809 3334 coitus.
1846 3281 2002 3333 vitulinum

1203 3370 1312 3425 quoque
1323 3354 1371 3416 iel,
1382 3356 1409 3406 in
1422 3353 1631 3422 purgationibus
1643 3352 1694 3404 sub
1706 3351 1780 3402 coitu
1792 3366 1933 3418 aspersum
1943 3348 2003 3400 vul·

1202 3442 1262 3487 rue,
1283 3426 1367 3476 etiam
1383 3423 1515 3475 duritiam
1532 3423 1637 3474 ventris
1653 3421 1770 3482 emollit,
1792 3428 1821 3472 et
1836 3419 2004 3487 prollurium

1203 3494 1303 3544 minuit
1323 3493 1454 3544 umbilico
1476 3498 1618 3559 peruncto,
1640 3497 1722 3556 nique
1743 3491 1769 3539 in
1791 3498 1879 3538 totum
1902 3487 2003 3540 rulime

1203 3563 1325 3628 prodest.
1362 3562 1477 3612 Modum
1498 3568 1623 3612 statuunt
1647 3559 1722 3611 fellis
1741 3557 1861 3625 pondere
1883 3555 2004 3621 denarii,

1204 3631 1261 3696 opii
1273 3629 1367 3689 tertia,
1378 3628 1504 3680 admixto
1514 3630 1692 3698 anrygrlolino
1704 3628 1774 3686 oleti,
1795 3632 1925 3690 quantum
1938 3640 2003 3679 essa

1203 3701 1273 3751 satis
1283 3705 1429 3764 appareat:
1452 3697 1505 3750 boe
1524 3699 1553 3748 in
1566 3701 1669 3751 vellere
1690 3698 1842 3762 imponunt.
1877 3694 2002 3747 Masculi

1203 3768 1242 3820 iel
1258 3767 1347 3828 vituli,
1369 3781 1430 3817 cum
1450 3767 1542 3818 mellis
1564 3767 1678 3819 dimidio
1698 3767 1803 3826 tritum,
1824 3772 1953 3816 servatur
1967 3764 2003 3816 ad

1203 3839 1309 3889 vulvas.
1344 3835 1461 3886 Carnem
1481 3837 1564 3889 rituli
1579 3839 1603 3889 si
1620 3853 1679 3888 cmn
1695 3832 1878 3887 aristolochia
1893 3835 2003 3886 inassa·

1203 3914 1260 3959 tam
1272 3905 1354 3959 edant
1366 3908 1441 3957 circa
1452 3915 1623 3973 conceptum,
1640 3921 1729 3958 orares
1741 3905 1879 3972 parituras
1891 3904 2004 3972 promit·

1202 3982 1274 4029 tunt.
1310 3973 1437 4027 Medulla
1448 3975 1530 4026 nltnli
1548 3977 1574 4027 in
1593 3978 1659 4027 nino
1676 3991 1710 4028 ex
1726 3989 1799 4043 aqua
1812 3975 1928 4026 decocta
1940 3988 2001 4025 cum

1203 4059 1278 4108 sero,
1298 4044 1571 4098 eahulcerationibus
1582 4046 1725 4097 vulsarum
1737 4045 1867 4112 imposita
1880 4041 2003 4110 prodest.

1202 4117 1272 4169 ltem
1286 4115 1371 4182 adeps
1387 4116 1526 4182 vulpium,
1546 4123 1806 4184 excrementumque
1823 4113 1930 4165 lelium:
1950 4109 2005 4163 hoc

1204 4202 1265 4239 enm
1288 4189 1381 4238 resina
1401 4193 1430 4236 et
1446 4198 1560 4237 rosaceo
1576 4187 1745 4252 impositum.
1781 4185 1901 4251 Caprino
1919 4196 2004 4234 cornu

1203 4255 1290 4307 suffiri
1302 4254 1422 4315 vulvam,
1438 4255 1616 4306 utilissimum
1628 4261 1737 4322 putant.
1773 4254 1947 4308 silvestrium
1960 4265 2005 4302 ca·

1203 4340 1314 4394 prorum
1335 4325 1447 4391 sanguis
1468 4340 1529 4374 cum
1550 4324 1762 4389 palmanrarina
1780 4325 1853 4392 pilos
1875 4318 2004 4374 detrahit.

1203 4396 1365 4447 Ceterarum
1380 4408 1445 4446 vcro
1457 4393 1503 4458 lel,
1515 4394 1614 4445 callum
1626 4395 1769 4447 vulnerum
1782 4393 1890 4446 emollit
1901 4394 2005 4456 insper-

1203 4481 1273 4526 sum,
1294 4469 1324 4516 et
1339 4480 1356 4514 a
1373 4464 1536 4531 purgatione
1552 4472 1702 4532 conceptus
1718 4464 1791 4514 lecit.
1829 4463 1877 4515 Sic
1896 4472 2005 4530 quoque

1202 4531 1333 4601 psilothri
1342 4533 1384 4583 ris
1396 4532 1523 4596 efficitur,
1539 4534 1563 4584 si
1575 4535 1679 4585 evulsis
1691 4534 1755 4599 pilis
1767 4531 1864 4581 triduo
1876 4536 2004 4582 servetur

1203 4604 1316 4655 illitum.
1352 4600 1528 4665 Prollurium,
1539 4605 1663 4669 quamuis
1675 4603 1849 4657 immensum,
1860 4600 1944 4649 urina
1957 4610 2002 4650 cti·

1203 4689 1269 4740 prae
1279 4679 1346 4739 pota
1359 4673 1431 4733 sisti,
1454 4673 1620 4722 obstetrices
1638 4668 1811 4736 promittunt,
1832 4664 1893 4715 etsi
1905 4665 2005 4718 durum

1205 4743 1339 4794 illinatur.
1376 4742 1540 4792 Membrana
1555 4752 1697 4805 caprarum
1716 4738 1743 4786 in
1763 4748 1818 4800 qua
1833 4739 1929 4800 partus
1948 4736 2006 4789 edi·

1204 4818 1258 4872 tur,
1271 4813 1433 4869 inveterata,
1444 4816 1565 4875 potuque
1577 4815 1668 4858 sumta
1680 4807 1707 4856 in
1719 4804 1791 4863 vino,
1800 4802 1935 4855 secundas
1948 4806 2006 4872 pel·

1201 4881 1242 4932 lit.
1283 4878 1441 4929 lloedorum
1458 4877 1522 4943 pilis
1537 4876 1623 4927 suffiri
1636 4873 1741 4935 ruinas,
1760 4872 1832 4924 rutile
1848 4881 1955 4941 putant,
1975 4880 2005 4928 et

1200 4950 1229 5000 in
1240 4946 1373 5015 prollurio
1386 4946 1529 5012 sanguinis
1540 4943 1686 5013 coagulum
1700 4942 1766 5005 bibi,
1780 4948 1829 4995 aut
1840 4941 2005 5011 hyoscyami

1201 5032 1293 5069 semen
1305 5015 1418 5081 imponi.
1455 5018 1477 5068 E
1499 5015 1569 5067 bore
1589 5014 1713 5065 silvestri
1727 5013 1807 5082 nigro
1828 5015 1852 5065 si
1868 5012 2004 5080 sanguine

1200 5087 1282 5138 ricini
1295 5084 1379 5135 lumbi
1397 5090 1586 5150 perungantur
1596 5083 1706 5135 mulieri
1719 5123 1726 5147 ,
1749 5083 1872 5136 taedium
1883 5080 2002 5134 Veneria

1201 5156 1272 5218 lieri,
1283 5154 1350 5205 dicit
1360 5152 1509 5207 Osthanes.
1545 5155 1619 5206 ldem
1631 5155 1819 5222 antoris,pota
1831 5152 1900 5205 hirei
1911 5153 2003 5212 urina,

1201 5224 1325 5278 adurixto
1337 5231 1450 5292 propter
1464 5223 1605 5276 fastidium
1617 5225 1728 5276 nardo..

1237 5293 1384 5346 hxxvlll.
1402 5292 1557 5344 infantibus
1574 5292 1643 5346 nihil
1663 5295 1767 5363 butyro
1784 5292 1893 5352 utilius,
1912 5305 1961 5356 per
1971 5305 2002 5341 ss

1201 5370 1302 5416 etcum
1315 5363 1414 5415 melle:
1437 5364 1563 5431 privatim
1575 5374 1611 5416 et
1624 5365 1652 5415 in
1671 5364 1835 5421 dentitione,
1857 5358 1929 5412 etad
1941 5360 2001 5427 gio·
2042 5364 2050 5378 '

1201 5436 1291 5498 girus,
1303 5441 1330 5485 et
1342 5434 1376 5483 ad
1389 5435 1445 5483 oris
1456 5432 1576 5485 hulcern.
1613 5434 1692 5486 Dens
1708 5434 1766 5500 lupi
1778 5431 1946 5497 adalligatus
1956 5426 2000 5479 in·

1200 5503 1319 5557 fantium
1339 5518 1458 5570 pavores
1479 5502 1607 5571 prohibet
1619 5540 1629 5568 ,
1661 5503 1852 5572 dentientique
1875 5497 2003 5550 morbos:
