<?xml version="1.0" encoding="UTF-8"?>
<!DOCTYPE html PUBLIC "-//W3C//DTD XHTML 1.0 Transitional//EN"
    "http://www.w3.org/TR/xhtml1/DTD/xhtml1-transitional.dtd">
<html xmlns="http://www.w3.org/1999/xhtml" xml:lang="en" lang="en">
 <head>
  <title>
</title>
<meta http-equiv="Content-Type" content="text/html;charset=utf-8" />
  <meta name='ocr-system' content='tesseract 3.04.00' />
  <meta name='ocr-capabilities' content='ocr_page ocr_carea ocr_par ocr_line ocrx_word'/>
</head>
<body>
  <div class='ocr_page' id='page_1' title='image "./historiaenatura00plingoog_0113.png"; bbox 0 0 4340 6018; ppageno 0'>
   <div class='ocr_carea' id='block_1_1' title="bbox 351 278 1902 374">
    <p class='ocr_par' dir='ltr' id='par_1_1' title="bbox 351 278 1902 374">
     <span class='ocr_line' id='line_1_1' title="bbox 351 278 1902 374; baseline -0.011 -1"><span class='ocrx_word' id='word_1_1' title='bbox 351 313 412 374; x_wconf 73' lang='lat'><strong>¹02</strong></span> <span class='ocrx_word' id='word_1_2' title='bbox 475 309 507 367; x_wconf 85' lang='lat' dir='ltr'><strong>C.</strong></span> <span class='ocrx_word' id='word_1_3' title='bbox 545 278 697 366; x_wconf 61' lang='lat' dir='ltr'><strong>&#39;rain&#39;tt</strong></span> <span class='ocrx_word' id='word_1_4' title='bbox 741 297 944 362; x_wconf 75' lang='lat' dir='ltr'><strong>ancona!</strong></span> <span class='ocrx_word' id='word_1_5' title='bbox 988 294 1153 361; x_wconf 78' lang='lat' dir='ltr'><strong>NATUR.</strong></span> <span class='ocrx_word' id='word_1_6' title='bbox 1196 297 1381 358; x_wconf 70' lang='lat' dir='ltr'><strong>luston</strong></span> <span class='ocrx_word' id='word_1_7' title='bbox 1424 296 1615 358; x_wconf 77' lang='lat' dir='ltr'><strong>aravit.</strong></span> <span class='ocrx_word' id='word_1_8' title='bbox 1658 298 1902 361; x_wconf 47' lang='lat' dir='ltr'><strong>caniani.</strong></span> 
     </span>
    </p>
   </div>
   <div class='ocr_carea' id='block_1_2' title="bbox 349 445 2004 1273">
    <p class='ocr_par' dir='ltr' id='par_1_2' title="bbox 350 445 2004 730">
     <span class='ocr_line' id='line_1_2' title="bbox 350 445 2004 524; baseline -0.005 -14"><span class='ocrx_word' id='word_1_9' title='bbox 350 460 378 510; x_wconf 87' lang='lat' dir='ltr'><strong>id</strong></span> <span class='ocrx_word' id='word_1_10' title='bbox 390 472 451 510; x_wconf 81' lang='lat' dir='ltr'><strong>esse</strong></span> <span class='ocrx_word' id='word_1_11' title='bbox 462 456 550 524; x_wconf 86' lang='lat' dir='ltr'><strong>passis</strong></span> <span class='ocrx_word' id='word_1_12' title='bbox 561 456 688 505; x_wconf 86' lang='lat' dir='ltr'><strong>manibus</strong></span> <span class='ocrx_word' id='word_1_13' title='bbox 707 452 781 501; x_wconf 89' lang='lat' dir='ltr'><strong>inter</strong></span> <span class='ocrx_word' id='word_1_14' title='bbox 791 445 972 513; x_wconf 81' lang='lat' dir='ltr'><strong>longissimas</strong></span> <span class='ocrx_word' id='word_1_15' title='bbox 984 445 1090 513; x_wconf 72' lang='lat' dir='ltr'><strong>digitos</strong></span> <span class='ocrx_word' id='word_1_16' title='bbox 1101 446 1151 498; x_wconf 66' lang='lat' dir='ltr'><strong>op.</strong></span> <span class='ocrx_word' id='word_1_17' title='bbox 1204 447 1260 500; x_wconf 89' lang='lat' dir='ltr'><strong>liae</strong></span> <span class='ocrx_word' id='word_1_18' title='bbox 1271 448 1473 515; x_wconf 86' lang='lat' dir='ltr'><strong>promontoria,</strong></span> <span class='ocrx_word' id='word_1_19' title='bbox 1492 453 1612 500; x_wconf 82' lang='lat' dir='ltr'><strong>exeunte</strong></span> <span class='ocrx_word' id='word_1_20' title='bbox 1622 447 1739 499; x_wconf 88' lang='lat' dir='ltr'><strong>classes</strong></span> <span class='ocrx_word' id='word_1_21' title='bbox 1752 445 1929 516; x_wconf 67' lang='lat' dir='ltr'><strong>Carthaginis</strong></span> <span class='ocrx_word' id='word_1_22' title='bbox 1938 461 2004 517; x_wconf 84' lang='lat' dir='ltr'><strong>por·</strong></span> 
     </span>
     <span class='ocr_line' id='line_1_3' title="bbox 351 513 2002 581; baseline -0.006 -1"><span class='ocrx_word' id='word_1_23' title='bbox 351 534 490 580; x_wconf 86' lang='lat' dir='ltr'><strong>serratum</strong></span> <span class='ocrx_word' id='word_1_24' title='bbox 510 531 571 577; x_wconf 75' lang='lat' dir='ltr'><strong>cstz</strong></span> <span class='ocrx_word' id='word_1_25' title='bbox 594 523 678 573; x_wconf 88' lang='lat' dir='ltr'><strong>sicuti</strong></span> <span class='ocrx_word' id='word_1_26' title='bbox 699 520 773 568; x_wconf 81' lang='lat' dir='ltr'><strong>vires</strong></span> <span class='ocrx_word' id='word_1_27' title='bbox 796 513 911 566; x_wconf 81' lang='lat' dir='ltr'><strong>dextere</strong></span> <span class='ocrx_word' id='word_1_28' title='bbox 932 516 1152 581; x_wconf 83' lang='lat' dir='ltr'><strong>partenraiores,</strong></span> <span class='ocrx_word' id='word_1_29' title='bbox 1205 524 1244 579; x_wconf 90' lang='lat' dir='ltr'><strong>tu,</strong></span> <span class='ocrx_word' id='word_1_30' title='bbox 1265 519 1505 570; x_wconf 85' lang='lat' dir='ltr'><strong>etiamnumerunr</strong></span> <span class='ocrx_word' id='word_1_31' title='bbox 1524 518 1633 567; x_wconf 89' lang='lat' dir='ltr'><strong>narium</strong></span> <span class='ocrx_word' id='word_1_32' title='bbox 1652 516 1755 567; x_wconf 85' lang='lat' dir='ltr'><strong>dicere.</strong></span> <span class='ocrx_word' id='word_1_33' title='bbox 1785 516 1949 569; x_wconf 78' lang='lat' dir='ltr'><strong>Callicrates</strong></span> <span class='ocrx_word' id='word_1_34' title='bbox 1968 533 2002 571; x_wconf 81' lang='lat' dir='ltr'><strong>ex</strong></span> 
     </span>
     <span class='ocr_line' id='line_1_4' title="bbox 353 583 2003 661; baseline -0.003 -16"><span class='ocrx_word' id='word_1_35' title='bbox 353 596 514 661; x_wconf 88' lang='lat' dir='ltr'><strong>quibusdam</strong></span> <span class='ocrx_word' id='word_1_36' title='bbox 534 606 636 659; x_wconf 88' lang='lat' dir='ltr'><strong>aequas</strong></span> <span class='ocrx_word' id='word_1_37' title='bbox 658 597 785 650; x_wconf 81' lang='lat' dir='ltr'><strong>utraque,</strong></span> <span class='ocrx_word' id='word_1_38' title='bbox 808 583 948 650; x_wconf 78' lang='lat' dir='ltr'>aliquibus</span> <span class='ocrx_word' id='word_1_39' title='bbox 970 585 1050 637; x_wconf 82' lang='lat' dir='ltr'><strong>laeva</strong></span> <span class='ocrx_word' id='word_1_40' title='bbox 1069 598 1151 635; x_wconf 88' lang='lat' dir='ltr'><strong>mana</strong></span> <span class='ocrx_word' id='word_1_41' title='bbox 1204 588 1287 638; x_wconf 87' lang='lat' dir='ltr'><strong>chara</strong></span> <span class='ocrx_word' id='word_1_42' title='bbox 1305 588 1438 637; x_wconf 76' lang='lat' dir='ltr'><strong>formicas</strong></span> <span class='ocrx_word' id='word_1_43' title='bbox 1460 592 1488 636; x_wconf 90' lang='lat' dir='ltr'><strong>et</strong></span> <span class='ocrx_word' id='word_1_44' title='bbox 1501 585 1624 636; x_wconf 85' lang='lat' dir='ltr'><strong>allatam</strong></span> <span class='ocrx_word' id='word_1_45' title='bbox 1636 599 1722 652; x_wconf 89' lang='lat' dir='ltr'><strong>parra</strong></span> <span class='ocrx_word' id='word_1_46' title='bbox 1734 584 1951 649; x_wconf 85' lang='lat' dir='ltr'><strong>iecitanimalia,</strong></span> <span class='ocrx_word' id='word_1_47' title='bbox 1972 595 2003 640; x_wconf 91' lang='lat' dir='ltr'><strong>ut</strong></span> 
     </span>
     <span class='ocr_line' id='line_1_5' title="bbox 353 650 2002 730; baseline -0.005 -15"><span class='ocrx_word' id='word_1_48' title='bbox 353 665 513 730; x_wconf 87' lang='lat' dir='ltr'><strong>praecipuas</strong></span> <span class='ocrx_word' id='word_1_49' title='bbox 526 679 532 709; x_wconf 82' lang='grc' dir='ltr'>ι</span> <span class='ocrx_word' id='word_1_50' title='bbox 552 675 602 710; x_wconf 87' lang='lat' dir='ltr'><strong>nec</strong></span> <span class='ocrx_word' id='word_1_51' title='bbox 613 659 640 707; x_wconf 89' lang='lat' dir='ltr'><strong>id</strong></span> <span class='ocrx_word' id='word_1_52' title='bbox 652 667 771 720; x_wconf 90' lang='lat' dir='ltr'><strong>unquam</strong></span> <span class='ocrx_word' id='word_1_53' title='bbox 783 653 811 702; x_wconf 90' lang='lat' dir='ltr'><strong>in</strong></span> <span class='ocrx_word' id='word_1_54' title='bbox 822 650 943 703; x_wconf 84' lang='lat' dir='ltr'><strong>leminis.</strong></span> <span class='ocrx_word' id='word_1_55' title='bbox 1204 663 1296 721; x_wconf 88' lang='lat' dir='ltr'><strong>partes</strong></span> <span class='ocrx_word' id='word_1_56' title='bbox 1308 671 1401 706; x_wconf 86' lang='lat' dir='ltr'><strong>aarum</strong></span> <span class='ocrx_word' id='word_1_57' title='bbox 1423 655 1550 706; x_wconf 75' lang='lat' dir='ltr'><strong>acetaria</strong></span> <span class='ocrx_word' id='word_1_58' title='bbox 1561 656 1634 705; x_wconf 89' lang='lat' dir='ltr'><strong>cerni</strong></span> <span class='ocrx_word' id='word_1_59' title='bbox 1652 669 1706 703; x_wconf 92' lang='lat' dir='ltr'><strong>nun</strong></span> <span class='ocrx_word' id='word_1_60' title='bbox 1720 664 1841 718; x_wconf 69' lang='lat' dir='ltr'><strong>pererrat.</strong></span> <span class='ocrx_word' id='word_1_61' title='bbox 1879 654 2002 722; x_wconf 85' lang='lat' dir='ltr'><strong>Myrme-</strong></span> 
     </span>
    </p>

    <p class='ocr_par' dir='ltr' id='par_1_3' title="bbox 350 720 2003 1006">
     <span class='ocr_line' id='line_1_6' title="bbox 387 720 2002 791; baseline -0.003 -12"><span class='ocrx_word' id='word_1_62' title='bbox 387 729 732 791; x_wconf 83' lang='lat' dir='ltr'><strong>xl&#39;itl.Marespraestare</strong></span> <span class='ocrx_word' id='word_1_63' title='bbox 742 720 909 787; x_wconf 90' lang='lat' dir='ltr'><strong>pondere,et</strong></span> <span class='ocrx_word' id='word_1_64' title='bbox 920 720 1153 774; x_wconf 74' lang='lat' dir='ltr'><strong>defunctui-iren·</strong></span> <span class='ocrx_word' id='word_1_65' title='bbox 1204 724 1278 774; x_wconf 88' lang='lat' dir='ltr'><strong>cides</strong></span> <span class='ocrx_word' id='word_1_66' title='bbox 1291 725 1400 791; x_wconf 89' lang='lat' dir='ltr'><strong>quidam</strong></span> <span class='ocrx_word' id='word_1_67' title='bbox 1413 724 1439 773; x_wconf 92' lang='lat' dir='ltr'><strong>in</strong></span> <span class='ocrx_word' id='word_1_68' title='bbox 1452 722 1546 776; x_wconf 88' lang='lat' dir='ltr'><strong>eodem</strong></span> <span class='ocrx_word' id='word_1_69' title='bbox 1560 737 1661 790; x_wconf 81' lang='lat' dir='ltr'><strong>genere</strong></span> <span class='ocrx_word' id='word_1_70' title='bbox 1672 723 1818 784; x_wconf 89' lang='lat' dir='ltr'><strong>inclaruit,</strong></span> <span class='ocrx_word' id='word_1_71' title='bbox 1840 738 1858 774; x_wconf 91' lang='lat' dir='ltr'><strong>a</strong></span> <span class='ocrx_word' id='word_1_72' title='bbox 1868 739 1920 791; x_wconf 90' lang='lat' dir='ltr'><strong>quo</strong></span> <span class='ocrx_word' id='word_1_73' title='bbox 1933 740 2002 791; x_wconf 88' lang='lat' dir='ltr'><strong>qua·</strong></span> 
     </span>
     <span class='ocr_line' id='line_1_7' title="bbox 353 790 2003 863; baseline -0.005 -11"><span class='ocrx_word' id='word_1_74' title='bbox 353 801 426 852; x_wconf 88' lang='lat' dir='ltr'><strong>tibus</strong></span> <span class='ocrx_word' id='word_1_75' title='bbox 438 812 554 863; x_wconf 83' lang='lat' dir='ltr'><strong>corpora</strong></span> <span class='ocrx_word' id='word_1_76' title='bbox 565 794 684 845; x_wconf 87' lang='lat' dir='ltr'><strong>amnium</strong></span> <span class='ocrx_word' id='word_1_77' title='bbox 696 790 865 851; x_wconf 88' lang='lat' dir='ltr'><strong>animalium,</strong></span> <span class='ocrx_word' id='word_1_78' title='bbox 873 798 901 840; x_wconf 90' lang='lat' dir='ltr'><strong>at</strong></span> <span class='ocrx_word' id='word_1_79' title='bbox 913 790 1151 857; x_wconf 78' lang='lat' dir='ltr'><strong>dormientiavigi-</strong></span> <span class='ocrx_word' id='word_1_80' title='bbox 1203 792 1311 859; x_wconf 82' lang='lat' dir='ltr'><strong>drigam</strong></span> <span class='ocrx_word' id='word_1_81' title='bbox 1319 808 1353 845; x_wconf 84' lang='lat' dir='ltr'><strong>ox</strong></span> <span class='ocrx_word' id='word_1_82' title='bbox 1362 794 1458 845; x_wconf 87' lang='lat' dir='ltr'><strong>eadem</strong></span> <span class='ocrx_word' id='word_1_83' title='bbox 1470 795 1595 853; x_wconf 87' lang='lat' dir='ltr'><strong>materia,</strong></span> <span class='ocrx_word' id='word_1_84' title='bbox 1606 806 1687 857; x_wconf 90' lang='lat' dir='ltr'><strong>quam</strong></span> <span class='ocrx_word' id='word_1_85' title='bbox 1695 806 1788 843; x_wconf 85' lang='lat' dir='ltr'><strong>maaca</strong></span> <span class='ocrx_word' id='word_1_86' title='bbox 1799 794 2003 860; x_wconf 78' lang='lat' dir='ltr'><strong>integeretalis,</strong></span> 
     </span>
     <span class='ocr_line' id='line_1_8' title="bbox 352 846 2003 927; baseline -0.005 -6"><span class='ocrx_word' id='word_1_87' title='bbox 352 857 1151 926; x_wconf 76' lang='lat' dir='ltr'><strong>lantibusvirarumcadaverasupinalluitare,ienrinarum</strong></span> <span class='ocrx_word' id='word_1_88' title='bbox 1204 860 1378 925; x_wconf 74' lang='lat' dir='ltr'><strong>fabricatam,</strong></span> <span class='ocrx_word' id='word_1_89' title='bbox 1400 869 1428 914; x_wconf 94' lang='lat' dir='ltr'><strong>et</strong></span> <span class='ocrx_word' id='word_1_90' title='bbox 1440 875 1546 921; x_wconf 89' lang='lat' dir='ltr'><strong>narem,</strong></span> <span class='ocrx_word' id='word_1_91' title='bbox 1567 846 2003 927; x_wconf 55' lang='lat' dir='ltr'><strong>quanrapiculfflaaiaaberrm-</strong></span> 
     </span>
     <span class='ocr_line' id='line_1_9' title="bbox 350 927 1290 1006; baseline -0.009 -18"><span class='ocrx_word' id='word_1_92' title='bbox 350 951 445 1006; x_wconf 78' lang='lat' dir='ltr'><strong>pirano,</strong></span> <span class='ocrx_word' id='word_1_93' title='bbox 466 932 542 983; x_wconf 87' lang='lat' dir='ltr'><strong>velut</strong></span> <span class='ocrx_word' id='word_1_94' title='bbox 554 931 652 998; x_wconf 93' lang='lat' dir='ltr'><strong>pudori</strong></span> <span class='ocrx_word' id='word_1_95' title='bbox 665 927 858 980; x_wconf 76' lang='lat' dir='ltr'><strong>defunctarum</strong></span> <span class='ocrx_word' id='word_1_96' title='bbox 871 935 1004 995; x_wconf 80' lang='lat' dir='ltr'><strong>parcente</strong></span> <span class='ocrx_word' id='word_1_97' title='bbox 1015 935 1122 979; x_wconf 87' lang='lat' dir='ltr'><strong>natura.</strong></span> <span class='ocrx_word' id='word_1_98' title='bbox 1203 930 1290 983; x_wconf 90' lang='lat' dir='ltr'><strong>deret.</strong></span> 
     </span>
    </p>

    <p class='ocr_par' dir='ltr' id='par_1_4' title="bbox 349 996 2002 1273">
     <span class='ocr_line' id='line_1_10' title="bbox 385 996 2002 1069; baseline -0.004 -12"><span class='ocrx_word' id='word_1_99' title='bbox 385 1003 529 1057; x_wconf 82' lang='lat' dir='ltr'><strong>Concretis</strong></span> <span class='ocrx_word' id='word_1_100' title='bbox 540 999 674 1069; x_wconf 88' lang='lat' dir='ltr'><strong>quasdam</strong></span> <span class='ocrx_word' id='word_1_101' title='bbox 687 998 806 1062; x_wconf 80' lang='lat' dir='ltr'><strong>ossibus,</strong></span> <span class='ocrx_word' id='word_1_102' title='bbox 817 998 921 1050; x_wconf 86' lang='lat' dir='ltr'><strong>acaine</strong></span> <span class='ocrx_word' id='word_1_103' title='bbox 933 996 1065 1048; x_wconf 84' lang='lat' dir='ltr'><strong>modullis</strong></span> <span class='ocrx_word' id='word_1_104' title='bbox 1077 997 1152 1049; x_wconf 85' lang='lat' dir='ltr'><strong>rire·</strong></span> <span class='ocrx_word' id='word_1_105' title='bbox 1237 1000 1323 1051; x_wconf 83' lang='lat' dir='ltr'><strong>xxii.</strong></span> <span class='ocrx_word' id='word_1_106' title='bbox 1341 998 1459 1063; x_wconf 76' lang='lat' dir='ltr'><strong>Auditae</strong></span> <span class='ocrx_word' id='word_1_107' title='bbox 1478 1013 1562 1049; x_wconf 89' lang='lat' dir='ltr'><strong>unum</strong></span> <span class='ocrx_word' id='word_1_108' title='bbox 1585 996 1741 1064; x_wconf 81' lang='lat' dir='ltr'><strong>exemplum</strong></span> <span class='ocrx_word' id='word_1_109' title='bbox 1764 997 1847 1050; x_wconf 89' lang='lat' dir='ltr'><strong>habet</strong></span> <span class='ocrx_word' id='word_1_110' title='bbox 1864 998 2002 1061; x_wconf 88' lang='lat' dir='ltr'><strong>mirabile,</strong></span> 
     </span>
     <span class='ocr_line' id='line_1_11' title="bbox 350 1066 2002 1137; baseline -0.004 -12"><span class='ocrx_word' id='word_1_111' title='bbox 350 1089 380 1125; x_wconf 94' lang='lat' dir='ltr'><strong>re</strong></span> <span class='ocrx_word' id='word_1_112' title='bbox 392 1072 556 1137; x_wconf 86' lang='lat' dir='ltr'><strong>accepimus.</strong></span> <span class='ocrx_word' id='word_1_113' title='bbox 575 1070 689 1133; x_wconf 80' lang='lat' dir='ltr'><strong>Signum</strong></span> <span class='ocrx_word' id='word_1_114' title='bbox 701 1081 797 1119; x_wconf 91' lang='lat' dir='ltr'><strong>earum</strong></span> <span class='ocrx_word' id='word_1_115' title='bbox 809 1081 879 1129; x_wconf 90' lang='lat' dir='ltr'><strong>esse,</strong></span> <span class='ocrx_word' id='word_1_116' title='bbox 890 1082 941 1118; x_wconf 89' lang='lat' dir='ltr'><strong>nec</strong></span> <span class='ocrx_word' id='word_1_117' title='bbox 950 1066 1027 1118; x_wconf 78' lang='lat' dir='ltr'><strong>sitiat</strong></span> <span class='ocrx_word' id='word_1_118' title='bbox 1038 1067 1151 1129; x_wconf 88' lang='lat' dir='ltr'><strong>sentire,</strong></span> <span class='ocrx_word' id='word_1_119' title='bbox 1203 1070 1355 1137; x_wconf 85' lang='lat' dir='ltr'><strong>praelium,</strong></span> <span class='ocrx_word' id='word_1_120' title='bbox 1368 1084 1422 1134; x_wconf 94' lang='lat' dir='ltr'><strong>quo</strong></span> <span class='ocrx_word' id='word_1_121' title='bbox 1434 1067 1548 1135; x_wconf 79' lang='lat' dir='ltr'><strong>Sybaris</strong></span> <span class='ocrx_word' id='word_1_122' title='bbox 1560 1066 1654 1118; x_wconf 88' lang='lat' dir='ltr'><strong>deleta</strong></span> <span class='ocrx_word' id='word_1_123' title='bbox 1665 1074 1715 1129; x_wconf 88' lang='lat' dir='ltr'><strong>est,</strong></span> <span class='ocrx_word' id='word_1_124' title='bbox 1727 1080 1760 1118; x_wconf 89' lang='lat' dir='ltr'><strong>ea</strong></span> <span class='ocrx_word' id='word_1_125' title='bbox 1772 1068 1816 1119; x_wconf 87' lang='lat' dir='ltr'><strong>die</strong></span> <span class='ocrx_word' id='word_1_126' title='bbox 1828 1083 1882 1136; x_wconf 94' lang='lat' dir='ltr'><strong>quo</strong></span> <span class='ocrx_word' id='word_1_127' title='bbox 1894 1077 2002 1136; x_wconf 79' lang='lat' dir='ltr'><strong>gestum</strong></span> 
     </span>
     <span class='ocr_line' id='line_1_12' title="bbox 351 1134 2002 1203; baseline -0.004 -9"><span class='ocrx_word' id='word_1_128' title='bbox 351 1142 538 1194; x_wconf 85' lang='lat' dir='ltr'><strong>necandorem</strong></span> <span class='ocrx_word' id='word_1_129' title='bbox 561 1140 706 1189; x_wconf 83' lang='lat' dir='ltr'><strong>emittere:</strong></span> <span class='ocrx_word' id='word_1_130' title='bbox 728 1149 883 1202; x_wconf 88' lang='lat' dir='ltr'><strong>quanquam</strong></span> <span class='ocrx_word' id='word_1_131' title='bbox 896 1143 924 1188; x_wconf 91' lang='lat' dir='ltr'><strong>et</strong></span> <span class='ocrx_word' id='word_1_132' title='bbox 946 1135 1090 1188; x_wconf 83' lang='lat' dir='ltr'><strong>voluntate</strong></span> <span class='ocrx_word' id='word_1_133' title='bbox 1100 1136 1152 1187; x_wconf 89' lang='lat' dir='ltr'><strong>sci·</strong></span> <span class='ocrx_word' id='word_1_134' title='bbox 1203 1146 1272 1199; x_wconf 88' lang='lat' dir='ltr'><strong>erat,</strong></span> <span class='ocrx_word' id='word_1_135' title='bbox 1285 1137 1408 1188; x_wconf 88' lang='lat' dir='ltr'><strong>auditum</strong></span> <span class='ocrx_word' id='word_1_136' title='bbox 1421 1136 1578 1203; x_wconf 83' lang='lat' dir='ltr'><strong>Olympiae.</strong></span> <span class='ocrx_word' id='word_1_137' title='bbox 1610 1134 1680 1187; x_wconf 87' lang='lat' dir='ltr'><strong>Nara</strong></span> <span class='ocrx_word' id='word_1_138' title='bbox 1692 1136 1846 1188; x_wconf 73' lang='lat' dir='ltr'><strong>Cimbricae</strong></span> <span class='ocrx_word' id='word_1_139' title='bbox 1858 1137 2002 1199; x_wconf 78' lang='lat' dir='ltr'><strong>victuriae,</strong></span> 
     </span>
     <span class='ocr_line' id='line_1_13' title="bbox 349 1192 2002 1273; baseline -0.004 -11"><span class='ocrx_word' id='word_1_140' title='bbox 349 1226 410 1262; x_wconf 82' lang='lat' dir='ltr'><strong>nius</strong></span> <span class='ocrx_word' id='word_1_141' title='bbox 429 1209 504 1260; x_wconf 88' lang='lat' dir='ltr'><strong>sitim</strong></span> <span class='ocrx_word' id='word_1_142' title='bbox 528 1207 645 1257; x_wconf 86' lang='lat' dir='ltr'><strong>rictam:</strong></span> <span class='ocrx_word' id='word_1_143' title='bbox 678 1206 858 1272; x_wconf 86' lang='lat' dir='ltr'><strong>equitemque</strong></span> <span class='ocrx_word' id='word_1_144' title='bbox 879 1207 1031 1256; x_wconf 77' lang='lat' dir='ltr'><strong>Rauranum</strong></span> <span class='ocrx_word' id='word_1_145' title='bbox 1051 1192 1150 1256; x_wconf 83' lang='lat' dir='ltr'><strong>lulium</strong></span> <span class='ocrx_word' id='word_1_146' title='bbox 1204 1209 1386 1273; x_wconf 85' lang='lat' dir='ltr'><strong>Castoresque</strong></span> <span class='ocrx_word' id='word_1_147' title='bbox 1407 1206 1537 1265; x_wconf 82' lang='lat' dir='ltr'><strong>Raniani,</strong></span> <span class='ocrx_word' id='word_1_148' title='bbox 1557 1204 1604 1270; x_wconf 91' lang='lat' dir='ltr'><strong>qui</strong></span> <span class='ocrx_word' id='word_1_149' title='bbox 1616 1204 1754 1256; x_wconf 86' lang='lat' dir='ltr'><strong>Persicam</strong></span> <span class='ocrx_word' id='word_1_150' title='bbox 1777 1206 1921 1257; x_wconf 87' lang='lat' dir='ltr'><strong>rictariam</strong></span> <span class='ocrx_word' id='word_1_151' title='bbox 1941 1207 2002 1273; x_wconf 92' lang='lat' dir='ltr'><strong>ipsa</strong></span> 
     </span>
    </p>
   </div>
   <div class='ocr_carea' id='block_1_3' title="bbox 350 1272 2002 1342">
    <p class='ocr_par' dir='ltr' id='par_1_5' title="bbox 350 1272 2002 1342">
     <span class='ocr_line' id='line_1_14' title="bbox 350 1272 2002 1342; baseline -0.003 -11"><span class='ocrx_word' id='word_1_152' title='bbox 350 1279 494 1331; x_wconf 79' lang='lat' dir='ltr'><strong>Victorem</strong></span> <span class='ocrx_word' id='word_1_153' title='bbox 507 1294 522 1327; x_wconf 89' lang='lat' dir='ltr'><strong>e</strong></span> <span class='ocrx_word' id='word_1_154' title='bbox 533 1274 735 1327; x_wconf 83' lang='lat' dir='ltr'><strong>Vocontiorum</strong></span> <span class='ocrx_word' id='word_1_155' title='bbox 753 1282 835 1341; x_wconf 82' lang='lat' dir='ltr'><strong>genta</strong></span> <span class='ocrx_word' id='word_1_156' title='bbox 845 1272 999 1334; x_wconf 78' lang='lat' dir='ltr'><strong>foederata,</strong></span> <span class='ocrx_word' id='word_1_157' title='bbox 1018 1276 1047 1324; x_wconf 92' lang='lat' dir='ltr'><strong>in</strong></span> <span class='ocrx_word' id='word_1_158' title='bbox 1060 1273 1150 1340; x_wconf 91' lang='lat' dir='ltr'><strong>pupil·</strong></span> <span class='ocrx_word' id='word_1_159' title='bbox 1203 1277 1258 1337; x_wconf 88' lang='lat' dir='ltr'><strong>die,</strong></span> <span class='ocrx_word' id='word_1_160' title='bbox 1268 1290 1322 1341; x_wconf 94' lang='lat' dir='ltr'><strong>quo</strong></span> <span class='ocrx_word' id='word_1_161' title='bbox 1334 1276 1461 1342; x_wconf 84' lang='lat' dir='ltr'><strong>contigit,</strong></span> <span class='ocrx_word' id='word_1_162' title='bbox 1472 1273 1725 1336; x_wconf 79' lang='lat' dir='ltr'><strong>nuntiavere,risus</strong></span> <span class='ocrx_word' id='word_1_163' title='bbox 1732 1280 1760 1325; x_wconf 88' lang='lat' dir='ltr'><strong>et</strong></span> <span class='ocrx_word' id='word_1_164' title='bbox 1771 1277 1911 1326; x_wconf 88' lang='lat' dir='ltr'><strong>numinum</strong></span> <span class='ocrx_word' id='word_1_165' title='bbox 1923 1277 2002 1327; x_wconf 84' lang='lat' dir='ltr'><strong>tuere</strong></span> 
     </span>
    </p>
   </div>
   <div class='ocr_carea' id='block_1_4' title="bbox 347 1342 1152 4302">
    <p class='ocr_par' dir='ltr' id='par_1_6' title="bbox 349 1342 1152 1551">
     <span class='ocr_line' id='line_1_15' title="bbox 350 1342 1152 1412; baseline -0.009 -11"><span class='ocrx_word' id='word_1_166' title='bbox 350 1350 455 1401; x_wconf 88' lang='lat' dir='ltr'><strong>laribus</strong></span> <span class='ocrx_word' id='word_1_167' title='bbox 464 1347 556 1408; x_wconf 86' lang='lat' dir='ltr'><strong>annis,</strong></span> <span class='ocrx_word' id='word_1_168' title='bbox 567 1359 657 1412; x_wconf 90' lang='lat' dir='ltr'><strong>aquae</strong></span> <span class='ocrx_word' id='word_1_169' title='bbox 668 1344 765 1395; x_wconf 83' lang='lat' dir='ltr'><strong>subter</strong></span> <span class='ocrx_word' id='word_1_170' title='bbox 776 1350 866 1393; x_wconf 85' lang='lat' dir='ltr'><strong>cutem</strong></span> <span class='ocrx_word' id='word_1_171' title='bbox 878 1342 957 1394; x_wconf 84' lang='lat' dir='ltr'><strong>lusae</strong></span> <span class='ocrx_word' id='word_1_172' title='bbox 970 1344 1079 1403; x_wconf 87' lang='lat' dir='ltr'><strong>morbo,</strong></span> <span class='ocrx_word' id='word_1_173' title='bbox 1091 1357 1152 1408; x_wconf 90' lang='lat' dir='ltr'><strong>pro·</strong></span> 
     </span>
     <span class='ocr_line' id='line_1_16' title="bbox 350 1410 1150 1473; baseline -0.01 -4"><span class='ocrx_word' id='word_1_174' title='bbox 350 1418 468 1470; x_wconf 88' lang='lat' dir='ltr'><strong>hibitnm</strong></span> <span class='ocrx_word' id='word_1_175' title='bbox 481 1415 596 1466; x_wconf 88' lang='lat' dir='ltr'><strong>humore</strong></span> <span class='ocrx_word' id='word_1_176' title='bbox 606 1431 623 1466; x_wconf 89' lang='lat' dir='ltr'><strong>a</strong></span> <span class='ocrx_word' id='word_1_177' title='bbox 634 1413 760 1473; x_wconf 88' lang='lat' dir='ltr'><strong>medicis,</strong></span> <span class='ocrx_word' id='word_1_178' title='bbox 782 1420 911 1463; x_wconf 87' lang='lat' dir='ltr'><strong>naturam</strong></span> <span class='ocrx_word' id='word_1_179' title='bbox 924 1410 1025 1463; x_wconf 79' lang='lat' dir='ltr'><strong>secisse</strong></span> <span class='ocrx_word' id='word_1_180' title='bbox 1036 1427 1150 1463; x_wconf 85' lang='lat' dir='ltr'><strong>consue·</strong></span> 
     </span>
     <span class='ocr_line' id='line_1_17' title="bbox 349 1480 935 1551; baseline -0.009 -13"><span class='ocrx_word' id='word_1_181' title='bbox 349 1487 455 1547; x_wconf 88' lang='lat' dir='ltr'><strong>tudine,</strong></span> <span class='ocrx_word' id='word_1_182' title='bbox 467 1493 549 1551; x_wconf 89' lang='lat' dir='ltr'><strong>atque</strong></span> <span class='ocrx_word' id='word_1_183' title='bbox 560 1484 587 1534; x_wconf 90' lang='lat' dir='ltr'><strong>in</strong></span> <span class='ocrx_word' id='word_1_184' title='bbox 598 1490 713 1534; x_wconf 89' lang='lat' dir='ltr'><strong>senecta</strong></span> <span class='ocrx_word' id='word_1_185' title='bbox 722 1480 846 1533; x_wconf 88' lang='lat' dir='ltr'><strong>caruisse</strong></span> <span class='ocrx_word' id='word_1_186' title='bbox 857 1489 935 1549; x_wconf 91' lang='lat' dir='ltr'><strong>potu.</strong></span> 
     </span>
    </p>

    <p class='ocr_par' dir='ltr' id='par_1_7' title="bbox 347 1550 1150 2717">
     <span class='ocr_line' id='line_1_18' title="bbox 385 1550 1150 1616; baseline -0.008 -10"><span class='ocrx_word' id='word_1_187' title='bbox 385 1557 518 1607; x_wconf 78' lang='lat' dir='ltr'><strong>Necnon</strong></span> <span class='ocrx_word' id='word_1_188' title='bbox 539 1560 568 1605; x_wconf 92' lang='lat' dir='ltr'><strong>et</strong></span> <span class='ocrx_word' id='word_1_189' title='bbox 589 1552 640 1604; x_wconf 88' lang='lat' dir='ltr'><strong>alli</strong></span> <span class='ocrx_word' id='word_1_190' title='bbox 660 1553 748 1602; x_wconf 86' lang='lat' dir='ltr'><strong>nrulta</strong></span> <span class='ocrx_word' id='word_1_191' title='bbox 763 1550 1009 1616; x_wconf 82' lang='lat' dir='ltr'><strong>sibiinrperarare.</strong></span> <span class='ocrx_word' id='word_1_192' title='bbox 1044 1550 1150 1601; x_wconf 78' lang='lat' dir='ltr'><strong>Ferant</strong></span> 
     </span>
     <span class='ocr_line' id='line_1_19' title="bbox 351 1619 1146 1686; baseline -0.008 -11"><span class='ocrx_word' id='word_1_193' title='bbox 351 1626 490 1686; x_wconf 80' lang='lat' dir='ltr'><strong>Crassum,</strong></span> <span class='ocrx_word' id='word_1_194' title='bbox 501 1637 582 1674; x_wconf 83' lang='lat' dir='ltr'><strong>arum</strong></span> <span class='ocrx_word' id='word_1_195' title='bbox 590 1621 681 1671; x_wconf 86' lang='lat' dir='ltr'><strong>Crassi</strong></span> <span class='ocrx_word' id='word_1_196' title='bbox 693 1624 719 1671; x_wconf 89' lang='lat' dir='ltr'><strong>in</strong></span> <span class='ocrx_word' id='word_1_197' title='bbox 728 1619 838 1670; x_wconf 80' lang='lat' dir='ltr'><strong>Parthia</strong></span> <span class='ocrx_word' id='word_1_198' title='bbox 849 1620 999 1680; x_wconf 78' lang='lat' dir='ltr'><strong>interemti,</strong></span> <span class='ocrx_word' id='word_1_199' title='bbox 1007 1634 1146 1684; x_wconf 88' lang='lat' dir='ltr'><strong>nunquam</strong></span> 
     </span>
     <span class='ocr_line' id='line_1_20' title="bbox 350 1689 1150 1757; baseline -0.005 -13"><span class='ocrx_word' id='word_1_200' title='bbox 350 1694 455 1754; x_wconf 71' lang='lat' dir='ltr'><strong>rislam,</strong></span> <span class='ocrx_word' id='word_1_201' title='bbox 476 1693 510 1743; x_wconf 96' lang='lat' dir='ltr'><strong>ob</strong></span> <span class='ocrx_word' id='word_1_202' title='bbox 522 1691 550 1742; x_wconf 93' lang='lat' dir='ltr'><strong>id</strong></span> <span class='ocrx_word' id='word_1_203' title='bbox 560 1689 719 1757; x_wconf 80' lang='lat' dir='ltr'><strong>Agelastum</strong></span> <span class='ocrx_word' id='word_1_204' title='bbox 742 1697 885 1739; x_wconf 83' lang='lat' dir='ltr'><strong>roratum:</strong></span> <span class='ocrx_word' id='word_1_205' title='bbox 907 1689 979 1739; x_wconf 88' lang='lat' dir='ltr'><strong>sicut</strong></span> <span class='ocrx_word' id='word_1_206' title='bbox 1000 1704 1050 1738; x_wconf 88' lang='lat' dir='ltr'><strong>nec</strong></span> <span class='ocrx_word' id='word_1_207' title='bbox 1070 1689 1150 1740; x_wconf 86' lang='lat' dir='ltr'><strong>ilesse</strong></span> 
     </span>
     <span class='ocr_line' id='line_1_21' title="bbox 350 1756 1150 1824; baseline -0.008 -11"><span class='ocrx_word' id='word_1_208' title='bbox 350 1762 463 1813; x_wconf 87' lang='lat' dir='ltr'><strong>multas.</strong></span> <span class='ocrx_word' id='word_1_209' title='bbox 493 1760 646 1819; x_wconf 79' lang='lat' dir='ltr'><strong>Socratem,</strong></span> <span class='ocrx_word' id='word_1_210' title='bbox 657 1758 762 1809; x_wconf 89' lang='lat' dir='ltr'><strong>alarum</strong></span> <span class='ocrx_word' id='word_1_211' title='bbox 774 1759 922 1824; x_wconf 88' lang='lat' dir='ltr'><strong>sapientia,</strong></span> <span class='ocrx_word' id='word_1_212' title='bbox 933 1756 1029 1809; x_wconf 88' lang='lat' dir='ltr'><strong>eadem</strong></span> <span class='ocrx_word' id='word_1_213' title='bbox 1041 1772 1150 1824; x_wconf 77' lang='lat' dir='ltr'><strong>semper</strong></span> 
     </span>
     <span class='ocr_line' id='line_1_22' title="bbox 352 1826 1149 1893; baseline -0.005 -12"><span class='ocrx_word' id='word_1_214' title='bbox 352 1832 439 1881; x_wconf 83' lang='lat' dir='ltr'><strong>risam</strong></span> <span class='ocrx_word' id='word_1_215' title='bbox 452 1829 537 1890; x_wconf 80' lang='lat' dir='ltr'><strong>vultu,</strong></span> <span class='ocrx_word' id='word_1_216' title='bbox 549 1843 599 1878; x_wconf 88' lang='lat' dir='ltr'><strong>nec</strong></span> <span class='ocrx_word' id='word_1_217' title='bbox 609 1836 659 1878; x_wconf 90' lang='lat' dir='ltr'><strong>aut</strong></span> <span class='ocrx_word' id='word_1_218' title='bbox 670 1826 762 1878; x_wconf 90' lang='lat' dir='ltr'><strong>hilaro</strong></span> <span class='ocrx_word' id='word_1_219' title='bbox 773 1828 863 1893; x_wconf 76' lang='lat' dir='ltr'><strong>magis</strong></span> <span class='ocrx_word' id='word_1_220' title='bbox 874 1835 922 1878; x_wconf 90' lang='lat' dir='ltr'><strong>aut</strong></span> <span class='ocrx_word' id='word_1_221' title='bbox 934 1828 1055 1878; x_wconf 90' lang='lat' dir='ltr'><strong>turbato.</strong></span> <span class='ocrx_word' id='word_1_222' title='bbox 1085 1827 1149 1878; x_wconf 78' lang='lat' dir='ltr'><strong>axii</strong></span> 
     </span>
     <span class='ocr_line' id='line_1_23' title="bbox 349 1895 1149 1963; baseline -0.005 -12"><span class='ocrx_word' id='word_1_223' title='bbox 349 1899 395 1952; x_wconf 88' lang='lat' dir='ltr'><strong>hic</strong></span> <span class='ocrx_word' id='word_1_224' title='bbox 405 1899 490 1950; x_wconf 85' lang='lat' dir='ltr'><strong>animi</strong></span> <span class='ocrx_word' id='word_1_225' title='bbox 501 1904 581 1949; x_wconf 88' lang='lat' dir='ltr'><strong>tenor</strong></span> <span class='ocrx_word' id='word_1_226' title='bbox 592 1895 742 1962; x_wconf 85' lang='lat' dir='ltr'><strong>aliquanda</strong></span> <span class='ocrx_word' id='word_1_227' title='bbox 754 1896 782 1946; x_wconf 92' lang='lat' dir='ltr'><strong>in</strong></span> <span class='ocrx_word' id='word_1_228' title='bbox 793 1897 915 1963; x_wconf 85' lang='lat' dir='ltr'><strong>rigarem</strong></span> <span class='ocrx_word' id='word_1_229' title='bbox 928 1895 1073 1962; x_wconf 87' lang='lat' dir='ltr'><strong>quendam,</strong></span> <span class='ocrx_word' id='word_1_230' title='bbox 1091 1902 1149 1947; x_wconf 88' lang='lat' dir='ltr'><strong>tor·</strong></span> 
     </span>
     <span class='ocr_line' id='line_1_24' title="bbox 348 1962 1149 2033; baseline -0.002 -16"><span class='ocrx_word' id='word_1_231' title='bbox 348 1971 517 2033; x_wconf 83' lang='lat' dir='ltr'><strong>ritatemque</strong></span> <span class='ocrx_word' id='word_1_232' title='bbox 527 1972 643 2018; x_wconf 85' lang='lat' dir='ltr'><strong>naturae</strong></span> <span class='ocrx_word' id='word_1_233' title='bbox 655 1965 752 2016; x_wconf 89' lang='lat' dir='ltr'><strong>duram</strong></span> <span class='ocrx_word' id='word_1_234' title='bbox 765 1971 793 2014; x_wconf 89' lang='lat' dir='ltr'><strong>ot</strong></span> <span class='ocrx_word' id='word_1_235' title='bbox 803 1963 982 2016; x_wconf 82' lang='lat' dir='ltr'><strong>inflexibilem</strong></span> <span class='ocrx_word' id='word_1_236' title='bbox 992 1980 999 2027; x_wconf 82' lang='lat'>3</span> <span class='ocrx_word' id='word_1_237' title='bbox 1020 1962 1149 2015; x_wconf 74' lang='lat' dir='ltr'><strong>allectus·</strong></span> 
     </span>
     <span class='ocr_line' id='line_1_25' title="bbox 350 2029 1149 2105; baseline -0.009 -16"><span class='ocrx_word' id='word_1_238' title='bbox 350 2052 403 2105; x_wconf 85' lang='lat' dir='ltr'><strong>quc</strong></span> <span class='ocrx_word' id='word_1_239' title='bbox 414 2035 549 2087; x_wconf 85' lang='lat' dir='ltr'><strong>humanos</strong></span> <span class='ocrx_word' id='word_1_240' title='bbox 565 2033 673 2095; x_wconf 86' lang='lat' dir='ltr'><strong>adimit,</strong></span> <span class='ocrx_word' id='word_1_241' title='bbox 695 2033 793 2101; x_wconf 89' lang='lat' dir='ltr'><strong>quales</strong></span> <span class='ocrx_word' id='word_1_242' title='bbox 804 2029 917 2088; x_wconf 72' lang='grc' dir='ltr'><strong>ἀπαθεῖς</strong></span> <span class='ocrx_word' id='word_1_243' title='bbox 928 2032 1028 2084; x_wconf 83' lang='lat' dir='ltr'><strong>Graeci</strong></span> <span class='ocrx_word' id='word_1_244' title='bbox 1041 2041 1149 2096; x_wconf 85' lang='lat' dir='ltr'><strong>rorant,</strong></span> 
     </span>
     <span class='ocr_line' id='line_1_26' title="bbox 349 2100 1149 2170; baseline -0.01 -12"><span class='ocrx_word' id='word_1_245' title='bbox 349 2107 452 2158; x_wconf 89' lang='lat' dir='ltr'><strong>multas</strong></span> <span class='ocrx_word' id='word_1_246' title='bbox 472 2105 531 2155; x_wconf 86' lang='lat' dir='ltr'><strong>eius</strong></span> <span class='ocrx_word' id='word_1_247' title='bbox 553 2106 664 2170; x_wconf 85' lang='lat' dir='ltr'><strong>generis</strong></span> <span class='ocrx_word' id='word_1_248' title='bbox 683 2101 809 2168; x_wconf 81' lang='lat' dir='ltr'><strong>experti:</strong></span> <span class='ocrx_word' id='word_1_249' title='bbox 833 2100 961 2167; x_wconf 88' lang='lat' dir='ltr'><strong>quodque</strong></span> <span class='ocrx_word' id='word_1_250' title='bbox 982 2103 1081 2153; x_wconf 89' lang='lat' dir='ltr'><strong>mirum</strong></span> <span class='ocrx_word' id='word_1_251' title='bbox 1102 2104 1149 2165; x_wconf 86' lang='lat' dir='ltr'><strong>sit,</strong></span> 
     </span>
     <span class='ocr_line' id='line_1_27' title="bbox 349 2169 1149 2238; baseline -0.006 -12"><span class='ocrx_word' id='word_1_252' title='bbox 349 2183 478 2226; x_wconf 84' lang='lat' dir='ltr'><strong>sartores</strong></span> <span class='ocrx_word' id='word_1_253' title='bbox 498 2174 619 2224; x_wconf 82' lang='lat' dir='ltr'><strong>marimo</strong></span> <span class='ocrx_word' id='word_1_254' title='bbox 640 2171 808 2236; x_wconf 85' lang='lat' dir='ltr'><strong>sapientiae,</strong></span> <span class='ocrx_word' id='word_1_255' title='bbox 829 2169 982 2237; x_wconf 75' lang='lat' dir='ltr'><strong>Diogenem</strong></span> <span class='ocrx_word' id='word_1_256' title='bbox 1004 2172 1149 2238; x_wconf 83' lang='lat' dir='ltr'><strong>Cynicum,</strong></span> 
     </span>
     <span class='ocr_line' id='line_1_28' title="bbox 350 2238 1148 2311; baseline -0.004 -17"><span class='ocrx_word' id='word_1_257' title='bbox 350 2241 540 2311; x_wconf 80' lang='lat' dir='ltr'><strong>Pyrrhonem,</strong></span> <span class='ocrx_word' id='word_1_258' title='bbox 560 2240 750 2302; x_wconf 79' lang='lat' dir='ltr'><strong>Heraclitum,</strong></span> <span class='ocrx_word' id='word_1_259' title='bbox 771 2241 934 2303; x_wconf 76' lang='lat' dir='ltr'><strong>Timonem,</strong></span> <span class='ocrx_word' id='word_1_260' title='bbox 949 2238 1021 2291; x_wconf 90' lang='lat' dir='ltr'><strong>hunc</strong></span> <span class='ocrx_word' id='word_1_261' title='bbox 1035 2239 1148 2306; x_wconf 88' lang='lat' dir='ltr'><strong>quidem</strong></span> 
     </span>
     <span class='ocr_line' id='line_1_29' title="bbox 348 2306 1149 2376; baseline -0.006 -12"><span class='ocrx_word' id='word_1_262' title='bbox 348 2313 433 2364; x_wconf 87' lang='lat' dir='ltr'><strong>etiam</strong></span> <span class='ocrx_word' id='word_1_263' title='bbox 445 2311 473 2361; x_wconf 90' lang='lat' dir='ltr'><strong>in</strong></span> <span class='ocrx_word' id='word_1_264' title='bbox 485 2311 573 2361; x_wconf 91' lang='lat' dir='ltr'><strong>tatius</strong></span> <span class='ocrx_word' id='word_1_265' title='bbox 585 2310 679 2362; x_wconf 88' lang='lat' dir='ltr'><strong>adiuro</strong></span> <span class='ocrx_word' id='word_1_266' title='bbox 691 2308 802 2376; x_wconf 84' lang='lat' dir='ltr'><strong>generis</strong></span> <span class='ocrx_word' id='word_1_267' title='bbox 815 2306 927 2358; x_wconf 86' lang='lat' dir='ltr'><strong>humani</strong></span> <span class='ocrx_word' id='word_1_268' title='bbox 939 2317 1074 2360; x_wconf 83' lang='lat' dir='ltr'><strong>evectum.</strong></span> <span class='ocrx_word' id='word_1_269' title='bbox 1094 2308 1149 2359; x_wconf 83' lang='lat' dir='ltr'><strong>Sed</strong></span> 
     </span>
     <span class='ocr_line' id='line_1_30' title="bbox 350 2377 1149 2447; baseline -0.005 -14"><span class='ocrx_word' id='word_1_270' title='bbox 350 2382 420 2433; x_wconf 86' lang='lat' dir='ltr'><strong>hare</strong></span> <span class='ocrx_word' id='word_1_271' title='bbox 429 2394 516 2447; x_wconf 89' lang='lat' dir='ltr'><strong>parra</strong></span> <span class='ocrx_word' id='word_1_272' title='bbox 526 2386 644 2431; x_wconf 87' lang='lat' dir='ltr'><strong>naturae</strong></span> <span class='ocrx_word' id='word_1_273' title='bbox 655 2379 709 2428; x_wconf 91' lang='lat' dir='ltr'><strong>insi</strong></span> <span class='ocrx_word' id='word_1_274' title='bbox 731 2379 777 2428; x_wconf 88' lang='lat' dir='ltr'><strong>nia</strong></span> <span class='ocrx_word' id='word_1_275' title='bbox 797 2377 825 2427; x_wconf 92' lang='lat' dir='ltr'><strong>in</strong></span> <span class='ocrx_word' id='word_1_276' title='bbox 838 2377 933 2427; x_wconf 88' lang='lat' dir='ltr'><strong>multis</strong></span> <span class='ocrx_word' id='word_1_277' title='bbox 948 2380 1027 2429; x_wconf 80' lang='lat' dir='ltr'><strong>varia</strong></span> <span class='ocrx_word' id='word_1_278' title='bbox 1048 2392 1149 2446; x_wconf 77' lang='lat' dir='ltr'><strong>cagna-</strong></span> 
     </span>
     <span class='ocr_line' id='line_1_31' title="bbox 350 2446 1148 2513; baseline -0.006 -10"><span class='ocrx_word' id='word_1_279' title='bbox 350 2457 481 2503; x_wconf 86' lang='lat' dir='ltr'><strong>scuntur=</strong></span> <span class='ocrx_word' id='word_1_280' title='bbox 502 2447 702 2500; x_wconf 79' lang='lat' dir='ltr'><strong>utindntonia</strong></span> <span class='ocrx_word' id='word_1_281' title='bbox 742 2446 809 2506; x_wconf 87' lang='lat' dir='ltr'><strong>rusi,</strong></span> <span class='ocrx_word' id='word_1_282' title='bbox 832 2460 969 2512; x_wconf 87' lang='lat' dir='ltr'><strong>nunquam</strong></span> <span class='ocrx_word' id='word_1_283' title='bbox 991 2451 1148 2513; x_wconf 82' lang='lat' dir='ltr'><strong>exspuisse3</strong></span> 
     </span>
     <span class='ocr_line' id='line_1_32' title="bbox 348 2516 1148 2585; baseline -0.004 -14"><span class='ocrx_word' id='word_1_284' title='bbox 348 2521 377 2571; x_wconf 93' lang='lat' dir='ltr'><strong>in</strong></span> <span class='ocrx_word' id='word_1_285' title='bbox 399 2518 554 2585; x_wconf 91' lang='lat' dir='ltr'><strong>Pomponio</strong></span> <span class='ocrx_word' id='word_1_286' title='bbox 575 2516 720 2567; x_wconf 81' lang='lat' dir='ltr'><strong>Consulari</strong></span> <span class='ocrx_word' id='word_1_287' title='bbox 742 2519 836 2582; x_wconf 77' lang='lat' dir='ltr'><strong>patto,</strong></span> <span class='ocrx_word' id='word_1_288' title='bbox 856 2530 993 2583; x_wconf 82' lang='lat' dir='ltr'><strong>nunquam</strong></span> <span class='ocrx_word' id='word_1_289' title='bbox 1014 2523 1148 2568; x_wconf 88' lang='lat' dir='ltr'><strong>ructasse.</strong></span> 
     </span>
     <span class='ocr_line' id='line_1_33' title="bbox 348 2584 1148 2652; baseline -0.008 -14"><span class='ocrx_word' id='word_1_290' title='bbox 348 2588 457 2652; x_wconf 75' lang='lat' dir='ltr'><strong>eribus</strong></span> <span class='ocrx_word' id='word_1_291' title='bbox 463 2589 568 2638; x_wconf 79' lang='lat' dir='ltr'><strong>tratura</strong></span> <span class='ocrx_word' id='word_1_292' title='bbox 578 2591 710 2639; x_wconf 69' lang='lat' dir='ltr'><strong>canneta</strong></span> <span class='ocrx_word' id='word_1_293' title='bbox 719 2589 784 2635; x_wconf 87' lang='lat' dir='ltr'><strong>sunt</strong></span> <span class='ocrx_word' id='word_1_294' title='bbox 795 2599 868 2647; x_wconf 89' lang='lat' dir='ltr'><strong>ossa,</strong></span> <span class='ocrx_word' id='word_1_295' title='bbox 887 2585 934 2651; x_wconf 88' lang='lat' dir='ltr'><strong>qui</strong></span> <span class='ocrx_word' id='word_1_296' title='bbox 953 2590 1018 2635; x_wconf 93' lang='lat' dir='ltr'><strong>sunt</strong></span> <span class='ocrx_word' id='word_1_297' title='bbox 1032 2586 1089 2633; x_wconf 88' lang='lat' dir='ltr'><strong>rari</strong></span> <span class='ocrx_word' id='word_1_298' title='bbox 1101 2584 1148 2633; x_wconf 90' lang='lat' dir='ltr'><strong>ad-</strong></span> 
     </span>
     <span class='ocr_line' id='line_1_34' title="bbox 347 2656 730 2717; baseline -0.008 -9"><span class='ocrx_word' id='word_1_299' title='bbox 347 2656 470 2717; x_wconf 84' lang='lat' dir='ltr'><strong>modum,</strong></span> <span class='ocrx_word' id='word_1_300' title='bbox 480 2656 576 2709; x_wconf 91' lang='lat' dir='ltr'><strong>cornel</strong></span> <span class='ocrx_word' id='word_1_301' title='bbox 587 2660 730 2707; x_wconf 79' lang='lat' dir='ltr'><strong>vocantur.</strong></span> 
     </span>
    </p>

    <p class='ocr_par' dir='ltr' id='par_1_8' title="bbox 347 2720 1149 4302">
     <span class='ocr_line' id='line_1_35' title="bbox 381 2720 1147 2791; baseline -0.008 -13"><span class='ocrx_word' id='word_1_302' title='bbox 381 2726 455 2778; x_wconf 76' lang='lat' dir='ltr'><strong>xlia</strong></span> <span class='ocrx_word' id='word_1_303' title='bbox 473 2727 598 2791; x_wconf 82' lang='lat' dir='ltr'><strong>corpore</strong></span> <span class='ocrx_word' id='word_1_304' title='bbox 617 2738 711 2785; x_wconf 77' lang='lat' dir='ltr'><strong>resec,</strong></span> <span class='ocrx_word' id='word_1_305' title='bbox 730 2721 779 2773; x_wconf 88' lang='lat' dir='ltr'><strong>aad</strong></span> <span class='ocrx_word' id='word_1_306' title='bbox 797 2720 907 2773; x_wconf 80' lang='lat' dir='ltr'><strong>eximiis</strong></span> <span class='ocrx_word' id='word_1_307' title='bbox 919 2720 1026 2772; x_wconf 83' lang='lat' dir='ltr'><strong>viribus</strong></span> <span class='ocrx_word' id='word_1_308' title='bbox 1037 2721 1147 2773; x_wconf 80' lang='lat' dir='ltr'><strong>&#39;l&#39;ritan-</strong></span> 
     </span>
     <span class='ocr_line' id='line_1_36' title="bbox 347 2788 1146 2850; baseline -0.006 -2"><span class='ocrx_word' id='word_1_309' title='bbox 347 2810 410 2848; x_wconf 89' lang='lat' dir='ltr'><strong>num</strong></span> <span class='ocrx_word' id='word_1_310' title='bbox 422 2795 451 2844; x_wconf 88' lang='lat' dir='ltr'><strong>in</strong></span> <span class='ocrx_word' id='word_1_311' title='bbox 482 2794 631 2845; x_wconf 89' lang='lat' dir='ltr'><strong>ladlatario</strong></span> <span class='ocrx_word' id='word_1_312' title='bbox 642 2791 719 2850; x_wconf 91' lang='lat' dir='ltr'><strong>luda,</strong></span> <span class='ocrx_word' id='word_1_313' title='bbox 738 2788 902 2841; x_wconf 82' lang='lat' dir='ltr'><strong>Samnitium</strong></span> <span class='ocrx_word' id='word_1_314' title='bbox 919 2791 1146 2843; x_wconf 88' lang='lat' dir='ltr'><strong>armaturacele·</strong></span> 
     </span>
     <span class='ocr_line' id='line_1_37' title="bbox 347 2811 1149 2929; baseline -0.005 -13"><span class='ocrx_word' id='word_1_315' title='bbox 347 2866 435 2925; x_wconf 89' lang='lat' dir='ltr'><strong>brem,</strong></span> <span class='ocrx_word' id='word_1_316' title='bbox 451 2811 590 2929; x_wconf 48' lang='lat' dir='ltr'><strong>dilutaque</strong></span> <span class='ocrx_word' id='word_1_317' title='bbox 603 2861 662 2912; x_wconf 92' lang='lat' dir='ltr'><strong>eius</strong></span> <span class='ocrx_word' id='word_1_318' title='bbox 673 2858 791 2909; x_wconf 83' lang='lat' dir='ltr'><strong>militani</strong></span> <span class='ocrx_word' id='word_1_319' title='bbox 804 2859 898 2925; x_wconf 77' lang='lat' dir='ltr'><strong>Magni</strong></span> <span class='ocrx_word' id='word_1_320' title='bbox 911 2857 1044 2926; x_wconf 87' lang='lat' dir='ltr'><strong>Pompeii,</strong></span> <span class='ocrx_word' id='word_1_321' title='bbox 1068 2865 1097 2912; x_wconf 87' lang='lat' dir='ltr'><strong>et</strong></span> <span class='ocrx_word' id='word_1_322' title='bbox 1107 2875 1149 2912; x_wconf 91' lang='lat' dir='ltr'><strong>re·</strong></span> 
     </span>
     <span class='ocr_line' id='line_1_38' title="bbox 348 2927 1147 2995; baseline -0.008 -10"><span class='ocrx_word' id='word_1_323' title='bbox 348 2940 410 2985; x_wconf 90' lang='lat' dir='ltr'><strong>atos</strong></span> <span class='ocrx_word' id='word_1_324' title='bbox 422 2936 450 2984; x_wconf 87' lang='lat' dir='ltr'><strong>et</strong></span> <span class='ocrx_word' id='word_1_325' title='bbox 461 2937 634 2982; x_wconf 74' lang='lat' dir='ltr'><strong>transversos</strong></span> <span class='ocrx_word' id='word_1_326' title='bbox 645 2927 819 2978; x_wconf 72' lang='lat' dir='ltr'><strong>mucellatim</strong></span> <span class='ocrx_word' id='word_1_327' title='bbox 836 2935 897 2977; x_wconf 92' lang='lat' dir='ltr'><strong>tata</strong></span> <span class='ocrx_word' id='word_1_328' title='bbox 909 2942 1025 2995; x_wconf 88' lang='lat' dir='ltr'><strong>corpore</strong></span> <span class='ocrx_word' id='word_1_329' title='bbox 1036 2928 1147 2980; x_wconf 90' lang='lat' dir='ltr'><strong>habuis·</strong></span> 
     </span>
     <span class='ocr_line' id='line_1_39' title="bbox 348 2995 1149 3064; baseline -0.005 -11"><span class='ocrx_word' id='word_1_330' title='bbox 348 3018 379 3055; x_wconf 90' lang='lat' dir='ltr'><strong>aa</strong></span> <span class='ocrx_word' id='word_1_331' title='bbox 389 3013 498 3061; x_wconf 81' lang='lat' dir='ltr'><strong>narras,</strong></span> <span class='ocrx_word' id='word_1_332' title='bbox 518 3000 545 3049; x_wconf 88' lang='lat' dir='ltr'><strong>in</strong></span> <span class='ocrx_word' id='word_1_333' title='bbox 557 2996 678 3048; x_wconf 86' lang='lat' dir='ltr'><strong>brachiis</strong></span> <span class='ocrx_word' id='word_1_334' title='bbox 690 2995 773 3047; x_wconf 88' lang='lat' dir='ltr'><strong>etiam</strong></span> <span class='ocrx_word' id='word_1_335' title='bbox 786 2996 978 3064; x_wconf 88' lang='lat' dir='ltr'><strong>manibusque,</strong></span> <span class='ocrx_word' id='word_1_336' title='bbox 995 3004 1149 3049; x_wconf 89' lang='lat' dir='ltr'><strong>auctorest</strong></span> 
     </span>
     <span class='ocr_line' id='line_1_40' title="bbox 348 3064 1147 3134; baseline -0.005 -14"><span class='ocrx_word' id='word_1_337' title='bbox 348 3069 441 3121; x_wconf 76' lang='lat' dir='ltr'><strong>Varro</strong></span> <span class='ocrx_word' id='word_1_338' title='bbox 454 3069 480 3117; x_wconf 88' lang='lat' dir='ltr'><strong>in</strong></span> <span class='ocrx_word' id='word_1_339' title='bbox 497 3067 656 3134; x_wconf 78' lang='lat' dir='ltr'><strong>prodigiosa</strong></span> <span class='ocrx_word' id='word_1_340' title='bbox 670 3065 772 3116; x_wconf 79' lang='lat' dir='ltr'><strong>virium</strong></span> <span class='ocrx_word' id='word_1_341' title='bbox 792 3064 924 3117; x_wconf 81' lang='lat' dir='ltr'><strong>elatione.</strong></span> <span class='ocrx_word' id='word_1_342' title='bbox 961 3068 1050 3134; x_wconf 77' lang='lat' dir='ltr'><strong>Atque</strong></span> <span class='ocrx_word' id='word_1_343' title='bbox 1062 3068 1147 3118; x_wconf 87' lang='lat' dir='ltr'><strong>etiam</strong></span> 
     </span>
     <span class='ocr_line' id='line_1_41' title="bbox 349 3133 1148 3200; baseline -0.004 -13"><span class='ocrx_word' id='word_1_344' title='bbox 349 3136 456 3188; x_wconf 87' lang='lat' dir='ltr'><strong>hastam</strong></span> <span class='ocrx_word' id='word_1_345' title='bbox 470 3135 504 3187; x_wconf 89' lang='lat' dir='ltr'><strong>ab</strong></span> <span class='ocrx_word' id='word_1_346' title='bbox 515 3149 548 3186; x_wconf 90' lang='lat' dir='ltr'><strong>eo</strong></span> <span class='ocrx_word' id='word_1_347' title='bbox 569 3150 603 3186; x_wconf 79' lang='lat' dir='ltr'><strong>er</strong></span> <span class='ocrx_word' id='word_1_348' title='bbox 621 3136 819 3200; x_wconf 81' lang='lat' dir='ltr'><strong>provocatione</strong></span> <span class='ocrx_word' id='word_1_349' title='bbox 837 3133 1025 3198; x_wconf 87' lang='lat' dir='ltr'><strong>dimicantem,</strong></span> <span class='ocrx_word' id='word_1_350' title='bbox 1048 3135 1148 3185; x_wconf 86' lang='lat' dir='ltr'><strong>inermi</strong></span> 
     </span>
     <span class='ocr_line' id='line_1_42' title="bbox 350 3204 1147 3272; baseline -0.004 -15"><span class='ocrx_word' id='word_1_351' title='bbox 350 3206 451 3258; x_wconf 80' lang='lat' dir='ltr'><strong>dextra</strong></span> <span class='ocrx_word' id='word_1_352' title='bbox 460 3219 515 3257; x_wconf 91' lang='lat' dir='ltr'><strong>uno</strong></span> <span class='ocrx_word' id='word_1_353' title='bbox 522 3204 610 3272; x_wconf 82' lang='lat' dir='ltr'><strong>digito</strong></span> <span class='ocrx_word' id='word_1_354' title='bbox 620 3210 790 3270; x_wconf 89' lang='lat' dir='ltr'><strong>superatum,</strong></span> <span class='ocrx_word' id='word_1_355' title='bbox 800 3210 828 3254; x_wconf 90' lang='lat' dir='ltr'><strong>et</strong></span> <span class='ocrx_word' id='word_1_356' title='bbox 838 3210 980 3270; x_wconf 89' lang='lat' dir='ltr'><strong>postremo</strong></span> <span class='ocrx_word' id='word_1_357' title='bbox 991 3209 1147 3270; x_wconf 86' lang='lat' dir='ltr'><strong>correptum</strong></span> 
     </span>
     <span class='ocr_line' id='line_1_43' title="bbox 350 3270 1146 3326; baseline -0.005 0"><span class='ocrx_word' id='word_1_358' title='bbox 350 3276 378 3326; x_wconf 92' lang='lat' dir='ltr'><strong>ln</strong></span> <span class='ocrx_word' id='word_1_359' title='bbox 395 3280 488 3325; x_wconf 87' lang='lat' dir='ltr'><strong>castra</strong></span> <span class='ocrx_word' id='word_1_360' title='bbox 508 3272 681 3323; x_wconf 86' lang='lat' dir='ltr'><strong>translatum.</strong></span> <span class='ocrx_word' id='word_1_361' title='bbox 717 3273 752 3323; x_wconf 77' lang='lat' dir='ltr'><strong>At</strong></span> <span class='ocrx_word' id='word_1_362' title='bbox 765 3270 881 3324; x_wconf 90' lang='lat' dir='ltr'><strong>Vinaias</strong></span> <span class='ocrx_word' id='word_1_363' title='bbox 892 3273 995 3326; x_wconf 86' lang='lat' dir='ltr'><strong>Valens</strong></span> <span class='ocrx_word' id='word_1_364' title='bbox 1008 3275 1108 3323; x_wconf 89' lang='lat' dir='ltr'><strong>meruit</strong></span> <span class='ocrx_word' id='word_1_365' title='bbox 1117 3274 1146 3322; x_wconf 88' lang='lat' dir='ltr'><strong>in</strong></span> 
     </span>
     <span class='ocr_line' id='line_1_44' title="bbox 351 3339 1148 3411; baseline -0.003 -18"><span class='ocrx_word' id='word_1_366' title='bbox 351 3341 567 3411; x_wconf 85' lang='lat' dir='ltr'><strong>praetoriaDiri</strong></span> <span class='ocrx_word' id='word_1_367' title='bbox 577 3343 692 3408; x_wconf 63' lang='lat' dir='ltr'><strong>llufflrsti</strong></span> <span class='ocrx_word' id='word_1_368' title='bbox 704 3341 838 3403; x_wconf 87' lang='lat' dir='ltr'><strong>centurio,</strong></span> <span class='ocrx_word' id='word_1_369' title='bbox 850 3339 977 3393; x_wconf 77' lang='lat' dir='ltr'><strong>uehicula</strong></span> <span class='ocrx_word' id='word_1_370' title='bbox 987 3357 1048 3392; x_wconf 92' lang='lat' dir='ltr'><strong>cum</strong></span> <span class='ocrx_word' id='word_1_371' title='bbox 1061 3341 1148 3393; x_wconf 85' lang='lat' dir='ltr'><strong>caleis</strong></span> 
     </span>
     <span class='ocr_line' id='line_1_45' title="bbox 350 3410 1146 3473; baseline -0.001 -11"><span class='ocrx_word' id='word_1_372' title='bbox 350 3418 462 3473; x_wconf 69' lang='lat' dir='ltr'><strong>onerata,</strong></span> <span class='ocrx_word' id='word_1_373' title='bbox 473 3410 561 3461; x_wconf 86' lang='lat' dir='ltr'><strong>donec</strong></span> <span class='ocrx_word' id='word_1_374' title='bbox 571 3410 790 3473; x_wconf 83' lang='lat' dir='ltr'><strong>exinanirentur,</strong></span> <span class='ocrx_word' id='word_1_375' title='bbox 801 3410 939 3461; x_wconf 87' lang='lat' dir='ltr'><strong>sustinere</strong></span> <span class='ocrx_word' id='word_1_376' title='bbox 949 3410 1063 3461; x_wconf 80' lang='lat' dir='ltr'><strong>salitus:</strong></span> <span class='ocrx_word' id='word_1_377' title='bbox 1086 3425 1146 3461; x_wconf 89' lang='lat' dir='ltr'><strong>car·</strong></span> 
     </span>
     <span class='ocr_line' id='line_1_46' title="bbox 350 3477 1149 3548; baseline -0.001 -17"><span class='ocrx_word' id='word_1_378' title='bbox 350 3489 433 3548; x_wconf 84' lang='lat' dir='ltr'><strong>penta</strong></span> <span class='ocrx_word' id='word_1_379' title='bbox 443 3477 614 3546; x_wconf 88' lang='lat' dir='ltr'><strong>apprehensa</strong></span> <span class='ocrx_word' id='word_1_380' title='bbox 623 3494 679 3529; x_wconf 91' lang='lat' dir='ltr'><strong>una</strong></span> <span class='ocrx_word' id='word_1_381' title='bbox 688 3493 770 3529; x_wconf 88' lang='lat' dir='ltr'><strong>manu</strong></span> <span class='ocrx_word' id='word_1_382' title='bbox 782 3479 910 3539; x_wconf 85' lang='lat' dir='ltr'><strong>retinere,</strong></span> <span class='ocrx_word' id='word_1_383' title='bbox 921 3480 1041 3530; x_wconf 83' lang='lat' dir='ltr'><strong>obnixus</strong></span> <span class='ocrx_word' id='word_1_384' title='bbox 1052 3487 1149 3530; x_wconf 90' lang='lat' dir='ltr'><strong>cantra</strong></span> 
     </span>
     <span class='ocr_line' id='line_1_47' title="bbox 351 3546 1147 3613; baseline -0.003 -13"><span class='ocrx_word' id='word_1_385' title='bbox 351 3549 502 3600; x_wconf 86' lang='lat' dir='ltr'><strong>nitentibus</strong></span> <span class='ocrx_word' id='word_1_386' title='bbox 513 3548 643 3599; x_wconf 85' lang='lat' dir='ltr'><strong>iumentis</strong></span> <span class='ocrx_word' id='word_1_387' title='bbox 655 3565 662 3596; x_wconf 74' lang='lat' dir='ltr'><strong>r</strong></span> <span class='ocrx_word' id='word_1_388' title='bbox 675 3555 702 3597; x_wconf 93' lang='lat' dir='ltr'><strong>et</strong></span> <span class='ocrx_word' id='word_1_389' title='bbox 714 3549 771 3599; x_wconf 89' lang='lat' dir='ltr'><strong>alia</strong></span> <span class='ocrx_word' id='word_1_390' title='bbox 782 3548 899 3599; x_wconf 76' lang='lat' dir='ltr'><strong>mirilico</strong></span> <span class='ocrx_word' id='word_1_391' title='bbox 911 3546 1011 3609; x_wconf 85' lang='lat' dir='ltr'><strong>lacere,</strong></span> <span class='ocrx_word' id='word_1_392' title='bbox 1024 3562 1093 3613; x_wconf 89' lang='lat' dir='ltr'><strong>quae</strong></span> <span class='ocrx_word' id='word_1_393' title='bbox 1104 3548 1147 3598; x_wconf 88' lang='lat' dir='ltr'><strong>iu&#39;·</strong></span> 
     </span>
     <span class='ocr_line' id='line_1_48' title="bbox 351 3615 1147 3684; baseline -0.001 -18"><span class='ocrx_word' id='word_1_394' title='bbox 351 3617 459 3683; x_wconf 87' lang='lat' dir='ltr'><strong>sculpta</strong></span> <span class='ocrx_word' id='word_1_395' title='bbox 473 3622 650 3668; x_wconf 86' lang='lat' dir='ltr'><strong>monumento</strong></span> <span class='ocrx_word' id='word_1_396' title='bbox 671 3618 731 3669; x_wconf 85' lang='lat' dir='ltr'><strong>eins</strong></span> <span class='ocrx_word' id='word_1_397' title='bbox 747 3624 914 3684; x_wconf 87' lang='lat' dir='ltr'><strong>spectantur.</strong></span> <span class='ocrx_word' id='word_1_398' title='bbox 951 3616 1017 3668; x_wconf 90' lang='lat' dir='ltr'><strong>ldea</strong></span> <span class='ocrx_word' id='word_1_399' title='bbox 1028 3615 1066 3666; x_wconf 88' lang='grc' dir='ltr'><strong>Μ.</strong></span> <span class='ocrx_word' id='word_1_400' title='bbox 1078 3616 1147 3668; x_wconf 85' lang='lat' dir='ltr'><strong>Var-</strong></span> 
     </span>
     <span class='ocr_line' id='line_1_49' title="bbox 350 3682 1146 3753; baseline 0.003 -19"><span class='ocrx_word' id='word_1_401' title='bbox 350 3696 381 3734; x_wconf 90' lang='lat' dir='ltr'><strong>ra</strong></span> <span class='ocrx_word' id='word_1_402' title='bbox 393 3699 399 3733; x_wconf 71' lang='grc' dir='ltr'>ε</span> <span class='ocrx_word' id='word_1_403' title='bbox 423 3686 599 3749; x_wconf 85' lang='lat' dir='ltr'><strong>llusticellus,</strong></span> <span class='ocrx_word' id='word_1_404' title='bbox 610 3686 707 3753; x_wconf 87' lang='lat' dir='ltr'><strong>inquit,</strong></span> <span class='ocrx_word' id='word_1_405' title='bbox 718 3686 854 3739; x_wconf 85' lang='lat' dir='ltr'><strong>Hercules</strong></span> <span class='ocrx_word' id='word_1_406' title='bbox 864 3683 1031 3751; x_wconf 87' lang='lat' dir='ltr'><strong>appellatus,</strong></span> <span class='ocrx_word' id='word_1_407' title='bbox 1042 3682 1146 3736; x_wconf 86' lang='lat' dir='ltr'><strong>malam</strong></span> 
     </span>
     <span class='ocr_line' id='line_1_50' title="bbox 349 3753 1147 3820; baseline 0 -16"><span class='ocrx_word' id='word_1_408' title='bbox 349 3765 429 3805; x_wconf 82' lang='lat' dir='ltr'><strong>auum</strong></span> <span class='ocrx_word' id='word_1_409' title='bbox 438 3755 673 3807; x_wconf 87' lang='lat' dir='ltr'><strong>tollebatFusins:</strong></span> <span class='ocrx_word' id='word_1_410' title='bbox 688 3754 797 3806; x_wconf 81' lang='lat' dir='ltr'><strong>Salrias</strong></span> <span class='ocrx_word' id='word_1_411' title='bbox 808 3755 864 3804; x_wconf 90' lang='lat' dir='ltr'><strong>dac</strong></span> <span class='ocrx_word' id='word_1_412' title='bbox 874 3755 1035 3806; x_wconf 88' lang='lat' dir='ltr'><strong>centenaria</strong></span> <span class='ocrx_word' id='word_1_413' title='bbox 1046 3753 1147 3820; x_wconf 84' lang='lat' dir='ltr'><strong>pande·</strong></span> 
     </span>
     <span class='ocr_line' id='line_1_51' title="bbox 348 3821 1148 3891; baseline -0.003 -15"><span class='ocrx_word' id='word_1_414' title='bbox 348 3833 382 3883; x_wconf 68' lang='lat' dir='ltr'><strong>ta</strong></span> <span class='ocrx_word' id='word_1_415' title='bbox 392 3824 515 3891; x_wconf 86' lang='lat' dir='ltr'><strong>pedibus,</strong></span> <span class='ocrx_word' id='word_1_416' title='bbox 526 3823 645 3874; x_wconf 87' lang='lat' dir='ltr'><strong>totidem</strong></span> <span class='ocrx_word' id='word_1_417' title='bbox 657 3823 790 3883; x_wconf 89' lang='lat' dir='ltr'><strong>manibus,</strong></span> <span class='ocrx_word' id='word_1_418' title='bbox 801 3829 829 3873; x_wconf 88' lang='lat' dir='ltr'><strong>et</strong></span> <span class='ocrx_word' id='word_1_419' title='bbox 840 3821 1148 3874; x_wconf 87' lang='lat' dir='ltr'><strong>ducenariaduohume-</strong></span> 
     </span>
     <span class='ocr_line' id='line_1_52' title="bbox 350 3889 1149 3956; baseline -0.004 -11"><span class='ocrx_word' id='word_1_420' title='bbox 350 3896 389 3946; x_wconf 92' lang='lat' dir='ltr'><strong>ris</strong></span> <span class='ocrx_word' id='word_1_421' title='bbox 400 3898 499 3943; x_wconf 89' lang='lat' dir='ltr'><strong>cantra</strong></span> <span class='ocrx_word' id='word_1_422' title='bbox 510 3891 601 3941; x_wconf 88' lang='lat' dir='ltr'><strong>scalas</strong></span> <span class='ocrx_word' id='word_1_423' title='bbox 612 3890 728 3941; x_wconf 78' lang='lat' dir='ltr'><strong>larebat.</strong></span> <span class='ocrx_word' id='word_1_424' title='bbox 747 3889 805 3940; x_wconf 87' lang='lat' dir='ltr'><strong>Nos</strong></span> <span class='ocrx_word' id='word_1_425' title='bbox 816 3904 925 3956; x_wconf 85' lang='lat' dir='ltr'><strong>quoqne</strong></span> <span class='ocrx_word' id='word_1_426' title='bbox 935 3889 1055 3941; x_wconf 77' lang='lat' dir='ltr'><strong>vidintur</strong></span> <span class='ocrx_word' id='word_1_427' title='bbox 1065 3889 1149 3942; x_wconf 80' lang='lat' dir='ltr'><strong>Atha·</strong></span> 
     </span>
     <span class='ocr_line' id='line_1_53' title="bbox 351 3957 1147 4026; baseline 0.001 -16"><span class='ocrx_word' id='word_1_428' title='bbox 351 3969 444 4011; x_wconf 87' lang='lat' dir='ltr'><strong>natum</strong></span> <span class='ocrx_word' id='word_1_429' title='bbox 456 3960 573 4018; x_wconf 86' lang='lat' dir='ltr'><strong>nomine,</strong></span> <span class='ocrx_word' id='word_1_430' title='bbox 591 3957 770 4025; x_wconf 80' lang='lat' dir='ltr'><strong>prodigiosae</strong></span> <span class='ocrx_word' id='word_1_431' title='bbox 780 3958 985 4021; x_wconf 86' lang='lat' dir='ltr'><strong>ostentationis,</strong></span> <span class='ocrx_word' id='word_1_432' title='bbox 998 3960 1147 4026; x_wconf 81' lang='lat' dir='ltr'><strong>quingena·</strong></span> 
     </span>
     <span class='ocr_line' id='line_1_54' title="bbox 350 4025 1148 4096; baseline 0 -17"><span class='ocrx_word' id='word_1_433' title='bbox 350 4031 393 4080; x_wconf 90' lang='lat' dir='ltr'><strong>rla</strong></span> <span class='ocrx_word' id='word_1_434' title='bbox 406 4029 520 4080; x_wconf 88' lang='lat' dir='ltr'><strong>thorace</strong></span> <span class='ocrx_word' id='word_1_435' title='bbox 529 4026 658 4093; x_wconf 86' lang='lat' dir='ltr'><strong>plumbea</strong></span> <span class='ocrx_word' id='word_1_436' title='bbox 669 4025 804 4089; x_wconf 89' lang='lat' dir='ltr'><strong>indutum,</strong></span> <span class='ocrx_word' id='word_1_437' title='bbox 814 4025 1010 4094; x_wconf 88' lang='lat' dir='ltr'><strong>cothurnisque</strong></span> <span class='ocrx_word' id='word_1_438' title='bbox 1017 4028 1148 4096; x_wconf 79' lang='lat' dir='ltr'><strong>quingen·</strong></span> 
     </span>
     <span class='ocr_line' id='line_1_55' title="bbox 349 4094 1146 4164; baseline -0.001 -15"><span class='ocrx_word' id='word_1_439' title='bbox 349 4106 439 4149; x_wconf 88' lang='lat' dir='ltr'><strong>torum</strong></span> <span class='ocrx_word' id='word_1_440' title='bbox 453 4097 544 4164; x_wconf 89' lang='lat' dir='ltr'><strong>pando</strong></span> <span class='ocrx_word' id='word_1_441' title='bbox 556 4094 704 4146; x_wconf 87' lang='lat' dir='ltr'><strong>calciatum</strong></span> <span class='ocrx_word' id='word_1_442' title='bbox 725 4109 774 4162; x_wconf 88' lang='lat' dir='ltr'><strong>par</strong></span> <span class='ocrx_word' id='word_1_443' title='bbox 783 4110 893 4147; x_wconf 87' lang='lat' dir='ltr'><strong>scenam</strong></span> <span class='ocrx_word' id='word_1_444' title='bbox 905 4095 1022 4163; x_wconf 76' lang='lat' dir='ltr'><strong>ingredi.</strong></span> <span class='ocrx_word' id='word_1_445' title='bbox 1052 4098 1081 4148; x_wconf 83' lang='lat'><strong>0.</strong></span> <span class='ocrx_word' id='word_1_446' title='bbox 1092 4098 1146 4148; x_wconf 87' lang='lat' dir='ltr'><strong>Mi-</strong></span> 
     </span>
     <span class='ocr_line' id='line_1_56' title="bbox 348 4165 1147 4233; baseline 0 -14"><span class='ocrx_word' id='word_1_447' title='bbox 348 4168 440 4221; x_wconf 91' lang='lat' dir='ltr'><strong>lonem</strong></span> <span class='ocrx_word' id='word_1_448' title='bbox 452 4166 596 4227; x_wconf 83' lang='lat' dir='ltr'><strong>athletam,</strong></span> <span class='ocrx_word' id='word_1_449' title='bbox 606 4178 667 4215; x_wconf 84' lang='lat' dir='ltr'><strong>curu</strong></span> <span class='ocrx_word' id='word_1_450' title='bbox 676 4165 857 4225; x_wconf 73' lang='lat' dir='ltr'><strong>constitisset,</strong></span> <span class='ocrx_word' id='word_1_451' title='bbox 868 4166 1147 4233; x_wconf 75' lang='lat' dir='ltr'><strong>nemarestigioedu·</strong></span> 
     </span>
     <span class='ocr_line' id='line_1_57' title="bbox 350 4232 1084 4302; baseline -0.004 -12"><span class='ocrx_word' id='word_1_452' title='bbox 350 4237 445 4290; x_wconf 78' lang='lat' dir='ltr'><strong>orbat:</strong></span> <span class='ocrx_word' id='word_1_453' title='bbox 463 4237 563 4288; x_wconf 88' lang='lat' dir='ltr'><strong>malurn</strong></span> <span class='ocrx_word' id='word_1_454' title='bbox 577 4233 683 4287; x_wconf 91' lang='lat' dir='ltr'><strong>tenenti</strong></span> <span class='ocrx_word' id='word_1_455' title='bbox 695 4247 776 4284; x_wconf 81' lang='lat' dir='ltr'><strong>aenio</strong></span> <span class='ocrx_word' id='word_1_456' title='bbox 787 4232 904 4300; x_wconf 82' lang='lat' dir='ltr'><strong>digitum</strong></span> <span class='ocrx_word' id='word_1_457' title='bbox 916 4234 1084 4302; x_wconf 75' lang='lat' dir='ltr'><strong>corrigebat.</strong></span> 
     </span>
    </p>
   </div>
   <div class='ocr_carea' id='block_1_5' title="bbox 1198 1360 2007 4305">
    <p class='ocr_par' dir='ltr' id='par_1_9' title="bbox 1201 1360 2003 1894">
     <span class='ocr_line' id='line_1_58' title="bbox 1223 1360 1358 1412; baseline -0.015 -15"><span class='ocrx_word' id='word_1_458' title='bbox 1223 1360 1358 1412; x_wconf 80' lang='lat' dir='ltr'><strong>racsagra.</strong></span> 
     </span>
     <span class='ocr_line' id='line_1_59' title="bbox 1203 1360 2002 1478; baseline 0.001 -13"><span class='ocrx_word' id='word_1_459' title='bbox 1203 1360 1220 1413; x_wconf 62' lang='lat' dir='ltr'><strong>p</strong></span> <span class='ocrx_word' id='word_1_460' title='bbox 1237 1413 1335 1466; x_wconf 83' lang='lat' dir='ltr'><strong>xxiii.</strong></span> <span class='ocrx_word' id='word_1_461' title='bbox 1356 1414 1494 1466; x_wconf 89' lang='lat' dir='ltr'><strong>Patientia</strong></span> <span class='ocrx_word' id='word_1_462' title='bbox 1503 1412 1638 1478; x_wconf 87' lang='lat' dir='ltr'><strong>corporis,</strong></span> <span class='ocrx_word' id='word_1_463' title='bbox 1654 1419 1687 1463; x_wconf 89' lang='lat' dir='ltr'><strong>ut</strong></span> <span class='ocrx_word' id='word_1_464' title='bbox 1699 1418 1743 1464; x_wconf 90' lang='lat' dir='ltr'><strong>est</strong></span> <span class='ocrx_word' id='word_1_465' title='bbox 1753 1413 1849 1465; x_wconf 89' lang='lat' dir='ltr'><strong>crebra</strong></span> <span class='ocrx_word' id='word_1_466' title='bbox 1858 1426 1919 1464; x_wconf 86' lang='lat' dir='ltr'><strong>aars</strong></span> <span class='ocrx_word' id='word_1_467' title='bbox 1930 1414 2002 1466; x_wconf 86' lang='lat' dir='ltr'><strong>cala·</strong></span> 
     </span>
     <span class='ocr_line' id='line_1_60' title="bbox 1202 1482 2001 1548; baseline 0 -14"><span class='ocrx_word' id='word_1_468' title='bbox 1202 1484 1340 1547; x_wconf 86' lang='lat' dir='ltr'><strong>mitatum,</strong></span> <span class='ocrx_word' id='word_1_469' title='bbox 1361 1483 1505 1534; x_wconf 87' lang='lat' dir='ltr'><strong>innumera</strong></span> <span class='ocrx_word' id='word_1_470' title='bbox 1524 1482 1691 1533; x_wconf 87' lang='lat' dir='ltr'><strong>documenta</strong></span> <span class='ocrx_word' id='word_1_471' title='bbox 1711 1483 1829 1548; x_wconf 87' lang='lat' dir='ltr'><strong>peperit.</strong></span> <span class='ocrx_word' id='word_1_472' title='bbox 1874 1483 2001 1534; x_wconf 78' lang='lat' dir='ltr'><strong>Clarissi-</strong></span> 
     </span>
     <span class='ocr_line' id='line_1_61' title="bbox 1203 1551 2002 1619; baseline 0.001 -16"><span class='ocrx_word' id='word_1_473' title='bbox 1203 1568 1275 1604; x_wconf 90' lang='lat' dir='ltr'><strong>mum</strong></span> <span class='ocrx_word' id='word_1_474' title='bbox 1288 1556 1316 1603; x_wconf 90' lang='lat' dir='ltr'><strong>in</strong></span> <span class='ocrx_word' id='word_1_475' title='bbox 1329 1553 1437 1604; x_wconf 86' lang='lat' dir='ltr'><strong>leminis</strong></span> <span class='ocrx_word' id='word_1_476' title='bbox 1448 1551 1576 1602; x_wconf 83' lang='lat' dir='ltr'><strong>Leaenae</strong></span> <span class='ocrx_word' id='word_1_477' title='bbox 1587 1551 1756 1611; x_wconf 89' lang='lat' dir='ltr'><strong>meretricis,</strong></span> <span class='ocrx_word' id='word_1_478' title='bbox 1777 1566 1849 1619; x_wconf 87' lang='lat' dir='ltr'><strong>quae</strong></span> <span class='ocrx_word' id='word_1_479' title='bbox 1858 1556 1934 1603; x_wconf 91' lang='lat' dir='ltr'><strong>torta</strong></span> <span class='ocrx_word' id='word_1_480' title='bbox 1948 1566 2002 1604; x_wconf 92' lang='lat' dir='ltr'><strong>aon</strong></span> 
     </span>
     <span class='ocr_line' id='line_1_62' title="bbox 1202 1620 2001 1687; baseline 0 -15"><span class='ocrx_word' id='word_1_481' title='bbox 1202 1621 1522 1673; x_wconf 87' lang='lat' dir='ltr'><strong>indicaritllarmadium</strong></span> <span class='ocrx_word' id='word_1_482' title='bbox 1536 1620 1787 1686; x_wconf 76' lang='lat' dir='ltr'><strong>atdristagitaaem</strong></span> <span class='ocrx_word' id='word_1_483' title='bbox 1796 1621 2001 1687; x_wconf 52' lang='lat' dir='ltr'><strong>&amp;rannicidasr</strong></span> 
     </span>
     <span class='ocr_line' id='line_1_63' title="bbox 1201 1687 2003 1757; baseline 0 -16"><span class='ocrx_word' id='word_1_484' title='bbox 1201 1691 1229 1741; x_wconf 92' lang='lat' dir='ltr'><strong>in</strong></span> <span class='ocrx_word' id='word_1_485' title='bbox 1241 1692 1308 1742; x_wconf 87' lang='lat' dir='ltr'><strong>viris</strong></span> <span class='ocrx_word' id='word_1_486' title='bbox 1319 1687 1487 1751; x_wconf 79' lang='lat' dir='ltr'><strong>Anaxarchi,</strong></span> <span class='ocrx_word' id='word_1_487' title='bbox 1507 1689 1555 1756; x_wconf 90' lang='lat' dir='ltr'><strong>qai</strong></span> <span class='ocrx_word' id='word_1_488' title='bbox 1571 1689 1658 1739; x_wconf 87' lang='lat' dir='ltr'><strong>simili</strong></span> <span class='ocrx_word' id='word_1_489' title='bbox 1675 1689 1709 1740; x_wconf 89' lang='lat' dir='ltr'><strong>de</strong></span> <span class='ocrx_word' id='word_1_490' title='bbox 1727 1703 1879 1741; x_wconf 84' lang='lat' dir='ltr'><strong>causacum</strong></span> <span class='ocrx_word' id='word_1_491' title='bbox 1892 1698 2003 1757; x_wconf 86' lang='lat' dir='ltr'><strong>torque·</strong></span> 
     </span>
     <span class='ocr_line' id='line_1_64' title="bbox 1201 1757 2001 1826; baseline -0.001 -14"><span class='ocrx_word' id='word_1_492' title='bbox 1201 1766 1292 1821; x_wconf 87' lang='lat' dir='ltr'><strong>retur,</strong></span> <span class='ocrx_word' id='word_1_493' title='bbox 1309 1773 1468 1825; x_wconf 84' lang='lat' dir='ltr'><strong>praerosam</strong></span> <span class='ocrx_word' id='word_1_494' title='bbox 1480 1757 1610 1809; x_wconf 89' lang='lat' dir='ltr'><strong>dentibus</strong></span> <span class='ocrx_word' id='word_1_495' title='bbox 1628 1757 1759 1826; x_wconf 72' lang='lat' dir='ltr'><strong>lingnam,</strong></span> <span class='ocrx_word' id='word_1_496' title='bbox 1774 1773 1911 1825; x_wconf 76' lang='lat' dir='ltr'><strong>urnamque</strong></span> <span class='ocrx_word' id='word_1_497' title='bbox 1922 1774 2001 1826; x_wconf 84' lang='lat' dir='ltr'><strong>sporn</strong></span> 
     </span>
     <span class='ocr_line' id='line_1_65' title="bbox 1201 1827 1643 1894; baseline -0.005 -14"><span class='ocrx_word' id='word_1_498' title='bbox 1201 1828 1307 1889; x_wconf 88' lang='lat' dir='ltr'><strong>indicii,</strong></span> <span class='ocrx_word' id='word_1_499' title='bbox 1320 1830 1349 1879; x_wconf 90' lang='lat' dir='ltr'><strong>in</strong></span> <span class='ocrx_word' id='word_1_500' title='bbox 1361 1836 1373 1879; x_wconf 92' lang='lat' dir='ltr'><strong>t</strong></span> <span class='ocrx_word' id='word_1_501' title='bbox 1396 1831 1471 1878; x_wconf 88' lang='lat' dir='ltr'><strong>ranni</strong></span> <span class='ocrx_word' id='word_1_502' title='bbox 1483 1843 1514 1879; x_wconf 90' lang='lat' dir='ltr'><strong>as</strong></span> <span class='ocrx_word' id='word_1_503' title='bbox 1525 1827 1643 1894; x_wconf 82' lang='lat' dir='ltr'><strong>exspuit.</strong></span> 
     </span>
    </p>

    <p class='ocr_par' dir='ltr' id='par_1_10' title="bbox 1199 1894 2007 3477">
     <span class='ocr_line' id='line_1_66' title="bbox 1236 1894 2004 1958; baseline -0.004 -7"><span class='ocrx_word' id='word_1_504' title='bbox 1236 1897 1337 1951; x_wconf 81' lang='lat' dir='ltr'><strong>xxiv.</strong></span> <span class='ocrx_word' id='word_1_505' title='bbox 1404 1896 1501 1958; x_wconf 89' lang='lat' dir='ltr'><strong>maria,</strong></span> <span class='ocrx_word' id='word_1_506' title='bbox 1523 1899 1708 1948; x_wconf 84' lang='lat' dir='ltr'><strong>necessarium</strong></span> <span class='ocrx_word' id='word_1_507' title='bbox 1733 1894 1938 1948; x_wconf 77' lang='lat' dir='ltr'><strong>maximevitae</strong></span> <span class='ocrx_word' id='word_1_508' title='bbox 1954 1897 2004 1948; x_wconf 92' lang='lat' dir='ltr'><strong>ba·</strong></span> 
     </span>
     <span class='ocr_line' id='line_1_67' title="bbox 1202 1961 2004 2033; baseline -0.001 -14"><span class='ocrx_word' id='word_1_509' title='bbox 1202 1983 1275 2029; x_wconf 89' lang='lat' dir='ltr'><strong>num,</strong></span> <span class='ocrx_word' id='word_1_510' title='bbox 1286 1967 1330 2018; x_wconf 90' lang='lat' dir='ltr'><strong>cui</strong></span> <span class='ocrx_word' id='word_1_511' title='bbox 1343 1965 1503 2033; x_wconf 86' lang='lat' dir='ltr'><strong>praecipua,</strong></span> <span class='ocrx_word' id='word_1_512' title='bbox 1510 1962 1581 2017; x_wconf 89' lang='lat' dir='ltr'><strong>haud</strong></span> <span class='ocrx_word' id='word_1_513' title='bbox 1594 1965 1679 2017; x_wconf 79' lang='lat' dir='ltr'><strong>facila</strong></span> <span class='ocrx_word' id='word_1_514' title='bbox 1690 1961 1766 2015; x_wconf 88' lang='lat' dir='ltr'><strong>dictu</strong></span> <span class='ocrx_word' id='word_1_515' title='bbox 1776 1968 1827 2022; x_wconf 86' lang='lat' dir='ltr'><strong>est,</strong></span> <span class='ocrx_word' id='word_1_516' title='bbox 1838 1972 1892 2016; x_wconf 88' lang='lat' dir='ltr'><strong>tam</strong></span> <span class='ocrx_word' id='word_1_517' title='bbox 1906 1965 2004 2018; x_wconf 87' lang='lat' dir='ltr'><strong>multis</strong></span> 
     </span>
     <span class='ocr_line' id='line_1_68' title="bbox 1202 2033 2003 2104; baseline 0 -17"><span class='ocrx_word' id='word_1_518' title='bbox 1202 2037 1319 2104; x_wconf 81' lang='lat' dir='ltr'><strong>gloriam</strong></span> <span class='ocrx_word' id='word_1_519' title='bbox 1333 2037 1393 2088; x_wconf 87' lang='lat' dir='ltr'><strong>eius</strong></span> <span class='ocrx_word' id='word_1_520' title='bbox 1406 2035 1523 2102; x_wconf 86' lang='lat' dir='ltr'><strong>adeptis.</strong></span> <span class='ocrx_word' id='word_1_521' title='bbox 1559 2036 1648 2102; x_wconf 83' lang='lat' dir='ltr'><strong>Cyrus</strong></span> <span class='ocrx_word' id='word_1_522' title='bbox 1658 2048 1708 2086; x_wconf 83' lang='lat' dir='ltr'><strong>rex</strong></span> <span class='ocrx_word' id='word_1_523' title='bbox 1721 2033 1847 2087; x_wconf 85' lang='lat' dir='ltr'><strong>amnibus</strong></span> <span class='ocrx_word' id='word_1_524' title='bbox 1859 2036 1885 2084; x_wconf 91' lang='lat' dir='ltr'><strong>in</strong></span> <span class='ocrx_word' id='word_1_525' title='bbox 1898 2036 2003 2087; x_wconf 81' lang='lat' dir='ltr'><strong>caerci-</strong></span> 
     </span>
     <span class='ocr_line' id='line_1_69' title="bbox 1201 2100 2003 2170; baseline -0.001 -14"><span class='ocrx_word' id='word_1_526' title='bbox 1201 2114 1231 2157; x_wconf 93' lang='lat' dir='ltr'><strong>tu</strong></span> <span class='ocrx_word' id='word_1_527' title='bbox 1243 2121 1293 2158; x_wconf 88' lang='lat' dir='ltr'><strong>sua</strong></span> <span class='ocrx_word' id='word_1_528' title='bbox 1306 2104 1440 2156; x_wconf 87' lang='lat' dir='ltr'><strong>militibus</strong></span> <span class='ocrx_word' id='word_1_529' title='bbox 1453 2105 1563 2155; x_wconf 88' lang='lat' dir='ltr'><strong>aomina</strong></span> <span class='ocrx_word' id='word_1_530' title='bbox 1574 2104 1697 2155; x_wconf 89' lang='lat' dir='ltr'><strong>reddidit</strong></span> <span class='ocrx_word' id='word_1_531' title='bbox 1708 2119 1715 2152; x_wconf 84' lang='grc' dir='ltr'>ι</span> <span class='ocrx_word' id='word_1_532' title='bbox 1738 2101 1772 2154; x_wconf 88' lang='lat' dir='ltr'><strong>L.</strong></span> <span class='ocrx_word' id='word_1_533' title='bbox 1782 2100 1889 2170; x_wconf 87' lang='lat' dir='ltr'><strong>Scipio,</strong></span> <span class='ocrx_word' id='word_1_534' title='bbox 1901 2105 2003 2170; x_wconf 91' lang='lat' dir='ltr'><strong>papula</strong></span> 
     </span>
     <span class='ocr_line' id='line_1_70' title="bbox 1203 2172 2003 2240; baseline -0.001 -14"><span class='ocrx_word' id='word_1_535' title='bbox 1203 2175 1340 2226; x_wconf 73' lang='lat' dir='ltr'><strong>Romanor</strong></span> <span class='ocrx_word' id='word_1_536' title='bbox 1362 2174 1471 2235; x_wconf 79' lang='lat' dir='ltr'><strong>Cineas,</strong></span> <span class='ocrx_word' id='word_1_537' title='bbox 1494 2172 1592 2240; x_wconf 84' lang='lat' dir='ltr'><strong>Pyrrhi</strong></span> <span class='ocrx_word' id='word_1_538' title='bbox 1608 2175 1683 2240; x_wconf 83' lang='lat' dir='ltr'><strong>regis</strong></span> <span class='ocrx_word' id='word_1_539' title='bbox 1705 2172 1827 2239; x_wconf 81' lang='lat' dir='ltr'><strong>legatus,</strong></span> <span class='ocrx_word' id='word_1_540' title='bbox 1848 2172 1962 2225; x_wconf 80' lang='lat' dir='ltr'><strong>Senatui</strong></span> <span class='ocrx_word' id='word_1_541' title='bbox 1975 2182 2003 2225; x_wconf 83' lang='lat' dir='ltr'><strong>et</strong></span> 
     </span>
     <span class='ocr_line' id='line_1_71' title="bbox 1202 2241 2002 2309; baseline 0.001 -15"><span class='ocrx_word' id='word_1_542' title='bbox 1202 2244 1323 2309; x_wconf 86' lang='lat' dir='ltr'><strong>equestri</strong></span> <span class='ocrx_word' id='word_1_543' title='bbox 1335 2242 1425 2293; x_wconf 90' lang='lat' dir='ltr'><strong>ordini</strong></span> <span class='ocrx_word' id='word_1_544' title='bbox 1439 2242 1553 2304; x_wconf 79' lang='lat' dir='ltr'><strong>Romae,</strong></span> <span class='ocrx_word' id='word_1_545' title='bbox 1565 2249 1679 2308; x_wconf 84' lang='lat' dir='ltr'><strong>postero</strong></span> <span class='ocrx_word' id='word_1_546' title='bbox 1691 2241 1736 2291; x_wconf 91' lang='lat' dir='ltr'><strong>die</strong></span> <span class='ocrx_word' id='word_1_547' title='bbox 1748 2254 1829 2308; x_wconf 84' lang='lat' dir='ltr'><strong>quarn</strong></span> <span class='ocrx_word' id='word_1_548' title='bbox 1841 2241 2002 2295; x_wconf 79' lang='lat' dir='ltr'><strong>advenerat.</strong></span> 
     </span>
     <span class='ocr_line' id='line_1_72' title="bbox 1203 2310 2001 2379; baseline -0.004 -15"><span class='ocrx_word' id='word_1_549' title='bbox 1203 2310 1391 2373; x_wconf 80' lang='lat' dir='ltr'><strong>Mithridates,</strong></span> <span class='ocrx_word' id='word_1_550' title='bbox 1404 2311 1517 2362; x_wconf 89' lang='lat' dir='ltr'><strong>duarum</strong></span> <span class='ocrx_word' id='word_1_551' title='bbox 1530 2319 1557 2361; x_wconf 89' lang='lat' dir='ltr'><strong>et</strong></span> <span class='ocrx_word' id='word_1_552' title='bbox 1568 2312 1667 2379; x_wconf 80' lang='lat' dir='ltr'><strong>viginti</strong></span> <span class='ocrx_word' id='word_1_553' title='bbox 1678 2310 1801 2379; x_wconf 76' lang='lat' dir='ltr'><strong>gentium</strong></span> <span class='ocrx_word' id='word_1_554' title='bbox 1813 2324 1872 2371; x_wconf 81' lang='lat' dir='ltr'><strong>rex,</strong></span> <span class='ocrx_word' id='word_1_555' title='bbox 1885 2311 2001 2361; x_wconf 87' lang='lat' dir='ltr'><strong>totidem</strong></span> 
     </span>
     <span class='ocr_line' id='line_1_73' title="bbox 1202 2380 2003 2447; baseline -0.001 -15"><span class='ocrx_word' id='word_1_556' title='bbox 1202 2382 1306 2446; x_wconf 83' lang='lat' dir='ltr'><strong>linguis</strong></span> <span class='ocrx_word' id='word_1_557' title='bbox 1317 2381 1379 2431; x_wconf 89' lang='lat' dir='ltr'><strong>iura</strong></span> <span class='ocrx_word' id='word_1_558' title='bbox 1390 2381 1476 2440; x_wconf 76' lang='lat' dir='ltr'><strong>dixit,</strong></span> <span class='ocrx_word' id='word_1_559' title='bbox 1494 2382 1693 2446; x_wconf 75' lang='lat' dir='ltr'><strong>precepcione</strong></span> <span class='ocrx_word' id='word_1_560' title='bbox 1710 2380 1834 2447; x_wconf 77' lang='lat' dir='ltr'><strong>singulas</strong></span> <span class='ocrx_word' id='word_1_561' title='bbox 1846 2381 1906 2431; x_wconf 84' lang='lat' dir='ltr'><strong>sine</strong></span> <span class='ocrx_word' id='word_1_562' title='bbox 1918 2381 2003 2431; x_wconf 87' lang='lat' dir='ltr'><strong>intor-</strong></span> 
     </span>
     <span class='ocr_line' id='line_1_74' title="bbox 1202 2447 2007 2517; baseline 0 -16"><span class='ocrx_word' id='word_1_563' title='bbox 1202 2458 1279 2517; x_wconf 87' lang='lat' dir='ltr'><strong>prete</strong></span> <span class='ocrx_word' id='word_1_564' title='bbox 1289 2448 1398 2500; x_wconf 77' lang='lat' dir='ltr'><strong>affatus.</strong></span> <span class='ocrx_word' id='word_1_565' title='bbox 1435 2447 1602 2499; x_wconf 83' lang='lat' dir='ltr'><strong>Charmadas</strong></span> <span class='ocrx_word' id='word_1_566' title='bbox 1614 2449 1724 2515; x_wconf 89' lang='lat' dir='ltr'><strong>quidam</strong></span> <span class='ocrx_word' id='word_1_567' title='bbox 1740 2448 1768 2499; x_wconf 88' lang='lat' dir='ltr'><strong>ia</strong></span> <span class='ocrx_word' id='word_1_568' title='bbox 1779 2448 1910 2511; x_wconf 82' lang='lat' dir='ltr'><strong>Graecia,</strong></span> <span class='ocrx_word' id='word_1_569' title='bbox 1931 2456 2007 2514; x_wconf 79' lang='lat' dir='ltr'><strong>quae‘</strong></span> 
     </span>
     <span class='ocr_line' id='line_1_75' title="bbox 1201 2515 2003 2586; baseline -0.001 -17"><span class='ocrx_word' id='word_1_570' title='bbox 1201 2522 1264 2586; x_wconf 89' lang='lat' dir='ltr'><strong>qula</strong></span> <span class='ocrx_word' id='word_1_571' title='bbox 1274 2523 1406 2586; x_wconf 80' lang='lat' dir='ltr'><strong>exegerat</strong></span> <span class='ocrx_word' id='word_1_572' title='bbox 1416 2518 1557 2569; x_wconf 83' lang='lat' dir='ltr'><strong>volumina</strong></span> <span class='ocrx_word' id='word_1_573' title='bbox 1567 2518 1593 2567; x_wconf 87' lang='lat' dir='ltr'><strong>in</strong></span> <span class='ocrx_word' id='word_1_574' title='bbox 1605 2515 1793 2578; x_wconf 85' lang='lat' dir='ltr'><strong>bibliothecis,</strong></span> <span class='ocrx_word' id='word_1_575' title='bbox 1816 2517 1933 2583; x_wconf 77' lang='lat' dir='ltr'><strong>legentis</strong></span> <span class='ocrx_word' id='word_1_576' title='bbox 1943 2532 2003 2568; x_wconf 90' lang='lat' dir='ltr'><strong>ma·</strong></span> 
     </span>
     <span class='ocr_line' id='line_1_76' title="bbox 1202 2585 1999 2653; baseline 0.001 -17"><span class='ocrx_word' id='word_1_577' title='bbox 1202 2588 1239 2636; x_wconf 94' lang='lat' dir='ltr'><strong>da</strong></span> <span class='ocrx_word' id='word_1_578' title='bbox 1252 2588 1481 2652; x_wconf 77' lang='lat' dir='ltr'><strong>repraesentavit.</strong></span> <span class='ocrx_word' id='word_1_579' title='bbox 1518 2587 1567 2638; x_wconf 79' lang='lat' dir='ltr'><strong>Ars</strong></span> <span class='ocrx_word' id='word_1_580' title='bbox 1579 2594 1720 2653; x_wconf 84' lang='lat' dir='ltr'><strong>postremo</strong></span> <span class='ocrx_word' id='word_1_581' title='bbox 1738 2586 1798 2635; x_wconf 90' lang='lat' dir='ltr'><strong>eius</strong></span> <span class='ocrx_word' id='word_1_582' title='bbox 1809 2587 1848 2637; x_wconf 87' lang='lat' dir='ltr'><strong>rei</strong></span> <span class='ocrx_word' id='word_1_583' title='bbox 1860 2585 1948 2647; x_wconf 85' lang='lat' dir='ltr'><strong>iacta,</strong></span> <span class='ocrx_word' id='word_1_584' title='bbox 1970 2595 1999 2637; x_wconf 87' lang='lat' dir='ltr'><strong>et</strong></span> 
     </span>
     <span class='ocr_line' id='line_1_77' title="bbox 1200 2655 2000 2715; baseline 0.004 -10"><span class='ocrx_word' id='word_1_585' title='bbox 1200 2656 1314 2706; x_wconf 78' lang='lat' dir='ltr'><strong>inventa</strong></span> <span class='ocrx_word' id='word_1_586' title='bbox 1331 2662 1373 2707; x_wconf 87' lang='lat' dir='ltr'><strong>est</strong></span> <span class='ocrx_word' id='word_1_587' title='bbox 1392 2671 1410 2705; x_wconf 90' lang='lat' dir='ltr'><strong>a</strong></span> <span class='ocrx_word' id='word_1_588' title='bbox 1428 2655 1569 2706; x_wconf 88' lang='lat' dir='ltr'><strong>Simonide</strong></span> <span class='ocrx_word' id='word_1_589' title='bbox 1580 2656 1694 2715; x_wconf 91' lang='lat' dir='ltr'><strong>Melico,</strong></span> <span class='ocrx_word' id='word_1_590' title='bbox 1715 2663 1904 2706; x_wconf 85' lang='lat' dir='ltr'><strong>consummata</strong></span> <span class='ocrx_word' id='word_1_591' title='bbox 1915 2670 1931 2705; x_wconf 87' lang='lat' dir='ltr'><strong>a</strong></span> <span class='ocrx_word' id='word_1_592' title='bbox 1943 2656 2000 2708; x_wconf 82' lang='lat' dir='ltr'><strong>Me·</strong></span> 
     </span>
     <span class='ocr_line' id='line_1_78' title="bbox 1202 2721 2000 2795; baseline 0 -21"><span class='ocrx_word' id='word_1_593' title='bbox 1202 2723 1316 2777; x_wconf 90' lang='lat' dir='ltr'><strong>tradara</strong></span> <span class='ocrx_word' id='word_1_594' title='bbox 1329 2723 1452 2789; x_wconf 84' lang='lat' dir='ltr'><strong>Scepsio,</strong></span> <span class='ocrx_word' id='word_1_595' title='bbox 1472 2730 1503 2773; x_wconf 96' lang='lat' dir='ltr'><strong>ut</strong></span> <span class='ocrx_word' id='word_1_596' title='bbox 1517 2721 1583 2773; x_wconf 84' lang='lat' dir='ltr'><strong>nihil</strong></span> <span class='ocrx_word' id='word_1_597' title='bbox 1596 2738 1649 2774; x_wconf 89' lang='lat' dir='ltr'><strong>non</strong></span> <span class='ocrx_word' id='word_1_598' title='bbox 1661 2724 1758 2795; x_wconf 78' lang='lat' dir='ltr'><strong>iisdem</strong></span> <span class='ocrx_word' id='word_1_599' title='bbox 1770 2723 1863 2775; x_wconf 77' lang='lat' dir='ltr'><strong>verbis</strong></span> <span class='ocrx_word' id='word_1_600' title='bbox 1874 2723 2000 2775; x_wconf 81' lang='lat' dir='ltr'><strong>reddere·</strong></span> 
     </span>
     <span class='ocr_line' id='line_1_79' title="bbox 1201 2790 2001 2860; baseline -0.001 -16"><span class='ocrx_word' id='word_1_601' title='bbox 1201 2800 1247 2844; x_wconf 90' lang='lat' dir='ltr'><strong>tur</strong></span> <span class='ocrx_word' id='word_1_602' title='bbox 1258 2793 1402 2850; x_wconf 83' lang='lat' dir='ltr'><strong>auditum.¹</strong></span> <span class='ocrx_word' id='word_1_603' title='bbox 1426 2792 1483 2843; x_wconf 89' lang='lat' dir='ltr'><strong>Nec</strong></span> <span class='ocrx_word' id='word_1_604' title='bbox 1494 2791 1569 2843; x_wconf 89' lang='lat' dir='ltr'><strong>aliud</strong></span> <span class='ocrx_word' id='word_1_605' title='bbox 1583 2799 1625 2843; x_wconf 90' lang='lat' dir='ltr'><strong>est</strong></span> <span class='ocrx_word' id='word_1_606' title='bbox 1635 2807 1722 2860; x_wconf 88' lang='lat' dir='ltr'><strong>aeque</strong></span> <span class='ocrx_word' id='word_1_607' title='bbox 1732 2792 1834 2860; x_wconf 71' lang='lat' dir='ltr'><strong>fragile</strong></span> <span class='ocrx_word' id='word_1_608' title='bbox 1845 2794 1873 2844; x_wconf 91' lang='lat' dir='ltr'><strong>ln</strong></span> <span class='ocrx_word' id='word_1_609' title='bbox 1884 2790 2001 2855; x_wconf 78' lang='lat' dir='ltr'><strong>hunnine,</strong></span> 
     </span>
     <span class='ocr_line' id='line_1_80' title="bbox 1200 2861 2002 2927; baseline -0.002 -14"><span class='ocrx_word' id='word_1_610' title='bbox 1200 2863 1360 2913; x_wconf 84' lang='lat' dir='ltr'><strong>morborum</strong></span> <span class='ocrx_word' id='word_1_611' title='bbox 1375 2869 1404 2913; x_wconf 89' lang='lat' dir='ltr'><strong>et</strong></span> <span class='ocrx_word' id='word_1_612' title='bbox 1419 2876 1499 2911; x_wconf 85' lang='lat' dir='ltr'><strong>casus</strong></span> <span class='ocrx_word' id='word_1_613' title='bbox 1510 2861 1626 2912; x_wconf 90' lang='lat' dir='ltr'><strong>iniurias</strong></span> <span class='ocrx_word' id='word_1_614' title='bbox 1642 2869 1724 2927; x_wconf 91' lang='lat' dir='ltr'><strong>atque</strong></span> <span class='ocrx_word' id='word_1_615' title='bbox 1737 2863 1822 2912; x_wconf 90' lang='lat' dir='ltr'><strong>etiam</strong></span> <span class='ocrx_word' id='word_1_616' title='bbox 1840 2869 1928 2913; x_wconf 89' lang='lat' dir='ltr'><strong>metus</strong></span> <span class='ocrx_word' id='word_1_617' title='bbox 1941 2878 2002 2913; x_wconf 88' lang='lat' dir='ltr'><strong>sen·</strong></span> 
     </span>
     <span class='ocr_line' id='line_1_81' title="bbox 1200 2928 2001 2997; baseline 0.001 -16"><span class='ocrx_word' id='word_1_618' title='bbox 1200 2933 1281 2993; x_wconf 90' lang='lat' dir='ltr'><strong>tiens,</strong></span> <span class='ocrx_word' id='word_1_619' title='bbox 1293 2931 1363 2982; x_wconf 88' lang='lat' dir='ltr'><strong>alias</strong></span> <span class='ocrx_word' id='word_1_620' title='bbox 1376 2928 1571 2996; x_wconf 87' lang='lat' dir='ltr'><strong>particulatim,</strong></span> <span class='ocrx_word' id='word_1_621' title='bbox 1583 2929 1653 2980; x_wconf 84' lang='lat' dir='ltr'><strong>alias</strong></span> <span class='ocrx_word' id='word_1_622' title='bbox 1664 2929 1798 2979; x_wconf 85' lang='lat' dir='ltr'><strong>aniverso.</strong></span> <span class='ocrx_word' id='word_1_623' title='bbox 1825 2930 1898 2980; x_wconf 88' lang='lat' dir='ltr'><strong>lctus</strong></span> <span class='ocrx_word' id='word_1_624' title='bbox 1911 2928 2001 2997; x_wconf 89' lang='lat' dir='ltr'><strong>lapide</strong></span> 
     </span>
     <span class='ocr_line' id='line_1_82' title="bbox 1202 2997 2002 3065; baseline -0.003 -14"><span class='ocrx_word' id='word_1_625' title='bbox 1202 2999 1307 3050; x_wconf 88' lang='lat' dir='ltr'><strong>oblitus</strong></span> <span class='ocrx_word' id='word_1_626' title='bbox 1317 3005 1361 3050; x_wconf 84' lang='lat' dir='ltr'><strong>est</strong></span> <span class='ocrx_word' id='word_1_627' title='bbox 1371 2997 1470 3048; x_wconf 86' lang='lat' dir='ltr'><strong>literas</strong></span> <span class='ocrx_word' id='word_1_628' title='bbox 1480 3003 1596 3046; x_wconf 79' lang='lat' dir='ltr'><strong>tantuna.</strong></span> <span class='ocrx_word' id='word_1_629' title='bbox 1622 2998 1663 3046; x_wconf 78' lang='lat' dir='ltr'><strong>lla</strong></span> <span class='ocrx_word' id='word_1_630' title='bbox 1675 2997 1800 3061; x_wconf 88' lang='lat' dir='ltr'><strong>praealta</strong></span> <span class='ocrx_word' id='word_1_631' title='bbox 1812 3003 1886 3046; x_wconf 87' lang='lat' dir='ltr'><strong>tecta</strong></span> <span class='ocrx_word' id='word_1_632' title='bbox 1898 2999 2002 3065; x_wconf 85' lang='lat' dir='ltr'><strong>lapsas,</strong></span> 
     </span>
     <span class='ocr_line' id='line_1_83' title="bbox 1202 3063 2002 3130; baseline -0.003 -11"><span class='ocrx_word' id='word_1_633' title='bbox 1202 3068 1298 3119; x_wconf 87' lang='lat' dir='ltr'><strong>matris</strong></span> <span class='ocrx_word' id='word_1_634' title='bbox 1317 3072 1346 3118; x_wconf 89' lang='lat' dir='ltr'><strong>et</strong></span> <span class='ocrx_word' id='word_1_635' title='bbox 1366 3064 1487 3116; x_wconf 84' lang='lat' dir='ltr'><strong>affinium</strong></span> <span class='ocrx_word' id='word_1_636' title='bbox 1505 3063 1775 3130; x_wconf 85' lang='lat' dir='ltr'><strong>propinquorumque</strong></span> <span class='ocrx_word' id='word_1_637' title='bbox 1795 3065 1869 3129; x_wconf 86' lang='lat' dir='ltr'><strong>cepit</strong></span> <span class='ocrx_word' id='word_1_638' title='bbox 1885 3065 2002 3117; x_wconf 86' lang='lat' dir='ltr'><strong>oblivio·</strong></span> 
     </span>
     <span class='ocr_line' id='line_1_84' title="bbox 1201 3133 2000 3200; baseline -0.003 -13"><span class='ocrx_word' id='word_1_639' title='bbox 1201 3151 1275 3187; x_wconf 90' lang='lat' dir='ltr'><strong>nem:</strong></span> <span class='ocrx_word' id='word_1_640' title='bbox 1287 3135 1358 3185; x_wconf 91' lang='lat' dir='ltr'><strong>allus</strong></span> <span class='ocrx_word' id='word_1_641' title='bbox 1369 3138 1507 3200; x_wconf 84' lang='lat' dir='ltr'><strong>aegrotus,</strong></span> <span class='ocrx_word' id='word_1_642' title='bbox 1518 3145 1658 3183; x_wconf 87' lang='lat' dir='ltr'><strong>serrarum</strong></span> <span class='ocrx_word' id='word_1_643' title='bbox 1670 3134 1767 3184; x_wconf 88' lang='lat' dir='ltr'><strong>etiam:</strong></span> <span class='ocrx_word' id='word_1_644' title='bbox 1779 3133 1823 3182; x_wconf 85' lang='lat' dir='ltr'><strong>stri</strong></span> <span class='ocrx_word' id='word_1_645' title='bbox 1834 3147 1901 3184; x_wconf 82' lang='lat' dir='ltr'><strong>vera</strong></span> <span class='ocrx_word' id='word_1_646' title='bbox 1910 3136 2000 3185; x_wconf 81' lang='lat' dir='ltr'><strong>nonai·</strong></span> 
     </span>
     <span class='ocr_line' id='line_1_85' title="bbox 1201 3199 2002 3268; baseline -0.001 -13"><span class='ocrx_word' id='word_1_647' title='bbox 1201 3206 1243 3255; x_wconf 87' lang='lat' dir='ltr'><strong>nis</strong></span> <span class='ocrx_word' id='word_1_648' title='bbox 1254 3202 1377 3255; x_wconf 85' lang='lat' dir='ltr'><strong>Messala</strong></span> <span class='ocrx_word' id='word_1_649' title='bbox 1388 3199 1525 3252; x_wconf 80' lang='lat' dir='ltr'><strong>corvinus</strong></span> <span class='ocrx_word' id='word_1_650' title='bbox 1535 3207 1638 3252; x_wconf 90' lang='lat' dir='ltr'><strong>arator.</strong></span> <span class='ocrx_word' id='word_1_651' title='bbox 1675 3201 1771 3266; x_wconf 88' lang='lat' dir='ltr'><strong>ltaque</strong></span> <span class='ocrx_word' id='word_1_652' title='bbox 1788 3215 1871 3268; x_wconf 82' lang='lat' dir='ltr'><strong>saepe</strong></span> <span class='ocrx_word' id='word_1_653' title='bbox 1882 3201 2002 3254; x_wconf 83' lang='lat' dir='ltr'><strong>deiicere</strong></span> 
     </span>
     <span class='ocr_line' id='line_1_86' title="bbox 1200 3268 2000 3337; baseline 0 -14"><span class='ocrx_word' id='word_1_654' title='bbox 1200 3278 1305 3332; x_wconf 87' lang='lat' dir='ltr'><strong>tentat,</strong></span> <span class='ocrx_word' id='word_1_655' title='bbox 1325 3286 1358 3322; x_wconf 89' lang='lat' dir='ltr'><strong>ac</strong></span> <span class='ocrx_word' id='word_1_656' title='bbox 1368 3268 1534 3331; x_wconf 88' lang='lat' dir='ltr'><strong>meditatur,</strong></span> <span class='ocrx_word' id='word_1_657' title='bbox 1555 3269 1599 3322; x_wconf 86' lang='lat' dir='ltr'><strong>rel</strong></span> <span class='ocrx_word' id='word_1_658' title='bbox 1612 3270 1705 3336; x_wconf 84' lang='lat' dir='ltr'><strong>quieta</strong></span> <span class='ocrx_word' id='word_1_659' title='bbox 1720 3283 1837 3337; x_wconf 91' lang='lat' dir='ltr'><strong>corpore</strong></span> <span class='ocrx_word' id='word_1_660' title='bbox 1853 3277 1881 3322; x_wconf 89' lang='lat' dir='ltr'><strong>et</strong></span> <span class='ocrx_word' id='word_1_661' title='bbox 1896 3270 2000 3323; x_wconf 78' lang='lat' dir='ltr'><strong>valida.</strong></span> 
     </span>
     <span class='ocr_line' id='line_1_87' title="bbox 1199 3339 2000 3407; baseline -0.001 -14"><span class='ocrx_word' id='word_1_662' title='bbox 1199 3341 1302 3393; x_wconf 81' lang='lat' dir='ltr'><strong>Somno</strong></span> <span class='ocrx_word' id='word_1_663' title='bbox 1314 3355 1420 3407; x_wconf 90' lang='lat' dir='ltr'><strong>quaque</strong></span> <span class='ocrx_word' id='word_1_664' title='bbox 1431 3346 1559 3406; x_wconf 87' lang='lat' dir='ltr'><strong>serpente</strong></span> <span class='ocrx_word' id='word_1_665' title='bbox 1581 3346 1750 3406; x_wconf 84' lang='lat' dir='ltr'><strong>amputatur,</strong></span> <span class='ocrx_word' id='word_1_666' title='bbox 1772 3345 1803 3390; x_wconf 91' lang='lat' dir='ltr'><strong>nt</strong></span> <span class='ocrx_word' id='word_1_667' title='bbox 1819 3339 1910 3392; x_wconf 87' lang='lat' dir='ltr'><strong>inanis</strong></span> <span class='ocrx_word' id='word_1_668' title='bbox 1924 3355 2000 3392; x_wconf 84' lang='lat' dir='ltr'><strong>mena</strong></span> 
     </span>
     <span class='ocr_line' id='line_1_88' title="bbox 1199 3409 1510 3477; baseline 0 -17"><span class='ocrx_word' id='word_1_669' title='bbox 1199 3421 1325 3477; x_wconf 87' lang='lat' dir='ltr'><strong>quaerat,</strong></span> <span class='ocrx_word' id='word_1_670' title='bbox 1339 3411 1387 3463; x_wconf 92' lang='lat' dir='ltr'><strong>ubi</strong></span> <span class='ocrx_word' id='word_1_671' title='bbox 1397 3409 1434 3460; x_wconf 87' lang='lat' dir='ltr'><strong>sit</strong></span> <span class='ocrx_word' id='word_1_672' title='bbox 1445 3409 1510 3460; x_wconf 89' lang='lat' dir='ltr'><strong>laci.</strong></span> 
     </span>
    </p>

    <p class='ocr_par' dir='ltr' id='par_1_11' title="bbox 1198 3478 2002 4167">
     <span class='ocr_line' id='line_1_89' title="bbox 1235 3478 2002 3546; baseline 0.001 -16"><span class='ocrx_word' id='word_1_673' title='bbox 1235 3479 1322 3532; x_wconf 79' lang='lat' dir='ltr'><strong>XXV.</strong></span> <span class='ocrx_word' id='word_1_674' title='bbox 1341 3479 1432 3531; x_wconf 72' lang='lat' dir='ltr'><strong>Animi</strong></span> <span class='ocrx_word' id='word_1_675' title='bbox 1444 3484 1540 3546; x_wconf 77' lang='lat' dir='ltr'><strong>rigare</strong></span> <span class='ocrx_word' id='word_1_676' title='bbox 1550 3478 2002 3545; x_wconf 77' lang='lat' dir='ltr'><strong>praestantissimamarbltrarge·</strong></span> 
     </span>
     <span class='ocr_line' id='line_1_90' title="bbox 1200 3548 1997 3600; baseline -0.001 -1"><span class='ocrx_word' id='word_1_677' title='bbox 1200 3549 1286 3599; x_wconf 87' lang='lat' dir='ltr'><strong>nitam</strong></span> <span class='ocrx_word' id='word_1_678' title='bbox 1300 3550 1446 3600; x_wconf 86' lang='lat' dir='ltr'><strong>Caesarem</strong></span> <span class='ocrx_word' id='word_1_679' title='bbox 1459 3548 1635 3600; x_wconf 88' lang='lat' dir='ltr'><strong>dictatorem.</strong></span> <span class='ocrx_word' id='word_1_680' title='bbox 1662 3548 1858 3599; x_wconf 85' lang='lat' dir='ltr'><strong>Necrirtutem</strong></span> <span class='ocrx_word' id='word_1_681' title='bbox 1869 3557 1997 3599; x_wconf 73' lang='lat' dir='ltr'><strong>consim-</strong></span> 
     </span>
     <span class='ocr_line' id='line_1_91' title="bbox 1200 3615 1998 3683; baseline -0.001 -15"><span class='ocrx_word' id='word_1_682' title='bbox 1200 3621 1322 3683; x_wconf 86' lang='lat' dir='ltr'><strong>tianrque</strong></span> <span class='ocrx_word' id='word_1_683' title='bbox 1329 3631 1400 3668; x_wconf 91' lang='lat' dir='ltr'><strong>nnnc</strong></span> <span class='ocrx_word' id='word_1_684' title='bbox 1407 3632 1602 3677; x_wconf 88' lang='lat' dir='ltr'><strong>commemoro,</strong></span> <span class='ocrx_word' id='word_1_685' title='bbox 1612 3633 1663 3668; x_wconf 82' lang='lat' dir='ltr'><strong>nec</strong></span> <span class='ocrx_word' id='word_1_686' title='bbox 1669 3615 1868 3669; x_wconf 87' lang='lat' dir='ltr'><strong>sublimitatem</strong></span> <span class='ocrx_word' id='word_1_687' title='bbox 1876 3618 1998 3668; x_wconf 84' lang='lat' dir='ltr'><strong>omniunt</strong></span> 
     </span>
     <span class='ocr_line' id='line_1_92' title="bbox 1200 3685 2001 3754; baseline -0.004 -16"><span class='ocrx_word' id='word_1_688' title='bbox 1200 3698 1344 3752; x_wconf 85' lang='lat' dir='ltr'><strong>capacem,</strong></span> <span class='ocrx_word' id='word_1_689' title='bbox 1364 3699 1434 3751; x_wconf 91' lang='lat' dir='ltr'><strong>quae</strong></span> <span class='ocrx_word' id='word_1_690' title='bbox 1445 3687 1521 3735; x_wconf 87' lang='lat' dir='ltr'><strong>caelo</strong></span> <span class='ocrx_word' id='word_1_691' title='bbox 1534 3687 1723 3737; x_wconf 87' lang='lat' dir='ltr'><strong>continentur:</strong></span> <span class='ocrx_word' id='word_1_692' title='bbox 1745 3685 1793 3736; x_wconf 89' lang='lat' dir='ltr'><strong>sed</strong></span> <span class='ocrx_word' id='word_1_693' title='bbox 1811 3688 1951 3754; x_wconf 89' lang='lat' dir='ltr'><strong>propriam</strong></span> <span class='ocrx_word' id='word_1_694' title='bbox 1962 3688 2001 3735; x_wconf 78' lang='lat' dir='ltr'><strong>ri·</strong></span> 
     </span>
     <span class='ocr_line' id='line_1_93' title="bbox 1200 3752 1998 3823; baseline -0.001 -18"><span class='ocrx_word' id='word_1_695' title='bbox 1200 3769 1294 3823; x_wconf 81' lang='lat' dir='ltr'><strong>garam</strong></span> <span class='ocrx_word' id='word_1_696' title='bbox 1306 3755 1532 3821; x_wconf 86' lang='lat' dir='ltr'><strong>celeritatemque</strong></span> <span class='ocrx_word' id='word_1_697' title='bbox 1544 3752 1661 3819; x_wconf 89' lang='lat' dir='ltr'><strong>quadum</strong></span> <span class='ocrx_word' id='word_1_698' title='bbox 1675 3758 1738 3821; x_wconf 82' lang='lat' dir='ltr'><strong>igne</strong></span> <span class='ocrx_word' id='word_1_699' title='bbox 1749 3755 1899 3807; x_wconf 80' lang='lat' dir='ltr'><strong>volucrem.</strong></span> <span class='ocrx_word' id='word_1_700' title='bbox 1928 3754 1998 3807; x_wconf 85' lang='lat' dir='ltr'><strong>Scri·</strong></span> 
     </span>
     <span class='ocr_line' id='line_1_94' title="bbox 1200 3822 1998 3889; baseline -0.003 -13"><span class='ocrx_word' id='word_1_701' title='bbox 1200 3827 1264 3876; x_wconf 88' lang='lat' dir='ltr'><strong>bere</strong></span> <span class='ocrx_word' id='word_1_702' title='bbox 1274 3830 1323 3874; x_wconf 86' lang='lat' dir='ltr'><strong>ant</strong></span> <span class='ocrx_word' id='word_1_703' title='bbox 1333 3822 1441 3889; x_wconf 78' lang='lat' dir='ltr'><strong>legere,</strong></span> <span class='ocrx_word' id='word_1_704' title='bbox 1462 3823 1544 3873; x_wconf 83' lang='lat' dir='ltr'><strong>aininl</strong></span> <span class='ocrx_word' id='word_1_705' title='bbox 1559 3822 1666 3875; x_wconf 88' lang='lat' dir='ltr'><strong>dicture</strong></span> <span class='ocrx_word' id='word_1_706' title='bbox 1683 3831 1711 3875; x_wconf 91' lang='lat' dir='ltr'><strong>ct</strong></span> <span class='ocrx_word' id='word_1_707' title='bbox 1721 3822 1819 3875; x_wconf 88' lang='lat' dir='ltr'><strong>audire</strong></span> <span class='ocrx_word' id='word_1_708' title='bbox 1830 3823 1941 3875; x_wconf 88' lang='lat' dir='ltr'><strong>solitum</strong></span> <span class='ocrx_word' id='word_1_709' title='bbox 1953 3838 1998 3874; x_wconf 88' lang='lat' dir='ltr'><strong>sc·</strong></span> 
     </span>
     <span class='ocr_line' id='line_1_95' title="bbox 1199 3890 1999 3960; baseline -0.001 -16"><span class='ocrx_word' id='word_1_710' title='bbox 1199 3892 1332 3959; x_wconf 87' lang='lat' dir='ltr'><strong>cepimus.</strong></span> <span class='ocrx_word' id='word_1_711' title='bbox 1363 3890 1505 3959; x_wconf 82' lang='lat' dir='ltr'><strong>Epistolas</strong></span> <span class='ocrx_word' id='word_1_712' title='bbox 1517 3906 1580 3942; x_wconf 81' lang='lat' dir='ltr'><strong>vera</strong></span> <span class='ocrx_word' id='word_1_713' title='bbox 1593 3899 1734 3943; x_wconf 90' lang='lat' dir='ltr'><strong>tantarum</strong></span> <span class='ocrx_word' id='word_1_714' title='bbox 1747 3906 1837 3944; x_wconf 89' lang='lat' dir='ltr'><strong>rerum</strong></span> <span class='ocrx_word' id='word_1_715' title='bbox 1850 3899 1999 3960; x_wconf 88' lang='lat' dir='ltr'><strong>quaternas</strong></span> 
     </span>
     <span class='ocr_line' id='line_1_96' title="bbox 1199 3959 2001 4030; baseline 0 -17"><span class='ocrx_word' id='word_1_716' title='bbox 1199 3961 1305 4030; x_wconf 88' lang='lat' dir='ltr'><strong>pariter</strong></span> <span class='ocrx_word' id='word_1_717' title='bbox 1314 3960 1437 4011; x_wconf 86' lang='lat' dir='ltr'><strong>librariis</strong></span> <span class='ocrx_word' id='word_1_718' title='bbox 1449 3959 1555 4010; x_wconf 90' lang='lat' dir='ltr'><strong>dictare</strong></span> <span class='ocrx_word' id='word_1_719' title='bbox 1566 3979 1572 4010; x_wconf 89' lang='lat'>:</span> <span class='ocrx_word' id='word_1_720' title='bbox 1585 3970 1633 4011; x_wconf 91' lang='lat' dir='ltr'><strong>aut</strong></span> <span class='ocrx_word' id='word_1_721' title='bbox 1644 3966 1667 4012; x_wconf 88' lang='lat' dir='ltr'><strong>si</strong></span> <span class='ocrx_word' id='word_1_722' title='bbox 1678 3960 1746 4012; x_wconf 89' lang='lat' dir='ltr'><strong>nihil</strong></span> <span class='ocrx_word' id='word_1_723' title='bbox 1757 3960 1832 4012; x_wconf 90' lang='lat' dir='ltr'><strong>allud</strong></span> <span class='ocrx_word' id='word_1_724' title='bbox 1844 3970 1947 4029; x_wconf 74' lang='lat' dir='ltr'><strong>ageret,</strong></span> <span class='ocrx_word' id='word_1_725' title='bbox 1958 3976 2001 4013; x_wconf 88' lang='lat' dir='ltr'><strong>ae·</strong></span> 
     </span>
     <span class='ocr_line' id='line_1_97' title="bbox 1200 4028 1998 4099; baseline -0.003 -18"><span class='ocrx_word' id='word_1_726' title='bbox 1200 4037 1304 4098; x_wconf 84' lang='lat' dir='ltr'><strong>ptenaa.</strong></span> <span class='ocrx_word' id='word_1_727' title='bbox 1341 4028 1416 4080; x_wconf 90' lang='lat' dir='ltr'><strong>ldem</strong></span> <span class='ocrx_word' id='word_1_728' title='bbox 1427 4029 1514 4096; x_wconf 81' lang='lat' dir='ltr'><strong>signis</strong></span> <span class='ocrx_word' id='word_1_729' title='bbox 1525 4030 1635 4081; x_wconf 83' lang='lat' dir='ltr'><strong>collatis</strong></span> <span class='ocrx_word' id='word_1_730' title='bbox 1648 4032 1830 4099; x_wconf 80' lang='lat' dir='ltr'><strong>quinquagies</strong></span> <span class='ocrx_word' id='word_1_731' title='bbox 1842 4030 1998 4081; x_wconf 84' lang='lat' dir='ltr'><strong>dimicarit:</strong></span> 
     </span>
     <span class='ocr_line' id='line_1_98' title="bbox 1198 4097 2000 4167; baseline -0.002 -16"><span class='ocrx_word' id='word_1_732' title='bbox 1198 4099 1276 4151; x_wconf 88' lang='lat' dir='ltr'><strong>solus</strong></span> <span class='ocrx_word' id='word_1_733' title='bbox 1291 4098 1329 4148; x_wconf 92' lang='lat' dir='ltr'><strong>M.</strong></span> <span class='ocrx_word' id='word_1_734' title='bbox 1339 4097 1504 4150; x_wconf 88' lang='lat' dir='ltr'><strong>Marcellum</strong></span> <span class='ocrx_word' id='word_1_735' title='bbox 1520 4106 1724 4167; x_wconf 80' lang='lat' dir='ltr'><strong>transgressus,</strong></span> <span class='ocrx_word' id='word_1_736' title='bbox 1746 4099 1794 4166; x_wconf 92' lang='lat' dir='ltr'><strong>qni</strong></span> <span class='ocrx_word' id='word_1_737' title='bbox 1808 4098 2000 4165; x_wconf 84' lang='lat' dir='ltr'><strong>undequadra-</strong></span> 
     </span>
    </p>

    <p class='ocr_par' dir='ltr' id='par_1_12' title="bbox 1198 4167 1999 4305">
     <span class='ocr_line' id='line_1_99' title="bbox 1218 4167 1999 4235; baseline -0.004 -16"><span class='ocrx_word' id='word_1_738' title='bbox 1218 4172 1258 4220; x_wconf 87' lang='lat' dir='ltr'><strong>ies</strong></span> <span class='ocrx_word' id='word_1_739' title='bbox 1268 4168 1456 4222; x_wconf 80' lang='lat' dir='ltr'><strong>dimicaverat.</strong></span> <span class='ocrx_word' id='word_1_740' title='bbox 1486 4167 1555 4218; x_wconf 88' lang='lat' dir='ltr'><strong>Nam</strong></span> <span class='ocrx_word' id='word_1_741' title='bbox 1570 4176 1680 4235; x_wconf 87' lang='lat' dir='ltr'><strong>praeter</strong></span> <span class='ocrx_word' id='word_1_742' title='bbox 1691 4169 1787 4220; x_wconf 80' lang='lat' dir='ltr'><strong>civiles</strong></span> <span class='ocrx_word' id='word_1_743' title='bbox 1798 4169 1938 4229; x_wconf 85' lang='lat' dir='ltr'><strong>victorias,</strong></span> <span class='ocrx_word' id='word_1_744' title='bbox 1949 4182 1999 4216; x_wconf 87' lang='lat' dir='ltr'><strong>un·</strong></span> 
     </span>
     <span class='ocr_line' id='line_1_100' title="bbox 1198 4184 1998 4305; baseline -0.003 -17"><span class='ocrx_word' id='word_1_745' title='bbox 1198 4184 1290 4290; x_wconf 52' lang='lat' dir='ltr'><strong>decies</strong></span> <span class='ocrx_word' id='word_1_746' title='bbox 1302 4242 1419 4288; x_wconf 83' lang='lat' dir='ltr'><strong>centena</strong></span> <span class='ocrx_word' id='word_1_747' title='bbox 1437 4242 1465 4287; x_wconf 91' lang='lat' dir='ltr'><strong>et</strong></span> <span class='ocrx_word' id='word_1_748' title='bbox 1477 4235 1550 4288; x_wconf 77' lang='lat' dir='ltr'><strong>xcii</strong></span> <span class='ocrx_word' id='word_1_749' title='bbox 1561 4239 1600 4289; x_wconf 89' lang='lat' dir='ltr'><strong>M.</strong></span> <span class='ocrx_word' id='word_1_750' title='bbox 1618 4236 1757 4290; x_wconf 89' lang='lat' dir='ltr'><strong>hominum</strong></span> <span class='ocrx_word' id='word_1_751' title='bbox 1776 4239 1869 4289; x_wconf 90' lang='lat' dir='ltr'><strong>accisa</strong></span> <span class='ocrx_word' id='word_1_752' title='bbox 1885 4236 1998 4305; x_wconf 87' lang='lat' dir='ltr'><strong>proelila</strong></span> 
     </span>
    </p>
   </div>
   <div class='ocr_carea' id='block_1_6' title="bbox 341 4302 2001 5541">
    <p class='ocr_par' dir='ltr' id='par_1_13' title="bbox 341 4302 2001 5541">
     <span class='ocr_line' id='line_1_101' title="bbox 341 4302 1997 4375; baseline 0.001 -22"><span class='ocrx_word' id='word_1_753' title='bbox 341 4335 346 4342; x_wconf 90' lang='lat'>-</span> <span class='ocrx_word' id='word_1_754' title='bbox 382 4304 444 4354; x_wconf 73' lang='lat' dir='ltr'><strong>XX.</strong></span> <span class='ocrx_word' id='word_1_755' title='bbox 463 4304 621 4356; x_wconf 84' lang='lat' dir='ltr'><strong>Cucurrisse</strong></span> <span class='ocrx_word' id='word_1_756' title='bbox 642 4302 745 4354; x_wconf 80' lang='lat' dir='ltr'><strong>mcxi.</strong></span> <span class='ocrx_word' id='word_1_757' title='bbox 765 4302 865 4365; x_wconf 90' lang='lat' dir='ltr'><strong>stadia,</strong></span> <span class='ocrx_word' id='word_1_758' title='bbox 886 4302 1146 4356; x_wconf 74' lang='lat' dir='ltr'><strong>sbdthenisbace-</strong></span> <span class='ocrx_word' id='word_1_759' title='bbox 1198 4304 1997 4375; x_wconf 78' lang='lat' dir='ltr'><strong>abeo,conequidemingloriapasuerim,tantam,etlam</strong></span> 
     </span>
     <span class='ocr_line' id='line_1_102' title="bbox 350 4363 1999 4444; baseline 0.002 -22"><span class='ocrx_word' id='word_1_760' title='bbox 350 4363 520 4433; x_wconf 83' lang='lat' dir='ltr'><strong>daenranem,</strong></span> <span class='ocrx_word' id='word_1_761' title='bbox 531 4374 617 4425; x_wconf 90' lang='lat' dir='ltr'><strong>biduo</strong></span> <span class='ocrx_word' id='word_1_762' title='bbox 628 4371 821 4440; x_wconf 86' lang='lat' dir='ltr'><strong>Philippidem,</strong></span> <span class='ocrx_word' id='word_1_763' title='bbox 832 4386 959 4439; x_wconf 78' lang='lat' dir='ltr'><strong>magnum</strong></span> <span class='ocrx_word' id='word_1_764' title='bbox 973 4381 1046 4424; x_wconf 88' lang='lat' dir='ltr'><strong>erat:</strong></span> <span class='ocrx_word' id='word_1_765' title='bbox 1058 4373 1147 4425; x_wconf 90' lang='lat' dir='ltr'><strong>donec</strong></span> <span class='ocrx_word' id='word_1_766' title='bbox 1199 4383 1334 4436; x_wconf 87' lang='lat' dir='ltr'><strong>coactam,</strong></span> <span class='ocrx_word' id='word_1_767' title='bbox 1354 4373 1467 4426; x_wconf 86' lang='lat' dir='ltr'><strong>humani</strong></span> <span class='ocrx_word' id='word_1_768' title='bbox 1488 4378 1599 4444; x_wconf 82' lang='lat' dir='ltr'><strong>generis</strong></span> <span class='ocrx_word' id='word_1_769' title='bbox 1619 4378 1761 4428; x_wconf 83' lang='lat' dir='ltr'><strong>iniuriam:</strong></span> <span class='ocrx_word' id='word_1_770' title='bbox 1781 4377 1854 4442; x_wconf 90' lang='lat' dir='ltr'><strong>quad</strong></span> <span class='ocrx_word' id='word_1_771' title='bbox 1874 4376 1915 4426; x_wconf 87' lang='lat' dir='ltr'><strong>its</strong></span> <span class='ocrx_word' id='word_1_772' title='bbox 1937 4389 1999 4426; x_wconf 86' lang='lat' dir='ltr'><strong>esse</strong></span> 
     </span>
     <span class='ocr_line' id='line_1_103' title="bbox 349 4440 1998 4511; baseline 0.001 -21"><span class='ocrx_word' id='word_1_773' title='bbox 349 4442 460 4504; x_wconf 79' lang='lat' dir='ltr'><strong>dnyatis</strong></span> <span class='ocrx_word' id='word_1_774' title='bbox 470 4454 565 4491; x_wconf 87' lang='lat' dir='ltr'><strong>cursor</strong></span> <span class='ocrx_word' id='word_1_775' title='bbox 577 4441 822 4502; x_wconf 83' lang='lat' dir='ltr'><strong>Lacedaemonias,</strong></span> <span class='ocrx_word' id='word_1_776' title='bbox 833 4440 1148 4494; x_wconf 82' lang='lat' dir='ltr'><strong>etPhilonidesrilexan·</strong></span> <span class='ocrx_word' id='word_1_777' title='bbox 1199 4444 1343 4497; x_wconf 77' lang='lat' dir='ltr'><strong>confessas</strong></span> <span class='ocrx_word' id='word_1_778' title='bbox 1359 4451 1402 4497; x_wconf 86' lang='lat' dir='ltr'><strong>est</strong></span> <span class='ocrx_word' id='word_1_779' title='bbox 1422 4448 1498 4511; x_wconf 90' lang='lat' dir='ltr'><strong>ipae,</strong></span> <span class='ocrx_word' id='word_1_780' title='bbox 1518 4446 1654 4499; x_wconf 89' lang='lat' dir='ltr'><strong>bellorum</strong></span> <span class='ocrx_word' id='word_1_781' title='bbox 1671 4446 1793 4499; x_wconf 82' lang='lat' dir='ltr'><strong>cirillum</strong></span> <span class='ocrx_word' id='word_1_782' title='bbox 1810 4451 1931 4510; x_wconf 73' lang='lat' dir='ltr'><strong>stragem</strong></span> <span class='ocrx_word' id='word_1_783' title='bbox 1943 4456 1998 4493; x_wconf 90' lang='lat' dir='ltr'><strong>nan</strong></span> 
     </span>
     <span class='ocr_line' id='line_1_104' title="bbox 349 4507 1351 4582; baseline 0.01 -24"><span class='ocrx_word' id='word_1_784' title='bbox 349 4507 392 4558; x_wconf 90' lang='lat' dir='ltr'><strong>dri</strong></span> <span class='ocrx_word' id='word_1_785' title='bbox 404 4507 508 4573; x_wconf 76' lang='lat' dir='ltr'><strong>Magni,</strong></span> <span class='ocrx_word' id='word_1_786' title='bbox 530 4523 547 4559; x_wconf 88' lang='lat' dir='ltr'><strong>a</strong></span> <span class='ocrx_word' id='word_1_787' title='bbox 561 4508 681 4576; x_wconf 83' lang='lat' dir='ltr'><strong>Sicyone</strong></span> <span class='ocrx_word' id='word_1_788' title='bbox 693 4511 763 4572; x_wconf 79' lang='lat' dir='ltr'><strong>lilia,</strong></span> <span class='ocrx_word' id='word_1_789' title='bbox 785 4525 840 4561; x_wconf 91' lang='lat' dir='ltr'><strong>ano</strong></span> <span class='ocrx_word' id='word_1_790' title='bbox 856 4510 901 4564; x_wconf 92' lang='lat' dir='ltr'><strong>die</strong></span> <span class='ocrx_word' id='word_1_791' title='bbox 913 4512 988 4563; x_wconf 82' lang='lat' dir='ltr'><strong>MCC</strong></span> <span class='ocrx_word' id='word_1_792' title='bbox 999 4511 1092 4563; x_wconf 88' lang='lat' dir='ltr'><strong>stadia</strong></span> <span class='ocrx_word' id='word_1_793' title='bbox 1102 4527 1148 4562; x_wconf 85' lang='lat' dir='ltr'><strong>aa·</strong></span> <span class='ocrx_word' id='word_1_794' title='bbox 1199 4513 1351 4582; x_wconf 84' lang='lat' dir='ltr'><strong>prodenda.</strong></span> 
     </span>
     <span class='ocr_line' id='line_1_105' title="bbox 350 4574 1999 4650; baseline 0.002 -22"><span class='ocrx_word' id='word_1_795' title='bbox 350 4580 502 4628; x_wconf 87' lang='lat' dir='ltr'><strong>currerunt.</strong></span> <span class='ocrx_word' id='word_1_796' title='bbox 530 4575 609 4626; x_wconf 88' lang='lat' dir='ltr'><strong>Nunc</strong></span> <span class='ocrx_word' id='word_1_797' title='bbox 627 4579 736 4642; x_wconf 85' lang='lat' dir='ltr'><strong>quidem</strong></span> <span class='ocrx_word' id='word_1_798' title='bbox 748 4582 775 4629; x_wconf 92' lang='lat' dir='ltr'><strong>in</strong></span> <span class='ocrx_word' id='word_1_799' title='bbox 788 4581 870 4632; x_wconf 83' lang='lat' dir='ltr'><strong>Circo</strong></span> <span class='ocrx_word' id='word_1_800' title='bbox 900 4579 1014 4631; x_wconf 87' lang='lat' dir='ltr'><strong>uosdanr</strong></span> <span class='ocrx_word' id='word_1_801' title='bbox 1026 4580 1098 4632; x_wconf 82' lang='lat' dir='ltr'><strong>CLX</strong></span> <span class='ocrx_word' id='word_1_802' title='bbox 1107 4579 1146 4630; x_wconf 90' lang='lat' dir='ltr'><strong>M.</strong></span> <span class='ocrx_word' id='word_1_803' title='bbox 1217 4574 1999 4650; x_wconf 75' lang='lat' dir='ltr'><strong>Xle.iustiusPompeiaMagnatribuatarDcchLVl</strong></span> 
     </span>
     <span class='ocr_line' id='line_1_106' title="bbox 349 4643 1998 4718; baseline 0.005 -28"><span class='ocrx_word' id='word_1_804' title='bbox 349 4658 481 4711; x_wconf 64' lang='lat' dir='ltr'><strong>paternam</strong></span> <span class='ocrx_word' id='word_1_805' title='bbox 494 4643 616 4694; x_wconf 86' lang='lat' dir='ltr'><strong>tolerare</strong></span> <span class='ocrx_word' id='word_1_806' title='bbox 627 4660 681 4695; x_wconf 88' lang='lat' dir='ltr'><strong>non</strong></span> <span class='ocrx_word' id='word_1_807' title='bbox 692 4647 859 4710; x_wconf 72' lang='lat' dir='ltr'><strong>ignoramus.</strong></span> <span class='ocrx_word' id='word_1_808' title='bbox 915 4649 1148 4717; x_wconf 84' lang='lat' dir='ltr'><strong>uperqueFante·</strong></span> <span class='ocrx_word' id='word_1_809' title='bbox 1199 4667 1283 4703; x_wconf 83' lang='lat' dir='ltr'><strong>nares</strong></span> <span class='ocrx_word' id='word_1_810' title='bbox 1295 4652 1394 4718; x_wconf 86' lang='lat' dir='ltr'><strong>piratis</strong></span> <span class='ocrx_word' id='word_1_811' title='bbox 1406 4651 1678 4705; x_wconf 79' lang='lat' dir='ltr'><strong>ademissercnessrl</strong></span> <span class='ocrx_word' id='word_1_812' title='bbox 1690 4646 1998 4715; x_wconf 84' lang='lat' dir='ltr'><strong>propriumetpeeulia·</strong></span> 
     </span>
     <span class='ocr_line' id='line_1_107' title="bbox 351 4711 1998 4786; baseline 0.002 -21"><span class='ocrx_word' id='word_1_813' title='bbox 351 4714 380 4765; x_wconf 91' lang='lat' dir='ltr'><strong>io</strong></span> <span class='ocrx_word' id='word_1_814' title='bbox 401 4720 429 4763; x_wconf 87' lang='lat' dir='ltr'><strong>et</strong></span> <span class='ocrx_word' id='word_1_815' title='bbox 450 4711 582 4777; x_wconf 86' lang='lat' dir='ltr'><strong>Vipsania</strong></span> <span class='ocrx_word' id='word_1_816' title='bbox 604 4724 676 4762; x_wconf 90' lang='lat' dir='ltr'><strong>coss.</strong></span> <span class='ocrx_word' id='word_1_817' title='bbox 693 4728 780 4764; x_wconf 90' lang='lat' dir='ltr'><strong>annas</strong></span> <span class='ocrx_word' id='word_1_818' title='bbox 802 4715 865 4769; x_wconf 86' lang='lat' dir='ltr'><strong>vlit</strong></span> <span class='ocrx_word' id='word_1_819' title='bbox 886 4719 1011 4784; x_wconf 84' lang='lat' dir='ltr'><strong>genitum</strong></span> <span class='ocrx_word' id='word_1_820' title='bbox 1033 4731 1147 4784; x_wconf 88' lang='lat' dir='ltr'><strong>puerum</strong></span> <span class='ocrx_word' id='word_1_821' title='bbox 1199 4723 1286 4783; x_wconf 89' lang='lat' dir='ltr'><strong>rasit,</strong></span> <span class='ocrx_word' id='word_1_822' title='bbox 1307 4731 1419 4785; x_wconf 89' lang='lat' dir='ltr'><strong>practer</strong></span> <span class='ocrx_word' id='word_1_823' title='bbox 1428 4735 1513 4786; x_wconf 88' lang='lat' dir='ltr'><strong>supra</strong></span> <span class='ocrx_word' id='word_1_824' title='bbox 1522 4719 1606 4781; x_wconf 87' lang='lat' dir='ltr'><strong>dicta,</strong></span> <span class='ocrx_word' id='word_1_825' title='bbox 1628 4714 1922 4781; x_wconf 78' lang='lat' dir='ltr'><strong>clementiacinsigna,</strong></span> <span class='ocrx_word' id='word_1_826' title='bbox 1942 4730 1998 4783; x_wconf 91' lang='lat' dir='ltr'><strong>qua</strong></span> 
     </span>
     <span class='ocr_line' id='line_1_108' title="bbox 351 4779 1999 4855; baseline 0.001 -22"><span class='ocrx_word' id='word_1_827' title='bbox 351 4779 493 4833; x_wconf 88' lang='lat' dir='ltr'><strong>ameridic</strong></span> <span class='ocrx_word' id='word_1_828' title='bbox 504 4779 538 4830; x_wconf 88' lang='lat' dir='ltr'><strong>ad</strong></span> <span class='ocrx_word' id='word_1_829' title='bbox 553 4793 693 4844; x_wconf 83' lang='lat' dir='ltr'><strong>vesperam</strong></span> <span class='ocrx_word' id='word_1_830' title='bbox 705 4779 810 4832; x_wconf 75' lang='lat' dir='ltr'>LXXV</span> <span class='ocrx_word' id='word_1_831' title='bbox 820 4782 858 4834; x_wconf 86' lang='lat' dir='ltr'><strong>M.</strong></span> <span class='ocrx_word' id='word_1_832' title='bbox 868 4800 997 4850; x_wconf 89' lang='lat' dir='ltr'><strong>passuum</strong></span> <span class='ocrx_word' id='word_1_833' title='bbox 1010 4787 1145 4837; x_wconf 90' lang='lat' dir='ltr'><strong>cucurris·</strong></span> <span class='ocrx_word' id='word_1_834' title='bbox 1199 4804 1286 4855; x_wconf 87' lang='lat' dir='ltr'><strong>usque</strong></span> <span class='ocrx_word' id='word_1_835' title='bbox 1301 4789 1334 4838; x_wconf 91' lang='lat' dir='ltr'><strong>nd</strong></span> <span class='ocrx_word' id='word_1_836' title='bbox 1349 4788 1546 4854; x_wconf 84' lang='lat' dir='ltr'><strong>poenitentiam</strong></span> <span class='ocrx_word' id='word_1_837' title='bbox 1566 4786 1820 4851; x_wconf 88' lang='lat' dir='ltr'><strong>omnessaperarit.</strong></span> <span class='ocrx_word' id='word_1_838' title='bbox 1858 4783 1930 4835; x_wconf 87' lang='lat' dir='ltr'><strong>idem</strong></span> <span class='ocrx_word' id='word_1_839' title='bbox 1943 4798 1999 4835; x_wconf 84' lang='lat' dir='ltr'><strong>nna·</strong></span> 
     </span>
     <span class='ocr_line' id='line_1_109' title="bbox 351 4847 1996 4925; baseline 0.002 -24"><span class='ocrx_word' id='word_1_840' title='bbox 351 4864 390 4901; x_wconf 88' lang='lat' dir='ltr'><strong>se.</strong></span> <span class='ocrx_word' id='word_1_841' title='bbox 427 4848 511 4900; x_wconf 81' lang='lat' dir='ltr'><strong>cuius</strong></span> <span class='ocrx_word' id='word_1_842' title='bbox 531 4849 570 4898; x_wconf 87' lang='lat' dir='ltr'><strong>rei</strong></span> <span class='ocrx_word' id='word_1_843' title='bbox 591 4847 739 4898; x_wconf 87' lang='lat' dir='ltr'><strong>admiratio</strong></span> <span class='ocrx_word' id='word_1_844' title='bbox 758 4848 918 4903; x_wconf 87' lang='lat' dir='ltr'><strong>itademum</strong></span> <span class='ocrx_word' id='word_1_845' title='bbox 939 4855 1030 4907; x_wconf 87' lang='lat' dir='ltr'><strong>salida</strong></span> <span class='ocrx_word' id='word_1_846' title='bbox 1047 4866 1146 4920; x_wconf 86' lang='lat' dir='ltr'><strong>perre-</strong></span> <span class='ocrx_word' id='word_1_847' title='bbox 1200 4856 1392 4925; x_wconf 73' lang='lat' dir='ltr'><strong>gnsninritatis</strong></span> <span class='ocrx_word' id='word_1_848' title='bbox 1404 4852 1996 4924; x_wconf 80' lang='lat' dir='ltr'><strong>perhibuiterenrplnm,raicampararinan</strong></span> 
     </span>
     <span class='ocr_line' id='line_1_110' title="bbox 350 4916 1997 4992; baseline 0.003 -23"><span class='ocrx_word' id='word_1_849' title='bbox 350 4919 418 4977; x_wconf 88' lang='lat' dir='ltr'><strong>niet,</strong></span> <span class='ocrx_word' id='word_1_850' title='bbox 439 4917 463 4967; x_wconf 90' lang='lat' dir='ltr'><strong>si</strong></span> <span class='ocrx_word' id='word_1_851' title='bbox 482 4916 545 4983; x_wconf 89' lang='lat' dir='ltr'><strong>quis</strong></span> <span class='ocrx_word' id='word_1_852' title='bbox 567 4916 672 4982; x_wconf 79' lang='lat' dir='ltr'><strong>copltst</strong></span> <span class='ocrx_word' id='word_1_853' title='bbox 692 4922 774 4967; x_wconf 87' lang='lat' dir='ltr'><strong>nacte</strong></span> <span class='ocrx_word' id='word_1_854' title='bbox 785 4930 817 4966; x_wconf 88' lang='lat' dir='ltr'><strong>aa</strong></span> <span class='ocrx_word' id='word_1_855' title='bbox 835 4917 879 4970; x_wconf 88' lang='lat' dir='ltr'><strong>die</strong></span> <span class='ocrx_word' id='word_1_856' title='bbox 891 4919 1082 4988; x_wconf 82' lang='lat' dir='ltr'><strong>longissimum</strong></span> <span class='ocrx_word' id='word_1_857' title='bbox 1094 4923 1149 4973; x_wconf 89' lang='lat' dir='ltr'><strong>iter</strong></span> <span class='ocrx_word' id='word_1_858' title='bbox 1200 4924 1288 4992; x_wconf 88' lang='lat' dir='ltr'><strong>possit</strong></span> <span class='ocrx_word' id='word_1_859' title='bbox 1299 4924 1385 4976; x_wconf 89' lang='lat' dir='ltr'><strong>aliud.</strong></span> <span class='ocrx_word' id='word_1_860' title='bbox 1416 4923 1580 4991; x_wconf 84' lang='lat' dir='ltr'><strong>Spectacula</strong></span> <span class='ocrx_word' id='word_1_861' title='bbox 1591 4925 1662 4974; x_wconf 89' lang='lat' dir='ltr'><strong>enirn</strong></span> <span class='ocrx_word' id='word_1_862' title='bbox 1675 4923 1753 4974; x_wconf 87' lang='lat' dir='ltr'><strong>edita</strong></span> <span class='ocrx_word' id='word_1_863' title='bbox 1764 4921 1919 4989; x_wconf 80' lang='lat' dir='ltr'><strong>effusasque</strong></span> <span class='ocrx_word' id='word_1_864' title='bbox 1929 4934 1997 4988; x_wconf 82' lang='lat' dir='ltr'><strong>apsa</strong></span> 
     </span>
     <span class='ocr_line' id='line_1_111' title="bbox 349 4976 2000 5062; baseline 0.002 -25"><span class='ocrx_word' id='word_1_865' title='bbox 349 4986 483 5039; x_wconf 81' lang='lat' dir='ltr'><strong>rehicalla</strong></span> <span class='ocrx_word' id='word_1_866' title='bbox 495 4988 585 5037; x_wconf 87' lang='lat' dir='ltr'><strong>tribas</strong></span> <span class='ocrx_word' id='word_1_867' title='bbox 594 4984 737 5036; x_wconf 84' lang='lat' dir='ltr'><strong>Tiberium</strong></span> <span class='ocrx_word' id='word_1_868' title='bbox 748 4976 884 5038; x_wconf 80' lang='lat' dir='ltr'><strong>Neronem</strong></span> <span class='ocrx_word' id='word_1_869' title='bbox 895 5004 1049 5054; x_wconf 85' lang='lat' dir='ltr'><strong>emensum,</strong></span> <span class='ocrx_word' id='word_1_870' title='bbox 1070 4990 1147 5045; x_wconf 86' lang='lat' dir='ltr'><strong>iesti·</strong></span> <span class='ocrx_word' id='word_1_871' title='bbox 1200 5000 1247 5045; x_wconf 87' lang='lat' dir='ltr'><strong>aut</strong></span> <span class='ocrx_word' id='word_1_872' title='bbox 1259 5007 1371 5058; x_wconf 88' lang='lat' dir='ltr'><strong>operum</strong></span> <span class='ocrx_word' id='word_1_873' title='bbox 1384 4992 1619 5062; x_wconf 74' lang='lat' dir='ltr'><strong>magnificentiam</strong></span> <span class='ocrx_word' id='word_1_874' title='bbox 1632 4994 1659 5043; x_wconf 91' lang='lat' dir='ltr'><strong>in</strong></span> <span class='ocrx_word' id='word_1_875' title='bbox 1675 4991 1727 5043; x_wconf 90' lang='lat' dir='ltr'><strong>hac</strong></span> <span class='ocrx_word' id='word_1_876' title='bbox 1739 4997 1818 5059; x_wconf 88' lang='lat' dir='ltr'><strong>parte</strong></span> <span class='ocrx_word' id='word_1_877' title='bbox 1828 5004 2000 5052; x_wconf 87' lang='lat' dir='ltr'><strong>enumerare,</strong></span> 
     </span>
     <span class='ocr_line' id='line_1_112' title="bbox 349 5051 2001 5126; baseline 0.001 -18"><span class='ocrx_word' id='word_1_878' title='bbox 349 5061 462 5108; x_wconf 85' lang='lat' dir='ltr'><strong>nantem</strong></span> <span class='ocrx_word' id='word_1_879' title='bbox 478 5053 645 5106; x_wconf 84' lang='lat' dir='ltr'><strong>aaniaum</strong></span> <span class='ocrx_word' id='word_1_880' title='bbox 665 5051 971 5123; x_wconf 73' lang='lat' dir='ltr'><strong>tratremaeqratarniu</strong></span> <span class='ocrx_word' id='word_1_881' title='bbox 986 5060 1148 5114; x_wconf 78' lang='lat' dir='ltr'><strong>Germania:</strong></span> <span class='ocrx_word' id='word_1_882' title='bbox 1200 5061 1519 5114; x_wconf 77' lang='lat' dir='ltr'><strong>luxuriaelarentisest.</strong></span> <span class='ocrx_word' id='word_1_883' title='bbox 1556 5059 2001 5126; x_wconf 78' lang='lat' dir='ltr'><strong>lllalultreraetincomparabi·</strong></span> 
     </span>
     <span class='ocr_line' id='line_1_113' title="bbox 349 5122 1998 5196; baseline 0.002 -20"><span class='ocrx_word' id='word_1_884' title='bbox 349 5127 377 5176; x_wconf 86' lang='lat' dir='ltr'><strong>la</strong></span> <span class='ocrx_word' id='word_1_885' title='bbox 389 5140 422 5176; x_wconf 91' lang='lat' dir='ltr'><strong>ea</strong></span> <span class='ocrx_word' id='word_1_886' title='bbox 433 5122 546 5176; x_wconf 84' lang='lat' dir='ltr'><strong>luerunt</strong></span> <span class='ocrx_word' id='word_1_887' title='bbox 557 5124 600 5174; x_wconf 79' lang='lat' dir='ltr'><strong>cc</strong></span> <span class='ocrx_word' id='word_1_888' title='bbox 608 5123 648 5176; x_wconf 86' lang='lat' dir='ltr'><strong>M.</strong></span> <span class='ocrx_word' id='word_1_889' title='bbox 659 5136 799 5190; x_wconf 86' lang='lat' dir='ltr'><strong>passuum.</strong></span> <span class='ocrx_word' id='word_1_890' title='bbox 1198 5132 1234 5183; x_wconf 89' lang='lat' dir='ltr'><strong>lia</strong></span> <span class='ocrx_word' id='word_1_891' title='bbox 1244 5130 1340 5181; x_wconf 84' lang='lat' dir='ltr'><strong>invicti</strong></span> <span class='ocrx_word' id='word_1_892' title='bbox 1351 5132 1435 5183; x_wconf 87' lang='lat' dir='ltr'><strong>animi</strong></span> <span class='ocrx_word' id='word_1_893' title='bbox 1451 5130 1621 5182; x_wconf 81' lang='lat' dir='ltr'><strong>niblimitas:</strong></span> <span class='ocrx_word' id='word_1_894' title='bbox 1642 5131 1733 5196; x_wconf 84' lang='lat' dir='ltr'><strong>captis</strong></span> <span class='ocrx_word' id='word_1_895' title='bbox 1745 5129 1816 5195; x_wconf 87' lang='lat' dir='ltr'><strong>apud</strong></span> <span class='ocrx_word' id='word_1_896' title='bbox 1830 5127 1998 5180; x_wconf 82' lang='lat' dir='ltr'><strong>Pharsaliam</strong></span> 
     </span>
     <span class='ocr_line' id='line_1_114' title="bbox 385 5192 1999 5266; baseline 0.001 -21"><span class='ocrx_word' id='word_1_897' title='bbox 385 5192 459 5245; x_wconf 77' lang='lat' dir='ltr'><strong>xlll.</strong></span> <span class='ocrx_word' id='word_1_898' title='bbox 479 5192 629 5244; x_wconf 82' lang='lat' dir='ltr'><strong>Oculorum</strong></span> <span class='ocrx_word' id='word_1_899' title='bbox 641 5194 714 5244; x_wconf 86' lang='lat' dir='ltr'><strong>acies</strong></span> <span class='ocrx_word' id='word_1_900' title='bbox 729 5192 776 5246; x_wconf 82' lang='lat' dir='ltr'><strong>rel</strong></span> <span class='ocrx_word' id='word_1_901' title='bbox 787 5193 909 5248; x_wconf 75' lang='lat' dir='ltr'><strong>manime</strong></span> <span class='ocrx_word' id='word_1_902' title='bbox 921 5195 1003 5253; x_wconf 78' lang='lat' dir='ltr'><strong>fldem</strong></span> <span class='ocrx_word' id='word_1_903' title='bbox 1015 5196 1149 5250; x_wconf 80' lang='lat' dir='ltr'><strong>exceden-</strong></span> <span class='ocrx_word' id='word_1_904' title='bbox 1200 5199 1426 5266; x_wconf 75' lang='lat' dir='ltr'><strong>PaurpcilMagni</strong></span> <span class='ocrx_word' id='word_1_905' title='bbox 1437 5200 1548 5252; x_wconf 87' lang='lat' dir='ltr'><strong>scriniis</strong></span> <span class='ocrx_word' id='word_1_906' title='bbox 1558 5199 1749 5266; x_wconf 83' lang='lat' dir='ltr'><strong>epistolarum,</strong></span> <span class='ocrx_word' id='word_1_907' title='bbox 1759 5199 1913 5264; x_wconf 89' lang='lat' dir='ltr'><strong>iterumque</strong></span> <span class='ocrx_word' id='word_1_908' title='bbox 1925 5196 1999 5263; x_wconf 88' lang='lat' dir='ltr'><strong>apud</strong></span> 
     </span>
     <span class='ocr_line' id='line_1_115' title="bbox 349 5260 2001 5335; baseline 0.001 -20"><span class='ocrx_word' id='word_1_909' title='bbox 349 5264 391 5316; x_wconf 91' lang='lat' dir='ltr'><strong>tla</strong></span> <span class='ocrx_word' id='word_1_910' title='bbox 412 5263 517 5313; x_wconf 77' lang='lat' dir='ltr'><strong>incenit</strong></span> <span class='ocrx_word' id='word_1_911' title='bbox 528 5260 663 5328; x_wconf 85' lang='lat' dir='ltr'><strong>exempla.</strong></span> <span class='ocrx_word' id='word_1_912' title='bbox 700 5261 729 5312; x_wconf 89' lang='lat' dir='ltr'><strong>ln</strong></span> <span class='ocrx_word' id='word_1_913' title='bbox 742 5277 812 5314; x_wconf 72' lang='lat' dir='ltr'><strong>neree</strong></span> <span class='ocrx_word' id='word_1_914' title='bbox 829 5261 963 5315; x_wconf 77' lang='lat' dir='ltr'><strong>inclusam</strong></span> <span class='ocrx_word' id='word_1_915' title='bbox 976 5265 1071 5327; x_wconf 83' lang='lat' dir='ltr'><strong>iliada,</strong></span> <span class='ocrx_word' id='word_1_916' title='bbox 1093 5269 1149 5318; x_wconf 80' lang='lat' dir='ltr'><strong>lta·</strong></span> <span class='ocrx_word' id='word_1_917' title='bbox 1199 5266 1341 5335; x_wconf 80' lang='lat' dir='ltr'><strong>Thapsum</strong></span> <span class='ocrx_word' id='word_1_918' title='bbox 1352 5268 1500 5335; x_wconf 84' lang='lat' dir='ltr'><strong>Scipionis,</strong></span> <span class='ocrx_word' id='word_1_919' title='bbox 1516 5280 1709 5321; x_wconf 83' lang='lat' dir='ltr'><strong>concremasse</strong></span> <span class='ocrx_word' id='word_1_920' title='bbox 1719 5282 1755 5320; x_wconf 92' lang='lat' dir='ltr'><strong>ea</strong></span> <span class='ocrx_word' id='word_1_921' title='bbox 1765 5268 1870 5335; x_wconf 89' lang='lat' dir='ltr'><strong>optima</strong></span> <span class='ocrx_word' id='word_1_922' title='bbox 1881 5266 1944 5328; x_wconf 74' lang='lat' dir='ltr'><strong>ade,</strong></span> <span class='ocrx_word' id='word_1_923' title='bbox 1958 5272 2001 5316; x_wconf 89' lang='lat' dir='ltr'><strong>at·</strong></span> 
     </span>
     <span class='ocr_line' id='line_1_116' title="bbox 352 5329 1440 5404; baseline 0.005 -22"><span class='ocrx_word' id='word_1_924' title='bbox 352 5334 419 5384; x_wconf 83' lang='lat' dir='ltr'><strong>meri</strong></span> <span class='ocrx_word' id='word_1_925' title='bbox 432 5346 539 5382; x_wconf 86' lang='lat' dir='ltr'><strong>carmen</strong></span> <span class='ocrx_word' id='word_1_926' title='bbox 550 5329 579 5379; x_wconf 92' lang='lat' dir='ltr'><strong>ia</strong></span> <span class='ocrx_word' id='word_1_927' title='bbox 590 5331 749 5381; x_wconf 86' lang='lat' dir='ltr'><strong>membrana</strong></span> <span class='ocrx_word' id='word_1_928' title='bbox 759 5334 813 5381; x_wconf 89' lang='lat' dir='ltr'><strong>scri</strong></span> <span class='ocrx_word' id='word_1_929' title='bbox 835 5337 902 5392; x_wconf 87' lang='lat' dir='ltr'><strong>tum,</strong></span> <span class='ocrx_word' id='word_1_930' title='bbox 915 5334 1030 5383; x_wconf 86' lang='lat' dir='ltr'><strong>tradidit</strong></span> <span class='ocrx_word' id='word_1_931' title='bbox 1041 5339 1146 5387; x_wconf 81' lang='lat' dir='ltr'><strong>Cicera.</strong></span> <span class='ocrx_word' id='word_1_932' title='bbox 1198 5352 1251 5404; x_wconf 83' lang='lat' dir='ltr'><strong>qur</strong></span> <span class='ocrx_word' id='word_1_933' title='bbox 1265 5353 1318 5387; x_wconf 91' lang='lat' dir='ltr'><strong>nan</strong></span> <span class='ocrx_word' id='word_1_934' title='bbox 1330 5336 1440 5402; x_wconf 77' lang='lat' dir='ltr'><strong>legisse.</strong></span> 
     </span>
     <span class='ocr_line' id='line_1_117' title="bbox 351 5345 1997 5472; baseline -0.001 -19"><span class='ocrx_word' id='word_1_935' title='bbox 351 5402 437 5462; x_wconf 85' lang='lat' dir='ltr'><strong>ldenr,</strong></span> <span class='ocrx_word' id='word_1_936' title='bbox 457 5400 542 5453; x_wconf 84' lang='lat' dir='ltr'><strong>luisse</strong></span> <span class='ocrx_word' id='word_1_937' title='bbox 562 5397 608 5467; x_wconf 87' lang='lat' dir='ltr'><strong>qai</strong></span> <span class='ocrx_word' id='word_1_938' title='bbox 630 5400 788 5467; x_wconf 81' lang='lat' dir='ltr'><strong>pervideret</strong></span> <span class='ocrx_word' id='word_1_939' title='bbox 810 5345 939 5451; x_wconf 49' lang='lat' dir='ltr'>XXXXV</span> <span class='ocrx_word' id='word_1_940' title='bbox 957 5398 997 5451; x_wconf 89' lang='lat' dir='ltr'><strong>M.</strong></span> <span class='ocrx_word' id='word_1_941' title='bbox 1009 5416 1147 5468; x_wconf 83' lang='lat' dir='ltr'><strong>passuum.</strong></span> <span class='ocrx_word' id='word_1_942' title='bbox 1233 5407 1345 5458; x_wconf 84' lang='lat' dir='ltr'><strong>xxvii.</strong></span> <span class='ocrx_word' id='word_1_943' title='bbox 1367 5407 1467 5456; x_wconf 86' lang='lat' dir='ltr'><strong>l&#39;rrum</strong></span> <span class='ocrx_word' id='word_1_944' title='bbox 1479 5405 1514 5456; x_wconf 88' lang='lat' dir='ltr'><strong>sd</strong></span> <span class='ocrx_word' id='word_1_945' title='bbox 1526 5405 1611 5456; x_wconf 87' lang='lat' dir='ltr'><strong>decus</strong></span> <span class='ocrx_word' id='word_1_946' title='bbox 1622 5406 1733 5472; x_wconf 77' lang='lat' dir='ltr'><strong>imperii</strong></span> <span class='ocrx_word' id='word_1_947' title='bbox 1745 5405 1832 5465; x_wconf 79' lang='lat' dir='ltr'><strong>Ram..</strong></span> <span class='ocrx_word' id='word_1_948' title='bbox 1843 5420 1895 5455; x_wconf 89' lang='lat' dir='ltr'><strong>nan</strong></span> <span class='ocrx_word' id='word_1_949' title='bbox 1908 5400 1997 5453; x_wconf 82' lang='lat' dir='ltr'><strong>solum</strong></span> 
     </span>
     <span class='ocr_line' id='line_1_118' title="bbox 351 5466 2000 5541; baseline 0.001 -21"><span class='ocrx_word' id='word_1_950' title='bbox 351 5470 425 5520; x_wconf 81' lang='lat' dir='ltr'><strong>lluic</strong></span> <span class='ocrx_word' id='word_1_951' title='bbox 435 5480 463 5520; x_wconf 88' lang='lat' dir='ltr'><strong>et</strong></span> <span class='ocrx_word' id='word_1_952' title='bbox 475 5484 573 5520; x_wconf 86' lang='lat' dir='ltr'><strong>namen</strong></span> <span class='ocrx_word' id='word_1_953' title='bbox 586 5469 624 5520; x_wconf 90' lang='lat' dir='ltr'><strong>M.</strong></span> <span class='ocrx_word' id='word_1_954' title='bbox 638 5468 728 5522; x_wconf 81' lang='lat' dir='ltr'><strong>Varro</strong></span> <span class='ocrx_word' id='word_1_955' title='bbox 741 5466 870 5529; x_wconf 85' lang='lat' dir='ltr'><strong>reddidit,</strong></span> <span class='ocrx_word' id='word_1_956' title='bbox 893 5467 1055 5521; x_wconf 85' lang='lat' dir='ltr'><strong>Strabonem</strong></span> <span class='ocrx_word' id='word_1_957' title='bbox 1067 5486 1149 5524; x_wconf 79' lang='lat' dir='ltr'><strong>rars-</strong></span> <span class='ocrx_word' id='word_1_958' title='bbox 1199 5476 1233 5527; x_wconf 90' lang='lat' dir='ltr'><strong>ad</strong></span> <span class='ocrx_word' id='word_1_959' title='bbox 1246 5474 1389 5527; x_wconf 75' lang='lat' dir='ltr'><strong>titinnius</strong></span> <span class='ocrx_word' id='word_1_960' title='bbox 1402 5477 1523 5540; x_wconf 86' lang='lat' dir='ltr'><strong>pertinet</strong></span> <span class='ocrx_word' id='word_1_961' title='bbox 1537 5475 1701 5536; x_wconf 72' lang='lat' dir='ltr'><strong>materiam,</strong></span> <span class='ocrx_word' id='word_1_962' title='bbox 1724 5475 1846 5541; x_wconf 87' lang='lat' dir='ltr'><strong>Pompeii</strong></span> <span class='ocrx_word' id='word_1_963' title='bbox 1856 5473 1953 5540; x_wconf 75' lang='lat' dir='ltr'><strong>Magni</strong></span> <span class='ocrx_word' id='word_1_964' title='bbox 1963 5471 2000 5521; x_wconf 87' lang='lat' dir='ltr'><strong>ti·</strong></span> 
     </span>
    </p>
   </div>
   <div class='ocr_carea' id='block_1_7' title="bbox 350 5536 1997 5612">
    <p class='ocr_par' dir='ltr' id='par_1_14' title="bbox 350 5536 1997 5612">
     <span class='ocr_line' id='line_1_119' title="bbox 350 5536 1997 5612; baseline 0.003 -25"><span class='ocrx_word' id='word_1_965' title='bbox 350 5547 409 5588; x_wconf 88' lang='lat' dir='ltr'><strong>tum</strong></span> <span class='ocrx_word' id='word_1_966' title='bbox 435 5536 573 5590; x_wconf 74' lang='lat' dir='ltr'><strong>‘totiena</strong></span> <span class='ocrx_word' id='word_1_967' title='bbox 585 5545 677 5590; x_wconf 90' lang='lat' dir='ltr'><strong>autem</strong></span> <span class='ocrx_word' id='word_1_968' title='bbox 689 5536 793 5590; x_wconf 81' lang='lat' dir='ltr'><strong>Petalen</strong></span> <span class='ocrx_word' id='word_1_969' title='bbox 804 5536 888 5598; x_wconf 86' lang='lat' dir='ltr'><strong>bella,</strong></span> <span class='ocrx_word' id='word_1_970' title='bbox 904 5536 1069 5604; x_wconf 71' lang='lat' dir='ltr'><strong>ainiyaaso</strong></span> <span class='ocrx_word' id='word_1_971' title='bbox 1080 5539 1147 5594; x_wconf 79' lang='lat' dir='ltr'><strong>Siei-</strong></span> <span class='ocrx_word' id='word_1_972' title='bbox 1200 5544 1275 5597; x_wconf 89' lang='lat' dir='ltr'><strong>talos</strong></span> <span class='ocrx_word' id='word_1_973' title='bbox 1294 5556 1390 5595; x_wconf 82' lang='lat' dir='ltr'><strong>omnes</strong></span> <span class='ocrx_word' id='word_1_974' title='bbox 1410 5541 1622 5612; x_wconf 86' lang='lat' dir='ltr'><strong>triumphosque</strong></span> <span class='ocrx_word' id='word_1_975' title='bbox 1638 5543 1691 5597; x_wconf 89' lang='lat' dir='ltr'><strong>bae</strong></span> <span class='ocrx_word' id='word_1_976' title='bbox 1704 5544 1732 5596; x_wconf 93' lang='lat' dir='ltr'><strong>ln</strong></span> <span class='ocrx_word' id='word_1_977' title='bbox 1751 5545 1814 5596; x_wconf 89' lang='lat' dir='ltr'><strong>laco</strong></span> <span class='ocrx_word' id='word_1_978' title='bbox 1829 5538 1997 5608; x_wconf 81' lang='lat' dir='ltr'><strong>nuncupari:</strong></span> 
     </span>
    </p>
   </div>
   <div class='ocr_carea' id='block_1_8' title="bbox 0 0 2174 6018">
    <p class='ocr_par' dir='ltr' id='par_1_15' title="bbox 0 0 2174 6018">
     <span class='ocr_line' id='line_1_120' title="bbox 0 0 2174 6018; baseline 0 2"><span class='ocrx_word' id='word_1_979' title='bbox 0 0 2174 6018; x_wconf 95' lang='lat' dir='ltr'><strong> </strong></span> 
     </span>
    </p>
   </div>
  </div>
 </body>
</html>
