4368 6008
347 246 411 307 308
497 239 530 303 0.
551 237 702 303 ΡΗΝΙΙ
733 233 944 297 saeuum
975 229 1147 293 NATUR.
1179 231 1370 295 ulsrou.
1402 230 1491 292 MD.
1511 227 1643 290 XXVI.
1678 225 1778 287 CAP.
1800 228 1901 289 7-15.
1928 290 1937 297 ,

350 390 532 449 dmemnturl
549 390 645 455 Neque
657 387 710 465 ipsi
719 386 812 435 auten:
822 379 948 433 iomiaes
959 382 1094 447 pumera
1106 382 1144 433 si·
1194 385 1226 435 in
1235 380 1318 435 babis
1323 379 1553 435 commerciorum
1558 377 1688 431 habuere
1697 378 1811 431 cummi
1823 375 1999 431 cnrhercuie

350 464 382 518 bl
390 478 476 531 opera
487 475 537 513 sua
547 455 660 523 negotia
670 456 833 517 important.

386 533 465 585 Haec
475 526 548 597 apud
557 526 663 591 priscos
673 524 762 581 erant,
772 534 845 586 quae
856 532 1049 581 memoramus,
1059 531 1145 571 reme.

349 599 405 662 dia,
419 598 584 653 medicinam
595 592 656 657 ipsa
666 586 869 656 quodammodo
880 603 972 642 rerum
989 595 1090 640 nutura
1105 586 1144 639 fa-

348 672 448 730 ciente,
464 674 492 718 et
507 664 554 714 diu
565 660 652 713 fuere.
686 659 867 725 Hippocratis
878 664 963 722 certe,
982 658 1030 724 qui
1041 660 1144 724 primus

349 733 476 791 medendi
486 734 634 800 praecepta
644 727 796 779 clarissime
815 727 946 789 condidit,
966 726 1072 779 referta
1084 725 1144 777 her·

347 809 447 860 barum
469 799 609 852 mentione
630 796 786 849 invenimus
807 797 963 849 volumina:
983 809 1035 846 nec
1055 796 1145 845 misera

348 872 456 926 Dioclis
465 867 597 935 Carystii,
608 868 654 933 qui
666 867 802 918 secundus
812 872 906 918 aetate
917 865 1046 931 famaque
1057 865 1145 915 exsti·

348 944 396 996 tit:
412 942 479 991 item
491 938 677 1004 Praxagorae,
692 942 720 987 et
732 933 888 1002 Chrysippi,
900 949 934 985 ac
943 932 1041 985 deinde
1051 934 1144 984 Erasi·

347 1010 446 1079 amati:
469 1006 624 1072 Herophilo
635 1005 755 1071 quidem,
775 1017 929 1123 quanquam
941 1000 1095 1054 subtilioris
1106 1015 1147 1052 se·

349 1085 409 1134 ctae
419 1076 566 1137 conditori,
575 1082 782 1126 anteomnesoe
795 1074 918 1125 ebratam
926 1072 1062 1124 rationem
1074 1085 1145 1132 eam,

350 1147 483 1217 paulatim
497 1159 546 1196 usu
558 1143 752 1195 efficacissimo
763 1157 854 1193 rerum
867 1141 989 1193 omnium
1000 1141 1151 1208 oramatro,

347 1216 529 1287 peculiariter
549 1214 643 1279 utique
663 1210 824 1273 medicinae,
846 1210 881 1262 ad
902 1210 1146 1276 verbegarrulita·

348 1294 460 1351 temque
472 1281 648 1334 defendente.
684 1280 786 1332 Sedere
802 1294 919 1347 namque
939 1278 983 1330 his
1003 1279 1031 1328 in
1042 1278 1145 1331 scholis

347 1354 487 1408 auditioni
497 1358 627 1418 operatos
637 1352 745 1416 gratius
756 1355 826 1412 erat,
844 1363 925 1414 quam
936 1347 978 1399 ire
987 1362 1037 1414 per
1047 1347 1146 1400 solitu·

271 1475 277 1487 ,
347 1425 427 1477 dines
446 1430 475 1476 et
486 1436 619 1488 quaerere
631 1418 730 1470 herbas
742 1419 812 1471 alias
822 1418 886 1469 aliis
897 1417 996 1470 diebus
1006 1418 1079 1469 anni.

382 1494 443 1548 vu.
461 1492 590 1542 Durabat
602 1496 693 1540 tamen
704 1488 858 1554 antiquitas
869 1491 957 1551 firma,
977 1500 1146 1555 magnasque

348 1562 492 1616 coulemae
508 1560 552 1611 rei
564 1558 723 1611 vindicabat
739 1558 881 1624 reliquias,
903 1556 993 1609 donec
1007 1556 1146 1623 asclepia-

348 1632 399 1685 dea
415 1635 510 1682 aetate
524 1630 621 1694 Magni
633 1627 758 1695 Punrpeii
775 1628 874 1679 orandi
884 1629 1025 1695 magister,
1043 1641 1094 1677 nec
1104 1640 1146 1676 sa·

347 1696 387 1754 tis
398 1699 426 1751 in
438 1702 499 1751 arte
515 1713 549 1750 ea
564 1703 754 1764 quaestuosus,
776 1704 806 1747 ut
819 1695 931 1759 adalia,
951 1710 1031 1763 quam
1043 1695 1145 1756 forum,

349 1768 459 1837 sagacis
469 1769 588 1835 ingenii,
608 1765 660 1818 hue
671 1782 701 1817 se
713 1772 826 1831 repente
836 1764 986 1818 convertit:
1007 1770 1092 1831 utque
1103 1765 1146 1830 (ut

348 1853 463 1890 necesse
474 1844 535 1889 erat
548 1835 662 1897 homini,
674 1836 721 1901 qui
732 1848 784 1886 nee
794 1835 824 1886 id
835 1836 949 1903 egisset,
961 1849 1011 1885 nec
1021 1834 1147 1886 rearedia

348 1912 455 1967 nosset,
477 1905 565 1957 oculis
575 1919 681 1970 usuque
693 1904 879 1970 percipienda)
890 1905 1006 1955 torrenti
1018 1918 1051 1954 ac
1062 1902 1146 1954 medi·

348 1981 410 2028 tata
424 1974 547 2042 quotidie
565 1973 693 2024 oratione
714 1972 858 2023 blandiens
880 1974 973 2023 omnia
991 1971 1145 2023 abdicavit:

348 2049 492 2110 totamque
502 2041 666 2093 medicinam
684 2040 718 2091 ad
736 2055 846 2091 causam
863 2040 1033 2103 revocando,
1054 2043 1146 2092 conie-

349 2119 443 2165 cturae
455 2109 535 2161 fecit:
552 2110 671 2176 quinque
684 2123 728 2159 res
740 2109 860 2159 maxime
871 2109 1054 2160 conrmunium
1066 2110 1145 2162 auxi-

349 2181 450 2232 liorum
462 2176 820 2245 professus,abstinentiam
833 2177 974 2238 cibi,alias
984 2178 1051 2242 viui,
1063 2177 1147 2229 frica·

348 2251 454 2301 tionem
466 2247 600 2313 corporis,
621 2245 849 2307 ambulationem,
868 2247 1053 2327 gestationes:
1077 2262 1146 2314 quae

349 2333 411 2371 cum
429 2318 617 2383 unusquisque
635 2315 812 2379 semetipsum
828 2314 881 2365 sib:
902 2322 1044 2380 praestare
1066 2331 1146 2384 posse

347 2386 530 2453 intelligeret,
553 2383 712 2436 faventibus
725 2386 839 2445 cunctis,
853 2389 883 2434 ut
895 2389 987 2435 essent
998 2400 1064 2437 vera
1076 2400 1146 2452 quae

349 2454 487 2508 facillima
499 2459 593 2514 erant,
613 2455 772 2503 universum
789 2467 875 2518 prope
894 2450 1042 2505 humanum
1060 2469 1146 2522 genus

349 2522 552 2589 circumegitin
561 2536 601 2584 se,
611 2536 667 2572 non
677 2520 734 2572 alio
746 2520 840 2583 modo,
850 2536 931 2587 quam
942 2523 967 2573 si
979 2524 1055 2574 caelo
1067 2524 1146 2576 emis·

349 2608 396 2644 sus
406 2593 568 2643 advenisset.

383 2660 457 2712 Vlll.
476 2658 618 2711 Trahebat
630 2663 774 2725 praeterea
785 2663 892 2710 menter
902 2659 1022 2711 artificio
1032 2658 1145 2711 mhabi·

348 2732 379 2793 li,
390 2731 482 2780 vinum
495 2725 683 2795 promittendo
695 2728 796 2793 aegris,
817 2727 961 2795 dandoque
975 2729 1147 2795 tempestive,

348 2806 407 2851 tum
419 2797 551 2865 frigidam
563 2811 671 2866 aquam.
687 2797 723 2847 Et
735 2799 867 2863 quoniam
879 2813 976 2849 cauam
989 2798 1146 2849 morborum

349 2868 469 2921 scrutari
480 2869 555 2932 prior
567 2864 739 2933 Herophilus
752 2868 925 2927 instituerat,
945 2866 1002 2917 vini
1012 2867 1146 2919 rationem

347 2938 542 2988 illustraverat
552 2935 740 3002 Cleophantus
752 2936 823 3000 apud
842 2937 956 3001 priscos,
974 2937 1032 3000 ipse
1045 2950 1146 3002 cogno·

350 3004 451 3059 minari
461 3019 491 3054 se
502 3004 606 3070 frigido
616 3000 706 3055 danda
719 3004 887 3069 praeferens,
903 3009 934 3054 ut
944 3011 1042 3055 auctor
1054 3012 1097 3055 ert
1108 3005 1145 3056 Μ.

352 3060 449 3132 Varrh,
470 3070 654 3138 alia·quoque
675 3071 864 3123 blandimenta
881 3073 1070 3140 excogitabat,
1091 3072 1144 3123 iam

349 3138 544 3206 suspendendo
567 3139 693 3199 lectulos,
715 3154 830 3205 quorum
850 3143 956 3194 iactatu
972 3147 1020 3192 aut
1034 3141 1146 3193 morbos

350 3215 524 3269 extenuaret,
545 3213 715 3259 eutramnus
728 3208 865 3261 alliceret:
888 3212 944 3261 ianr
955 3211 1079 3263 balineas
1092 3211 1148 3262 avi·

349 3277 464 3332 dissime
475 3275 621 3336 homiuum⁴
628 3276 756 3343 cupidine
767 3278 950 3340 instituendo,
970 3286 999 3332 ct
1009 3280 1066 3331 alia
1078 3279 1147 3331 mul·

347 3356 381 3402 ta
394 3347 471 3398 dictu
483 3351 565 3411 grata
583 3351 667 3413 atque
688 3348 826 3399 iucunda:
849 3363 949 3414 magna
963 3349 1145 3401 auctoritate:

347 3432 400 3469 nec
410 3416 517 3467 minore
529 3413 613 3476 fama,
626 3431 685 3466 cum
698 3417 864 3469 occurrisset
876 3419 974 3484 ignoto
985 3416 1087 3481 funeri,
1106 3433 1147 3470 re·

347 3487 408 3538 lato
419 3482 529 3536 homine
541 3483 575 3534 ab
588 3498 666 3551 rogo,
677 3489 760 3550 atque
776 3492 903 3538 serrato:
924 3502 957 3537 ne
969 3488 1029 3554 quis
1040 3487 1146 3538 levibus

348 3554 497 3607 momentis
517 3558 625 3605 tantam
646 3555 854 3607 conversionem
875 3553 978 3607 factam
996 3556 1147 3608 existimet.

347 3625 381 3678 ld
391 3625 480 3675 solum
501 3637 648 3689 possumus
669 3621 816 3689 indignari,
837 3638 920 3675 unum
932 3623 1069 3677 hominem
1081 3641 1096 3677 e
1108 3625 1146 3676 le·

348 3692 464 3749 vissima
475 3690 634 3759 gontarius
645 3691 745 3756 opibus
756 3691 822 3742 ullis
835 3706 937 3754 orsum,
948 3694 1093 3760 vectigalis
1103 3693 1147 3744 sni

348 3777 443 3825 eausa,
462 3765 576 3826 repente
586 3759 663 3825 leges
673 3759 773 3809 salutis
785 3758 905 3810 hunuano
916 3763 1013 3827 generi
1028 3762 1147 3824 dedisse,

348 3846 417 3900 quas
429 3837 521 3882 tamen
537 3834 635 3893 postea
653 3827 823 3892 abrogavere
834 3828 921 3879 mu'ti.
957 3829 1146 3895 Asclepiadem

347 3900 481 3952 adiuvere
492 3896 592 3958 multa,
612 3895 640 3946 io
661 3896 834 3962 antiquorum
851 3912 917 3949 eura
935 3899 1016 3949 niueis
1027 3902 1108 3950 anxia
1119 3907 1147 3950 et

348 3970 438 4030 rudia,
460 3975 491 4021 ut
511 3966 645 4019 obruendi
666 3978 768 4033 aegras
783 3971 869 4026 veste,
890 3968 1059 4033 sudoresque
1071 3969 1147 4019 omni

348 4038 432 4091 modo
444 4036 549 4090 ciendi:
562 4050 633 4088 nunc
643 4034 806 4103 corporaad
817 4036 894 4102 ignes
903 4038 1046 4099 torrendi,
1062 4039 1148 4090 soles·

348 4124 383 4161 ve
394 4109 506 4160 assiduo
519 4104 679 4173 quaerendi,
699 4107 726 4156 in
739 4105 807 4156 urbe
826 4105 962 4165 nimbosa,
985 4107 1068 4157 imaro
1080 4123 1146 4160 vero

350 4184 413 4230 tota
424 4177 504 4229 ltalia
514 4176 706 4242 imperatrice:
718 4180 777 4225 tum
789 4177 907 4239 primum
918 4175 1016 4241 pensili
1025 4176 1148 4229 balinea·

349 4261 411 4297 rum
433 4261 485 4297 usu
506 4244 542 4296 ad
564 4244 700 4295 inlinitum
720 4244 916 4297 blandientem.
953 4244 1103 4299 Praeterea
1120 4249 1147 4298 in

350 4314 514 4380 quibusdam
527 4313 630 4365 morbis
641 4312 767 4365 medendi
779 4314 918 4365 eruciattrs
929 4314 1057 4378 detraxit,
1080 4321 1110 4366 ut
1120 4319 1147 4367 in

351 4380 469 4445 anginis,
487 4396 554 4447 quas
572 4383 707 4434 curabant
727 4381 756 4432 in
775 4381 871 4435 fauces
892 4397 998 4449 organo
1018 4384 1153 4437 demisso.-

351 4448 500 4499 Damnarit
511 4452 611 4507 averito
623 4459 653 4503 et
665 4450 839 4513 vomitiones,
859 4458 926 4503 tunc
943 4453 1147 4520 supramodum

350 4514 518 4582 frequentes.
553 4520 652 4586 Arguit
668 4524 697 4572 et
718 4519 984 4574 medicamentorum
996 4530 1146 4589 potussto·

351 4582 448 4635 macho
460 4584 595 4643 inimicos.
615 4588 687 4654 quod
709 4594 752 4640 est
772 4604 874 4658 magna
884 4606 919 4644 ex
929 4600 1009 4658 parte
1020 4596 1147 4644 vetitum.

350 4653 447 4718 ltaque
466 4669 518 4705 nos
538 4655 566 4705 in
585 4657 682 4721 primis
691 4672 765 4724 quae
779 4666 846 4712 aunt
865 4660 1010 4714 stomacho
1021 4660 1102 4713 utilia
1112 4665 1148 4712 si·

349 4737 476 4788 gneneus.

385 4789 431 4845 [X.
452 4789 781 4863 superomniaadiuvere
792 4812 854 4849 eum
863 4798 990 4865 blagicae
1000 4799 1146 4862 vanitates,

350 4861 377 4909 in
388 4864 496 4910 tantum
507 4867 634 4941 evectae,
653 4869 683 4913 ut
695 4865 830 4933 abrogare
842 4864 935 4919 herbis
948 4867 1027 4920 iidem
1041 4867 1146 4919 cunetis

315 4956 322 4965 ·
350 4933 470 4995 possent.
507 4924 605 4978 arthro
627 4930 767 4997 :deherba
786 4949 923 4988 amnesac
937 4945 981 4987 stu
1020 4937 1146 4988 asiccari

349 4999 486 5056 coniectu,
498 5002 574 5047 tactu
587 4943 682 5048 chus:
693 5003 785 5053 omnia
795 5004 907 5068 aperiri.
943 5007 981 5057 Ae
1002 5005 1146 5057 aemenide

350 5067 477 5139 coniecta
488 5067 515 5116 in
528 5064 616 5115 ariern
628 5062 748 5119 hostium
760 5073 900 5137 trepidare
911 5074 1032 5141 agmina,
1047 5090 1081 5125 ac
1090 5080 1146 5126 ter-

348 5149 385 5202 ga
395 5144 513 5189 vertere.
550 5132 673 5202 iratacen
688 5133 747 5185 dari
769 5141 880 5193 solitam
893 5158 910 5192 a
921 5143 1067 5196 Persarum
1080 5158 1145 5211 rege

349 5205 461 5272 legatia,
481 5212 512 5255 ιιι
523 5217 683 5268 quocunque
694 5204 841 5268 venissent,
859 5211 980 5262 omnium
992 5228 1085 5264 rerum
1098 5228 1144 5264 co·

352 5274 399 5336 pia
410 5273 593 5325 abundarent:
606 5285 639 5321 ac
649 5270 737 5321 muita
748 5274 858 5326 sinrilia
876 5279 992 5331 Ubinam
1003 5281 1074 5332 istae
1085 5280 1144 5334 fue·

350 5355 388 5400 re,
399 5357 458 5394 cum
467 5343 569 5393 cimbri
581 5340 754 5408 Teutonique
766 5344 884 5395 terribili
894 5346 986 5399 biarte
995 5351 1145 5413 ulularent,

348 5416 398 5459 aut
408 5424 467 5462 cum
478 5410 612 5462 Lucullus
622 5416 664 5463 tot
676 5426 757 5479 reges
768 5409 912 5477 Magorum
925 5420 1019 5479 paucis
1029 5418 1146 5486 legioni·

349 5488 398 5529 bus
409 5479 561 5534 sterneretl
581 5481 670 5533 Corve
682 5481 798 5534 Romani
815 5480 899 5533 duces
910 5484 1026 5549 primam
1038 5503 1146 5556 semper

1197 452 1325 504 camaris
1336 451 1418 503 miles
1428 448 1464 501 ad
1471 447 1644 500 Pharsaliam
1654 445 1757 499 famem
1769 448 1864 510 sensit,
1874 448 1898 498 si
1910 449 1997 501 abun·

1196 521 1293 573 dantia
1304 521 1396 572 omnia
1417 520 1577 584 contingere
1587 518 1670 568 unius
1682 517 1784 569 herbae
1795 516 1934 570 felicitate
1966 532 1995 567 o·

1197 533 1998 654 teretiNonsatiusfuitAemilianumscipioaemcartha·

1197 659 1270 728 ginis
1281 666 1378 727 portas
1388 656 1473 709 herba
1484 654 1656 722 patefacere,
1679 669 1761 721 quam
1773 655 1909 707 machinis
1921 655 1997 706 elan-

1198 740 1255 781 stro
1268 743 1316 795 per
1328 734 1372 781 tot
1382 740 1469 778 annos
1480 722 1612 793 quateret
1623 723 1767 776 Siccentur
1776 723 1997 777 hodiebleroide

1197 797 1334 851 Pontinas
1346 795 1474 864 paludes,
1496 802 1657 860 tantumque
1668 793 1730 859 agri
1740 794 1916 846 suburbanae
1928 793 1995 846 red·

1198 868 1280 918 datur
1290 867 1398 919 ltaliae.
1425 864 1496 916 Nam
1507 878 1578 931 quaa
1588 858 1660 929 apud
1672 860 1789 914 eundem
1801 862 1996 915 Democritum

1197 936 1336 988 invenitur
1356 933 1521 1001 compositio
1537 930 1738 994 medicamenti,
1757 945 1812 998 quo
1830 930 1997 999 pulchribo·

1198 1006 1281 1074 nique
1294 1012 1321 1056 et
1330 1003 1466 1056 fortunati
1476 1003 1626 1070 gignantur
1638 1001 1728 1064 liberi,
1744 1001 1790 1052 cui
1802 1015 1921 1068 unquam
1932 1001 1997 1054 l'er·

1198 1089 1291 1126 sarum
1302 1074 1364 1141 regi
1375 1073 1447 1125 tales
1458 1071 1552 1123 dediti
1573 1071 1673 1123 Mirum
1686 1078 1761 1123 esset
1771 1069 1908 1137 profecto,
1929 1069 1995 1123 huc·

1197 1158 1286 1210 usque
1307 1149 1465 1212 provectam
1491 1139 1686 1193 credulitatem
1708 1140 1901 1209 antiquorum,
1921 1138 1995 1192 salu·

1198 1213 1325 1266 berrimls
1336 1219 1426 1264 ortem
1437 1211 1538 1262 initiis:
1557 1210 1580 1260 si
1591 1213 1619 1261 in
1640 1210 1699 1262 ulia
1709 1225 1740 1262 re
1750 1208 1863 1261 modum
1876 1208 1994 1261 humus

1198 1282 1311 1350 ingenia
1321 1285 1471 1343 novissent,
1490 1286 1575 1347 atque
1586 1295 1640 1330 non
1648 1270 1722 1332 hanc
1731 1279 1819 1346 ipsam
1831 1278 1993 1331 medicinam

1198 1352 1233 1403 ab
1246 1350 1406 1420 asclepiade
1416 1356 1564 1417 repertam,
1575 1363 1626 1399 suo
1638 1349 1700 1400 loco
1713 1348 1859 1415 probaturi
1871 1363 1993 1400 essemus

1199 1426 1322 1473 evectam
1334 1420 1408 1472 ultra
1418 1420 1517 1486 Magos
1528 1418 1621 1475 etiam.
1637 1417 1691 1471 Sed
1703 1416 1774 1469 haec
1783 1424 1826 1469 est
1839 1418 1911 1468 omui
1923 1419 1951 1468 in
1964 1432 1993 1471 re
2069 1408 2075 1419 ’

1198 1490 1353 1542 ιιιιίιιιοιιιιιι
1367 1487 1500 1548 conditio,
1507 1495 1537 1538 ut
1547 1503 1564 1539 a
1574 1488 1739 1539 necessariis
1751 1487 1922 1553 orsaprimo,
1930 1502 1993 1538 cun·

1199 1566 1245 1612 cta
1256 1560 1431 1626 pervenerint
1442 1558 1477 1609 ad
1489 1557 1612 1608 nimium.
1641 1557 1732 1622 igitur
1742 1554 1993 1607 denromtratarum

1200 1630 1293 1696 priore
1314 1629 1387 1680 libro
1402 1626 1548 1679 herbarum
1563 1625 1687 1691 reliquos
1702 1624 1817 1676 eliectus
1834 1625 1993 1677 reddemus:

1199 1698 1370 1761 adiiciemus,
1382 1704 1413 1748 ut
1424 1711 1546 1764 quasque
1556 1698 1628 1746 ratio
1639 1694 1795 1746 dictaverit.

1234 1769 1269 1820 X.
1285 1766 1339 1820 Sed
1352 1767 1378 1818 in
1389 1766 1507 1818 lichenis
1520 1765 1663 1826 remediis,
1681 1770 1764 1829 atque
1777 1771 1832 1814 tam
1844 1761 1927 1814 foedo
1940 1777 1994 1814 ma·

1199 1836 1237 1898 lo,
1247 1837 1328 1902 plura
1338 1835 1459 1903 undique
1472 1833 1673 1894 reserabimus,
1695 1845 1851 1899 quanquam
1864 1846 1917 1882 non
1930 1847 1994 1897 psa·

1199 1906 1239 1956 cis
1249 1907 1304 1956 iam
1318 1904 1526 1957 demonstratis.
1555 1902 1685 1953 Medetur
1697 1916 1762 1968 ergo
1775 1902 1907 1968 plantago
1918 1902 1993 1961 trita,

1199 1973 1428 2042 quinquefolium,
1448 1974 1527 2025 radix
1544 1971 1635 2023 albuci
1646 1986 1681 2023 ex
1695 1977 1785 2034 aceto,
1797 1969 1889 2021 hculni
1902 1969 1993 2021 caules

1198 2051 1279 2097 aceto
1292 2043 1408 2104 decocti,
1419 2041 1605 2109 hibisci-radix
1618 2055 1678 2091 cum
1690 2039 1797 2106 glutino
1809 2045 1837 2091 et
1849 2046 1927 2089 aceto
1938 2038 1994 2089 aeri

1199 2114 1317 2166 decocta
1329 2113 1364 2164 ad
1377 2120 1499 2179 quartas.
1534 2110 1715 2163 Dclricantur
1725 2109 1808 2160 edam
1816 2107 1944 2176 pumice,
1963 2113 1995 2157 ut

1198 2182 1311 2251 rumicis
1332 2181 1414 2232 radix
1434 2183 1504 2232 trita
1520 2194 1553 2232 ex
1569 2184 1649 2230 aceto
1665 2178 1804 2240 illinatur,
1826 2185 1854 2229 et
1865 2175 1916 2228 dos
1927 2175 1994 2227 visci

1199 2266 1259 2309 cunr
1272 2244 1349 2303 calce
1360 2252 1499 2303 subactus.
1536 2247 1679 2301 Laudatur
1691 2253 1718 2298 et
1730 2247 1868 2314 tithymali
1878 2261 1939 2297 cum
1951 2260 1992 2296 re·

1198 2321 1261 2373 sina
1270 2318 1423 2373 decoctum.
1435 2316 1717 2386 Qenjssero-heQ
1728 2317 1853 2367 carnibus
1863 2313 1906 2365 his
1919 2330 1993 2381 prae·
2007 2322 2031 2372 4-

1198 2389 1296 2454 fertur,
1308 2389 1373 2441 inde
1386 2390 1497 2440 nomine
1507 2387 1627 2438 invento.
1645 2387 1777 2439 Nascitur
1786 2386 1815 2436 ia
1826 2385 1940 2445 saxosis,
1951 2383 1991 2435 fo·

1199 2459 1237 2510 lio
1250 2474 1304 2509 uno
1316 2457 1350 2509 ad
1364 2458 1486 2510 radicem
1497 2457 1566 2519 lato,
1587 2455 1669 2508 caule
1680 2471 1736 2507 uno
1746 2470 1842 2523 parve,
1852 2454 1941 2523 longis
1952 2453 1991 2504 fo·

1199 2527 1242 2578 liis
1253 2527 1482 2594 dependentibus.
1519 2527 1597 2578 Haec
1614 2525 1689 2577 delet
1699 2531 1728 2578 et
1740 2527 1879 2593 stigmate.
1914 2521 1991 2574 Teri-

1199 2603 1245 2647 tur
1258 2612 1319 2647 eum
1332 2596 1423 2649 melle.
1457 2598 1510 2648 Est
1522 2594 1836 2662 afflfflfflQQ,
1857 2594 1943 2659 petris
1955 2598 1994 2640 to·
2003 2602 2024 2643 t

1200 2673 1257 2717 tum
1271 2664 1427 2728 inhaerens,
1439 2671 1470 2715 ut
1483 2681 1601 2728 muscus,
1612 2664 1657 2730 qni
1669 2664 1769 2732 etipse
1781 2662 1907 2713 illinitur.
1940 2660 1994 2709 iliu

1199 2741 1227 2787 et
1242 2736 1404 2802 sanguinem
1425 2734 1500 2785 sistit
1518 2734 1675 2785 vulneribus
1691 2732 1856 2792 instillatus,
1877 2729 1995 2781 etcolle·

1199 2804 1305 2855 ctiones
1317 2804 1413 2855 illitus.
1449 2803 1576 2853 Morbum
1592 2816 1706 2868 quoque
1723 2803 1828 2867 regium
1840 2814 1900 2850 cum
1913 2798 1994 2849 avelle

1198 2879 1278 2924 sanat
1289 2887 1337 2924 ore
1348 2874 1356 2921 i
1361 2872 1431 2934 llito,
1443 2876 1470 2920 et
1482 2870 1582 2936 lingua.
1601 2871 1653 2930 Qui
1665 2870 1704 2918 ita
1716 2875 1857 2928 curantur,
1869 2868 1945 2919 salsa
1957 2867 1995 2917 la·

1198 2942 1256 2992 vari
1266 2936 1404 3001 iubentur,
1415 2940 1483 3005 ungi
1494 2938 1557 2990 olco
1569 2936 1756 3003 amygdalino,
1772 2935 1923 2985 hortensiis
1935 2936 1996 2987 abs·

1198 3013 1297 3062 tinere.
1326 3009 1369 3060 ad
1381 3007 1502 3067 lichenas
1515 3012 1545 3059 et
1554 3004 1682 3071 thapsiae
1692 3003 1787 3056 radice
1798 3009 1915 3053 utuntur
1926 3006 1999 3055 trita

1197 3095 1259 3130 curn
1270 3078 1362 3131 melle.

1232 3146 1279 3196 xl.
1298 3149 1420 3212 anginae
1441 3143 1604 3212 argemonia
1619 3141 1746 3194 medetur
1764 3140 1995 3193 sonataexrioc:

1199 3214 1421 3283 hyssopumyum
1432 3209 1647 3265 vinodecoctum
1658 3218 1687 3262 et
1695 3210 1916 3277 gargarizatum:
1930 3225 1996 3277 peu·

1198 3280 1328 3336 aedanum
1341 3298 1402 3334 eum
1414 3282 1530 3350 coagulo
1541 3280 1624 3331 vituli
1640 3280 1740 3330 marini
1752 3280 1849 3346 aequis
1860 3281 1995 3345 partibus.

1198 3351 1398 3419 Proserpinura
1409 3368 1471 3403 cum
1482 3350 1572 3402 muria
1582 3364 1616 3401 ex
1627 3351 1730 3399 maenis
1741 3353 1770 3400 et
1781 3349 1844 3400 oleo
1854 3349 1932 3410 trita,
1949 3349 1994 3400 rel

1197 3418 1353 3489 sublingua
1365 3410 1471 3474 habita.
1505 3421 1574 3472 item
1586 3433 1684 3470 succus
1695 3416 1729 3469 de
1741 3417 1938 3484 quinquefolio,
1949 3432 1995 3483 po·

1198 3498 1244 3542 tus
1255 3489 1365 3557 cyathis
1380 3490 1479 3542 tribus.
1515 3491 1570 3541 llic
1588 3495 1616 3540 et
1635 3487 1764 3539 omnibus
1780 3486 1900 3537 faricium
1918 3487 1995 3537 vitiis

1199 3560 1325 3611 medetur
1335 3559 1541 3627 gargarismus:
1557 3558 1718 3611 verbascum
1730 3556 1861 3622 privatim
1873 3555 1994 3607 tonsillis

1199 3631 1226 3681 in
1237 3644 1309 3694 aqua
1316 3636 1426 3749 gotum.

1234 3699 1295 3749 llll.
1337 3698 1433 3748 tramis
1445 3694 1591 3762 plantago:
1613 3693 1774 3748 chelidonia
1791 3709 1851 3747 rum
1867 3692 1951 3745 melle
1967 3700 1995 3743 et

1199 3766 1333 3833 axungia:
1345 3763 1576 3832 quinquefolium:
1586 3764 1666 3815 radix
1677 3765 1844 3832 persolutae,
1854 3763 1920 3815 item
1932 3777 1994 3813 rum

1200 3836 1329 3902 axungia,
1346 3836 1471 3900 operitur
1481 3830 1551 3883 folio
1561 3848 1612 3883 suo
1626 3835 1764 3900 imposita.
1801 3836 1868 3884 item
1885 3832 1995 3882 amenei-

1200 3904 1254 3955 ria:
1275 3903 1354 3955 radix
1367 3901 1569 3969 mandragorae
1579 3917 1612 3953 ex
1625 3918 1705 3969 aqna.
1741 3903 1870 3954 sideritis
1880 3901 1940 3952 iata
1951 3900 1992 3950 fo·

1200 3975 1249 4035 lia,
1270 3974 1350 4024 clavo
1371 3972 1486 4023 sinistra
1504 3986 1586 4022 aranu
1604 3971 1785 4023 circumfossa
1797 3970 1993 4037 adalligantur,

1200 4043 1379 4095 custodienda
1390 4042 1503 4102 sanatis,
1511 4058 1545 4092 ne
1556 4055 1652 4091 rursus
1662 4048 1724 4105 sata
1734 4040 1795 4091 diro
1802 4038 1992 4091 herbariorum

1200 4113 1306 4164 scelere
1315 4116 1359 4177 (ιιι
1370 4113 1398 4164 ia
1409 4110 1585 4177 quibusdam)
1597 4111 1727 4162 rebellet:
1739 4109 1811 4176 quod
1825 4110 1852 4160 iu
1862 4107 1914 4170 his,
1926 4121 1995 4173 quos

1200 4181 1344 4247 artemisia
1363 4179 1515 4241 sanaverit,
1535 4180 1657 4245 praedici
1675 4179 1795 4247 reperio:
1817 4180 1885 4230 item
1902 4177 1931 4227 in
1944 4175 1994 4234 his,

1199 4266 1268 4317 quos
1279 4250 1419 4318 plantago.
1455 4249 1651 4315 Damasonion,
1665 4265 1734 4317 quae
1746 4256 1774 4301 et
1784 4247 1862 4299 alcea
1871 4254 1995 4303 vocatur,

1199 4324 1250 4371 sub
1262 4321 1386 4371 solstitio
1399 4318 1687 4385 collecta,imponitur
1697 4334 1730 4371 ex
1741 4334 1813 4387 aqua
1823 4311 1946 4375 caelesti,
1955 4312 1995 4362 fn·

1199 4390 1267 4441 lium
1278 4391 1386 4453 tritum,
1407 4388 1452 4439 vei
1462 4387 1543 4439 radix
1555 4404 1616 4440 cum
1628 4388 1747 4455 axungia
1759 4395 1830 4448 tusa,
1851 4388 1936 4437 itaut
1948 4385 1995 4433 im·

1198 4459 1293 4525 posita
1304 4459 1374 4510 folio
1386 4473 1436 4508 suo
1448 4460 1600 4523 operiatur.
1635 4457 1681 4510 Sic
1692 4466 1719 4509 ct
1731 4456 1766 4507 ad
1777 4470 1873 4507 omnes
1883 4451 1996 4505 eerrieis

1200 4528 1321 4590 doleres,
1331 4535 1508 4594 tumoresque
1518 4542 1681 4594 quacunque
1690 4526 1717 4575 in
1729 4533 1818 4590 parte.

1194 4612 1212 4635 ··
1234 4597 1306 4648 Xlll.
1325 4598 1348 4651 i.
1360 4597 1446 4655 Bellis
1458 4598 1487 4647 in
1503 4597 1589 4661 pratis
1601 4596 1740 4652 nascitur,
1762 4592 1831 4643 floro
1843 4589 1925 4650 albo,
1949 4590 2018 4643 alii

1199 4672 1335 4734 quatenus
1347 4668 1469 4717 rubente.
1499 4664 1578 4715 ilanc
1589 4678 1649 4714 cum
1662 4659 1806 4717 artemisia
1815 4656 1927 4718 illitam,
1939 4658 1996 4710 elii·

1199 4733 1811 4857 mgpxrsenrzegzgnpzogplnlghammam,
1822 4791 1892 4845 flore
1898 4795 1994 4856 rubro,

1197 4886 1331 4937 suspensa
1341 4871 1368 4920 in
1379 4870 1464 4931 collo,
1476 4867 1659 4933 comprimere
1670 4864 1771 4915 dieitur
1781 4870 1911 4915 strumas.
1926 4865 1993 4916 item

1197 4941 1359 5009 verbenaca,
1370 4954 1430 4989 rum
1444 4939 1612 5006 plantagine.
1649 4936 1809 5003 Digitorum
1820 4933 1897 4984 vitiis
1907 4936 1994 4985 amni-

1197 5010 1261 5071 bus,
1293 5017 1321 5059 et
1341 5009 1468 5075 privatim
1489 5007 1635 5075 pterygiis,
1659 5003 1878 5075 quinquefolium
1900 5004 1993 5056 mede·

1197 5084 1250 5129 tur.

1231 5144 1292 5196 XV.
1311 5145 1342 5195 ln
1353 5145 1474 5211 pectoris
1483 5144 1561 5195 vitiis
1571 5144 1615 5195 vel
1628 5142 1822 5210 gravissimum
1840 5147 1883 5195 est
1895 5141 1993 5192 russis:

1196 5213 1261 5267 huic
1275 5214 1402 5267 medetur
1423 5214 1536 5282 panacis
1556 5214 1636 5265 radix
1654 5215 1683 5265 in
1701 5213 1856 5265 vinodulei.
1892 5210 1993 5262 Succos

1197 5285 1363 5353 hyoscyami
1384 5285 1467 5337 etiam
1488 5284 1650 5348 sanguinem
1672 5282 1894 5335 exscreantibus:
1915 5279 1994 5330 nidor
2086 5280 2095 5297 ·

1197 5371 1305 5424 quoque
1315 5356 1425 5407 accensi
1447 5353 1639 5406 tussientibus.
1678 5353 1746 5404 item
1758 5350 1897 5417 scordotis
1908 5350 1993 5399 mixto

1197 5425 1345 5485 nasturtio,
1357 5434 1386 5476 et
1396 5425 1496 5484 resina,
1511 5437 1572 5475 oum
1585 5422 1669 5475 melle
1680 5429 1742 5474 tusa
1753 5420 1840 5473 arida.
1876 5418 1956 5470 Facit
1967 5426 1995 5467 er

1198 5509 1286 5561 perse
1296 5494 1393 5547 faciles
1403 5493 1619 5547 exscreationes.
1632 5492 1699 5548 item
1712 5493 1883 5547 termarius:
1896 5487 1996 5543 maior.
