4356 6014
349 264 409 325 17⁰
472 262 504 323 C.
532 261 680 321 PLlle
721 255 927 319 saeuum
961 250 1128 337 aarum
1164 250 1353 311 maron.
1391 248 1472 308 LlB.
1496 246 1600 306 xllr.
1636 248 1729 305 CAP.
1756 250 1876 310 15-24.

346 414 446 468 foetus
457 418 555 480 quater
566 417 689 472 testato,
710 407 885 474 prioremque
897 401 1014 470 expellit
1023 400 1152 454 immam·
1202 416 1249 454 ces
1258 400 1298 451 ibi
1309 404 1468 452 nmcuntur.
1494 397 1542 449 Fit
1552 404 1581 449 et
1592 412 1628 449 ex
1639 396 1809 449 sarcocolla:
1826 398 1880 463 (ita
1891 410 2007 455 necatur

346 499 418 537 rum.
438 484 573 535 Materies
584 479 688 548 proprii
697 475 808 544 generis
817 474 891 525 inter
901 473 1073 524 utilissimas.
1085 473 1151 524 Cae·
1202 470 1305 535 arbon)
1325 470 1439 522 cornutis
1451 467 1599 520 utilissima
1611 467 1765 533 pictoribus
1782 482 1814 518 ae
1831 468 1956 534 medicis,
1972 471 2007 521 si·

348 555 485 605 sastatim
497 552 604 618 stagnis
615 562 673 599 nter
693 547 762 595 itur:
780 542 833 593 hoc
844 544 956 595 cateias
976 540 1084 593 siccari.
1116 543 1151 592 at
1202 540 1275 592 milis
1286 539 1383 605 pollini
1394 537 1543 589 thuriseet
1553 536 1617 589 ideo
1630 535 1758 599 candida,
1770 550 1853 603 quam
1863 537 1937 602 rufa,
1947 554 2004 592 me·

347 623 439 690 primo
456 622 532 681 sidit,
552 624 651 684 postea
669 562 780 664 duitare
802 611 913 679 incipit:
933 617 1064 677 certoque
1075 610 1151 677 angit
1202 610 1264 661 lior.
1302 608 1426 659 Pretium
1438 609 1506 666 eius,
1518 606 1592 673 quod
1606 620 1699 672 supra.

349 706 411 745 eam
428 691 535 742 alienus
550 687 656 743 humor,
673 682 719 749 qui
736 681 819 733 aliam
840 695 949 732 omnem
968 681 1052 748 rigat.
1082 679 1149 729 Cum
1237 678 1311 730 xxi.
1331 677 1457 729 Nondum
1479 674 1616 741 palustria
1636 674 1796 743 attigimus,
1816 690 1867 728 nec
1886 676 2003 732 frutices

347 761 476 813 innatare
487 754 621 819 eoeperit,
643 751 825 817 tempestivae
836 748 921 801 habet
930 751 1048 816 signnm.

288 854 296 867 ·
382 827 441 878 XV.
460 822 535 874 lluic
556 820 657 871 similis
674 820 873 907 quadamtenus
890 817 1150 888 quaerocatany·

346 899 408 965 pria
419 893 487 943 fleus
498 890 526 941 in
538 890 630 942 creta.
666 890 737 940 Nam
750 895 778 939 et
793 888 844 938 illa
854 888 883 937 in
897 888 1011 939 caudice
1022 889 1082 953 ipso
1094 885 1150 936 fert

367 978 468 1024 omum,
491 967 520 1014 et
532 961 625 1024 ramis,
648 973 707 1010 eum
727 959 753 1008 in
772 956 978 1009 crassitudinem
990 956 1148 1008 adolevere.

346 981 403 1087 §ed
413 1030 482 1083 haec
495 1030 621 1097 germina
632 1028 735 1080 emittit
745 1026 805 1078 sine
816 1026 880 1078 ullis
892 1026 983 1077 foliis:
1003 1024 1100 1077 radice
1110 1024 1147 1074 si·

346 1101 424 1153 milis
435 1100 548 1167 populo,
563 1098 659 1150 folium
677 1097 762 1148 ulmo.
793 1095 910 1147 Fructus
923 1100 1074 1162 quaternos
1085 1092 1149 1143 fun-

346 1170 402 1222 dit:
424 1171 508 1221 toties
531 1175 560 1220 et
574 1167 721 1235 germinat.
758 1164 813 1217 Sed
825 1180 940 1233 grossus
953 1166 1013 1217 eins
1027 1178 1080 1214 non
1093 1177 1149 1212 ma·

346 1241 473 1301 tureseit,
484 1238 536 1288 nisi
549 1237 670 1287 incisura
681 1234 782 1287 emisso
794 1234 876 1286 lacte.
895 1234 1025 1287 Suaviter
1035 1239 1064 1285 et
1076 1231 1147 1283 inte·

345 1307 507 1369 riora,tlci:
529 1306 701 1373 pinguitudo,
712 1303 797 1355 serbi.

382 1377 456 1429 XVl.
486 1374 593 1427 Similis
615 1381 644 1426 et
665 1387 746 1441 quarn
768 1374 850 1425 lones
873 1370 1014 1424 ceroniam
1033 1374 1148 1421 vocant:

346 1453 444 1498 trunco
457 1451 486 1498 et
494 1445 556 1510 ipsa
569 1443 681 1506 fertilis,
693 1442 742 1495 sed
754 1456 836 1509 pomo
848 1440 973 1507 siliquae.
994 1441 1036 1492 Ob
1047 1438 1075 1490 id
1086 1439 1147 1505 qui·

349 1515 413 1568 darn
422 1513 587 1581 Aegyptiam
598 1514 681 1564 ficum
691 1512 796 1573 dixere,
807 1525 901 1562 errore
909 1508 1068 1561 manifesto.
1083 1508 1148 1559 Non

346 1587 418 1637 euim
430 1586 459 1635 iu
470 1584 598 1650 Aegypto
609 1582 741 1642 nascitur,
753 1578 803 1632 sed
815 1580 844 1630 in
856 1580 948 1646 Syria,
960 1579 1103 1645 ioniaque,
1120 1583 1150 1629 et

345 1654 421 1705 circa
431 1650 561 1714 Gnidum,
581 1657 663 1717 atque
675 1651 703 1701 in
717 1648 831 1701 Rhode:
853 1660 963 1716 semper
973 1648 1148 1700 comantibus

343 1721 437 1774 foliis:
458 1720 528 1773 ilore
538 1720 666 1783 candido,
677 1734 739 1771 cum
752 1716 928 1771 vehementia
938 1717 1048 1770 odoris:
1071 1717 1148 1784 plan·

344 1793 437 1859 tigera
447 1790 512 1841 imis
526 1791 662 1856 partibus,
683 1795 712 1842 et
731 1787 798 1841 ideo
819 1789 967 1854 superficie
986 1787 1147 1847 flavescens,

344 1874 456 1912 succum
470 1859 615 1912 auferente
626 1859 732 1911 sobole.
762 1857 849 1909 Pomo
870 1856 1063 1909 antecedentia
1083 1855 1149 1906 anni

344 1931 422 1982 eirca
433 1928 515 1980 Canis
535 1936 627 1980 ortum
643 1929 782 1989 detracto,
803 1929 899 1978 statim
920 1926 1040 1978 alterum
1060 1926 1147 1992 parit:

343 2005 445 2070 postea
465 1996 572 2062 horem,
594 2013 646 2065 per
665 2000 826 2051 Arcturum:
849 1995 940 2048 bieme
965 1994 1061 2048 foetus
1080 2009 1147 2046 euu-

345 2071 459 2121 triente.

378 2137 465 2190 xvu.
483 2138 628 2205 Aegyptus
649 2141 677 2188 et
688 2134 828 2188 Persicam
840 2136 969 2188 arborem
981 2134 1025 2185 sui
1036 2132 1146 2202 generis

277 2224 280 2231 ⁴
346 2208 440 2270 habet,
450 2206 571 2258 similem
583 2207 654 2273 piro,
666 2204 736 2257 folia
747 2207 921 2257 retinentem.
946 2203 1093 2255 Fertilitas
1106 2218 1148 2254 as·

344 2278 428 2330 sidua
437 2279 473 2341 ei,
480 2276 665 2328 subnascente
675 2275 800 2327 crastino
811 2273 919 2326 fructu:
932 2273 1080 2325 maturitas
1091 2279 1149 2324 ete·

346 2348 451 2399 siarum
462 2347 567 2398 aillatn.
590 2344 705 2396 Pontum
718 2344 827 2410 longius
838 2344 911 2410 piro,
922 2342 1059 2394 inclusum
1071 2357 1149 2409 amy-

345 2416 446 2486 gdalae
458 2415 608 2481 putamine,
619 2418 650 2465 et
661 2414 748 2475 corio,
770 2413 866 2465 colore
882 2411 1016 2464 herbido:
1039 2410 1089 2463 sed
1100 2411 1148 2462 ubi

344 2499 401 2537 nux
411 2485 463 2546 illi,
475 2484 538 2535 huie
548 2498 676 2550 prunum,
685 2482 816 2534 differens
826 2483 963 2535 brevitate
970 2496 1003 2532 ac
1013 2480 1147 2533 mollitie:

345 2562 375 2609 et
396 2554 524 2623 quamvis
544 2551 704 2605 blandiatur
723 2550 883 2618 praedulcis
904 2551 1047 2614 suavitas,
1067 2551 1147 2603 inno·

345 2640 436 2679 cuum.
472 2622 605 2675 Materies
616 2622 752 2684 bonitate,
764 2621 943 2683 firmitudine,
954 2621 1071 2688 nigritia
1083 2636 1149 2687 quo·

346 2710 399 2762 que
410 2691 480 2745 nihil
492 2692 625 2745 differens
636 2693 732 2743 aloto.
768 2690 925 2744 simulacra
942 2706 977 2743 ex
990 2706 1024 2743 ea
1034 2689 1146 2741 factita-

343 2779 418 2816 vere.
455 2762 518 2815 Non
529 2763 626 2815 eadem
638 2761 742 2828 gratia,
762 2776 920 2830 quanquam
933 2760 1009 2812 fideli
1023 2762 1148 2821 materie,

345 2834 492 2885 oxarbore
515 2846 596 2901 quam
619 2832 749 2883 balanum
769 2831 979 2899 appellavimus,
1002 2844 1103 2897 magna
1113 2844 1148 2882 ex

345 2908 428 2970 parte
440 2908 579 2954 contorta:
600 2900 707 2953 navalis
720 2900 815 2966 itaque
825 2907 934 2951 tantum
946 2902 997 2951 est.

380 2971 480 3022 XVlll.
492 2972 528 3021 At
539 2985 554 3020 e
567 2969 679 3020 diverso
690 2971 749 3028 cuci
762 2970 790 3017 in
802 2983 904 3036 magno
916 2964 1147 3033 honore,palmse

346 3040 460 3100 similis,
481 3037 591 3103 quando
613 3044 642 3086 et
662 3037 723 3088 eius
743 3035 823 3087 foliis
844 3043 960 3087 utuntur
979 3035 1014 3086 ad
1026 3036 1146 3087 textilia.

344 3106 450 3157 Differt
465 3105 541 3171 quod
552 3103 579 3153 in
591 3104 708 3155 brachia
719 3119 860 3155 ramorum
871 3106 1021 3170 spergitur.
1057 3103 1145 3155 Poma

344 3173 520 3241 magnitudo,
530 3187 600 3240 quae
613 3187 722 3225 manum
733 3173 859 3238 impleat,
871 3173 950 3224 color
959 3171 1063 3235 fulvus,
1073 3186 1147 3223 com·

344 3242 511 3296 mandabilis
531 3256 614 3294 succo
636 3257 671 3295 ex
693 3248 804 3295 austero
817 3241 899 3294 dulei.
936 3241 1146 3309 Lignumintus

344 3314 460 3385 grande,
466 3316 615 3381 firmaeque
626 3311 798 3375 duritiae,es
809 3327 863 3380 quo
875 3310 984 3363 celares
996 3310 1146 3362 detornant

344 3384 451 3436 anulos.
488 3384 519 3434 ln
530 3399 564 3436 eo
576 3382 689 3435 nucleus
701 3381 800 3444 dulcis,
812 3381 876 3433 dum
886 3397 983 3434 recens
993 3387 1049 3432 est:
1060 3380 1147 3432 sicca·

344 3459 390 3504 tus
401 3454 526 3506 durescit
542 3450 577 3502 ad
594 3452 741 3514 inlinitum,
761 3458 792 3502 ut
809 3452 903 3504 mandi
916 3466 969 3503 non
982 3449 1081 3516 possit,
1093 3451 1147 3500 nisi

344 3521 474 3588 pluribus
486 3521 582 3571 diebus
593 3529 760 3573 maceratus.
784 3521 919 3575 Materies
932 3519 1077 3587 crispioris
1087 3519 1145 3573 ele·

345 3591 468 3656 gantiae,
480 3594 509 3638 et
520 3589 555 3638 ub
565 3587 592 3637 id
605 3588 698 3639 Persis
708 3592 877 3656 gratissima.

379 3656 456 3707 xlx.
473 3655 532 3707 Nee
543 3653 633 3705 minus
643 3658 725 3723 spina
746 3660 905 3713 celebratur
914 3662 942 3711 in
954 3658 1050 3711 eadem
1062 3664 1145 3727 gente

344 3724 492 3778 dumtaxat
505 3724 596 3791 nigra,
616 3726 746 3791 qnoniam
756 3730 918 3796 incorrupta
929 3729 1013 3781 etiam
1025 3728 1054 3779 in
1067 3729 1146 3796 aquis

344 3794 436 3854 durat,
448 3793 483 3843 ob
493 3792 522 3841 id
533 3794 686 3841 utilissima
696 3795 807 3841 narium
819 3800 915 3844 costis.
945 3797 1069 3846 candida
1079 3798 1146 3846 fael-

343 3862 371 3917 le
382 3860 526 3929 putrescit.
555 3858 674 3911 Aculeus
690 3859 832 3925 spinarum
844 3868 872 3913 et
883 3865 911 3913 in
924 3863 1009 3913 foliis.
1047 3862 1145 3916 Semen

342 3935 371 3986 iu
381 3932 500 4000 siliquis,
522 3944 576 3997 quo
589 3930 666 3980 coria
677 3929 858 3996 perficiuntur
870 3932 962 3999 gallae
974 3935 1042 3983 vice.
1078 3933 1146 3985 Flos

342 4009 372 4055 et
382 4002 495 4054 coronis
505 3998 649 4062 iucundus,
667 4006 695 4051 et
706 3998 912 4052 medicamentis
924 4001 1013 4053 utilis.
1049 4002 1147 4054 Manat

344 4080 373 4127 et
384 4070 489 4140 gummi
500 4086 533 4123 ex
543 4085 585 4122 ea.
624 4066 679 4121 Sed
692 4069 842 4136 praecipua
853 4069 969 4131 utilitas,
980 4070 1053 4138 qnod
1065 4086 1146 4124 caetu

344 4157 416 4194 anno
427 4140 513 4193 tertio
524 4140 654 4208 resurgit.
673 4140 753 4191 Circa
761 4136 1017 4199 ‘l'hebaohueanbi
1029 4147 1057 4190 et
1069 4155 1146 4207 qner-

345 4228 403 4275 eus,
414 4211 572 4272 etPersien,
584 4216 613 4261 et
626 4209 710 4275 oliva,
721 4210 786 4261 CCC
797 4224 814 4260 a
824 4209 888 4261 Nilo
900 4209 1011 4273 stadiis,
1022 4210 1148 4262 silvestri

347 4288 449 4341 tractu,
470 4287 499 4332 et
515 4280 573 4331 suis
591 4278 716 4331 fontibus
727 4279 815 4346 riguo.
853 4278 894 4330 lbi
906 4285 933 4330 et
945 4293 1047 4345 prunus
1059 4283 1147 4347 Aegy·

345 4350 414 4416 ptia,
424 4362 477 4398 non
488 4348 630 4400 dissimilis
641 4350 738 4416 spinae
750 4348 875 4416 proxime
887 4347 1079 4414 dictampnum
1093 4365 1147 4401 me·

346 4416 421 4482 spili,
433 4424 621 4470 maturascens
633 4417 742 4480 bruma,
763 4434 813 4470 nec
829 4417 901 4471 folia
912 4418 1064 4469 dimittens.
1100 4418 1147 4468 Li-

348 4498 431 4552 gnum
444 4482 472 4534 in
484 4500 567 4551 pomo
579 4488 692 4555 grande,
714 4486 764 4541 sed
778 4502 878 4554 corpus
887 4487 977 4553 ipsum
988 4494 1090 4539 natura
1100 4502 1146 4537 co·

347 4554 455 4620 piaque,
466 4555 593 4606 messium
604 4557 695 4607 instar
703 4556 813 4609 ineolis.
839 4558 991 4624 Purgatum
1003 4558 1075 4607 enim
1089 4564 1146 4606 tun·

348 4622 426 4683 dunt,
435 4631 602 4689 servantque
613 4624 673 4676 eius
684 4625 763 4678 offas.
783 4626 928 4678 silvestris
939 4634 968 4678 et
978 4625 1146 4676 eircaltlem·

320 4698 324 4707 '
347 4689 421 4756 phim
433 4705 465 4742 re
485 4689 511 4741 'n
522 4696 578 4741 tam
590 4693 678 4742 rastis
690 4696 881 4756 arboribus,nt
893 4696 964 4746 terni
975 4710 1028 4746 non
1036 4694 1147 4762 quirent

347 4760 470 4825 eircump
484 4759 552 4811 ecti:
575 4760 659 4811 unius
668 4763 803 4827 peculiari
815 4763 958 4825 miraculo,
973 4779 1024 4815 nec
1036 4777 1145 4830 pomum

347 4834 470 4895 propter,
481 4843 596 4880 usumve
608 4830 737 4896 aliquem,
749 4833 797 4884 sed
809 4839 947 4885 eventum.
966 4833 1063 4885 Facies
1073 4833 1146 4884 eninr

261 4896 266 4905 '
300 4947 328 4963 ,,,
344 4898 443 4965 spinae
454 4895 524 4949 folia
535 4895 628 4960 habet,
639 4913 689 4953 eeu
700 4913 815 4965 pennas,
832 4918 902 4970 quae
913 4903 997 4953 tactis
1009 4904 1043 4953 ab
1056 4900 1145 4953 honri-

316 4976 321 4988 ·
347 4984 382 5022 ae
391 4967 477 5020 ramis
488 4966 591 5018 cadunt
601 4968 734 5035 protinus,
745 4984 778 5020 ue
789 4979 886 5036 postea
897 4978 1089 5023 renaseuntur.

381 5037 442 5090 XX.
461 5034 572 5088 Gummi
583 5037 715 5105 optimum
728 5052 789 5090 esse
800 5053 834 5089 ex
846 5040 982 5108 Aegyptia
994 5041 1074 5107 spina
1083 5055 1145 5092 con·

345 5105 433 5170 venit,
445 5106 663 5165 vermiculatum,
674 5106 768 5159 colore
779 5107 887 5175 glauco,
896 5111 1072 5176 purum,sine
1084 5125 1146 5161 cor-

345 5177 411 5240 tice,
421 5175 552 5229 dentibus
563 5173 726 5227 adhaerens.
756 5177 878 5228 Pretium
890 5181 949 5230 eius
960 5179 990 5229 in
1002 5178 1098 5241 libras,
1110 5178 1145 5243 X,

345 5246 393 5301 lll.
420 5245 552 5299 Deterlus
563 5260 598 5297 ex
611 5242 769 5312 amygdalis
780 5247 892 5309 amaris,
902 5253 932 5297 et
942 5262 1048 5310 ceraso,
1059 5251 1147 5315 pessi·

245 5322 254 5331 ·
347 5330 423 5368 arnna
433 5330 467 5369 ex
478 5314 581 5384 prunis.
616 5314 693 5365 Fluit
705 5320 734 5368 et
746 5330 780 5368 ex
792 5315 904 5377 ritibus,
924 5315 1071 5370 infantium
1083 5316 1145 5370 hul·

1201 748 1331 799 auratum.
1359 745 1442 797 Prius
1457 753 1549 797 tanuen
1567 759 1647 811 qnam
1661 744 1851 812 digrediamur
1862 747 1898 799 ab
1910 750 2002 816 Aegy·

1200 824 1259 885 pto,
1278 826 1305 868 et
1316 815 1415 882 papyri
1428 821 1528 866 natura
1539 813 1657 876 dicetur,
1678 828 1741 865 curn
1759 813 1871 868 chartae
1881 832 1934 868 ueu
1945 833 2003 870 me·

1200 889 1274 938 xinre
1286 884 1444 936 humanitas
1455 885 1528 936 vitae
1539 890 1647 934 constet
1663 890 1691 935 et
1702 883 1846 937 memoria.
1882 887 1917 937 Et
1931 884 2003 940 hanc

1200 954 1351 1007 Alexandri
1363 952 1460 1020 Magni
1483 953 1602 1005 victoria
1622 959 1769 1020 repertam,
1791 959 1889 1007 auctor
1909 956 2002 1008 esthl.

1200 1023 1298 1084 Varro,
1320 1023 1434 1074 condita
1453 1026 1480 1073 in
1490 1026 1619 1091 Aegypto
1630 1022 1810 1074 Alexandria.
1845 1025 1937 1077 Antea
1948 1041 2002 1077 non

1201 1093 1288 1144 fuisse
1311 1090 1470 1143 chartarum
1491 1107 1585 1143 nsunt:
1607 1092 1636 1142 in
1652 1091 1806 1158 palmarum
1821 1092 1897 1145 foliis
1931 1096 2001 1148 rimo

1201 1162 1402 1229 scriptitatum:
1432 1161 1533 1213 deinde
1562 1158 1731 1227 quarundam
1763 1162 1894 1213 arborum
1912 1109 2000 1217 fibris.
2042 1154 2049 1173 ⁸

1192 1231 1304 1284 Postea
1319 1230 1439 1297 ‘publica
1459 1237 1640 1282 monumenta
1655 1231 1791 1297 plumbeis
1803 1232 1998 1296 voluminibus,

1200 1314 1266 1352 mox
1277 1306 1306 1351 et
1318 1300 1426 1366 privata
1438 1299 1531 1351 linteis
1541 1300 1638 1350 confici
1650 1308 1758 1366 coepta,
1770 1309 1818 1352 aut
1829 1302 1910 1354 ceris.
1947 1303 1999 1354 Pu·

1199 1369 1342 1437 gillarium
1355 1369 1428 1420 enim
1440 1384 1518 1420 usum
1531 1367 1618 1421 fnisse
1630 1372 1715 1421 etiam
1726 1371 1922 1424 anteTroiana
1932 1380 1999 1424 tent·

1199 1454 1269 1505 pora
1278 1438 1433 1491 invenimus
1446 1438 1518 1508 apud
1529 1438 1691 1491 Homerum.
1712 1438 1766 1490 llio
1778 1455 1844 1492 vero
1856 1441 1999 1509 prodente,

1199 1524 1234 1561 ne
1244 1514 1320 1561 terra
1332 1508 1443 1577 quidem
1455 1509 1530 1575 ipsa,
1541 1523 1613 1575 quae
1625 1524 1696 1559 nunc
1704 1510 1859 1577 Aegyptus,
1869 1510 2000 1580 intelligi-

1199 1584 1259 1630 tur:
1280 1582 1354 1643 (cum
1374 1578 1401 1629 in
1413 1576 1602 1645 Sebennytico
1614 1578 1713 1631 saltem
1724 1580 1784 1632 eius
1796 1594 1880 1633 nomo
1891 1581 2000 1633 nonnisi

1201 1647 1298 1699 charta
1309 1654 1461 1710 narratum)
1473 1657 1572 1716 postea
1582 1647 1754 1717 adaggerata
1765 1648 1839 1702 Nilo.
1859 1648 2000 1717 Siquidem

1200 1734 1217 1769 a
1227 1715 1317 1768 Pharo
1329 1717 1429 1780 insula,
1449 1732 1519 1784 quae
1530 1733 1601 1769 nune
1612 1718 1798 1771 Alexandriae
1809 1726 1895 1787 ponte
1910 1720 1999 1789 iungi-

1200 1793 1262 1849 tur,
1285 1788 1376 1839 noctis
1400 1787 1511 1855 dieique
1530 1788 1639 1840 reliiico
1665 1788 1770 1855 navigii
1790 1803 1872 1841 cursu
1893 1796 2001 1842 terram

1199 1855 1287 1908 fuisse
1299 1856 1430 1923 prodidit.
1449 1858 1518 1908 Mox
1529 1855 1718 1909 aemulatione
1729 1859 1803 1909 eirea
1813 1857 2001 1912 bibliothecas

1199 1940 1294 1993 regum
1308 1926 1462 1978 Ptolemaei
1478 1934 1506 1978 et
1519 1926 1659 1989 Eumenis,
1680 1928 1869 1995 supprimente
1890 1926 2002 1981 chartas

1200 1995 1360 2048 Ptolemaeo
1372 1995 1443 2048 idem
1456 1994 1547 2047 Varro
1560 1996 1734 2048 membranas
1741 1995 1871 2065 Pergami
1882 1996 2003 2050 tradidit

1199 2072 1335 2132 repertas.
1354 2063 1457 2117 Postea
1464 2066 1622 2133 promiscue
1630 2065 1720 2134 patuit
1730 2080 1797 2118 usus
1809 2068 1859 2131 rei,
1869 2082 1926 2134 qua
1934 2082 2000 2123 cun·

1199 2140 1256 2186 stat
1270 2135 1467 2186 immortalitas
1480 2133 1629 2186 hominnm.

1234 2203 1322 2256 xxti.
1335 2203 1474 2271 Papyrnm
1487 2220 1554 2273 ergo
1565 2207 1689 2258 nascitur
1697 2207 1724 2257 in
1736 2205 2000 2274 palustribusAegy-

1199 2276 1249 2340 pti,
1271 2279 1319 2324 aut
1336 2274 1542 2341 quiescentibus
1554 2275 1613 2326 Nili
1626 2275 1715 2342 aquis,
1740 2277 1785 2327 ubi
1797 2282 1932 2341 evagatae
1941 2282 1999 2326 sta·

1199 2349 1299 2410 gnant,
1321 2341 1375 2394 duo
1396 2345 1492 2395 cubita
1511 2330 1566 2396 riou
1578 2344 1730 2397 excedente
1741 2344 1892 2397 altitudine
1902 2347 1999 2413 gurgi·

1198 2419 1268 2475 tum,
1284 2410 1421 2464 brachiali
1433 2413 1536 2465 radicis
1547 2413 1677 2481 obliquae
1692 2413 1891 2477 crassitudine,
1911 2415 1997 2466 trian-

1199 2482 1273 2549 gulis
1285 2482 1428 2545 lateribns,
1439 2483 1535 2536 decem
1547 2498 1601 2536 non
1613 2484 1731 2551 amplius
1743 2485 1900 2537 cubitorum
1912 2484 2000 2551 longi·

1198 2551 1295 2603 tudine
1310 2554 1339 2603 in
1355 2553 1542 2620 gracilitatem
1558 2552 1735 2623 fastigatum,
1753 2552 1847 2622 thyrsi
1858 2553 1941 2606 modo
1952 2567 1998 2605 cs·

1199 2638 1297 2674 cunren
1318 2622 1464 2676 includens
1484 2623 1590 2676 semine
1609 2625 1696 2689 nullo,
1718 2632 1766 2676 aut
1786 2640 1837 2677 usu
1857 2623 1915 2676 eius
1933 2622 2000 2684 alio,

1199 2707 1281 2760 quam
1294 2691 1371 2744 floris
1382 2691 1417 2744 ad
1430 2692 1498 2745 deos
1509 2695 1692 2746 coronandos.
1727 2693 1878 2745 lladicibus
1889 2690 2000 2744 incolae

1199 2775 1250 2827 pro
1261 2761 1338 2829 ligno
1350 2767 1481 2814 utuntur:
1504 2778 1555 2815 nec
1574 2763 1648 2830 ignis
1659 2770 1767 2816 tantum
1780 2764 1883 2831 gratia,
1902 2761 1950 2814 sed
1964 2759 2000 2811 ad

1198 2829 1256 2881 alia
1267 2845 1377 2896 quoqne
1387 2832 1518 2884 utensilia
1529 2847 1668 2887 evaeorum.
1703 2833 1747 2885 Ex
1757 2833 1819 2898 ipso
1832 2831 1942 2899 quidem
1954 2844 2000 2896 pa·

1198 2913 1268 2965 pyro
1281 2900 1394 2965 navigia
1405 2905 1516 2951 texunt:
1534 2906 1587 2952 ete
1598 2900 1671 2952 libro
1682 2901 1754 2960 vela,
1765 2908 1938 2967 tegetesque,
1949 2913 2001 2951 nen

1198 2982 1253 3019 nun
1266 2973 1294 3016 et
1305 2975 1420 3027 restem,
1432 2968 1516 3018 etiam
1527 2967 1690 3034 stragulam,
1701 2967 1832 3018 aciones.
1861 2968 2003 3020 lilandnnt

1198 3049 1306 3102 quoque
1316 3035 1442 3095 crudum,
1454 3035 1661 3101 decoctumque,
1671 3049 1781 3086 succum
1794 3042 1900 3087 tantum
1913 3037 2001 3089 dero-

1197 3110 1301 3156 rantes.
1338 3102 1468 3153 Nascitur
1480 3109 1509 3154 et
1519 3104 1548 3153 in
1561 3102 1652 3171 Syria,
1673 3104 1749 3154 circa
1770 3118 1852 3171 quem
1864 3102 2002 3155 odoratus

1198 3173 1247 3225 ille
1258 3171 1393 3234 calamus,
1410 3171 1509 3224 lacum.
1544 3172 1641 3241 Neque
1652 3171 1716 3225 aliis
1727 3189 1793 3224 usus
1803 3179 1855 3234 est,
1865 3188 1948 3240 quam
1960 3173 2002 3225 in·

1198 3243 1240 3304 de,
1251 3240 1361 3293 funibus
1378 3256 1428 3293 rex
1438 3240 1595 3310 Antigonus
1609 3243 1640 3294 in
1652 3243 1797 3295 navalibus
1818 3242 1912 3305 rebus,
1933 3257 2002 3295 non·

1198 3312 1262 3362 dum
1284 3315 1379 3377 sparto
1400 3312 1613 3364 communicato.
1650 3312 1746 3379 Nuper
1765 3319 1795 3364 ct
1813 3313 1843 3363 in
1855 3310 2000 3380 Euphrate

1198 3396 1313 3433 nascens
1336 3382 1409 3433 eirca
1421 3380 1595 3448 Babylonem
1617 3396 1752 3450 papyrum
1769 3383 1941 3435 intellectum
1955 3390 1999 3434 est
2055 3440 2073 3449 „

1198 3451 1315 3504 eunden:
1327 3467 1404 3503 usum
1418 3449 1523 3503 habere
1534 3449 1656 3504 chartae.
1686 3452 1723 3523 bit
1735 3459 1827 3504 tamen
1837 3451 1928 3504 adhue
1938 3466 1983 3509 rna

1198 3522 1259 3574 lunt
1271 3519 1367 3573 Parthi
1378 3521 1500 3573 restibus
1511 3521 1610 3574 literas
1621 3523 1756 3574 intexere.

1231 3589 1332 3642 Xlllll.
1351 3590 1558 3657 Praeparantnr
1569 3607 1603 3644 es
1615 3607 1648 3644 eo
1662 3589 1783 3654 chartae,
1803 3590 1893 3642 diviso
1908 3604 1960 3641 acu
1969 3589 1998 3639 in

1198 3666 1372 3726 praetenues,
1382 3660 1431 3710 sed
1443 3674 1524 3726 quam
1536 3659 1692 3720 latissimas,
1705 3658 1836 3727 philuras.
1857 3657 1999 3741 Principa-

1198 3735 1243 3780 tus
1262 3727 1362 3790 medio,
1382 3734 1465 3796 atque
1483 3729 1548 3780 inde
1559 3732 1699 3781 scissurae
1709 3731 1816 3782 ordine.
1852 3729 1999 3781 llierancs

1199 3798 1394 3861 appellabatur
1404 3798 1568 3863 antiquitus,
1578 3799 1720 3867 religiosis
1732 3807 1839 3851 tantum
1850 3795 1999 3849 volumini·

1198 3866 1249 3916 bus
1263 3863 1363 3926 dicata,
1385 3878 1455 3930 quae
1471 3866 1743 3935 ablutioneAugusti
1766 3883 1864 3920 nomen
1877 3866 1997 3933 accepit:

1197 3935 1271 3986 sieut
1282 3933 1403 3985 secunda
1414 3934 1520 3996 birine,
1532 3949 1550 3985 a
1561 3936 1677 4003 coniuge
1689 3937 1758 4001 eius.
1795 3939 1838 3990 lta
1854 3935 1998 3989 descendit

1198 4002 1333 4055 hieratica
1344 4003 1371 4053 in
1383 4003 1496 4054 tertium
1511 4019 1619 4056 nomen.
1650 4006 1811 4058 Proximum
1823 4005 1996 4072 amphithea-

1198 4073 1285 4123 tricae
1308 4072 1404 4124 datum
1426 4072 1520 4125 fuerat
1541 4090 1559 4126 a
1572 4074 1752 4129 confecturae
1771 4076 1844 4128 loeo.
1879 4073 1997 4140 Excepit

1199 4140 1270 4193 hanc
1280 4141 1385 4194 llonme
1395 4141 1494 4194 Fannii
1509 4159 1595 4211 sagas
1607 4145 1727 4208 officina,
1747 4152 1943 4211 tenuatamque
1953 4157 1999 4196 cu·

1198 4212 1274 4263 riosn
1294 4211 1513 4277 interpolatione
1526 4214 1708 4282 principalem
1726 4214 1819 4269 fecite
1829 4215 1947 4283 plebeia,
1969 4220 1998 4265 et

1198 4296 1297 4333 nonies
1310 4280 1338 4333 ei
1349 4281 1433 4334 dedit.
1463 4285 1541 4347 Quae
1552 4300 1605 4336 non
1618 4292 1692 4337 essct
1702 4285 1743 4336 ita
1756 4291 1891 4346 securata,
1904 4284 1933 4335 in
1945 4295 1996 4333 sno

1200 4352 1301 4402 mansit
1315 4350 1558 4418 amphitheatrica.
1587 4355 1654 4407 Post
1664 4353 1735 4408 banc
1746 4354 1859 4418 Saitica,
1871 4353 1906 4406 ab
1918 4349 1996 4418 oppi-

1199 4417 1244 4481 do,
1266 4421 1314 4470 nbi
1330 4423 1450 4473 nrasima
1465 4421 1607 4485 fertilitas,
1630 4440 1664 4476 ex
1685 4423 1829 4476 vilioribus
1848 4421 1998 4473 ramentis:

1200 4489 1367 4555 propiorque
1378 4495 1529 4543 etiamnum
1542 4494 1640 4544 cortici
1653 4492 1814 4551 lieneotica,
1825 4505 1842 4540 a
1852 4488 1944 4538 vicino
1955 4488 1998 4539 lo·

1199 4571 1241 4619 co,
1255 4558 1440 4623 pondereiam
1455 4558 1532 4623 haec,
1553 4576 1606 4612 non
1618 4562 1753 4620 bonitate,
1774 4554 1888 4609 venalis.
1925 4555 2000 4608 Nam

1199 4626 1369 4693 emporetica
1381 4628 1489 4680 inutilis
1500 4629 1655 4691 scribendo,
1667 4627 1818 4678 involueris
1829 4623 1999 4691 chartarum,

1199 4697 1420 4765 segestriumque
1439 4696 1467 4745 in
1489 4697 1627 4748 mercibus
1648 4710 1726 4746 usum
1747 4695 1879 4761 praebet3
1902 4694 1965 4748 ideo
1981 4711 1999 4748 a

1198 4765 1400 4817 mercatoribus
1410 4765 1615 4832 cognominata.
1637 4764 1706 4816 Post
1716 4762 1787 4816 banc
1797 4779 1933 4832 papyrum
1946 4772 1998 4828 est,

1199 4842 1411 4899 extremumque
1422 4832 1482 4884 eius
1498 4833 1590 4898 scirpo
1600 4833 1701 4897 simile,
1722 4849 1755 4887 ac
1767 4850 1800 4888 nc
1810 4834 1924 4886 funibus
1935 4835 1996 4901 qni·

1198 4901 1272 4963 dem,
1284 4902 1339 4953 nisi
1348 4902 1375 4951 in
1387 4899 1511 4962 humore,
1522 4903 1600 4954 utile.

1234 4973 1383 5023 Tesuntur
1394 4985 1489 5021 oannes
1502 4971 1631 5023 radente
1641 4971 1739 5024 tabula
1751 4973 1807 5027 Nili
1819 4988 1898 5041 aqua.
1927 4974 1996 5023 'Pur-

1198 5037 1280 5091 bidus
1297 5039 1390 5107 liquor
1405 5039 1520 5108 glutinis
1532 5043 1649 5106 praebet
1666 5044 1762 5095 ricem.
1791 5043 1885 5096 Primo
1899 5041 1998 5110 supina

1198 5109 1295 5161 tabula
1315 5108 1418 5161 scheda
1440 5109 1574 5162 adlinitur
1594 5111 1771 5180 longitudine
1793 5114 1905 5180 papyri,
1926 5125 1997 5179 quae

1197 5181 1292 5246 potuit
1301 5193 1370 5240 esse,
1382 5178 1584 5247 resegminibus
1597 5181 1723 5248 utrinque
1735 5184 1897 5250 amputatis:
1907 5187 1997 5232 trans·

1197 5263 1278 5303 versa
1289 5253 1387 5317 postea
1398 5258 1488 5301 crates
1499 5249 1616 5315 peragit.
1653 5250 1793 5304 Premitur
1813 5251 1914 5305 deiude
1933 5263 1995 5317 pre·

1197 5324 1244 5383 ln,
1261 5325 1292 5371 et
1309 5318 1451 5370 siccantur
1467 5318 1534 5370 Sola
1555 5318 1695 5387 plagulae,
1715 5328 1798 5391 atque
1812 5321 1885 5373 inter
1896 5335 1926 5372 se
1938 5320 1998 5370 iuu-

346 5383 651 5453 ceribusaptissimum:
673 5390 702 5435 et
712 5383 864 5452 aliqnando
876 5400 911 5437 ex
922 5384 998 5446 olea,
1020 5387 1145 5440 dentium
1195 5394 1309 5457 guntur,
1330 5388 1517 5455 proximarum
1533 5403 1645 5455 semper
1665 5391 1800 5444 bonitatis
1811 5388 1997 5442 diminutione

346 5453 454 5507 doleri:
471 5453 547 5506 ulmo
558 5455 642 5507 etlam
653 5452 681 5504 ln
694 5455 803 5522 Coryco
813 5462 909 5506 monte
919 5454 1048 5517 ciliciae,
1061 5471 1094 5508 ac
1104 5460 1145 5509 iu·
1196 5460 1231 5512 ad
1242 5458 1416 5511 deterrimas.
1427 5455 1572 5523 Nunquam
1583 5458 1675 5525 plures
1683 5474 1863 5528 scapo,quam
1872 5460 1997 5510 ticenae.

345 5524 452 5591 mpero,
472 5523 508 5576 ad
527 5521 597 5576 nihil
612 5523 697 5577 utile:
720 5538 755 5577 es
767 5524 838 5576 ulmi
847 5539 913 5577 vero
922 5524 1066 5593 grunniet
1076 5525 1145 5577 cull-
1230 5528 1331 5582 xxlv.
1358 5527 1464 5595 Magna
1484 5527 1513 5577 in
1535 5526 1683 5583 latitudine
1704 5545 1798 5584 earnm
1819 5527 1998 5583 attenuetur
