4340 6018
328 283 389 343 toa
452 276 485 337 C.
521 272 672 337 Paruit
712 269 918 333 sacuam
962 266 1127 329 NATUll.
1173 266 1363 329 aleton.
1409 265 1589 327 blavit.
1626 266 1868 330 CAP.5h-b7.

362 427 457 482 Nullis
467 427 644 481 evidentibus
654 423 745 478 causis
765 419 875 483 obiere,
894 418 962 473 dnm
981 417 1137 474 animamur

328 498 478 562 matutino,
489 498 544 550 dun
556 500 697 554 Caesares,
707 495 830 557 praetor,
843 497 872 543 et
882 495 1013 555 prestun
1024 488 1134 558 periun-

329 579 390 621 ctus
401 567 547 621 dictatoris
559 564 684 617 Caesaris
694 566 774 627 pater
785 579 792 612 r
813 557 858 612 hic
867 559 940 612 Pisis
951 560 1136 623 exanimatus,

327 638 500 690 illeRomae.
537 634 569 693 Q.
586 631 689 683 Fabius
704 630 846 699 Maximus
867 630 895 680 in
917 630 1063 683 consulatu
1084 644 1136 681 suo

326 708 419 775 pridie
437 702 555 759 Kalend.
575 699 734 751 lanuarias:
757 700 786 750 in
806 700 886 751 cuius
907 699 1000 751 locum
1020 698 1136 750 Rebilus

348 777 555 828 durissimarum
569 766 699 820 horarum
717 769 894 821 consulatum
907 770 1005 836 petiit:
1027 772 1093 822 item
1105 769 1135 819 C.

325 791 472 898 iluleatius
483 840 590 906 Gurges
610 844 741 892 senator:
763 854 858 891 onrnes
879 838 951 891 aden
971 839 1034 892 sani
1052 846 1135 904 atque

215 966 221 981 „
326 911 493 978 tempestivi,
506 915 536 959 ut
547 909 582 961 de
594 909 799 979 progrediendo
812 909 978 977 cogitarent.
1002 910 1035 971 Q.
1047 907 1136 960 Aenti·

325 984 381 1034 lius
392 978 516 1046 Lepidus
528 977 585 1029 iam
597 978 742 1047 egrediens
752 981 863 1031 incusso
876 979 978 1045 pollice
990 978 1079 1030 liuilni
1090 992 1135 1027 eu·

325 1049 421 1104 biculi.
459 1050 489 1100 C.
500 1047 647 1101 Auiustius
665 1064 794 1117 egressus
810 1064 873 1100 cunr
885 1050 917 1100 in
932 1055 1058 1101 senatum
1069 1048 1134 1109 iret,

326 1118 433 1171 offenso
445 1117 516 1186 pede
526 1118 555 1169 in
567 1119 691 1171 comitio.
728 1119 851 1187 Legatus
862 1133 984 1185 quoque,
1004 1119 1050 1184 qui
1062 1115 1135 1169 trho-

326 1188 434 1240 diorum
454 1203 565 1239 eausam
584 1188 612 1239 in
632 1194 731 1242 senatu
748 1202 847 1255 magna
867 1203 929 1240 cum
950 1187 1135 1240 admiratione

326 1262 468 1319 oraverat,
488 1257 517 1308 in
534 1257 634 1310 limine
649 1258 743 1310 euriae
758 1259 887 1323 protinus
902 1257 1056 1325 exspiravit
1072 1272 1135 1324 pro·

324 1326 408 1396 gredi
426 1327 532 1379 rolens.
569 1328 617 1377 Cn.
632 1328 737 1379 Bebius
752 1327 930 1394 Tamphilus,
954 1333 1083 1394 praetura
1105 1333 1134 1377 et

324 1400 385 1464 ipsc
396 1395 523 1457 iunctus,
546 1411 606 1447 cum
622 1411 641 1446 a
653 1411 740 1462 puero
751 1397 906 1462 quaesisset
921 1395 1013 1450 horas.
1048 1395 1134 1449 Aulus

325 1465 474 1533 Pompeius
485 1467 511 1516 in
524 1465 673 1532 Capitolio,
684 1480 745 1517 cum
761 1465 828 1518 deos
840 1466 998 1519 salutasset.
1034 1466 1082 1518 Μ’.
1094 1467 1134 1517 Ιιι-

325 1537 437 1588 rentius
447 1532 558 1588 'l'halna
570 1534 689 1596 Consul,
709 1551 773 1587 cum
782 1536 962 1589 sacrificaret.
1000 1537 1030 1588 C.
1042 1535 1134 1588 Serri·

325 1605 381 1659 lius
392 1605 497 1667 Pansa,
507 1620 569 1656 cum
579 1610 667 1657 staret
677 1605 707 1656 in
718 1603 780 1656 loro
792 1605 829 1657 ad
839 1607 985 1658 tabernam
995 1604 1066 1657 hora
1077 1603 1133 1656 diei

327 1675 463 1737 secunda,
483 1676 512 1725 iu
521 1675 552 1727 Ρ.
562 1673 679 1726 Pansam
689 1673 805 1727 tratrem
814 1678 935 1729 innixus.
972 1676 1076 1728 Bobius
1094 1675 1135 1725 iu·

327 1746 396 1808 dea,
418 1760 479 1797 cum
497 1744 683 1796 vadimonium
693 1744 897 1798 differriiubet.
933 1746 972 1797 Μ.
985 1745 1133 1796 Terentius

327 1815 503 1878 Corax,dun1
515 1813 635 1868 tabellas
645 1815 743 1867 scribit
754 1816 782 1865 in
792 1812 866 1869 foro.
895 1815 955 1867 Nec
967 1829 1021 1865 non
1032 1822 1060 1866 et
1072 1828 1135 1880 pro·

325 1888 402 1939 xime
413 1899 495 1947 anno,
506 1884 569 1936 dum
583 1884 724 1935 consulari
736 1884 796 1935 niro
808 1886 836 1935 in
848 1899 942 1937 aurem
954 1884 1037 1947 dicit,
1050 1899 1134 1950 eques

325 1956 477 2019 Romanus,
500 1960 566 2006 ante
576 1953 732 2020 Apollinem
743 1954 891 2015 eboreum,
914 1953 962 2021 qui
974 1960 1017 2005 est
1028 1954 1058 2004 in
1071 1954 1134 2005 inre

326 2025 454 2093 Augusti.
490 2021 579 2090 Super
588 2038 683 2075 omnes
695 2024 724 2075 G.
736 2022 823 2073 lulius
834 2023 959 2076 medicus
970 2022 1034 2075 dunt
1056 2023 1134 2073 inun-

325 2096 381 2161 git,
402 2093 546 2161 specillum
563 2107 613 2159 per
629 2093 738 2145 oculum
755 2086 878 2145 trahens.
913 2094 1000 2145 Aulus
1012 2093 1135 2144 Manlius

325 2165 486 2233 'l'orquatus
496 2164 660 2224 consularis,
670 2177 733 2214 cum
745 2162 775 2212 in
786 2177 873 2215 coena
884 2162 1041 2229 placentam
1054 2177 1136 2229 appe·

215 2268 219 2279 .
325 2241 407 2286 teret.
444 2234 477 2285 t..
489 2233 610 2284 Tuccius
624 2231 708 2285 Valla
717 2231 849 2294 medicus,
870 2232 934 2283 dum
947 2232 1031 2284 mulsi
1042 2233 1135 2298 potio·

325 2303 501 2355 uemhaurit.
537 2303 587 2366 Ap.
597 2300 742 2363 Saufeius,
765 2316 826 2353 cum
847 2319 866 2354 u
883 2302 985 2354 balneo
1006 2310 1136 2353 reuersus

326 2372 445 2425 nsulsum
466 2370 594 2434 bibisset,
616 2385 754 2439 ovumque
775 2371 911 2423 sorberet.
947 2371 1136 2434 P-Quinctius

326 2441 456 2508 Scapula,
467 2456 528 2492 curn
540 2440 613 2507 apud
624 2442 765 2507 Aquilium
778 2440 891 2493 Gallum
902 2447 1043 2493 coenaret.
1081 2440 1136 2492 De·

327 2515 413 2563 cintus
430 2509 560 2563 Saufeius
574 2510 685 2574 scriba,
705 2525 768 2563 cum
790 2510 866 2563 dirui
885 2526 956 2564 suae
977 2510 1136 2579 pranderet.

327 2581 471 2635 Cornelius
492 2580 593 2633 Gallus
612 2582 771 2646 praetorius
792 2590 821 2636 et
840 2582 873 2644 Q.
895 2583 1032 2633 liuterius
1052 2596 1136 2648 eques

325 2650 445 2704 lisania
461 2666 563 2705 venere
584 2650 690 2703 obiere.
725 2650 763 2701 Et
782 2666 854 2719 quos
874 2658 973 2704 nostra
990 2649 1137 2703 adnotavit

327 2727 414 2783 sams,
434 2719 491 2773 duo
512 2723 651 2788 equestris
673 2719 779 2773 ordinis
799 2722 829 2771 in
850 2721 948 2774 eodem
961 2721 1136 2789 pantomimo

325 2789 463 2857 mythico,
476 2797 535 2842 tum
547 2789 639 2847 torma
649 2790 846 2857 praecellente.
882 2790 1087 2858 operosissima
1096 2799 1137 2841 ta-

326 2873 392 2912 mea
403 2861 543 2913 securitas
556 2861 691 2911 mortisia
703 2861 743 2911 hl.
754 2860 840 2912 Olllio
854 2861 952 2913 Hilaro
965 2862 1000 2913 ab
1012 2861 1135 2927 antiquis

327 2929 458 2981 traditor.
469 2929 683 2982 comoediarum
695 2928 794 2982 histrio
805 2930 908 2993 is,cum
921 2931 1027 2998 populo
1040 2929 1136 2983 admo·

327 2998 395 3051 duna
406 2997 555 3065 placuisset
566 2998 654 3049 natali
664 2998 710 3050 die
720 3001 999 3068 suo,cnnririumque
1010 2999 1136 3062 haberet,

322 3065 407 3121 edita
418 3080 506 3117 coena
516 3066 635 3118 calidam
649 3069 790 3133 potionem
803 3072 830 3120 in
846 3070 969 3134 pultario
985 3069 1134 3136 poposcit:

327 3134 468 3203 simulque
479 3150 627 3200 personam
639 3137 699 3188 eius
711 3138 766 3190 diei
777 3144 919 3206 acceptam
928 3140 1135 3201 internanaru-

327 3219 394 3257 nsm
405 3220 421 3255 e
434 3207 526 3271 capite
536 3220 588 3256 sun
599 3206 627 3257 in
640 3220 701 3258 eam
710 3208 865 3270 transtulit,
873 3209 924 3260 tali
935 3207 1033 3261 babitu
1042 3210 1136 3274 rigens

327 3272 406 3325 nullo
417 3274 571 3339 sentiente,
593 3275 682 3327 donec
692 3277 886 3331 accubantium
904 3279 1046 3345 protimus
1061 3283 1137 3346 tepe-

328 3357 406 3396 scere
417 3343 560 3410 potionem
572 3345 743 3399 admoneret.

362 3414 442 3466 linea
452 3411 549 3467 felicia
561 3417 705 3482 erentplar
725 3424 754 3469 et
764 3424 864 3471 contra
872 3419 1048 3470 miseriarum
1058 3417 1138 3468 innu-

328 3497 415 3536 mera.
450 3482 637 3535 L.Domitius
648 3485 822 3539 clarissimae
840 3489 932 3556 gentis
952 3487 1026 3554 apud
1038 3485 1137 3537 Massi·

328 3552 397 3603 liam
409 3551 511 3614 metus,
522 3553 638 3604 Corfinii
650 3563 746 3620 eaptus
759 3558 793 3609 ab
805 3558 903 3610 endem
915 3557 1044 3615 Caesare,
1053 3569 1135 3606 rene-

328 3636 366 3672 nn
384 3628 449 3687 poto
466 3630 583 3688 propter
604 3623 728 3676 taedium
744 3626 832 3686 ritae,
852 3634 997 3692 postquam
1018 3624 1138 3685 biberat,

329 3691 406 3741 omni
417 3705 501 3758 opere
509 3702 540 3744 ot
550 3693 666 3756 vireret,
672 3694 786 3747 adnisus
797 3702 847 3747 est.
865 3696 1008 3747 invenitur
1019 3696 1048 3746 in
1057 3693 1136 3754 actis,

327 3758 424 3812 Felice
437 3760 557 3814 Russnto
568 3763 669 3830 auriga
679 3763 770 3824 elato,
791 3764 820 3813 in
830 3777 929 3829 rogum
948 3766 1009 3816 eius
1025 3778 1137 3814 unume

328 3828 485 3884 laventibus
497 3832 597 3884 iecisse
608 3847 670 3884 sese
681 3850 687 3881 ι
704 3830 837 3882 frivolum
850 3832 948 3883 dictur
966 3848 1001 3883 ne
1013 3832 1065 3884 hoc
1077 3832 1139 3898 glo·

328 3901 389 3954 riae
400 3901 516 3953 artiilcis
526 3900 656 3962 daretur,
677 3899 801 3952 adversis
812 3900 913 3951 studiis
924 3901 1007 3967 copia
1019 3902 1136 3952 odorum

328 3978 489 4039 corruptum
511 3969 731 4023 criminantibus.
768 3969 911 4020 comante
923 3984 978 4020 non
995 3971 1086 4021 molto
1096 3971 1135 4023 M.

326 4040 449 4109 lepidus
461 4038 653 4092 nobilissimae
664 4037 769 4104 stirpis,
788 4052 871 4104 quem
882 4038 999 4090 diuortii
1009 4042 1136 4092 ansieta-

327 4119 356 4162 te
369 4111 491 4163 diximus
502 4114 654 4170 mortuum,
667 4106 794 4159 hananiae
808 4108 834 4158 ri
845 4121 941 4175 erogo
953 4111 1076 4171 eiectus,
1092 4125 1135 4162 re-

327 4180 408 4232 condi
420 4185 535 4248 propter
544 4179 593 4232 ard
615 4193 672 4231 rem
685 4193 739 4230 non
751 4177 1137 4246 potuissetiuxtsasrmentis

328 4248 601 4303 aliisnuduserenta
633 4254 711 4303 sest.
1017 4250 1023 4275 '

364 4316 423 4367 bv.
441 4314 532 4383 ipsum
545 4336 670 4373 cremare
682 4319 906 4387 mnaaomanos
917 4334 972 4370 non
988 4318 1044 4370 luit
1060 4325 1136 4370 rete·

330 4385 369 4434 ria
381 4383 521 4463 iststituti:
545 4395 620 4442 terra
631 4391 832 4443 condebantur.
868 4391 903 4442 At
913 4398 1058 4457 postquam
1076 4390 1136 4440 lon·

269 4462 274 4467 ·
329 4452 732 4519 ginqutsbcllisobrutoserui
753 4474 920 4526 cognosere,
940 4466 1007 4510 tune
1023 4459 1136 4510 institu-

330 4529 398 4572 tumv
434 4519 472 4571 Et
487 4528 581 4575 tannen
600 4530 704 4581 multae
720 4529 845 4583 familiae
866 4530 973 4597 priscos
990 4542 1138 4580 sert-arere

330 4590 420 4641 ritus:
443 4593 514 4641 sieut
526 4591 553 4640 in
564 4594 696 4648 Cornelia
712 4613 793 4649 nemo
808 4607 873 4653 ante
890 4598 997 4651 Sullam
1019 4598 1138 4649 dictato·

332 4674 389 4712 rem
401 4659 522 4711 traditur
532 4671 681 4713 crematus.
707 4665 792 4732 idque
803 4684 864 4721 eum
876 4668 1007 4729 voluisse,
1019 4668 1137 4719 veritum

332 4729 482 4793 talionem,
503 4738 583 4783 eruto
595 4732 721 4783 Gltlarii
738 4734 882 4790 cadavere.
920 4737 1051 4804 Sepultus
1072 4751 1137 4787 rere

331 4798 507 4866 intelligatur
520 4815 631 4869 quoquo
652 4801 734 4852 modo
755 4804 900 4857 condituri
921 4806 1051 4860 humatus
1071 4822 1137 4869 tero

332 4866 415 4920 humo
427 4877 584 4922 contectus.

366 4936 439 4989 bvi.
458 4937 526 4992 l'ost
546 4938 719 5004 sepulturam
739 4941 833 4991 variae
851 4936 974 4995 Manium
997 4947 1138 5013 ambages.

331 5006 466 5059 Omnibus
475 5022 493 5058 a
504 5022 635 5074 suprema
645 5007 813 5069 dicendam,
836 5026 907 5078 quae
917 5019 982 5067 ente
999 5016 1118 5082 primum
1131 5032 1137 5063 ι

331 5092 383 5128 nee
394 5078 484 5145 magis
495 5094 513 5131 a
525 5084 615 5129 morte
624 5092 722 5131 sensus
732 5077 807 5129 ullus
818 5087 868 5130 aut
879 5085 990 5145 corpori
1006 5091 1056 5135 aut
1076 5085 1137 5133 eni·

331 5161 410 5207 ntae,
431 5160 513 5213 quam
526 5147 732 5199 antenatalern.
770 5146 875 5199 Eadem
891 5150 962 5200 enim
982 5154 1094 5205 sanitas
1108 5156 1138 5203 in

332 5215 458 5269 futurum
469 5216 553 5269 etiam
564 5233 595 5267 se
608 5223 789 5285 propugnant
798 5217 825 5269 in
839 5218 938 5269 atomis
948 5234 1059 5287 qunque
1069 5232 1139 5275 tent·

332 5300 402 5352 para
413 5286 539 5355 ipsasibi
548 5288 632 5337 vitam
644 5288 793 5339 nrcatitur:
811 5287 884 5338 alias
894 5287 1138 5344 immortalitatem

1189 433 1246 471 non
1261 418 1440 473 diuturniora
1453 420 1483 470 in
1499 419 1560 470 rita
1577 417 1668 471 malta
1683 417 1875 484 reperiantur,
1898 420 1997 488 quibus

1190 505 1272 543 nenro
1282 489 1403 541 simibus
1415 489 1520 540 diuinet
1531 487 1781 541 immortalitatem.
1809 490 1890 554 Quod
1903 498 1996 544 autem

1190 574 1291 625 eorpus
1301 562 1411 610 animae
1422 558 1530 624 persei
1550 557 1771 625 quaematerlai
1793 561 1840 612 ubi
1859 564 1996 629 cogitatio

1189 629 1252 680 itht
1272 628 1412 695 quomodo
1429 628 1523 678 risttsi
1544 628 1731 696 auditusquei
1753 635 1802 681 aut
1822 636 1869 698 qut
1889 631 1996 701 tangit!
2040 630 2047 635 '

1190 698 1239 765 qui
1249 713 1316 748 usus
1331 697 1408 751 cirisi
1420 704 1468 749 ant
1480 698 1553 764 quod
1563 700 1624 750 sine
1635 697 1677 749 his
1690 698 1812 749 bonomi
1830 699 1909 760 Quae
1920 700 1996 752 dein.

1190 767 1225 819 de
1235 766 1330 828 sedes,
1353 776 1491 834 quantave
1503 766 1651 820 multitudo
1663 772 1706 820 tot
1717 768 1820 821 seculis
1831 770 1996 834 animarum,

1189 838 1266 889 velut
1286 836 1465 889 umbrarum?
1490 838 1641 890 l'uerilinm
1663 838 1720 888 ista
1741 838 1996 905 delinimentornm,

1188 907 1340 974 avidaeque
1351 922 1491 974 nunquam
1503 906 1631 960 desinere
1643 908 1823 960 anomalitatis
1841 919 1997 963 commenta

1188 982 1263 1029 aunt.
1281 976 1389 1027 Sintilis
1400 983 1429 1028 ct
1440 976 1474 1028 de
1484 977 1661 1029 accersendis
1671 979 1835 1044 corporibus
1844 977 1996 1043 hominum,

1189 1062 1222 1098 ac
1234 1045 1420 1099 reviviscendi
1437 1048 1574 1113 prorttiasa
1588 1061 1606 1097 a
1621 1046 1783 1099 marcente
1805 1051 1929 1114 sanitas,
1950 1053 1995 1118 qui

1188 1132 1244 1168 non
1256 1117 1358 1167 revixit
1369 1117 1438 1183 ipsc.
1475 1118 1553 1179 ense
1571 1118 1697 1181 (ntalem)
1713 1119 1768 1169 ista
1782 1117 1923 1171 densentia
1944 1128 1995 1182 cst,

1187 1186 1384 1239 iterarivitam
1396 1186 1503 1239 murtei
1524 1201 1628 1254 quaere
1651 1188 1753 1256 genitis
1769 1189 1846 1256 quies
1866 1203 1995 1257 unquam,

1188 1257 1214 1307 si
1224 1257 1252 1307 in
1264 1257 1378 1309 sublimi
1387 1272 1486 1308 sensus
1496 1259 1603 1308 scineae
1614 1263 1718 1319 menet,
1741 1259 1815 1309 inter
1824 1257 1929 1311 inlesos
1939 1274 1994 1311 um·

1188 1326 1277 1377 braci
1312 1324 1409 1378 Perdit
1423 1325 1553 1392 prolecto
1572 1327 1629 1377 iste
1650 1326 1769 1378 dulcedo
1791 1328 1995 1395 credulitasque

1189 1396 1367 1463 praecipuum
1385 1404 1502 1447 naturae
1525 1397 1635 1457 bonum,
1657 1404 1794 1461 nnnmem3
1817 1413 1850 1449 ac
1871 1399 1995 1466 duplicat

1188 1467 1298 1527 obitos,
1318 1467 1342 1516 si
1353 1466 1449 1517 dolere
1461 1467 1546 1517 etiam
1559 1465 1711 1532 postiuturi
1721 1469 1916 1521 aestimatione
1934 1484 1995 1520 ere·

1188 1535 1241 1586 nit.
1260 1534 1371 1587 Etenim
1382 1536 1407 1586 si
1419 1534 1502 1587 dulce
1510 1537 1603 1587 risere
1615 1544 1666 1598 est,
1677 1536 1723 1587 cul
1735 1543 1899 1602 potestesse
1912 1538 1994 1589 rixis·

1188 1604 1237 1656 sci
1260 1606 1296 1656 At
1308 1610 1410 1672 quanto
1420 1603 1534 1656 facilius
1546 1606 1713 1674 certiusque,
1724 1607 1777 1658 sibi
1789 1622 1927 1676 quemque
1938 1622 1995 1660 cre·

1188 1673 1302 1736 dere,ae
1313 1680 1455 1779 speqcimea
1464 1676 1626 1728 securitatis
1636 1677 1815 1745 antegenitali
1828 1692 1939 1731 sensere
1949 1690 1996 1731 ex·

1208 1744 1365 1796 crimentu.

1189 1760 1206 1813 p
1222 1812 1308 1866 LVll.
1320 1814 1541 1867 Consentaneum
1553 1814 1672 1879 ridetur,
1682 1814 1840 1884 priusquam
1852 1815 1995 1885 digredia-

1189 1897 1251 1934 mur
1262 1900 1279 1934 a
1290 1889 1389 1934 natura
1400 1882 1557 1947 hominurn,
1578 1885 1702 1939 indicare
1717 1900 1786 1952 quae
1804 1887 1937 1953 cuiusque
1953 1888 1998 1937 in·

1188 1954 1346 2004 rentasint.
1383 1954 1484 2005 Emere
1494 1969 1528 2005 ne
1538 1956 1657 2008 rendere
1674 1956 1893 2009 instituitLiber
1903 1955 1996 2009 Pater.

1188 2022 1263 2073 ldem
1276 2021 1423 2085 diadema,
1444 2024 1550 2091 regium
1562 2025 1682 2093 insigne,
1704 2031 1732 2077 et
1742 2026 1911 2094 triumphum
1923 2027 1997 2078 inre-

1188 2092 1240 2143 nit.
1277 2092 1361 2144 Ceres
1372 2091 1521 2157 frumenta,
1532 2111 1592 2145 cum
1604 2102 1687 2146 antea
1696 2095 1799 2163 glande
1808 2104 1995 2150 nascerentur.

1188 2160 1410 2214 liademmolere
1421 2170 1449 2214 ct
1461 2166 1596 2216 conficere
1606 2165 1636 2215 in
1646 2166 1755 2217 Attica:
1778 2175 1806 2218 et
1818 2167 1877 2218 alia
1885 2166 1915 2217 in
1926 2164 1996 2217 Sici·

1189 2231 1244 2283 lia:
1267 2231 1302 2281 nb
1314 2231 1343 2281 id
1354 2231 1408 2282 dea
1418 2232 1549 2285 iudicata.
1586 2233 1691 2286 Eadem
1708 2235 1797 2301 prima
1808 2236 1885 2305 leges
1902 2235 1997 2288 dedit:

1189 2307 1221 2351 ut
1238 2299 1287 2351 alii
1309 2307 1457 2367 putavere,
1476 2302 1715 2355 Rhadamanthus.
1751 2304 1864 2358 Literas
1886 2320 1998 2373 semper

1188 2370 1452 2437 arbitrorAssyrias
1468 2372 1570 2424 luisse:
1594 2373 1643 2425 sed
1659 2375 1706 2425 alii
1724 2375 1796 2443 apud
1810 2376 1963 2443 Aegyptios
1980 2390 1998 2428 a

1188 2440 1346 2505 Mercurio,
1367 2446 1398 2490 ut
1410 2440 1536 2506 Gellius,
1556 2442 1604 2493 alii
1622 2445 1695 2510 apud
1708 2443 1794 2512 Syros
1809 2452 1935 2512 repertus
1947 2459 1995 2497 vo·

1189 2510 1261 2561 lunt.
1297 2510 1399 2581 Utique
1411 2511 1439 2561 in
1453 2510 1599 2564 Graeciam
1611 2514 1742 2565 intulisse
1753 2530 1768 2566 e
1779 2512 1916 2568 Phoenice
1927 2513 1999 2565 Cad-

1189 2595 1263 2632 mum
1276 2579 1397 2632 sedeeim
1410 2596 1535 2635 numero.
1573 2585 1680 2646 Quibus
1690 2586 1815 2637 Troiano
1829 2585 1905 2638 belle
1916 2582 1998 2647 Pala·

1189 2648 1297 2701 medem
1308 2650 1443 2702 adiecisse
1453 2661 1573 2718 quatuor
1586 2652 1637 2705 bae
1649 2654 1738 2720 figura
1752 2656 1868 2706 θῖψΧε
1878 2652 1995 2707 totidem

1190 2725 1254 2785 post
1264 2719 1436 2773 Simonidem
1447 2722 1588 2784 Melicum,
1599 2727 1706 2771 suum
1715 2744 1726 2784 ,·
1746 2738 1861 2790 quarum
1873 2721 1995 2775 omnium

1189 2791 1231 2840 vis
1241 2790 1269 2839 in
1281 2792 1617 2858 nostrisrceognoaeitur·
1654 2792 1821 2845 Aristoteles
1841 2793 1867 2845 X
1888 2800 1917 2846 et
1936 2791 1998 2843 Vlll

1190 2859 1298 2924 priscas
1325 2859 1430 2910 l'uissc:
1467 2860 1939 2913 ΛΒΓΛΕΖΙΚΛΜΝΟΠΡΣΤΥψε
1969 2866 1999 2913 et

1189 2927 1259 2980 duas
1270 2929 1305 2980 ab
1317 2927 1485 2994 Epicharmo
1497 2928 1606 2978 additas
1626 2926 1691 2986 ΘΧ,
1713 2940 1795 2993 quam
1811 2941 1828 2976 a
1838 2928 1998 2993 Palamede,

1189 2997 1305 3049 mavult.
1341 2996 1493 3048 Anticlides
1509 2996 1537 3045 in
1555 2997 1684 3061 Aegypto
1700 2995 1841 3047 inuenisse
1859 2999 1999 3063 quendem

1189 3067 1301 3118 nomine
1312 3066 1434 3117 Menona
1445 3064 1546 3125 tradit,
1568 3063 1618 3114 XV
1638 3064 1719 3114 annis
1739 3072 1804 3115 ante
1820 3062 1999 3118 Phoroneum

1190 3134 1414 3200 antiquissimum
1426 3133 1562 3201 Graeciae
1572 3147 1682 3205 regem:
1704 3130 1787 3199 idque
1808 3135 2000 3187 monumentis

1189 3203 1345 3271 approbare
1357 3198 1483 3255 conatur.
1519 3202 1544 3254 Ε
1561 3200 1671 3255 diverso
1688 3203 1840 3271 Epigenes,
1861 3205 1935 3271 apud
1945 3204 2000 3257 Ba·

1189 3273 1319 3341 bylonios
1341 3272 1465 3325 licellll
1487 3288 1622 3325 annerum
1643 3272 1854 3325 obsecrationes
1874 3272 1998 3327 siderum

1190 3343 1336 3395 coctilibus
1346 3342 1491 3396 laterculis
1506 3342 1655 3412 inscriptas
1671 3342 1767 3404 docet,
1787 3345 1880 3408 granis
1901 3351 2001 3396 auctor

1189 3414 1218 3465 in
1236 3414 1352 3480 primisr
1374 3415 1424 3481 qui
1444 3415 1604 3476 nsiuirnunr,
1623 3414 1747 3464 Berosus
1766 3418 1795 3463 et
1812 3412 2000 3485 Critodemus,

1190 3483 1329 3535 CCCCXC
1340 3498 1484 3536 annorum.
1521 3486 1563 3535 Ex
1574 3498 1628 3551 quo
1639 3488 1764 3549 apparet,
1784 3478 1926 3535 eete'rnum
1939 3483 2000 3536 lite·

1191 3568 1285 3605 rarum
1297 3568 1387 3605 usum.
1423 3553 1455 3604 ln
1466 3553 1579 3605 Latium
1592 3569 1640 3604 eas
1653 3554 1809 3605 attulerunt
1819 3553 1937 3623 Pelasgi.

1226 3622 1388 3674 laterarias
1400 3637 1433 3673 ac
1443 3620 1541 3674 domos
1554 3623 1761 3676 constituerunt
1770 3620 1999 3691 primiEuryalus

1191 3698 1220 3745 et
1230 3692 1391 3757 Hyperbius
1400 3691 1502 3741 trames
1513 3691 1642 3743 Athenis:
1654 3700 1737 3745 antea
1748 3707 1848 3759 specus
1859 3701 1939 3745 eram
1948 3706 1999 3759 pro

1190 3762 1328 3815 dontibus.
1365 3760 1458 3811 Gellio
1469 3758 1579 3811 Dehine
1591 3760 1668 3812 Caeli
1680 3762 1768 3825 iilius,
1791 3763 1858 3813 lutei
1878 3762 1999 3814 aedilicii

1189 3832 1319 3883 inventor
1328 3830 1430 3896 placet,
1439 3830 1569 3896 exemplo
1579 3836 1671 3882 sumto
1682 3832 1717 3882 ob
1729 3831 1906 3900 hirundinum
1918 3831 1998 3883 nidis.

1190 3901 1326 3967 Oppidum
1343 3902 1463 3966 Cecrops
1482 3915 1500 3951 a
1518 3915 1549 3952 se
1569 3901 1721 3967 appellarit
1736 3902 1909 3969 Cecropiam,
1928 3917 1999 3969 quae

1190 3984 1264 4023 nunc
1275 3976 1319 4021 cst
1329 3984 1378 4021 arx
1392 3968 1515 4021 Athenis.
1544 3969 1635 4037 Aliqui
1647 3972 1736 4039 Argos
1748 3988 1765 4023 n
1776 3971 1921 4023 Phoroneo
1932 3986 1999 4041 rege

1190 4046 1255 4091 ante
1274 4039 1417 4091 conditum
1438 4038 1556 4089 nolunt:
1579 4039 1688 4106 quidam
1710 4047 1739 4093 et
1755 4040 1914 4109 Sicyonem.
1949 4043 2000 4093 Ae·

1190 4108 1284 4176 gyptii
1296 4122 1363 4159 vero
1374 4108 1463 4159 multo
1474 4114 1540 4160 ante
1552 4108 1624 4174 apud
1636 4109 1712 4175 ipsos
1722 4109 1879 4179 Diospolin.
1907 4112 1998 4177 Tegu-

1189 4179 1231 4231 las
1243 4179 1347 4230 ias-enit
1358 4179 1713 4245 CinyraAgrippaetilius,
1733 4190 1762 4233 et
1778 4181 1894 4233 nietalla
1914 4180 1999 4243 aeris,
2045 4234 2051 4239 ,

1189 4254 1337 4315 utrumque
1352 4248 1380 4298 in
1397 4248 1491 4300 insula
1503 4251 1615 4316 Cypro:
1637 4249 1705 4301 item
1723 4250 1872 4319 iorelpem,
1892 4256 1998 4301 martu-

1189 4318 1258 4381 lum,
1268 4325 1386 4380 vectem,
1399 4317 1535 4371 incudem.
1572 4317 1676 4372 Puteos
1687 4319 1813 4384 Danaus,
1825 4336 1857 4374 ex
1870 4322 1999 4388 Aegypto

1190 4387 1323 4440 advectus
1344 4388 1372 4437 in
1393 4389 1554 4453 Graeciam,
1574 4404 1646 4457 quae
1667 4391 1819 4442 conabatur
1839 4391 1928 4452 Argos
1950 4388 1999 4439 ht-

1189 4458 1280 4524 psion.
1317 4457 1497 4524 lapicidinas
1509 4459 1631 4510 Cadmus
1642 4457 1759 4519 Thebis,
1779 4464 1840 4518 aut,
1861 4462 1893 4503 ut
1908 4454 1999 4505 'l‘hen-

1189 4526 1332 4593 phraates,
1343 4528 1371 4578 in
1384 4527 1528 4579 Phoenice.
1565 4527 1693 4578 'l‘hrason
1707 4541 1809 4577 usuros.
1838 4525 1953 4585 Turres,
1966 4534 2001 4577 ut

1190 4597 1365 4657 Aristoteles,
1387 4598 1542 4663 cyclopes:
1564 4594 1715 4662 Tirynthia
1735 4583 1997 4659 ntheophrnstus.

1189 4667 1322 4733 Aegyptii
1333 4666 1446 4717 textilia
1457 4684 1463 4716 ε
1476 4666 1587 4715 iniicere
1599 4666 1678 4714 lanas
1689 4661 1821 4714 Sardibus
1832 4661 1916 4728 Lydi.
1945 4663 1997 4715 Fu·

1190 4751 1236 4786 sos
1249 4738 1278 4785 in
1291 4736 1413 4785 lanilielo
1425 4734 1536 4787 closter
1545 4732 1619 4782 tilius
1630 4730 1788 4784 Arachnes:
1809 4731 1896 4783 linum
1911 4740 1940 4784 et
1955 4747 1998 4785 re·

1190 4801 1374 4854 tiaArachne.
1411 4802 1568 4854 Fulloniam
1587 4808 1676 4853 artem
1699 4801 1793 4853 Nicias
1812 4792 1996 4868 Megarensis.

1189 4866 1330 4925 Sutrinam
1348 4870 1473 4941 'l'ychius
1494 4871 1638 4923 Boeotius.
1673 4871 1843 4923 Medicinam
1865 4870 1998 4940 Aegyptil

1190 4943 1263 5009 apud
1273 4945 1348 5009 ipsos
1357 4942 1457 4994 nolunt
1467 4948 1621 5009 repertame
1641 4942 1690 4993 alii
1702 4944 1894 5009 persianum,
1906 4943 1997 5010 Baby·

1190 5011 1261 5063 lenis
1272 5019 1301 5064 ct
1311 5011 1449 5078 Apollinis
1460 5012 1546 5063 illium
1558 5031 1566 5063 ι
1588 5012 1755 5063 llerbariam
1766 5018 1795 5063 et
1811 5012 1998 5064 medicamen·

1189 5084 1288 5133 teriam
1300 5097 1316 5132 a
1327 5079 1456 5143 Chirone,
1466 5080 1579 5133 Saturni
1591 5088 1619 5132 et
1631 5080 1766 5149 Philyrae
1775 5080 1843 5135 tilio.

1224 5154 1277 5203 Aes
1287 5150 1410 5204 condere
1420 5158 1449 5202 et
1459 5148 1795 5218 temperarc,Aristoteles
1806 5151 1916 5220 Lydum
1929 5149 1997 5218 Scy·

1190 5219 1254 5273 then
1267 5228 1451 5283 nronstrasse,
1461 5219 1674 5288 Theophrastus
1685 5221 1784 5273 Delam
1798 5220 1937 5289 Phrygem
1949 5234 1996 5285 pu·

1189 5298 1240 5343 tat.
1259 5290 1401 5343 Aenariam
1414 5288 1548 5342 lubricam
1561 5290 1612 5341 alii
1624 5289 1776 5359 Chalybas,
1788 5291 1838 5342 alil
1850 5290 1918 5358 cycl
1957 5302 1996 5340 aa.

333 5358 452 5421 animae,
463 5358 534 5411 alins
545 5358 827 5422 transfigurationem,
837 5356 1027 5410 aliaasensuns
1038 5360 1138 5414 inieris
1189 5360 1305 5412 Ferrum
1317 5359 1459 5411 ltesiodus
1472 5357 1499 5410 in
1513 5361 1596 5412 creta
1611 5376 1674 5424 ens,
1695 5361 1743 5427 qni
1753 5360 1846 5411 vocati
1865 5365 1931 5411 sunt
1986 5382 1998 5396 ·

333 5426 439 5488 dando,
460 5427 599 5480 ctldanes
620 5424 754 5488 colendo,
774 5425 911 5494 deumque
928 5424 1070 5491 iucundo,
1091 5432 1137 5496 qui
1190 5428 1357 5498 ctylildnei.
1395 5430 1545 5498 Argentum
1566 5431 1676 5482 incenit
1697 5428 1894 5483 Erichthonius
1914 5424 1997 5480 Athe·

332 5494 385 5549 iam
397 5496 482 5549 etiam
495 5497 580 5549 homo
590 5512 652 5549 esse
667 5494 800 5548 desierit:
824 5510 875 5548 ceu
894 5510 961 5548 cero
977 5495 1037 5547 uilo
1054 5501 1138 5551 nando
1189 5500 1315 5552 niensis:
1336 5505 1367 5548 ut
1383 5492 1447 5561 alii,
1469 5503 1583 5553 Aeacus.
1620 5501 1685 5555 Auri
1697 5501 1813 5554 ntetalla
1823 5505 1851 5552 et
1863 5497 1997 5550 condatu-

332 5564 456 5628 spirnndt
467 5568 542 5619 ratio
554 5566 687 5621 hominia
698 5564 799 5621 ceteris
809 5566 976 5622 muthius
988 5564 1139 5628 dictitarat
1190 5584 1249 5622 rasa
1261 5568 1380 5621 Csdnms
1389 5567 1515 5623 Phoenix
1526 5570 1561 5623 ad
1573 5571 1731 5641 Pangaeum
1743 5576 1881 5623 montenis
1893 5572 1925 5618 ut
1936 5564 1997 5629 elii,
