4356 6014
295 268 327 327 C.
363 267 511 327 l'Lllllll
546 267 750 328 secono!
782 267 947 328 NATUil
982 269 1169 359 maroa
1213 269 1421 331 uruxtli.
1466 270 1555 330 CAP.
1582 274 1688 333 e·14.
1754 277 1815 339 1oo

159 435 267 493 quoque.
289 419 373 471 arbor
392 422 485 471 strata
499 414 959 483 insololrnmidototaradicatur,

159 491 207 545 sed
219 493 247 542 ia
259 488 386 549 frutices,
395 501 451 539 aon
460 487 488 539 in
499 488 637 541 arborem.
672 488 750 554 Ergo
762 486 900 553 plantaria
917 489 958 541 ia·

159 564 286 622 stituuat,
301 556 503 624 anniculasque
513 557 696 620 transierunt,
706 565 735 609 et
746 557 848 609 iterum
860 556 960 609 bimas.

102 675 109 689 ,
161 628 290 683 Gaudent
302 628 375 680 enirn
387 627 544 681 mutatione
554 626 638 690 sedis,
657 640 741 678 verna
752 626 828 687 alibi,
839 627 868 677 in
877 628 963 693 Assy·

160 702 306 753 riaautem
328 697 405 749 circa
415 698 497 750 canis
516 701 603 748 ortua
640 696 699 753 Nec
719 696 795 748 ferro
815 696 961 764 attingunt

161 771 196 822 ibi
209 766 350 821 novellas:
371 763 420 819 sed
441 766 562 832 religant
577 780 679 826 comas,
697 773 730 817 ut
740 765 770 816 in
781 764 960 817 altitudinem

160 844 268 893 erasm.
296 836 441 889 Robustaa
453 833 588 902 deputant
600 833 795 887 crassitudinis
804 836 908 903 gratia,
919 849 961 886 se·

161 906 310 976 mipedales
321 919 461 957 ramorum
474 904 663 972 relinquentes
674 913 796 968 truncos,
815 905 863 972 qui
875 901 961 955 ‹lecisi

51 987 56 997 '
159 979 225 1031 aiibi
237 982 339 1028 necant
349 981 477 1026 matrem.
512 974 641 1026 Diximus
655 975 758 1027 salsum
772 975 806 1026 ab
818 972 860 1025 lris
869 974 961 1026 solum

160 1046 249 1115 diligi.
269 1047 346 1113 Ergo
359 1044 407 1095 ubi
418 1058 475 1094 uun
486 1051 528 1095 est
540 1044 606 1107 tals,
615 1044 704 1096 saleru
715 1043 893 1112 adspergunt,
904 1057 960 1095 non

160 1116 307 1179 radicibus,
328 1112 378 1165 sed
387 1112 500 1179 longius
512 1113 606 1179 paulo.
642 1111 787 1176 Quaedam
800 1115 829 1165 in
841 1114 962 1180 Syriaet

161 1191 287 1256 Aegypto
299 1188 328 1236 in
337 1183 418 1235 birros
429 1181 557 1235 dividunt
567 1197 598 1233 ac
615 1190 742 1235 truncos:
764 1184 884 1235 increta
895 1191 923 1233 et
934 1182 960 1231 in

160 1268 264 1318 ternos,
280 1253 473 1322 quaedamque
485 1258 513 1304 et
527 1253 556 1304 in
566 1252 672 1320 quinos.
709 1252 815 1304 Ferunt
826 1252 920 1303 statim
932 1252 962 1303 in

160 1328 285 1380 trimatu.
304 1326 335 1377 ln
348 1325 441 1390 Cypro
453 1336 529 1383 vero,
541 1320 961 1389 Syriamegypto,quadrimaer

161 1397 271 1464 aliquas
280 1393 480 1461 quinquennes,
492 1391 642 1443 altitudine
653 1389 781 1452 hominis,
798 1391 875 1441 nullo
887 1391 961 1442 intus

162 1468 235 1534 pomi
246 1465 336 1532 ligno,
348 1459 479 1527 quamdiu
491 1466 555 1511 sunt
567 1459 706 1523 novellae,
719 1460 755 1512 ob
766 1459 794 1512 id
805 1459 960 1528 spadonum

162 1541 478 1657 acqqptqqqmnqqm
489 1599 588 1653 multa.
612 1597 762 1652 Sterilibns
773 1596 809 1650 ad
821 1597 962 1662 materias,

123 1700 129 1713 ·
161 1687 330 1741 operumque
350 1670 483 1739 lautiora,
501 1670 591 1722 utitur
606 1669 721 1737 Assyria
740 1676 768 1721 et
788 1675 849 1720 tota
860 1667 962 1720 Persis.

83 1777 145 1833 w,
161 1744 231 1796 bunt
240 1749 270 1794 et
279 1740 403 1810 caeduae
413 1740 569 1807 palmarum
581 1753 691 1808 qaoque
700 1738 961 1806 silvangersrinan·

66 1826 80 1841 ·'
159 1821 205 1867 tes
224 1827 318 1875 rursus
338 1810 372 1862 ab
394 1809 491 1865 radice
504 1811 637 1861 succisae.
667 1807 765 1859 Dulcis
778 1806 904 1860 medulla
914 1823 961 1860 ea·

159 1898 222 1937 ruas
234 1882 263 1934 ln
272 1881 426 1942 cacumine,
434 1878 506 1946 quud
518 1879 661 1932 cerebrum
674 1877 828 1944 appellant:
842 1884 963 1930 exemto-

159 1967 213 2020 qus
224 1953 330 2013 rirunt,
354 1950 427 2016 quod
449 1963 503 1999 non
514 1948 596 2001 uliae.
635 1945 778 1999 Vocantur
789 1953 881 1999 autern
894 1945 959 1998 cha·

159 2035 313 2087 masrspce,
322 2020 392 2072 iulio
402 2018 503 2070 latiore
512 2034 545 2069 aa
556 2017 645 2080 molli,
655 2016 692 2069 ad
703 2018 794 2069 vitilia
805 2017 962 2069 utilissimo.

161 2092 299 2158 Copiosae
320 2092 347 2140 in
370 2091 462 2148 Creta,
482 2088 531 2141 sed
549 2090 639 2155 ansgis
655 2086 800 2140 inSicilio.
828 2085 962 2153 Epaimia

161 2174 265 2227 prunae
276 2160 395 2219 tiraces,
406 2156 534 2224 ignisque
545 2156 645 2209 lentus.

194 2228 415 2283 fructiferarum
428 2226 492 2280 allis
510 2226 621 2280 brevius
633 2225 738 2293 lignum
749 2226 776 2277 in
787 2238 879 2292 pomo,
901 2224 964 2275 aliis

159 2300 288 2368 longius:
301 2298 345 2351 his
357 2297 478 2360 mollius,
487 2296 545 2349 illis
556 2296 665 2349 durius:
676 2295 841 2362 quibusdam
854 2308 964 2345 osseum

158 2368 350 2435 lunatumque,
370 2367 453 2419 dente
464 2374 562 2419 contra
571 2360 740 2418 fascinantes
752 2364 886 2430 religiono
897 2362 966 2429 poli·

158 2447 230 2491 tum.
265 2437 348 2489 aliud
366 2436 492 2503 pluribus
512 2438 643 2487 vestitum
666 2435 879 2500 paucioribusve
891 2431 966 2483 tuni·

158 2510 213 2559 cis:
237 2507 314 2559 aliud
326 2504 515 2556 crassioribus
526 2502 745 2556 tenuioribusre.
780 2503 823 2554 lta
833 2504 903 2552 liunt
915 2515 964 2550 un·

157 2575 399 2642 dequinquaginta
409 2586 521 2638 genera,
530 2573 556 2621 si
566 2574 630 2639 quis
644 2571 766 2623 onmium
779 2570 909 2636 persequi
922 2584 966 2621 re·

155 2645 192 2697 lit
205 2644 321 2694 nomina
333 2640 418 2691 etiam
431 2639 560 2701 barbara,
582 2641 765 2704 vinorumque
784 2653 819 2690 ea
839 2638 873 2687 iis
885 2636 965 2689 diffe-

155 2713 277 2763 reatina.
297 2708 475 2760 clarissimae
487 2709 619 2771 omnium,
631 2723 698 2775 quas
708 2708 801 2775 regias
812 2706 966 2773 appellare·

154 2796 190 2833 re
202 2779 238 2829 ab
250 2776 366 2839 honore,
387 2778 517 2844 quonism
527 2779 640 2846 regibus
652 2783 759 2829 tantum
771 2775 893 2829 Persidis
907 2790 964 2827 scr·

154 2853 304 2908 narentur,
325 2846 472 2914 Babylone
490 2854 573 2900 natae
583 2862 638 2901 uno
653 2847 683 2898 in
699 2844 781 2898 horto
792 2845 904 2914 Bagou:
926 2847 967 2896 ita

155 2916 235 2971 enim
244 2922 347 2967 vocant
356 2915 503 2982 spadones,
510 2919 556 2984 qui
567 2916 640 2984 apud
650 2931 698 2968 eos
709 2915 794 2968 etiam
804 2929 966 2983 regnurera.

156 2987 272 3040 Hortus
282 2983 333 3037 ille
343 2998 482 3050 nunquam
492 2985 545 3036 nisi
557 2985 726 3037 dominantia
736 2985 764 3036 in
775 2985 840 3036 aula
851 2983 912 3035 fuit.
930 2984 967 3035 at

159 3059 192 3109 im
202 3054 358 3117 meridiano
375 3054 442 3106 orbe
453 3056 631 3122 praecipuam
650 3054 778 3106 obtinent
789 3053 966 3106 nobilitatem

159 3125 269 3192 syagri,
281 3123 491 3190 proximamque
501 3123 683 3192 margaridcs.
711 3124 775 3175 ilas
785 3124 894 3185 breves,
905 3138 967 3175 can·

162 3194 257 3255 didae,
276 3192 422 3255 rotundae,
442 3193 542 3255 acinis,
563 3207 645 3260 quam
661 3192 786 3256 balanis,
805 3192 966 3244 similiores.

163 3263 258 3328 Quare
271 3268 300 3315 et
310 3278 411 3315 nomen
422 3264 611 3330 amargaritis
621 3277 763 3329 accepere.
799 3263 965 3315 linaearum

165 3333 249 3386 arbor
268 3333 297 3383 in
317 3330 409 3384 Chora
426 3347 489 3385 esse
511 3333 642 3385 traditur:
664 3347 721 3383 una
740 3339 769 3383 et
789 3345 966 3400 syagrorum.

166 3403 324 3467 Mirumque
337 3401 371 3452 de
384 3417 419 3454 ea
429 3403 596 3470 accepimus,
608 3417 668 3453 cunr
680 3400 816 3467 phoenice
824 3417 883 3462 are,
895 3416 966 3467 quac

168 3478 280 3538 putatur
296 3486 330 3523 ea
343 3468 424 3522 huius
435 3472 545 3539 palmae
557 3478 721 3540 argumento
737 3487 836 3523 nomen
847 3471 967 3537 accepis-

167 3555 206 3603 se,
216 3540 316 3592 iterum
328 3540 401 3603 orori
411 3556 443 3593 ac
457 3542 568 3595 renasci
574 3540 616 3595 'ea
627 3542 734 3608 seipsa:
754 3548 884 3608 eratque,
904 3555 966 3591 cum

167 3606 234 3662 hasc
244 3610 400 3676 proderem,
410 3610 519 3663 fertilia.
557 3611 647 3679 ipsum
659 3625 771 3677 pomura
783 3609 896 3678 mando,
915 3609 965 3660 du·

168 3695 236 3741 rum,
247 3677 435 3742 horridum,et
444 3696 461 3733 a
471 3683 575 3734 ceteris
586 3681 735 3749 generibus
747 3680 854 3731 distans
865 3693 966 3745 sapore

167 3748 263 3812 lerino,
274 3764 355 3816 quem
368 3749 453 3802 ferme
465 3751 491 3801 in
504 3752 578 3818 apris
590 3751 729 3801 norimus:
748 3749 966 3803 euidentissime·

168 3834 218 3885 que
231 3833 315 3871 cauas
336 3825 380 3871 est
398 3821 526 3872 nominis.
553 3822 660 3883 Quarta
679 3820 832 3870 auctoritas
847 3817 967 3867 sandali·

168 3888 239 3948 dum,
261 3904 279 3939 a
289 3888 473 3939 similitudine
494 3891 706 3954 appellaturum.
742 3887 799 3938 lam
811 3886 841 3937 ia
851 3884 965 3937 Aethio·

168 3958 228 4023 piac
239 3957 295 4008 lirae
306 3957 424 4025 quinque
435 3972 531 4010 aarum
543 3972 595 4009 noc
608 3958 701 4024 plures
714 3957 827 4008 arbores
843 3954 967 4017 tradunt,

168 4042 219 4078 non
231 4025 350 4078 raritate
361 4027 460 4092 magia,
478 4042 560 4094 quam
571 4028 709 4078 suavitate
720 4025 871 4077 mirabiles.

200 4096 240 4147 Ab
251 4092 293 4145 hia
303 4101 439 4162 caryotae
449 4097 571 4149 uraaime
586 4096 772 4157 celebrantur,
795 4100 823 4147 et
834 4093 897 4145 cibo
910 4092 967 4160 qui·

168 4163 299 4225 darmstad
311 4171 341 4216 et
351 4181 436 4217 succo
447 4167 613 4219 uberrimae.
650 4164 803 4230 {inquibus
819 4164 968 4231 praecipua

168 4234 230 4284 rina
240 4233 359 4294 Orienti,
379 4235 475 4302 iniqua
488 4235 584 4300 capiti,
597 4233 668 4285 unde
681 4248 764 4299 pomo
776 4247 883 4284 nomen.
912 4233 966 4284 b'ed

168 4309 197 4353 ut
210 4302 297 4367 copia
306 4302 347 4352 ibi
358 4309 439 4370 atque
451 4304 601 4365 fertilitas,
621 4306 661 4353 ita
675 4302 806 4353 nobilitas
818 4317 845 4352 m
857 4302 968 4363 iudaea,

168 4386 219 4423 nec
229 4371 258 4420 in
272 4375 345 4432 tots,
355 4373 402 4424 sed
413 4374 576 4427 lliericunta
588 4372 716 4423 aramme.
736 4371 898 4437 Quanquam
910 4370 968 4420 lari·

167 4438 251 4493 datae
272 4449 303 4491 et
320 4439 495 4505 Archelaide,
514 4449 543 4495 et
563 4439 720 4501 Phaselide,
739 4445 823 4506 atque
845 4439 969 4501 Lirinde,

168 4508 259 4590 gentis
269 4508 394 4563 eiusdem
406 4513 587 4565 corrrallibus.
624 4511 683 4563 Dos
695 4508 739 4560 hia
750 4508 899 4575 praecipua
908 4524 969 4588 suc·

167 4578 723 4715 flulzulhlurl‘ltm,ullium
737 4591 968 4715 {salitule}

167 4716 968 4787 redamplitudinispraecipuae,quaternicubitoromlon·

167 4786 323 4854 gitudinem
343 4788 476 4844 alliciunt.
512 4791 606 4842 Minus
621 4789 776 4855 speciosae,
798 4786 848 4840 sed
868 4800 969 4853 sapore

167 4864 347 4924 caryotarum
369 4874 491 4921 sorores,
502 4860 538 4911 ob
550 4859 604 4911 hoe
614 4856 780 4925 adelphides
792 4856 894 4918 dictae,
906 4869 968 4922 pro·

168 4928 269 4980 aimaro
280 4928 450 4980 suavitatem
463 4928 574 4993 babent,
586 4943 640 4979 non
652 4934 745 4980 tamen
755 4926 881 4980 candem.
903 4927 970 4978 Ter·

168 4998 237 5050 tium
259 5013 295 5051 ca
315 4995 358 5049 lris
369 5012 457 5066 genua
468 5005 591 5066 patetse,
614 4997 699 5049 nimio
710 4996 819 5064 liquore
831 4995 970 5050 abundat:

168 5069 328 5137 rumpitque
338 5085 369 5122 ss
380 5068 455 5136 pomi
466 5069 562 5137 ipsius,
576 5067 663 5121 etiarn
675 5068 705 5119 in
714 5080 767 5118 sua
777 5073 875 5131 matre,
884 5065 971 5121 ebrie

166 5144 219 5199 tas,
229 5138 347 5190 calcatis
359 5138 468 5192 similis.

200 5206 289 5258 Suum
304 5222 395 5275 genua
415 5208 558 5261 esicciore
580 5206 663 5260 turba
682 5206 799 5268 iuncsis,
820 5205 973 5273 praelonga

167 5275 330 5340 gracilitate
353 5278 475 5330 curratis
496 5278 620 5329 interim.
656 5275 728 5328 Nam
740 5292 810 5343 quos
821 5291 856 5329 sa
868 5274 911 5327 hia
921 5271 970 5325 ho·

167 5344 230 5394 nori
251 5346 367 5397 deorum
387 5346 523 5410 dicamus,
543 5345 684 5415 chydaeos
695 5344 849 5412 appellarit
860 5342 972 5404 iudaea,

167 5425 237 5477 gens
247 5415 421 5467 contumelia
431 5417 573 5468 nunrinunr
584 5417 709 5483 insignia.
745 5416 778 5467 ln
788 5419 879 5467 tutum
891 5426 972 5464 aren·

167 5485 210 5533 tes
221 5481 378 5537 Thebaidis
390 5491 474 5552 atque
485 5484 615 5548 Arabiae,
626 5498 777 5552 macroque
786 5496 904 5550 corpore
915 5481 973 5535 exi·

166 5546 217 5612 lea,
239 5560 270 5606 st
291 5552 406 5608 assiduo
427 5566 530 5621 vapore
552 5559 707 5616 torrentes,
728 5559 850 5606 crustm
872 5551 974 5614 radus,

200 5622 302 5675 Pura.
322 5623 418 5677 lissa.
436 5622 571 5678 Neron.

1013 433 1096 539 quam
1117 426 1217 485 mrem,
1236 418 1386 474 obducunt.
1421 418 1452 473 ln
1464 418 1527 487 ipsa
1546 419 1658 487 quidum
1669 421 1817 494 Aethiopia

1027 490 1125 549 riatur,
1130 496 1221 555 (tanta
1230 496 1275 542 est
1284 490 1416 552 riccilani
1424 496 1453 541 et
1464 488 1573 543 tarinae
1584 491 1669 544 modo
1678 494 1817 560 spissatur

1013 558 1043 609 in
1053 573 1161 624 panem.
1197 559 1327 627 (liquitur
1336 568 1430 611 autern
1442 559 1469 609 in
1481 559 1582 613 frutice
1593 565 1676 613 ramis
1687 564 1817 617 cubitali·
1846 560 1851 568 ’

1013 628 1074 689 bus,
1084 618 1152 680 folio
1165 628 1276 691 latiore,
1297 643 1380 696 pomo
1394 628 1526 693 rotundo,
1537 629 1587 682 ssd
1598 633 1712 694 nroiore,
1735 648 1817 700 quarn

1014 697 1090 759 mali,
1112 696 1313 764 amplitudine:
1336 699 1548 750 coicasrocant
1583 699 1715 753 Triennio
1728 712 1818 755 matu·

1014 773 1140 819 resonat:
1161 781 1270 831 semper
1289 780 1324 817 uc
1345 766 1440 818 frutici
1452 782 1565 835 pomum
1576 773 1620 820 est
1630 769 1818 826 subnascente

1013 836 1081 888 alio.
1112 832 1264 887 Thebaidis
1271 781 1382 887 dructus
1393 836 1534 904 extemplo
1545 837 1574 888 iu
1585 837 1669 891 cados
1680 842 1818 906 conditur,

1014 921 1075 958 cum
1087 905 1130 958 sui
1142 903 1253 957 ardoris
1263 905 1368 956 anima:
1381 904 1409 954 ni
1418 905 1462 957 ita
1470 909 1528 968 tint,
1539 907 1668 961 celeriter
1679 913 1817 979 asspirat:

1014 975 1216 1043 marcescitque
1229 988 1283 1024 non
1293 979 1416 1027 retostus
1429 972 1527 1027 furnis.
1562 977 1603 1030 Ea
1614 978 1722 1046 reliquo
1731 997 1816 1049 gens·

1014 1060 1045 1097 rc
1055 1044 1181 1112 plebeiae
1192 1042 1332 1095 ridentur.
1368 1041 1433 1111 Syri
1454 1051 1484 1095 et
1504 1043 1573 1096 iuba
1593 1055 1751 1115 tragemata
1771 1066 1818 1118 ap·

1016 1116 1133 1182 pellant.
1169 1113 1239 1166 Nam
1252 1114 1279 1164 in
1303 1112 1361 1164 alia
1382 1118 1461 1179 parte
1472 1111 1626 1169 Phoenicen
1639 1117 1819 1186 Ciliciaeque,

1016 1184 1145 1251 populari
1162 1183 1249 1236 etiarn
1268 1183 1379 1234 nonrinc
1396 1196 1413 1233 s
1429 1183 1508 1234 nobis
1523 1186 1699 1250 appellantur
1713 1189 1817 1241 balani.
1918 1210 1926 1225 ·

1016 1257 1118 1306 luorum
1131 1267 1241 1320 quoque
1252 1252 1333 1318 plura
1342 1264 1452 1319 genera.
1472 1251 1613 1304 Dill'arunt
1623 1256 1713 1324 ligura
1722 1265 1818 1311 rotun·

1016 1322 1116 1375 ditatis
1128 1328 1178 1374 aut
1189 1321 1377 1388 proceritatis.
1408 1319 1548 1373 Differunt
1559 1328 1588 1374 et
1599 1324 1703 1390 colore,
1713 1329 1818 1398 nigrio-

1015 1407 1062 1444 ras
1073 1406 1107 1443 ac
1115 1393 1256 1444 rubentes.
1294 1390 1352 1443 Nec
1362 1390 1509 1457 pauciores
1519 1391 1573 1442 lico
1585 1392 1733 1449 traduntur
1743 1399 1818 1449 colo·

1015 1477 1070 1514 res.
1106 1461 1229 1514 Maxime
1249 1466 1341 1512 tanuen
1363 1460 1474 1526 placent
1492 1459 1613 1512 candidi.
1655 1463 1769 1519 Distant
1789 1476 1818 1520 st

1015 1531 1220 1600 magnitudine:
1231 1536 1315 1598 prout
1326 1529 1408 1581 multi
1419 1529 1542 1582 cubitum
1553 1529 1680 1585 effocare.
1700 1535 1818 1597 Quidam

1017 1609 1083 1653 aunt
1095 1616 1150 1653 non
1161 1601 1311 1667 ampliores
1322 1600 1396 1653 isba.
1433 1598 1585 1653 Servantur
1594 1597 1622 1651 hi
1633 1601 1753 1666 demum,
1772 1607 1819 1671 qui

1016 1677 1167 1721 nascuntur
1177 1671 1207 1722 in
1219 1669 1301 1721 salsis
1312 1677 1396 1737 atque
1405 1670 1554 1733 sabulosis,
1575 1676 1608 1720 ut
1619 1671 1647 1722 io
1658 1671 1770 1734 iudaea,
1791 1682 1819 1725 et

1016 1741 1173 1807 Cyrenaica
1182 1738 1285 1791 Africa.
1310 1739 1372 1791 Non
1383 1739 1452 1791 item
1463 1739 1494 1790 in
1503 1739 1641 1807 Aegypto,
1652 1742 1756 1808 cypro,
1769 1742 1819 1809 Sy·

1015 1810 1068 1870 ria,
1080 1816 1108 1860 ct
1120 1808 1249 1861 Seleucia
1259 1809 1396 1875 Assyriae.
1431 1806 1618 1869 Quamobrem
1629 1825 1706 1874 sues,
1716 1818 1745 1863 st
1755 1812 1820 1865 reli·

1016 1895 1072 1947 qua
1082 1877 1216 1930 animalia
1227 1892 1262 1930 ea
1272 1875 1339 1929 hiss
1391 1885 1500 1929 uantur.
1537 1876 1640 1930 vitiati
1651 1887 1701 1931 aut
1719 1882 1820 1933 vetusti

1015 1950 1077 2002 sius
1089 1950 1165 2016 pomi
1175 1947 1285 2014 signum
1295 1952 1347 2010 est,
1381 1946 1500 2000 scidisse
1512 1947 1659 2000 candidam
1669 1964 1821 2013 verrucam,

1017 2034 1087 2086 quae
1108 2032 1219 2071 racemo
1239 2015 1407 2069 adbaeserit.
1443 2016 1821 2087 Alexandrimilitespaimis
2015 2036 2022 2047 ⁴
2076 2038 2081 2047 '

1017 2088 1153 2139 viridibus
1164 2093 1241 2139 stran
1253 2086 1336 2137 rulati
1347 2090 1421 2136 sunt.
1440 2086 1469 2135 in
1480 2086 1614 2138 Gedrosia
1624 2079 1769 2141 id'iuctum
1779 2100 1823 2143 est

1017 2158 1093 2224 pomi
1104 2172 1216 2225 genero,
1227 2103 1295 2207 odoi
1306 2155 1387 2222 copia
1396 2154 1498 2208 evenit.
1527 2156 1579 2207 Est
1589 2156 1662 2208 enim
1673 2164 1753 2209 tantu
1764 2175 1821 2212 nru-

1017 2226 1226 2288 steissuaritns,
1233 2231 1263 2276 ut
1271 2225 1334 2277 tinia
1341 2224 1489 2277 nrandendi
1499 2240 1555 2278 non
1566 2225 1820 2293 carpentoratae

1051 2297 1086 2348 X.
1105 2294 1190 2363 Syria
1203 2303 1312 2361 praeter
1330 2292 1403 2347 hanc
1421 2295 1578 2363 peculiares
1600 2292 1820 2351 habetarbores.

1018 2365 1048 2417 ln
1065 2381 1166 2417 nucum
1180 2380 1282 2432 genere
1297 2363 1417 2433 pistacia
1427 2372 1502 2416 nota.
1540 2363 1678 2419 Prodesse
1689 2367 1822 2421 adsersus

1018 2437 1189 2501 serpentium
1201 2433 1347 2485 traduntur
1358 2440 1588 2500 morsua,atpotu
1598 2441 1626 2488 et
1636 2437 1707 2488 cibo.
1719 2438 1749 2488 ln
1759 2439 1821 2491 lico·

1017 2518 1080 2555 rum
1096 2512 1201 2563 autem,
1222 2502 1344 2565 caricas,
1364 2508 1392 2555 et
1403 2503 1527 2554 minores
1537 2504 1597 2554 eiua
1608 2505 1728 2569 generis,
1750 2522 1821 2577 quas

1019 2577 1252 2625 cottanarocunt.
1288 2570 1820 2637 ltempruaainDanraaeomontena·
1911 2596 1917 2603 ·

1019 2650 1059 2705 ta,
1070 2648 1205 2707 etmyxn:
1224 2646 1370 2705 utramque
1391 2641 1447 2691 ism
1457 2640 1628 2693 familiarem
1640 2641 1749 2695 ltaliae.
1779 2644 1821 2697 Ra
1858 2644 1865 2679 ι’
1964 2640 1974 2675 “’

1018 2711 1112 2779 myria
1124 2711 1152 2759 in
1164 2710 1292 2775 Aegypto
1304 2715 1332 2760 et
1345 2709 1409 2759 rina
1421 2708 1499 2760 fiunt.

1054 2778 1102 2831 Xl.
1120 2777 1242 2845 iuniperi
1257 2776 1377 2828 similem
1388 2776 1492 2831 babent
1502 2774 1656 2831 Phoenices
1667 2786 1696 2831 ct
1707 2779 1820 2833 cedrum

1019 2849 1165 2901 minorem.
1187 2847 1252 2899 Duo
1263 2847 1324 2899 eius
1334 2861 1445 2914 genera,
1454 2847 1546 2916 Lycia
1556 2854 1585 2900 et
1594 2846 1754 2913 Phoenicis,
1765 2849 1819 2902 dil·

1019 2917 1113 2971 ferunt
1133 2917 1217 2970 folior
1239 2931 1303 2968 narn
1324 2917 1514 2982 qusednrunr,
1535 2924 1658 2980 acutum,
1678 2920 1821 2986 spinosum

1019 2986 1114 3049 babet,
1132 2987 1289 3054 oxycedros
1301 2992 1428 3049 roratur,
1450 3001 1561 3039 ramosa
1571 2994 1600 3038 et
1610 2987 1692 3040 nodis
1703 2987 1821 3042 infesto:

1019 3058 1113 3110 altera
1132 3056 1219 3109 odore
1240 3061 1375 3122 praestat.
1410 3055 1543 3108 Fructum
1556 3056 1650 3108 ierunt
1660 3058 1748 3123 myrti
1765 3073 1822 3110 ma·

1020 3125 1177 3196 gnitudine,
1188 3124 1297 3177 dulcem
1307 3138 1417 3190 sapore.
1446 3126 1485 3176 Et
1495 3125 1610 3179 narona
1622 3124 1697 3176 cedri
1708 3125 1763 3177 duo
1774 3142 1821 3195 ge·
1848 3152 1853 3161 ·

1019 3211 1099 3249 nera:
1122 3208 1193 3262 quae
1203 3192 1293 3255 daret,
1310 3193 1429 3245 iructum
1440 3209 1496 3246 non
1507 3193 1573 3245 lert.
1607 3194 1820 3263 Frugiferanon

1018 3265 1115 3323 floret:
1136 3272 1165 3317 et
1180 3265 1209 3315 in
1230 3280 1264 3316 ca
1284 3263 1495 3316 antecedentem
1511 3261 1634 3315 fructum
1644 3271 1762 3331 occupat
1772 3280 1821 3316 no·

1018 3351 1079 3387 rus.
1116 3334 1217 3386 Senren
1233 3334 1294 3385 eius
1310 3347 1444 3398 cupresso
1454 3331 1557 3383 simile.
1594 3332 1713 3394 Quidam
1726 3333 1819 3389 cedro.

1019 3406 1216 3469 latenrocant
1240 3404 1282 3454 Ex
1294 3400 1345 3453 hac
1355 3401 1448 3452 resina
1457 3400 1661 3453 laudatissima.
1679 3402 1821 3456 Materiae

1017 3490 1085 3527 rero
1097 3474 1151 3541 ipsi
1162 3471 1325 3525 aeternitas:
1344 3470 1441 3538 itaqua
1454 3476 1484 3523 et
1498 3469 1649 3522 simulacra
1659 3469 1774 3523 deorum
1786 3486 1821 3524 aa

1019 3544 1272 3597 mlacutareruat.
1309 3540 1443 3593 Cedrinus
1463 3546 1507 3592 est
1527 3541 1633 3593 Romae
1654 3540 1682 3591 in
1704 3541 1821 3593 delubro

1019 3612 1120 3680 Apollo
1132 3611 1274 3672 Sosianus,
1294 3608 1576 3663 Seleuciaadrcctus.
1612 3609 1701 3677 Cedro
1722 3609 1821 3663 similis

1018 3687 1048 3736 iu
1058 3680 1340 3734 Arcadiaestarbor:
1360 3680 1389 3732 in
1402 3677 1641 3748 PbrygiaFrutex
1651 3684 1776 3730 vocatur.

1053 3751 1114 3805 xli.
1133 3750 1153 3803 S
1175 3751 1217 3802 ria
1228 3757 1257 3803 et
1267 3746 1455 3802 terebinthum
1467 3747 1572 3802 habet'
1586 3745 1631 3799 Ex
1641 3744 1684 3799 bis
1695 3748 1822 3801 mascula

1019 3822 1133 3870 estsine
1157 3821 1246 3868 ructu.
1269 3817 1638 3881 Fenunarumduogenern.
1662 3818 1750 3870 Alteri
1762 3817 1820 3869 frn-
1918 3860 1924 3877 ,

1019 3895 1081 3940 ctus
1092 3886 1173 3938 rubet
1184 3885 1268 3938 lentis
1282 3883 1493 3953 magnitudine:
1514 3884 1597 3936 alteri
1609 3880 1739 3951 pallidus,
1760 3901 1821 3938 cum

1018 3957 1079 4009 rite
1090 3957 1260 4017 maturescit,
1272 3970 1326 4007 oon
1338 3953 1473 4023 grandior
1482 3952 1557 4017 faba,
1570 3952 1657 4007 odore
1669 3955 1821 4018 iucundior,

1019 4032 1097 4079 tactu
1109 4026 1258 4079 resinoana.
1295 4025 1377 4076 Circa
1386 4023 1461 4075 ldam
1473 4022 1605 4085 Troadis,
1617 4030 1645 4074 ct
1654 4026 1682 4073 in
1691 4022 1821 4075 Macedo·

1019 4097 1066 4149 nia
1076 4096 1169 4148 breris
1185 4095 1270 4147 arbor
1289 4091 1360 4146 haec
1376 4101 1460 4159 atquc
1474 4090 1622 4155 fruticosa,
1641 4091 1671 4141 in
1682 4091 1820 4143 Dammco

1020 4165 1120 4233 Syriae
1132 4179 1239 4233 magna.
1258 4163 1393 4214 Materies
1402 4163 1427 4214 ei
1437 4161 1586 4212 admodum
1597 4161 1723 4221 lentmsc
1731 4160 1821 4212 ouem

1020 4235 1057 4287 ad
1068 4240 1254 4293 vetustatem,
1276 4232 1348 4297 nigri
1360 4230 1530 4296 splendoris:
1541 4228 1594 4280 lios
1604 4242 1762 4280 racemosus
1773 4229 1822 4280 oli·

1020 4319 1072 4355 rue
1085 4302 1177 4363 modo,
1187 4302 1238 4354 aed
1249 4299 1363 4351 rubens:
1383 4297 1557 4350 loliadensa.
1593 4296 1661 4348 Fert
1670 4303 1699 4349 et
1709 4296 1821 4351 follicu-

1021 4372 1065 4424 los
1076 4372 1236 4424 emittentes
1247 4367 1382 4435 quaedam
1394 4366 1537 4448 animalis,
1547 4382 1596 4419 ceu
1608 4367 1722 4431 culices,
1733 4367 1822 4421 lentu-
1857 4406 1862 4411 -

1021 4455 1135 4560 reqqqe
1145 4442 1822 4571 hillidiil”liir⁰h'i¹rilh¹i¹di¹hmrrrm-

1022 4593 1068 4640 na,
1088 4577 1157 4628 lolio
1168 4577 1234 4628 ulmi
1247 4575 1329 4644 paulo
1340 4522 1469 4642 ddngiore
1481 4583 1510 4629 et
1520 4576 1621 4643 piloso,
1636 4575 1769 4630 rariorum
1782 4580 1822 4628 in·

1022 4654 1067 4700 ter
1077 4663 1108 4701 ae
1119 4660 1228 4713 semper
1249 4645 1395 4698 contrariis
1416 4646 1560 4713 pediculis,
1580 4647 1680 4715 gracili
1690 4647 1823 4715 brevique

1021 4733 1110 4770 ramo·
1134 4715 1226 4769 Pelles
1238 4715 1374 4768 candidae
1385 4716 1621 4769 conficiunturiis
1644 4715 1746 4770 Samon
1756 4716 1825 4769 lenti

1022 4788 1123 4850 simile,
1135 4802 1197 4840 cunr
1208 4799 1260 4837 ura
1271 4785 1403 4848 rubescit,
1412 4787 1488 4855 qnod
1498 4793 1614 4841 vocatur
1622 4785 1700 4852 rhus,
1705 4786 1824 4841 medica·

1023 4859 1124 4910 mentis
1135 4855 1345 4919 necessarium„

1058 4925 1132 4978 XIV.
1150 4928 1192 4978 Ea
1211 4926 1338 4993 Aegypto
1359 4923 1448 4976 multa
1462 4939 1575 4994 genera,
1597 4940 1668 4992 quae
1678 4939 1735 4978 noa
1744 4925 1823 4981 alibi.

1024 4998 1094 5050 Ante
1106 4997 1198 5047 omnia
1208 4996 1285 5058 ficus,
1305 4995 1340 5046 ob
1351 4994 1381 5045 id
1391 4994 1530 5062 Aegyptia
1540 4995 1746 5061 cognominata.
1774 4995 1823 5045 Ar-

1023 5068 1165 5118 bormoro
1176 5064 1277 5115 similia
1287 5064 1367 5127 lolio,
1377 5062 1579 5131 magnitudine,
1595 5063 1740 5130 adspectu.
1772 5060 1826 5115 Po·

1024 5148 1100 5187 mum
1113 5132 1169 5185 fert
1180 5149 1234 5185 non
1245 5135 1341 5196 ramis,
1350 5132 1400 5187 sed
1412 5133 1527 5185 caudice
1537 5132 1610 5200 ipso.
1635 5132 1723 5200 idque
1733 5131 1824 5200 ipsum

1024 5205 1149 5255 dcusest
1169 5203 1334 5269 praedulcis,
1354 5202 1414 5254 sins
1434 5202 1531 5269 manis
1548 5200 1741 5263 interioribus,
1760 5211 1823 5266 per·

1026 5271 1413 5341 quamioscunrloprorsatu,
1434 5271 1584 5338 scalpendo
1596 5274 1704 5321 tantum
1724 5264 1824 5320 terrem

1024 5341 1176 5410 unguibus:
1197 5342 1282 5395 aliter
1291 5358 1344 5395 non
1356 5344 1529 5393 maturescit.
1565 5338 1619 5391 Sed
1641 5351 1703 5387 cum
1718 5334 1825 5385 iactum
1852 5340 1862 5348 ‘

1024 5418 1077 5475 est,
1093 5418 1193 5480 quarto
1204 5412 1250 5465 die
1260 5411 1418 5473 demetitur,
1427 5408 1484 5462 aiio
1495 5407 1691 5460 subnascentes
1708 5405 1826 5466 septeno

1024 5481 1066 5534 m
1074 5497 1221 5535 numm-0⁸·
1241 5498 1273 5536 1¹⁹
1487 5478 1543 5528 riq.
1554 5472 1674 5527 ”smel
1686 5469 1777 5520 multo
1789 5468 1829 5521 ¹2·

1026 5556 1070 5605 ete
1079 5551 1235 5606 abundante
1547 5536 1835 5607 ‘'⁸5⁰⁰¹¹⁸⁰²lu⁸iutr
