4356 6014
320 351 351 410 C.
386 344 543 413 PLlNll
577 340 782 412 SECUNDI
814 340 981 412 NATUR.
1014 339 1203 407 luston.
1236 339 1326 407 LlB.
1348 344 1465 408 xvll.
1494 346 1704 414 CAN-14.
1775 353 1836 413 205

223 501 315 555 Varro
327 502 488 569 praeceptis
499 500 606 565 adiicit,
618 499 731 571 equino,
751 499 825 568 qnod
836 497 876 573 sit
884 496 991 553 larissi-
1040 494 1112 550 seri:
1124 497 1261 564 parietem
1270 495 1333 553 fore
1342 497 1500 567 densitatis,
1511 516 1546 555 ex
1555 515 1611 571 qao
1620 499 1749 572 virgulae
1760 499 1838 556 diffo-

186 570 540 703 *uretuuluz
554 567 990 703 tradeturque
1040 566 1838 701 retunde{reuertunturerum:

187 655 397 766 giuszrbirbulo
415 658 602 763 iumentailum
611 654 799 777 gpffietemnt,
820 676 996 774 callumque
1041 704 1064 756 ti
1073 703 1322 770 inopiantrirnatu
1334 676 1527 776 tempestivum
1544 715 1588 761 est
1599 658 1759 764 rrsxstsrree.
1790 658 1837 761 ³ln·

188 779 448 848 caprino,omnibus
459 792 527 831 sero
538 779 686 839 asininum,
695 781 826 845 quoniam
835 777 990 831 lentissime
1039 780 1085 827 ter
1095 788 1128 826 ea
1139 789 1210 842 quae
1221 776 1326 827 semine
1337 784 1481 842 seruntur,
1500 779 1585 849 ltlago
1600 780 1630 829 in
1647 782 1763 833 nucibus
1774 794 1837 846 ope·

186 849 331 901 mandunt.
356 848 380 899 E
391 848 535 901 contrario
546 862 613 901 usus
623 849 758 901 adversos
768 853 917 914 utrumque
928 861 990 914 pro·
1041 858 1122 897 rosus
1133 849 1185 897 est.
1218 843 1376 910 Amygdala
1384 846 1412 896 in
1422 846 1524 914 argilla
1533 847 1613 899 molli
1623 849 1767 901 meridiem
1777 864 1838 915 spe·

189 919 309 988 nqntiat.
344 916 531 970 interamnae
547 924 640 968 autem
660 915 989 968 constatnibilesseotl·
1040 919 1135 966 ctante
1149 912 1208 964 seri
1221 911 1307 964 iubet.
1344 912 1474 967 Gaudere
1485 922 1514 967 et
1524 914 1604 979 dura,
1623 917 1767 986 calidaque
1784 924 1838 970 ter·

188 987 245 1068 lius
254 986 345 1067 lupini
353 992 458 1055 segete,
478 988 639 1105 priusqqom
659 986 819 1068 siliquetor,
838 984 989 1066 aratronvel
1040 998 1087 1035 ra:
1107 982 1244 1050 inpingui
1253 987 1303 1033 aut
1311 978 1426 1060 dromida
1435 987 1517 1046 mori,
1535 1000 1568 1037 ac
1578 986 1762 1040 sterilescere.
1790 987 1838 1040 Se·

189 1055 351 1111 bidentibus
362 1069 567 1121 serso,mampu
582 1071 639 1108 ssre
651 1055 790 1118 desectae,
796 1069 870 1107 circa
880 1054 990 1107 radices
1039 1050 1142 1104 rendae
1152 1065 1233 1119 quam
1245 1065 1365 1103 murare
1375 1051 1492 1104 falcatas
1511 1059 1540 1105 et
1550 1069 1566 1106 e
1577 1055 1697 1120 novella,
1718 1056 1838 1124 limoque

190 1126 322 1178 arborum
332 1139 365 1176 ac
375 1124 473 1177 vitium
486 1125 608 1181 obrutis.
621 1124 713 1175 Etiam
723 1124 771 1176 ubi
783 1140 838 1176 non
849 1124 886 1175 sit
896 1138 990 1190 pecus,

190 1193 283 1247 culmo
294 1194 366 1260 ipso,
386 1193 528 1246 ueletiam
541 1193 624 1257 filice,
642 1199 798 1245 stercorare
810 1194 990 1246 arbitrantur.

227 1265 310 1315 Cato:
328 1261 526 1316 Stercusunde
536 1263 594 1325 fisa
607 1268 770 1324 stramenta,
790 1261 925 1329 lupinum,
941 1277 989 1330 pa·

189 1336 258 1395 leas,
270 1332 382 1393 fabalia,
393 1348 426 1385 ac
437 1331 552 1386 frondes
566 1332 679 1400 ilignas,
693 1345 877 1398 quernasque.
912 1332 937 1383 E
945 1347 990 1384 se·

190 1411 256 1469 gete
267 1401 383 1455 evellito
395 1401 516 1465 ebulum,
526 1401 656 1462 cicutam,
667 1406 695 1452 ct
706 1400 807 1451 circum
818 1401 920 1453 salicta
929 1397 991 1454 ber·

190 1473 256 1526 bam
277 1478 406 1534 auctam,
424 1471 585 1538 ulvamque:
607 1483 668 1523 eam
688 1469 861 1522 substernito
883 1470 990 1530 oribus,

187 1540 373 1607 frondemque
386 1538 537 1606 putridam.
556 1538 647 1592 Vinea
657 1537 683 1589 si
693 1552 786 1589 macra
795 1539 860 1600 erit,
870 1550 991 1589 moren-

187 1617 220 1663 ta
238 1623 292 1661 sua
312 1608 482 1670 comburito,
500 1614 529 1660 ct
538 1608 641 1661 ibidem
652 1607 771 1658 inarato.
807 1605 932 1672 ltemque
943 1604 992 1656 ubi

187 1685 306 1733 saturus
317 1677 372 1729 eris
383 1676 563 1740 frumentum,
574 1691 639 1728 ores
650 1676 690 1727 ibi
701 1674 850 1727 delectato.

223 1745 286 1798 Vll.
297 1744 356 1797 Nec
367 1759 423 1797 non
433 1751 463 1797 et
472 1746 541 1796 satis
552 1744 715 1811 quibusdam
725 1744 792 1810 ipsis
798 1742 875 1810 pasci
885 1748 990 1795 terram

189 1815 269 1870 dicit.
291 1816 419 1883 segetem
429 1820 586 1867 stercorant
597 1813 704 1883 fruges:
719 1812 854 1879 lupinum,
863 1811 940 1875 faba,
949 1814 990 1863 vi·

189 1886 244 1939 cia
278 1881 534 1936 Sicutecontrario
556 1883 637 1946 cicer,
659 1882 723 1949 quia
743 1881 866 1945 vellitur,
888 1883 992 1950 etquis

189 1955 295 2008 salsum
306 1957 361 2005 est:
374 1949 518 2014 hordeum,
528 1950 642 2005 foenum
649 1952 907 2013 Graecum,errum:
921 1950 992 2003 haee

190 2023 287 2079 omnia
306 2026 431 2090 segetem
451 2027 578 2083 exumat,
600 2027 629 2074 et
650 2021 990 2088 omniaquaerelluntur:

189 2092 307 2146 nucleos
316 2092 346 2143 ia
357 2097 483 2158 segetem
501 2106 537 2143 ne
547 2088 693 2142 indideris.
729 2089 863 2158 Virgilius
883 2095 912 2142 et
931 2089 990 2142 lino

190 2180 205 2215 s
242 2169 314 2214 etem
325 2160 413 2224 exuri,
425 2166 454 2213 et
464 2175 561 2223 avena,
571 2166 599 2212 et
610 2173 747 2226 papavere
757 2160 920 2213 arbitratur.

253 2230 299 2282 lll.
311 2229 420 2283 Pimeta
429 2228 536 2281 subdio
547 2243 668 2281 concavo
677 2228 837 2296 locu,etqui
846 2227 990 2280 humorem

191 2299 317 2367 colligat,
326 2304 480 2352 stramento
490 2298 605 2361 intecta,
617 2313 650 2350 ne
661 2298 691 2348 in
701 2296 767 2350 Sole
777 2304 914 2360 arescant,
926 2295 990 2364 palo

190 2385 207 2423 e
218 2370 318 2421 robore
329 2366 447 2435 depa'cto
460 2366 521 2420 fieri
530 2368 638 2420 iubent:
649 2366 689 2418 ita
700 2365 760 2419 fure
771 2382 805 2419 ne
813 2365 992 2419 innascantur

188 2436 235 2490 iris
245 2443 398 2503 serpentes.
433 2435 542 2487 Fimum
553 2437 669 2488 miscere
680 2442 780 2498 terrae,
790 2434 939 2501 plurimum
950 2448 992 2486 re·

188 2505 380 2562 fertPavoniu
401 2502 494 2568 flante,
515 2519 548 2556 ac
569 2503 649 2554 Luna
668 2506 787 2555 sitiente.
823 2503 853 2554 ld
866 2503 990 2571 plerique

211 2592 276 2629 rave
295 2574 459 2641 intelligunt
480 2587 498 2623 a
507 2572 623 2623 Favonii
634 2580 698 2623 ortu
709 2570 875 2632 faciendum,
896 2587 929 2622 oc
940 2570 992 2623 Fe·

77 2640 84 2647 ’
188 2592 413 2697 bromiomessc
435 2646 556 2691 tantum:
577 2654 639 2691 cnm
658 2639 688 2690 id
710 2638 841 2706 pleraque
856 2638 992 2689 sataaliis

212 2713 338 2766 estulent
349 2709 500 2760 mensibus.
536 2707 708 2777 Quocunque
720 2716 846 2774 tempore
857 2706 949 2759 facere
961 2707 994 2757 li-

188 2729 268 2841 gent,
289 2776 441 2829 curandum
462 2783 494 2829 ut
513 2778 548 2829 ab
569 2791 669 2829 occasu
689 2775 890 2844 aequinoctiali
908 2776 993 2828 flante

191 2855 276 2903 sento
288 2846 345 2907 flat,
357 2846 490 2913 Lunaque
502 2846 679 2899 decrescente
691 2861 724 2898 sc
733 2846 816 2898 sicca.
851 2844 954 2896 Mirum
964 2847 992 2896 in

190 2917 305 2971 modurn
316 2921 435 2980 augetur
445 2914 558 2967 ubertas
570 2913 738 2983 effectusque
749 2916 811 2969 eius
821 2911 992 2967 observatiu-

192 3004 228 3041 ne
238 2986 299 3039 tali.
651 2997 655 3004 ’

229 3056 276 3107 lx.
287 3051 402 3106 Abunde
413 3051 556 3119 praedicta
565 3051 675 3105 ratione
684 3052 754 3105 caeli
764 3068 797 3105 ac
809 3057 913 3116 terrae,
922 3068 993 3106 nunc

193 3125 231 3178 de
241 3124 284 3177 his
294 3122 440 3175 arboribus
452 3122 585 3185 dicemus,
597 3136 668 3189 quae
679 3137 746 3175 cura
755 3122 897 3175 hominum
908 3127 994 3189 atque

194 3199 257 3247 orte
276 3191 449 3259 proveniunt.
485 3190 545 3244 Nec
561 3191 695 3258 pauciora
704 3206 791 3259 prope
802 3198 866 3244 sunt
876 3206 992 3260 genera:

194 3271 252 3315 tam
271 3260 388 3327 benigne
399 3267 517 3313 naturae
529 3260 649 3327 gratiam
665 3262 818 3313 retulimus.
853 3263 909 3313 Aut
920 3261 993 3313 enim

193 3330 297 3385 semino
308 3329 481 3396 proveniunt,
498 3337 547 3381 aut
557 3329 660 3397 plantis
671 3330 782 3392 radicis,
804 3336 853 3382 aut
863 3330 993 3399 propagi-

193 3416 239 3463 ne,
249 3406 297 3452 aut
308 3399 460 3461 avulsione,
471 3404 522 3451 aul
530 3398 649 3460 surculo,
666 3407 715 3451 aut
724 3400 811 3451 insito
824 3411 853 3451 et
864 3406 993 3453 consecto

195 3469 304 3523 arboris
315 3475 424 3519 trunco.
460 3468 530 3519 Nam
544 3466 614 3519 folia
623 3466 778 3533 palmarum
790 3467 863 3534 apud
872 3468 995 3536 Babylo·

194 3539 258 3590 nias
268 3538 332 3599 seri,
342 3543 426 3604 atque
437 3536 478 3589 ito
487 3537 616 3589 arborem
627 3537 783 3603 provenire,
801 3538 926 3604 Trogum
936 3552 994 3590 cre·

195 3606 300 3659 didisse
312 3605 444 3659 demiror.
481 3604 625 3667 Quaedam
642 3610 735 3658 autem
750 3606 876 3673 pluribus
885 3605 994 3674 generi·

192 3677 245 3731 bas
254 3681 393 3739 seruatur,
403 3675 538 3742 quaedam
550 3674 688 3727 omnibus.

227 3745 263 3798 X.
281 3747 320 3798 Ac
341 3744 476 3812 pleraque
497 3759 532 3796 ex
552 3741 595 3794 his
614 3745 676 3811 ipsa
694 3750 794 3796 notura
805 3744 910 3809 docuit,
929 3746 994 3797 etin

192 3815 292 3883 primis
302 3828 396 3866 semen
407 3825 510 3874 serere,
517 3826 578 3863 cum
590 3811 720 3865 decidens
727 3822 928 3880 exceptumque
939 3819 995 3863 ter-

193 3883 398 3936 reviresceret.
435 3880 491 3934 Sed
511 3881 645 3948 quaedam
658 3896 712 3932 non
725 3883 808 3933 aliter
817 3883 994 3948 proveniunt,

192 3960 228 4002 ut
239 3960 394 4012 castaneae,
404 3949 566 4019 iuglandes:
579 3949 694 4002 caeduis
704 3950 850 4001 dumtaxat
861 3948 992 4015 exeeptis.

192 4022 351 4075 Essemine
363 4026 466 4081 autem,
486 4031 642 4086 quanquam
665 4017 800 4081 dissimili,
821 4033 854 4071 ea
874 4033 993 4085 quoque,

194 4105 265 4157 quas
281 4097 309 4142 et
318 4089 382 4141 aliis
393 4088 483 4139 modis
494 4092 637 4139 seruntur:
658 4091 689 4137 ut
709 4088 789 4150 vites,
810 4088 932 4147 stenelo,
952 4092 994 4138 at·

193 4175 248 4225 que
259 4160 328 4226 pira.
365 4158 490 4223 Namque
503 4157 538 4207 iis
555 4170 608 4222 pro
623 4156 729 4207 semine
741 4154 865 4216 nucleus,
885 4170 941 4206 non
962 4160 994 4206 ut

192 4241 279 4293 sopra
295 4226 375 4280 dictis
393 4224 500 4275 fructus
514 4225 583 4290 ipse.
619 4223 656 4272 la't
672 4223 993 4290 mespilaseminenasci

192 4302 319 4363 possunt.
357 4294 457 4343 Omnia
476 4291 545 4342 baec
563 4290 645 4342 tarda
657 4299 808 4356 proventu,
830 4290 992 4358 scdegeoe·

191 4366 296 4428 sautia,
318 4365 347 4413 et
366 4360 452 4412 insito
470 4358 652 4412 restituenda.
688 4359 830 4412 interdum
842 4359 929 4412 etiam
948 4372 993 4410 ca·

192 4442 318 4487 staneae.

227 4502 276 4554 xl.
295 4497 470 4564 quibusdam
485 4503 587 4550 natura
605 4501 703 4550 conus
719 4495 831 4550 omniuo
845 4509 901 4550 non
912 4494 994 4566 dege·

193 4568 321 4632 uerendi,
340 4565 545 4634 quoquomodo
563 4572 704 4619 serantur:
722 4572 754 4618 ut
766 4568 913 4633 cupressis,
935 4566 994 4634 pal·

193 4639 259 4701 mis,
275 4638 373 4689 lauris.
408 4636 534 4704 Namque
550 4642 578 4688 et
599 4636 694 4688 laurus
715 4637 839 4704 pluribus
851 4636 993 4688 modisse·

193 4710 276 4759 ritur.
304 4706 483 4759 Genetaeius
495 4706 624 4757 diximus.
646 4704 742 4758 Exhis
754 4721 788 4758 an
810 4711 881 4769 usta,
893 4705 993 4758 etbuc·

195 4778 273 4839 caiis,
284 4782 312 4828 et
323 4777 408 4837 finus,
420 4774 507 4841 simili
519 4775 600 4826 niodo
612 4781 748 4826 seruntur.
782 4721 889 4829 Nascere
899 4790 993 4827 roense

193 4845 336 4909 Ianuario,
346 4843 487 4910 Aquilonis
499 4842 593 4896 afflatu
603 4843 725 4896 siccatae
735 4844 873 4913 leguntur,
892 4859 993 4913 expan-

194 4916 353 4982 dunturque
368 4927 457 4977 rarae,
477 4930 512 4966 ne
525 4916 656 4966 calefiant
667 4929 776 4966 acervo.
813 4913 916 4967 Postea
935 4913 994 4981 qui-

193 4985 260 5037 dans
273 4985 336 5035 dmn
346 4980 382 5034 ad
393 4988 483 5035 saturn
496 4988 683 5050 praeparatas,
703 4984 786 5035 urina
795 4982 992 5036 madefaciunt.

192 5054 248 5106 Alii
258 5052 287 5103 in
299 5051 383 5119 qualo
395 5052 510 5118 pedibus
520 5053 548 5104 in
559 5049 714 5119 profluente
725 5051 884 5116 deculcant,
906 5053 994 5108 donec

193 5122 341 5174 auferatur
353 5120 435 5174 culis.
471 5122 583 5191 Alioqqi
597 5121 675 5190 uligo
685 5121 811 5185 infestat,
827 5137 878 5175 nec
887 5124 995 5190 patitur

189 5190 280 5243 nasci.
306 5191 338 5242 ln
349 5189 428 5244 sulco
439 5192 611 5259 repastinato
622 5190 709 5257 palmi
719 5191 869 5244 altitudine
879 5194 993 5246 vicenae

191 5258 253 5313 fere
269 5260 420 5313 acervatim
432 5276 525 5315 meme
535 5260 653 5312 Martio:
675 5261 790 5313 eaedem
801 5268 828 5314 et
858 5264 992 5329 ropagine

192 5336 337 5382 seruntur:
358 5328 589 5396 triumphalisque
601 5329 807 5382 taleatantona.
840 5277 932 5398 Nyrti
945 5346 992 5394 ge·

192 5413 260 5451 nera
272 5399 477 5451 omniaincarn
499 5399 564 5450 ania
572 5399 855 5461 baccisseruntur,lln

190 5468 294 5536 pagine
306 5467 466 5523 Tarentina.
514 5468 662 5519 emocritus
673 5475 703 5520 et
714 5469 769 5520 alio
781 5468 839 5520 mo*¹

192 5543 248 5599 cet,
269 5534 465 5605 grandissimis
474 5536 622 5587 baccarum
637 5537 707 5588 tusis
719 5537 817 5589 leviteF

194 5600 370 5676 frangantur,
381 5618 469 5672 eaque
480 5604 575 5657 intrita
586 5611 659 5658 reste
670 5605 782 5659 ciens*

1041 1121 1132 1172 diluto
1149 1126 1305 1172 maceratas
1319 1134 1370 1187 per
1384 1121 1516 1184 triduum,
1536 1130 1585 1175 aut
1601 1124 1691 1190 pridie
1701 1140 1784 1193 quarn
1794 1140 1837 1179 se·

1040 1196 1146 1252 rantur,
1166 1190 1347 1256 aquamulsa.
1382 1190 1581 1243 Moeroaedefl
1602 1194 1621 1256 i,
1639 1195 1727 1247 aciem
1739 1194 1837 1247 lateris

1041 1259 1069 1311 in
1080 1256 1244 1325 Aquilonem
1255 1267 1399 1325 spectare:
1412 1266 1504 1312 ternas
1515 1260 1568 1312 sim
1608 1262 1740 1317 serendas
1751 1264 1838 1315 trian-

1040 1329 1107 1395 gula
1117 1327 1238 1391 ratione,
1252 1328 1346 1397 palmo
1358 1329 1434 1382 inter
1442 1345 1473 1383 se
1483 1329 1632 1383 distamen
1650 1332 1727 1385 denis
1739 1333 1837 1386 diebus

1040 1397 1184 1465 adaquari,
1195 1397 1284 1450 donoc
1293 1398 1486 1467 grandescant.
1522 1399 1670 1466 luglmdes
1681 1417 1765 1455 nuces
1774 1417 1838 1470 por·

1039 1476 1135 1519 rectae
1146 1474 1279 1518 seruntur
1289 1468 1477 1521 commissuris
1487 1467 1650 1520 iacentibus.
1676 1470 1836 1524 Pineaonu·

1041 1533 1110 1587 cleis
1120 1536 1244 1600 septenis
1257 1534 1316 1587 fere
1329 1537 1356 1587 in
1368 1538 1437 1588 ollas
1446 1538 1604 1605 perforatas
1615 1537 1727 1590 additis:
1745 1547 1794 1592 out
1804 1547 1837 1591 ut

1041 1602 1147 1664 lausus,
1158 1617 1230 1670 quas
1241 1603 1335 1655 baccis
1345 1605 1457 1656 seritur.
1493 1606 1588 1660 citrea
1598 1622 1686 1676 grano
1697 1615 1727 1660 et
1738 1622 1837 1675 propa·
1856 1622 1861 1633 ¹
1886 1620 1891 1633 “
1962 1582 1966 1591 ’

1040 1670 1120 1738 gine:
1140 1669 1226 1737 qppha
1234 1672 1349 1734 scuriae,
1370 1681 1399 1725 et
1410 1688 1428 1725 a
1437 1674 1530 1727 radice
1541 1677 1645 1743 planta,
1654 1683 1683 1731 et
1693 1676 1838 1730 avulsione
1850 1686 1868 1729 Ρἰ

1041 1739 1216 1858 prqreniqnt.
1252 1738 1308 1794 Sed
1326 1741 1539 1794 illaincalidis:
1557 1745 1720 1815 apg-baetin
1727 1745 1839 1813 frigidis

1041 1815 1069 1862 et
1101 1809 1157 1859 umi
1178 1807 1212 1859 is.

1074 1875 1136 1929 Xll.
1155 1876 1264 1929 Natura
1275 1883 1305 1930 et
1315 1878 1457 1945 plantaria
1468 1883 1679 1950 demonstrarit,
1689 1885 1840 1937 multarum

1040 1946 1181 1999 radicibus
1192 1945 1348 2012 pullulante
1358 1951 1456 2005 sobole
1467 1952 1561 2016 densa,
1568 1960 1597 2006 et
1604 1955 1729 2022 pariente
1739 1959 1840 2017 matre,

1042 2030 1111 2082 quas
1132 2021 1237 2068 enecet.
1274 2015 1344 2068 Eius
1365 2019 1467 2087 qnippe
1486 2021 1585 2075 umbra
1604 2024 1840 2090 tarboindigesta

1040 2085 1191 2152 premitur:
1201 2090 1232 2136 ut
1243 2085 1272 2136 in
1281 2086 1377 2149 lauris,
1385 2087 1507 2153 Punicis,
1516 2092 1644 2158 platanis,
1655 2091 1767 2155 cerasis,
1776 2107 1840 2159 pru·

1040 2155 1094 2207 nis.
1129 2154 1285 2206 Paucorum
1306 2156 1334 2206 in
1346 2155 1398 2209 hoc
1409 2172 1514 2225 genere
1526 2162 1598 2212 rami
1608 2168 1726 2229 parcunt
1737 2162 1841 2225 suboli,

1042 2231 1073 2276 ut
1084 2224 1231 2286 ulmorum,
1243 2224 1460 2295 palmarumque.
1478 2228 1571 2282 Nullis
1580 2246 1647 2283 reso
1657 2230 1730 2283 tales
1739 2231 1842 2298 pulluli

1041 2293 1216 2360 proveniunt,
1239 2294 1296 2346 nisi
1315 2310 1430 2363 quarum
1441 2298 1551 2352 radices
1563 2314 1659 2352 amore
1670 2300 1745 2354 Solis
1756 2306 1842 2368 atque

1041 2363 1137 2415 imbris
1148 2362 1178 2413 in
1189 2377 1297 2414 summa
1306 2365 1409 2418 tellure
1428 2368 1595 2433 spatiantur.
1631 2368 1732 2420 Omnia
1742 2384 1776 2422 ea
1786 2385 1842 2421 noa

1041 2432 1137 2483 statim
1148 2433 1234 2482 moris
1246 2440 1289 2482 est
1299 2434 1328 2483 in
1338 2449 1388 2484 sua
1398 2434 1496 2499 locari,
1505 2437 1554 2488 sed
1566 2438 1647 2504 prius
1656 2438 1756 2489 nutrici
1770 2438 1842 2502 dari,

1043 2506 1126 2565 atque
1140 2499 1171 2550 in
1180 2500 1337 2552 seminariis
1349 2502 1520 2567 adolescere,
1541 2506 1699 2574 iterumque
1710 2507 1841 2573 migrare.

1043 2568 1097 2630 Qui
1110 2568 1246 2619 transitus
1257 2566 1356 2620 mirum
1366 2571 1396 2621 in
1406 2572 1520 2624 modum
1531 2573 1645 2639 mitigat
1659 2575 1743 2626 etiam
1761 2574 1843 2627 silue·

1042 2644 1127 2687 sires:
1138 2635 1196 2687 sire
1207 2638 1336 2688 arborum
1346 2652 1463 2705 quoque,
1473 2647 1505 2690 ut
1516 2639 1659 2693 bominum
1672 2648 1782 2704 natura,
1794 2658 1842 2695 no·

1042 2705 1183 2756 ritatisuc
1194 2705 1426 2771 peregrinationis
1444 2707 1527 2760 arida
1547 2715 1606 2761 est:
1628 2711 1689 2761 sire
1700 2709 1842 2763 disceden-

1042 2778 1085 2826 tes
1095 2774 1173 2824 sirus
1184 2773 1351 2839 relinquunt,
1372 2785 1621 2845 mansuescuntque
1632 2785 1766 2842 tractatu,
1789 2794 1841 2832 ceu

1042 2842 1131 2903 ferae,
1142 2842 1204 2894 darn
1218 2842 1307 2894 radici
1317 2844 1450 2897 ereditur
1460 2847 1562 2913 planta.

1077 2912 1152 2964 Xlll.
1170 2913 1207 2964 Es
1227 2911 1303 2963 aliud
1325 2928 1411 2980 genus
1434 2915 1525 2967 simile
1545 2921 1645 2969 satura
1664 2920 1840 2981 monstravit,

1043 2980 1186 3048 erebique
1197 2980 1343 3034 arboribus
1354 2984 1478 3036 stolones
1487 2986 1592 3041 sisere.
1624 2987 1686 3050 Quo
1699 2986 1727 3038 in
1739 3003 1841 3055 genere
1860 2998 1864 3007 ·
1940 2988 1944 2995 ’

1043 3057 1144 3103 etcum
1158 3064 1245 3116 perna
1265 3065 1318 3103 sua
1338 3052 1501 3117 ereduntur,
1521 3062 1682 3122 partemque
1692 3056 1841 3122 aliqname

1044 3121 1142 3171 aratris
1162 3133 1271 3185 quoquc
1292 3135 1408 3187 corpore
1430 3123 1560 3176 auferunt
1582 3140 1676 3177 secum
1697 3124 1841 3177 fimbriato

1044 3202 1171 3255 corpore.
1189 3188 1252 3240 Hoc
1262 3190 1344 3241 modo
1356 3190 1520 3255 plantantur
1530 3194 1660 3256 Punicae,
1671 3193 1771 3260 coryli,
1780 3208 1839 3246 ms·

1042 3258 1074 3321 li,
1092 3257 1179 3320 serbi,
1198 3258 1317 3324 mespili,
1335 3258 1446 3324 fraxini,
1464 3260 1519 3322 fici,
1549 3262 1742 3330 inprimisque
1759 3262 1840 3315 sites.

1046 3329 1201 3379 Cotoneum
1211 3326 1252 3378 ita
1272 3334 1364 3380 saturn
1377 3328 1538 3398 degenerat.
1574 3331 1617 3381 Es
1630 3332 1729 3383 eodem
1740 3330 1839 3383 iuren-

1043 3402 1103 3448 tum
1114 3402 1156 3448 est
1167 3397 1295 3448 surculos
1308 3397 1446 3449 abscissos
1456 3413 1557 3451 serere·
1592 3399 1655 3450 lloc
1663 3400 1752 3465 primo
1766 3416 1796 3451 se
1816 3401 1841 3451 is

1044 3480 1130 3517 causa
1139 3463 1253 3528 factum,
1264 3465 1413 3530 sambucis,
1423 3473 1551 3529 cotoneo,
1572 3473 1601 3520 et
1612 3469 1688 3519 rubis
1700 3414 1839 3537 deponis:

1044 3550 1110 3588 mox
1121 3542 1150 3587 et
1160 3533 1298 3597 culturae,
1317 3537 1479 3604 utpopulis,
1500 3535 1583 3600 alnis,
1603 3537 1693 3601 salici,
1712 3537 1841 3605 quaerel

1044 3604 1154 3656 inverso
1176 3604 1287 3655 surculo
1308 3606 1421 3657 seritur.
1456 3608 1515 3658 lam
1535 3621 1585 3658 eae
1601 3607 1638 3657 ibi
1650 3600 1840 3672 disponuntur,

1044 3672 1093 3725 ubi
1113 3672 1202 3725 libeat
1223 3686 1284 3724 esse
1300 3687 1357 3724 eas.
1393 3675 1580 3735 Quamobrem
1591 3674 1733 3726 seminarii
1744 3690 1841 3728 curans

1044 3741 1248 3789 anteconvenit
1264 3739 1330 3804 dici,
1350 3755 1432 3806 quam
1444 3746 1605 3793 transeatur
1614 3743 1649 3793 ad
1660 3743 1716 3794 alia
1746 3758 1840 3799 entra.
1911 3750 1914 3761 '

1077 3804 1152 3859 xtv.
1170 3805 1296 3874 Namque
1316 3808 1351 3861 ad
1371 3808 1398 3859 id
1420 3811 1600 3876 praecipuum
1616 3812 1684 3879 eligi
1694 3760 1784 3865 rufum
1794 3829 1840 3867 re·

1044 3875 1110 3939 fert,
1128 3876 1257 3945 quoniam
1268 3878 1403 3931 nutricem
1422 3876 1657 3946 indulgentidlem
1668 3894 1738 3944 esse,
1758 3897 1840 3950 quam

1044 3951 1171 4007 matrem,
1181 3960 1264 4012 saepe
1275 3948 1413 4000 conuenit.
1433 3945 1477 3999 Sit
1486 3962 1554 4067 erqo
1564 3950 1841 4013 siccum,succosum-

1044 4030 1106 4081 que,
1114 4014 1222 4081 bipalio
1234 4015 1507 4078 subactum,adrenis
1537 4019 1665 4084 ospitale,
1675 4025 1704 4068 et
1712 4032 1793 4085 qoam
1805 4019 1841 4068 si·

1043 4082 1189 4139 millimum
1202 4090 1303 4147 terrae,
1319 4086 1347 4137 io
1360 4099 1441 4153 quam
1454 4084 1665 4139 transferendae
1676 4086 1741 4137 sint.
1768 4088 1840 4139 Ante

1044 4152 1138 4202 omnia
1149 4151 1329 4219 elapidatum,
1348 4156 1541 4221 munitumque
1556 4154 1592 4206 ad
1603 4155 1742 4206 incursum
1753 4154 1841 4205 etiarn

1044 4219 1192 4287 gallinacei
1202 4225 1324 4288 generis:
1345 4236 1427 4289 quarn
1439 4225 1550 4274 minime
1560 4224 1703 4283 rimosum,
1714 4236 1749 4273 ne
1759 4237 1841 4288 pene·

1043 4287 1177 4340 transSnl
1190 4297 1289 4342 exurat
1300 4291 1397 4343 libras:
1406 4289 1553 4341 intervallo
1564 4289 1759 4357 sesquipedum
1769 4293 1839 4343 seri:

1044 4371 1108 4408 narn
1118 4357 1143 4407 si
1154 4357 1225 4409 inter
1236 4373 1267 4410 se
1278 4360 1446 4427 contingant,
1462 4364 1574 4424 praeter
1585 4360 1641 4411 alia
1650 4358 1732 4423 vitia,
1754 4361 1841 4413 etiam

1044 4425 1205 4478 verminosa
1216 4427 1298 4481 fiuntc
1320 4428 1383 4481 iden
1392 4428 1491 4479 sarriri
1503 4431 1632 4482 convenit
1643 4429 1763 4495 saepius,
1775 4427 1838 4483 her·

1043 4495 1149 4563 basque
1171 4497 1261 4549 evelli.
1298 4496 1451 4550 Praetereo
1468 4496 1575 4548 semina
1595 4497 1658 4565 ipsa
1676 4496 1841 4552 fruticantia

1044 4571 1204 4631 supputare,
1216 4580 1248 4617 ae
1259 4565 1360 4619 falcem
1371 4568 1430 4633 pati
1441 4580 1631 4622 consuescere.

1079 4635 1148 4686 Cato
1163 4640 1192 4686 et
1210 4633 1297 4687 furcis
1307 4642 1397 4688 crates
1408 4637 1513 4702 imponi
1524 4635 1611 4700 iubet,
1631 4636 1780 4691 altitudine
1790 4636 1838 4690 ho·

1045 4703 1135 4767 minis,
1146 4703 1182 4756 ad
1193 4699 1286 4757 Solem
1298 4705 1499 4772 recipiendane
1510 4712 1593 4772 atque
1603 4707 1689 4776 integi
1699 4708 1791 4759 coloro
1802 4707 1841 4760 ed

1045 4773 1150 4840 frigora
1169 4774 1301 4827 arcenda:
1322 4774 1363 4827 sic
1380 4775 1503 4842 pimrum
1523 4775 1713 4844 malorumque
1731 4776 1840 4830 semina

1044 4843 1154 4904 nutriri,
1170 4843 1211 4896 sic
1223 4843 1319 4910 pineas
1331 4859 1422 4906 nuces,
1441 4846 1483 4895 sic
1492 4859 1637 4911 cupressos
1648 4846 1753 4898 semine
1763 4852 1841 4898 satas

1044 4919 1073 4964 et
1084 4912 1169 4978 ipsas.
1205 4913 1331 4965 Misimia
1341 4912 1370 4964 id
1379 4913 1473 4981 grams
1483 4920 1601 4977 constat,
1620 4924 1651 4967 ut
1662 4915 1707 4966 vis
1719 4917 1839 4983 perspici

1044 4982 1177 5049 quaedam
1188 4985 1319 5048 possintt
1337 4997 1390 5034 non
1402 4982 1558 5035 omittendo
1568 4991 1684 5037 naturae
1694 4984 1839 5045 miraculo,

1045 5057 1127 5105 etam
1139 5065 1224 5118 parre
1243 5053 1321 5121 gigni
1341 5053 1468 5104 arbores:
1489 5058 1567 5105 tanto
1587 5054 1693 5107 maiore
1712 5053 1800 5105 tritici
1810 5060 1840 5105 st

1044 5118 1142 5175 hordei
1160 5135 1266 5188 mano:
1289 5122 1393 5188 nequis
1404 5121 1496 5174 fabam
1508 5130 1627 5189 reputet.
1664 5122 1737 5185 Quid
1748 5121 1840 5174 simile

1043 5187 1840 5327 uetareretruderemustet-⁸

1043 5327 1179 5380 indomita
1194 5329 1364 5397 ponderibus
1374 5332 1514 5383 immensis
1525 5330 1615 5397 prela,
1635 5323 1838 5385 arborosrslis,

1106 5398 1168 5449 ‘bus
1178 5400 1318 5468 murisque
1327 5399 1504 5482 impellendis
1515 5396 1635 5449 arietcsl
1650 5397 1728 5447 llaec
1738 5399 1782 5444 ess
1791 5408 1839 5445 aa·

1151 5467 1258 5522 'abrec
1268 5474 1404 5536 potentia.
1422 5466 1511 5534 Super
1520 5465 1614 5517 omnia
1622 5466 1685 5523 erit,
1697 5477 1712 5512 e
1722 5461 1839 5515 lacunas

1267 5545 1295 5590 ot
1306 5552 1357 5591 suo
1369 5537 1432 5589 loco
1443 5535 1576 5586 dicemus.
1613 5533 1687 5597 Ergo
1701 5543 1716 5597 e
1729 5543 1839 5597 capres-

1279 5607 1376 5669 ἐπίῃ,
1391 5602 1561 5661 utdixirous,
1579 5611 1634 5650 non
1644 5597 1751 5665 gignit)
1767 5599 1840 5666 pilu·
