4368 6008
339 301 403 362 ceo
478 294 510 357 c.
544 292 694 354 rainu
727 283 938 352 account
969 281 1142 345 uerna
1174 252 1369 348 nrsroa
1402 280 1490 345 ιιι.
1511 278 1613 343 xxi.
1649 278 1749 342 cre.
1771 284 1892 346 rene.

340 450 428 503 inmo.
447 446 523 501 Deio
534 444 703 498 nudantibus
714 454 744 491 se
754 436 876 499 nodulis,
887 437 915 489 in
927 433 1006 487 laece
1017 433 1047 486 ni
1067 434 1091 485 ri
1101 434 1143 486 si·

344 521 383 583 ni,
394 519 440 571 sel
450 517 560 579 Graeci,
568 528 659 566 mense
671 508 775 561 Martio
788 510 1010 568 macerantur,ut
1020 520 1053 556 co
1067 518 1143 556 orem

344 589 512 658 percipiant,
534 594 617 650 atque
627 582 668 631 ita
678 579 709 629 in
720 577 884 630 scrobiculis
895 581 1040 636 seruntur,
1059 571 1144 624 henri-

300 692 322 730 4
343 660 388 713 nis
400 657 489 710 faecis
500 650 684 707 circumrosis.
720 645 766 699 Sic
777 647 848 698 liunt
858 661 909 713 pur
927 643 1078 711 ugenlihar
1094 643 1145 692 mi·

343 742 470 795 rumque,
480 723 553 776 tiovi
565 717 683 786 aliquid,
694 724 727 769 ut
740 727 869 768 nascatur
879 660 1022 765 infectum.

379 796 455 849 XlV.
474 763 564 846 Viohs
585 788 674 841 honos
694 787 847 854 proximus.
883 785 1042 863 Earumque
1062 779 1145 847 plura

344 879 460 936 genera:
489 874 653 929 purpureae,
665 858 768 918 luteae,
778 854 870 906 albae:
884 853 987 919 plantis
998 864 1101 928 omnes,
1113 857 1145 902 ut

345 937 418 995 olus,
428 937 515 984 satae.
552 930 595 980 Ex
606 928 641 979 iis
652 942 725 988 vcro,
738 939 808 992 quae
818 929 917 990 sponte
929 923 1032 988 apricis
1043 925 1072 971 et
1083 934 1143 969 rna-

345 1002 482 1056 crislocis
494 999 669 1067 proveniunt,
690 1009 854 1063 purpureae,
873 990 975 1043 latiore
987 988 1068 1049 lolio,
1089 994 1144 1040 sta·

259 1085 262 1091 '
342 1077 395 1127 tim
405 1073 440 1124 ab
452 1070 545 1123 radice
556 1080 681 1129 carnoso,
693 1069 808 1117 exeunt:
828 1061 961 1127 solaeque
972 1059 1080 1113 Graeco
1093 1072 1143 1108 no-

342 1144 418 1197 minc
428 1156 446 1192 a
456 1139 557 1193 ceteris
570 1136 770 1194 discernuntur,
790 1129 995 1201 appellatseia,
1012 1135 1040 1180 et
1052 1126 1087 1179 ab
1101 1125 1144 1178 his

343 1209 472 1265 ianthina
481 1208 577 1260 vestis.
612 1204 742 1257 Esatiris
753 1201 877 1253 niaxima
886 1199 1041 1251 auctoritas
1050 1196 1144 1249 luteis.

344 1279 512 1341 Generalis,
533 1274 703 1336 Tusculana,
724 1278 753 1325 et
764 1285 835 1339 quae
853 1271 962 1321 marina
977 1267 1145 1335 appellatur,

343 1350 414 1405 folio
426 1349 569 1416 aliquanto
580 1345 690 1406 latiore,
701 1341 751 1394 sed
763 1342 853 1392 nrious
864 1338 992 1392 odorato.
1011 1339 1042 1389 ln
1053 1342 1143 1388 totum

343 1422 480 1474 verosine
492 1415 587 1476 odore,
608 1414 768 1480 minutoque
778 1410 847 1464 lolio
858 1407 1025 1472 coluthiana,
1045 1420 1144 1458 munus

345 1489 481 1548 automni,
493 1493 604 1539 ceterae
614 1482 697 1535 veris.

380 1556 443 1609 XV.
460 1555 594 1607 Proxima
603 1555 630 1607 ei
641 1552 735 1606 caltha
746 1554 789 1603 est
800 1548 943 1602 concolori
953 1546 1144 1614 amplitudine.

344 1626 439 1680 Vincit
450 1638 565 1676 numero
576 1623 709 1677 loliorum
726 1621 874 1684 marinam,
895 1618 1018 1686 quinque
1033 1631 1088 1668 non
1100 1629 1145 1668 ex·

334 1680 497 1750 ‘cedentem
522 1693 626 1746 Eadem
639 1693 725 1746 odore
736 1690 900 1757 superatur:
911 1693 955 1740 est
966 1687 1142 1759 enim‘graris

231 1778 240 1791 ·
254 1780 263 1787 ·
308 1794 325 1829 η
344 1763 463 1818 calthas.
492 1764 554 1816 Non
565 1763 656 1816 levior
668 1763 702 1824 ei,
714 1776 794 1829 quam
806 1773 918 1829 scopam
929 1759 1039 1829 regiaoq
1046 1756 1141 1823 appel·

343 1836 416 1888 lant:
430 1848 584 1901 quanquam
596 1832 666 1884 lolia
675 1832 736 1883 eius
748 1830 833 1891 olent,
847 1845 902 1880 uon
912 1826 1006 1879 flores.

355 1904 455 1957 cxvi.
482 1902 608 1954 Bacchar
626 1915 735 1969 quoque
754 1898 858 1951 radicis
879 1905 987 1950 tantum
1009 1895 1144 1947 odoratae

344 1982 398 2037 est,
409 1972 601 2040 aquibusdam
612 1971 727 2024 nardum
738 1968 871 2022 rusticum
883 1966 1063 2035 appellatum.
1090 1964 1144 2016 llo·

344 2050 493 2114 guentaex
505 2042 645 2096 earadice
657 2042 719 2092 lieri
730 2039 816 2090 solita
831 2037 904 2105 apud
920 2037 1064 2102 antiquos,
1083 2034 1142 2086 hri·

344 2112 505 2180 stophanes,
516 2112 625 2178 pdscas
636 2108 796 2163 comoediae
808 2116 901 2175 poeta,
911 2107 993 2159 testis
1004 2113 1056 2157 est.
1066 2103 1145 2155 Unde

366 2183 459 2235 uidam
476 2194 572 2234 errore
588 2179 661 2232 falso
680 2178 856 2231 barbaricam
875 2192 934 2230 eam
953 2174 1144 2242 appellabant.

345 2200 424 2306 gdor
435 2259 479 2315 est
489 2251 516 2304 ei
528 2251 704 2309 cinnamomo
703 2248 867 2314 proxinms.
904 2245 1010 2297 Gracili
1021 2244 1083 2296 solo
1094 2259 1145 2295 nec

345 2314 460 2374 humido
473 2322 609 2387 provenit.
633 2319 811 2371 Simillimum
824 2318 859 2379 ei,
871 2314 1041 2368 combretum
1053 2312 1145 2382 appel·

345 2391 432 2453 latur,
451 2389 588 2442 loliorum
596 2389 728 2441 exilitate
739 2401 826 2454 usque
838 2390 866 2436 in
878 2386 926 2436 illa
936 2391 1094 2446 attenuata,
1116 2389 1145 2434 et

344 2460 488 2529 procerius
499 2471 581 2526 quam
593 2456 723 2510 bacchar:
734 2456 802 2509 haec
813 2462 877 2507 sunt
888 2462 1006 2506 tantum.
1033 2453 1088 2505 Sed
1100 2467 1146 2504 eo·

344 2545 408 2583 rum
420 2541 529 2596 quoque
541 2542 622 2581 error
639 2525 820 2595 corrigendus
831 2532 882 2586 cst,
902 2525 949 2592 qui
963 2521 1083 2575 bacchar
1100 2536 1145 2573 ru·

346 2602 445 2651 sticum
460 2598 575 2650 nardum
587 2597 773 2665 appellatore.
795 2596 846 2648 Est
856 2595 930 2646 enlm
942 2594 999 2644 alia
1009 2591 1094 2644 herba
1105 2592 1146 2642 sic

191 2738 195 2745 ι
288 2695 300 2737 ,g
347 2667 552 2737 cognominata,
562 2682 644 2735 quam
655 2666 755 2719 Graeci
766 2672 986 2726 aaaronvocant,
997 2662 1075 2714 cuius
1086 2674 1147 2728 spe·

346 2739 417 2791 ciem
430 2738 602 2806 figuramque
613 2736 734 2789 diximus
746 2737 774 2786 in
787 2734 865 2785 nardi
877 2734 1036 2802 generibus.
1072 2730 1146 2793 Quin

344 2809 432 2861 immo
443 2823 545 2859 asaron
555 2808 667 2859 invenio
687 2804 821 2868 vocitari,
840 2803 970 2872 quoniam
985 2802 1015 2853 in
1026 2814 1146 2853 coronas

345 2875 541 2929 nonaddatur.

348 2964 353 2979 ·
380 2945 469 2999 XVll.
488 2947 604 2997 Crocum
616 2943 746 2995 silvestre
757 2942 891 3009 optimum
901 2959 908 2992 ι
919 2954 1012 2992 serere
1022 2937 1051 2990 in
1062 2937 1147 2991 ltalia

345 3014 460 3066 minime
470 3013 593 3081 expedit,
604 3011 639 3064 nd
650 3012 784 3078 scrupula
796 3025 882 3076 usque
894 3010 1003 3075 singula
1014 3008 1087 3060 areis
1100 3007 1146 3058 de·

299 3118 302 3127 ψ
344 3083 535 3148 coquentibus.
565 3080 675 3133 Seritur
686 3081 788 3132 radicis
798 3078 892 3130 bulbo.
919 3077 1146 3148 §aticumlatioa

343 3152 499 3218 maiusque,
512 3155 540 3202 et
551 3149 678 3208 nitidius,
699 3148 748 3199 sed
760 3146 847 3198 nrulto
859 3146 958 3206 lenius,
973 3146 1145 3212 degenerans

343 3220 456 3288 ubique,
476 3234 526 3271 nec
542 3216 711 3270 foecundum
728 3217 812 3268 etiam
824 3215 952 3282 cyrenis,
972 3214 1020 3265 ubi
1035 3228 1146 3280 semper

343 3290 430 3344 flores
443 3288 635 3342 laudatissimi.
657 3285 751 3338 Prima
762 3284 895 3337 nobilitas
907 3283 1015 3348 Cilicio,
1027 3291 1056 3335 et
1065 3284 1106 3335 ibi
1116 3286 1144 3334 in

345 3363 455 3428 Coryco
475 3366 583 3413 monte:
604 3357 668 3410 dein
684 3356 791 3424 Lycio,
812 3362 906 3407 monte
925 3354 1064 3423 Olympos
1079 3368 1145 3405 moa

346 3430 529 3496 Centuripino
551 3427 673 3481 Siciliae.
708 3425 800 3495 Aliqui
817 3425 971 3492 Phlegraeo
993 3423 1144 3476 secundum

344 3499 439 3549 locum
455 3499 566 3550 dedere.
603 3496 784 3549 Adulteratur
800 3494 868 3547 nihil
879 3509 975 3561 aeque.
1011 3492 1144 3545 Probatio

344 3566 456 3628 sinceri,
467 3567 491 3617 si
504 3566 632 3631 imposita
643 3581 723 3617 nrsnu
736 3572 839 3632 crepat,
858 3564 945 3617 veluti
958 3563 1069 3631 fragile.
1087 3564 1146 3613 llu-

343 3632 450 3686 snidom
462 3637 544 3694 enim,
563 3633 636 3700 quod
648 3636 740 3686 evenit
752 3633 967 3696 adulteratione,
983 3633 1067 3685 cedit.
1102 3632 1146 3684 nl-

346 3712 409 3755 ters
420 3701 562 3769 probatio:
574 3702 599 3752 si
611 3717 693 3753 manu
704 3701 814 3769 prolata
825 3702 861 3754 ad
873 3718 923 3754 ora
933 3703 1034 3755 leniter
1044 3699 1145 3753 faciem

347 3771 501 3838 oculosque
520 3770 657 3823 mordent.
693 3772 745 3825 Est
763 3786 814 3838 per
827 3787 858 3824 se
874 3787 961 3840 genus
973 3770 1145 3824 sativiblan·

348 3842 492 3894 dissimum
509 3838 606 3907 volgo,
627 3854 688 3891 curn
704 3842 742 3893 sit
757 3840 908 3902 mediocre,
930 3840 1075 3891 dialeucon
1095 3855 1144 3891 so·

239 3914 247 3939 '
346 3917 420 3964 cant.
457 3910 727 3977 ContraCyrenaico
742 3909 856 3971 vitium,
877 3908 952 3976 quod
974 3909 1049 3960 omni
1062 3922 1145 3960 croco

344 3982 453 4049 nigrius
466 3986 517 4040 est,
537 3986 567 4032 et
585 3978 732 4031 celerrime
743 3980 896 4031 marcescit.
933 3978 1075 4044 Optimum
1086 3977 1146 4029 ubi·

345 4065 461 4119 cunque,
473 4049 546 4116 quod
559 4049 781 4117 pinguissimum,
793 4055 821 4101 et
830 4047 924 4101 brevis
935 4047 1044 4114 capilli:
1057 4048 1143 4115 pessi·

344 4137 419 4174 nrum
433 4134 514 4182 raro,
536 4118 610 4187 quod
627 4119 711 4170 situm
732 4118 851 4171 redolet.
887 4116 1035 4169 Mucianus
1046 4124 1147 4169 auctor

344 4200 398 4254 est,
418 4190 448 4241 in
458 4189 549 4257 Lycia
563 4202 636 4242 anno
649 4188 769 4258 septimo
781 4195 830 4241 aut
845 4193 944 4240 octavo
957 4187 1104 4240 transferri
1116 4190 1144 4240 in

342 4261 436 4314 locum
458 4262 617 4321 subactum,
649 4266 733 4326 atque
752 4259 794 4310 ita
814 4258 986 4326 degenerans
1005 4259 1143 4310 renovari.

343 4331 418 4381 llsns
428 4332 488 4383 elus
500 4332 528 4382 in
539 4328 652 4382 coronis
662 4344 807 4396 nusquam.
828 4328 925 4380 Herba
936 4329 1008 4392 enim
1019 4335 1063 4380 est
1074 4327 1143 4381 folio

345 4406 464 4466 angusto
475 4415 563 4465 paene
574 4400 602 4452 ιιι
615 4394 803 4467 capillamenti
815 4397 937 4451 modum.
954 4396 1008 4450 Sed
1020 4399 1084 4449 rino
1095 4401 1145 4450 mi·

343 4481 376 4521 re
388 4469 532 4532 congruit,
551 4470 702 4536 praecipue
714 4469 802 4521 dulci:
822 4469 920 4520 tritum
932 4468 966 4520 ad
978 4467 1089 4521 theatra
1098 4482 1143 4520 re·

343 4535 457 4603 pienda.
494 4536 591 4590 Floret
604 4539 788 4606 Vergiliarum
805 4551 905 4589 occasu
921 4541 1017 4604 paucis
1033 4538 1143 4601 diebus,

343 4605 471 4670 folioque
483 4604 581 4657 liorem
593 4609 718 4674 expellit.
741 4606 823 4660 Viret
833 4607 940 4671 bruma,
950 4614 979 4660 et
991 4607 1143 4673 colligitur.

344 4674 471 4725 Siccatur
481 4674 593 4737 umbra,
614 4676 945 4730 meliusetiamhihernn.
982 4679 1144 4728 Carnosaet

344 4743 387 4793 illi
400 4742 490 4805 radix,
500 4743 676 4814 vivaciorque
688 4760 768 4813 quam
780 4750 889 4798 ceteris.
918 4745 1029 4798 Gaudet
1040 4744 1144 4798 calcari

345 4817 375 4862 et
386 4812 479 4874 atteri,
500 4814 696 4883 pereundoque
708 4815 806 4868 melius
818 4817 953 4883 provenit.
989 4815 1055 4868 ideo
1066 4817 1144 4865 iuxta

344 4882 460 4931 scuritas
472 4896 505 4931 sc
516 4880 608 4932 fontes
620 4883 810 4936 laetissimum.
828 4885 960 4937 Troianis
971 4884 1144 4951 temporibus

344 4950 401 5002 iam
413 4958 475 5003 crat
490 4949 577 5001 lrooos
589 4951 626 5003 ci.
661 4953 724 5005 ilos
743 4960 820 5007 certe
836 4953 919 5008 liores
928 4954 1069 5007 Homerus
1085 4961 1144 5005 tres

345 5018 452 5081 laudnt,
462 5019 549 5078 loton,
560 5033 670 5082 crocon,
683 5020 872 5088 hyacinthum.

379 5087 480 5140 XVlll.
505 5087 635 5140 Omnium
659 5098 750 5142 autem
778 5092 1038 5155 odoramentorum,
1059 5096 1145 5159 atque

344 5158 418 5211 sdeo
429 5131 577 5211 herbarum
591 5157 747 5211 differentia
756 5166 799 5211 est
809 5161 837 5212 in
850 5162 957 5224 colore,
970 5170 998 5215 et
1009 5161 1105 5225 odore,
1116 5168 1144 5213 et

346 5243 440 5281 succo.
476 5227 601 5280 odorato
613 5243 696 5295 sapor
706 5242 770 5279 raro
781 5229 832 5282 ulli
844 5246 899 5283 non
910 5246 1035 5284 amarus:
1053 5246 1143 5284 econ·

344 5299 435 5352 traria
457 5296 551 5350 dulcia
572 5312 636 5348 raro
657 5296 784 5347 odorata
820 5299 916 5368 ltaque
931 5302 1034 5352 ctrina
1045 5301 1147 5353 mustis

345 5368 517 5429 odoratiora,
535 5372 565 5420 et
574 5366 716 5419 silvestria
726 5365 815 5433 magis
827 5373 919 5420 cornia
928 5370 1033 5421 sativis.
1070 5372 1146 5433 Quo·

344 5436 461 5489 rendam
474 5436 544 5490 odor
554 5437 667 5489 suavior
677 5453 692 5489 e
703 5435 867 5503 longinquo,
887 5438 1001 5504 propius
1013 5437 1145 5491 admotus

344 5503 504 5568 hebetetur,
514 5514 546 5558 ut
557 5507 658 5560 uiolae.
692 5505 769 5557 Rosa
778 5519 875 5557 recens
886 5520 903 5557 a
915 5506 1067 5574 longinquo
1076 5509 1145 5572 olet,

343 5574 553 5648 siccapropius.
587 5576 685 5633 omnis
695 5582 789 5631 sutem
800 5588 884 5631 resno
898 5582 1024 5643 tempore
1040 5579 1145 5645 acrior,

1196 441 1225 492 et
1235 434 1398 490 matutinis:
1409 431 1542 503 quidquid
1555 432 1589 485 ad
1601 432 1774 487 meridianas
1783 434 2003 492 nomentana

1195 510 1246 576 git,
1257 506 1415 559 hebetatur.
1444 503 1565 556 Novella
1577 518 1686 571 quoque
1697 507 1816 557 vetustis
1827 507 1918 558 nrinus
1929 508 2000 562 odo·

1195 583 1266 629 rata.
1283 576 1444 628 acerrimus
1453 580 1547 625 tamen
1560 574 1631 625 odor
1641 575 1763 626 omnium
1774 580 1882 628 aestate
1895 578 1998 630 media.

1195 647 1433 698 Rosactcrocum
1449 641 1630 706 odoratiora,
1652 658 1714 695 curn
1731 646 1837 697 serenis
1849 646 2000 701 diebusle·

1195 722 1310 785 guntur:
1322 720 1351 765 et
1363 713 1457 766 omnis
1466 713 1497 765 in
1507 713 1615 775 calidis,
1627 728 1709 780 quam
1720 714 1748 765 in
1760 714 1881 781 frigidis.
1900 717 1931 768 ln
1942 719 1999 770 lle·

1195 792 1283 853 gypto
1294 791 1387 837 tamen
1398 783 1511 835 orinime
1523 781 1635 834 odorati
1650 782 1749 847 liores,
1770 786 1835 853 quia
1846 785 1998 840 nebulosus

1196 863 1225 907 et
1236 853 1363 906 roscidus
1372 867 1420 905 aer
1431 858 1472 904 est
1484 867 1501 903 a
1511 851 1577 903 Nilo
1588 850 1710 904 hunnine.
1740 853 1921 915 Quorundam
1934 873 1999 911 sua·

1195 923 1278 974 vitati
1298 923 1422 990 gravitas
1444 923 1533 976 inest.¹
1563 921 1716 986 Quaedam,
1739 923 1804 974 dum
1821 924 1920 987 virent,
1940 943 1999 981 non

1196 991 1281 1054 olent,
1292 1000 1408 1058 propter
1419 988 1563 1043 humorem
1580 992 1708 1043 nimium:
1732 1001 1764 1045 ut
1775 995 1902 1057 buceros,
1922 995 1998 1064 quod

1197 1069 1240 1115 est
1250 1061 1363 1113 foenum
1376 1060 1523 1113 Graecum.
1559 1063 1663 1113 acutos
1674 1061 1744 1114 odor
1758 1078 1813 1114 non
1825 1065 1946 1116 oninium
1959 1067 1998 1119 si-

1197 1147 1233 1184 ne
1243 1146 1326 1182 succo
1339 1135 1389 1195 est,
1402 1137 1434 1181 ut
1443 1130 1545 1192 violae,
1558 1145 1647 1193 rosae,
1664 1146 1756 1197 croco.
1793 1133 1873 1195 Quae
1884 1149 1950 1187 sero
1960 1150 1997 1189 ex

1196 1202 1495 1263 acutissuccocarent,
1514 1214 1610 1252 eorum
1626 1202 1747 1252 oninium
1759 1202 1830 1257 odor
1841 1204 1943 1273 gravis,
1963 1213 1999 1258 nt

1196 1273 1225 1323 ιιι
1237 1269 1298 1322 Ιιιιο
1309 1270 1456 1337 utriusque
1467 1270 1586 1338 generis.
1623 1271 1794 1327 Abrotonum
1813 1282 1841 1326 et
1851 1288 1996 1341 amaracus

1197 1355 1276 1413 acpes
1287 1338 1390 1391 habent
1400 1340 1510 1392 odores.
1521 1338 1702 1402 Quorundam
1715 1339 1766 1393 llos
1778 1350 1885 1395 tanturn
1897 1344 1994 1397 iucun-

1197 1410 1259 1472 dus,
1278 1409 1403 1476 reliquae
1424 1416 1518 1478 partes
1539 1412 1663 1477 ignarae,
1683 1417 1715 1463 ut
1729 1412 1831 1475 violae,
1852 1429 1886 1465 nc
1904 1428 1995 1470 rosae.

1196 1479 1413 1532 Hortensiorum
1434 1480 1647 1545 odoratissima,
1670 1496 1741 1549 quae
1762 1485 1850 1546 sicca,
1872 1491 1904 1535 ιιι
1922 1490 1996 1548 ιιιιι,

1196 1556 1299 1611 menta,
1309 1550 1411 1618 apium,
1422 1556 1450 1602 et
1461 1551 1570 1617 quaein
1581 1550 1664 1603 siccis
1676 1558 1829 1604 nascantur.
1853 1553 1996 1617 Quaedam

1196 1625 1336 1673 vetustate
1348 1619 1519 1679 odoratiora.
1542 1626 1575 1672 ut
1587 1627 1718 1675 cotonea:
1739 1622 1891 1689 eademque
1904 1622 1997 1674 decer·

1197 1697 1254 1758 pta,
1274 1703 1357 1757 quarn
1367 1690 1395 1740 in
1406 1691 1467 1741 suis
1479 1688 1629 1743 radicibus.
1666 1692 1806 1755 Quaedam
1820 1706 1873 1742 tion
1885 1692 1940 1743 nisi
1950 1693 1996 1746 de·

1197 1761 1298 1821 fracta,
1326 1765 1375 1812 aut
1386 1774 1421 1810 ex
1436 1759 1536 1811 attrito
1553 1760 1640 1812 olent:
1661 1762 1719 1813 alia
1734 1778 1788 1813 oon
1803 1762 1856 1812 nisi
1870 1761 1996 1815 detracto

1190 1828 1315 1882 cortice:
1338 1829 1475 1895 quaedam
1496 1843 1564 1881 vero
1584 1844 1639 1881 oon
1663 1831 1716 1883 nisi
1737 1830 1892 1893 usta,sicut
1915 1830 1998 1884 thura

1196 1897 1390 1967 myrrhaeque.
1426 1897 1525 1950 Flores
1545 1900 1607 1950 triti
1620 1916 1716 1952 omnies
1732 1900 1894 1963 anteriores,
1914 1918 1996 1970 quam
2087 1947 2094 1957 .

1196 1969 1305 2020 intacti.
1340 1969 1441 2035 Aliqua
1450 1967 1531 2019 arida
1549 1969 1654 2020 diutius
1666 1969 1780 2022 odorem
1793 1970 1944 2036 continent,
1966 1979 2024 2025 ot.

1196 2038 1350 2091 melilotos.
1385 2038 1530 2101 Quaedam
1547 2038 1639 2089 locum
1655 2040 1744 2107 ipsum
1757 2036 1945 2094 odoratiorem
1956 2042 1998 2095 ιιι·

1197 2109 1283 2169 ciunt,
1304 2115 1335 2158 ut
1347 2107 1409 2158 iris:
1430 2107 1495 2175 quin
1506 2113 1534 2158 et
1550 2108 1678 2159 arborem
1689 2116 1788 2173 totam,
1811 2112 1998 2182 cuiuscunque

1197 2178 1305 2229 radices
1323 2177 1446 2244 attingit.
1482 2179 1616 2245 Hesperia
1637 2184 1722 2231 noctu
1740 2180 1832 2247 magis
1845 2182 1914 2247 olet,
1932 2183 1997 2236 inde
2011 2190 2032 2219 -ι
2058 2228 2063 2239 ,
2088 2222 2095 2231 .
2118 2226 2121 2235 .

1194 2247 1442 2299 nomineinronto.
1477 2246 1996 2316 Animallumnullumodoratum,nisi
2088 2260 2091 2271 '
2119 2260 2122 2267 ⁴

1197 2318 1221 2369 si
1233 2315 1267 2379 de
1279 2314 1433 2382 pantheris,
1456 2316 1528 2383 quod
1539 2316 1643 2371 dictum
1656 2326 1707 2382 est,
1729 2319 1875 2372 credimus.

1232 2386 1306 2437 xlx.
1325 2384 1378 2437 llla
1393 2401 1502 2454 quoque
1523 2402 1578 2439 non
1600 2388 1755 2441 omittenda
1773 2391 1933 2444 differentia
1944 2398 1997 2454 est,

1197 2455 1441 2507 odoramentorum
1464 2458 1553 2508 multa
1574 2455 1645 2509 nihil
1665 2461 1803 2526 pertinere
1824 2461 1859 2513 ad
1881 2476 1997 2513 corona·

1197 2531 1301 2587 menta,
1311 2531 1342 2575 ut
1353 2526 1404 2591 irin
1416 2532 1500 2592 atque
1510 2526 1672 2591 saliuncam,
1693 2544 1847 2598 quanquam
1859 2530 1997 2582 nobilissi-

1198 2594 1238 2645 mi
1248 2594 1343 2645 odoris
1359 2604 1514 2662 utramque.
1551 2596 1606 2650 Sed
1622 2598 1672 2661 iris
1691 2598 1785 2653 radice
1800 2606 1907 2652 tantum
1923 2615 1998 2651 com·

1197 2664 1354 2727 mendieos,
1363 2665 1512 2732 unguentis
1523 2673 1552 2718 et
1563 2668 1714 2720 medicinae
1726 2685 1848 2721 nascens.
1884 2668 1997 2720 Lauda·

1197 2734 1308 2785 tissima
1319 2735 1347 2784 ιιι
1358 2733 1483 2801 illyrico,
1503 2743 1532 2787 et
1548 2736 1586 2786 ibi
1602 2752 1710 2803 quoque
1727 2754 1780 2789 non
1799 2742 1826 2790 in
1841 2738 1997 2801 maritimis,

1197 2802 1247 2855 sed
1266 2804 1295 2854 in
1312 2802 1486 2855 silvestribus
1501 2804 1626 2857 Drilonis
1643 2814 1672 2857 ct
1689 2807 1828 2859 Naronae.
1865 2807 1999 2859 Proxima

1197 2873 1228 2924 ιιι
1239 2872 1416 2935 Macedonia,
1438 2872 1602 2939 longissima
1614 2872 1681 2925 haec
1691 2882 1719 2926 et
1729 2876 1885 2940 candicans,
1896 2885 1925 2928 et
1937 2877 1997 2930 exi·

1197 2942 1241 2993 lis.
1278 2942 1404 2994 Tertium
1417 2942 1506 2992 locutu
1517 2941 1602 2994 habet
1612 2943 1754 3002 diricana,
1773 2946 1947 3009 amplissima
1956 2948 1998 2997 in·

1198 3020 1242 3063 ter
1257 3025 1361 3070 omnes,
1383 3015 1520 3076 gustuque
1541 3012 1722 3061 amarissima.
1758 3013 1872 3079 illyrica
1889 3029 2001 3083 quoque

1197 3080 1313 3131 duorum
1325 3093 1458 3196 qenerum
1471 3085 1521 3130 est.
1556 3078 1721 3147 Raphanitis
1732 3097 1749 3133 a
1759 3082 1957 3135 similitudine:
1970 3088 2002 3136 ιι

1197 3162 1271 3215 quae
1292 3162 1335 3198 me
1348 3147 1403 3207 lor,
1423 3144 1597 3198 rhizotomos
1618 3148 1741 3199 subrufa.
1778 3151 1906 3216 Optima,
1926 3167 2002 3220 quae

1198 3221 1388 3269 sternumenta
1398 3218 1475 3267 tactu
1486 3221 1586 3267 moret.
1623 3216 1826 3271 Caulenrhabet
1837 3221 2000 3284 cubitalem,

1198 3293 1331 3338 erectum.
1366 3284 1463 3336 Floret
1473 3284 1576 3337 diversi
1588 3285 1692 3338 coloris
1704 3288 1813 3356 specie,
1833 3289 1905 3343 sicut
1916 3306 1998 3343 arcus

1199 3355 1338 3417 caelestis,
1360 3353 1433 3407 unde
1445 3361 1473 3407 et
1482 3369 1590 3408 nomen.
1626 3356 1688 3409 Non
1701 3358 1876 3424 improbatur
1886 3366 1913 3412 et
1924 3359 1996 3411 Pisi·

1198 3425 1269 3477 dicu.
1305 3427 1341 3476 lit
1351 3423 1454 3476 fossuri
1470 3425 1560 3475 tribus
1577 3433 1642 3479 ante
1659 3428 1802 3479 mensibus
1819 3429 1908 3481 mulsa
1924 3443 1998 3496 aqua

1198 3492 1374 3567 circumfusa,
1395 3493 1448 3545 hoc
1459 3494 1545 3546 veluti
1562 3495 1736 3562 placamento
1754 3505 1844 3549 terrae
1857 3497 1998 3549 blandiun-

1197 3572 1253 3626 tur,
1274 3564 1486 3630 circumscripta
1500 3579 1633 3617 mucrone
1644 3566 1730 3633 gladii
1749 3566 1816 3618 orbe
1828 3567 1945 3632 triplici:
1967 3575 1998 3621 et

1198 3649 1259 3684 cum
1272 3633 1393 3700 legerint
1404 3648 1473 3694 snm,
1490 3634 1617 3700 protinus
1627 3636 1654 3686 in
1665 3635 1771 3687 caelum
1783 3635 1923 3688 attollunt.
1944 3640 1998 3689 Na·

1198 3710 1262 3754 tura
1272 3711 1314 3755 est
1326 3701 1444 3763 fervens,
1455 3710 1629 3770 tractataque
1640 3705 1768 3771 pustulas
1778 3705 1898 3757 ambusti
1914 3706 1996 3758 modo

1197 3771 1275 3823 iacit.
1313 3770 1489 3837 Praecipitur
1499 3780 1563 3824 note
1575 3776 1677 3836 omnia,
1689 3783 1720 3826 ιιι
1732 3776 1802 3828 casti
1813 3776 1916 3843 legant.
1945 3776 1997 3827 'i'e-

1197 3841 1308 3893 moines
1322 3855 1377 3891 non
1388 3840 1464 3892 sicca
1475 3842 1568 3905 modo,
1579 3858 1675 3895 rerum
1687 3846 1756 3895 etin
1768 3851 1844 3897 terra
1854 3844 1998 3898 celerrime

1196 3912 1290 3962 sentit.
1327 3910 1469 3975 Optimum
1481 3918 1564 3963 antea
1574 3913 1674 3965 irinum
1685 3914 1815 3967 Leucade
1826 3920 1854 3966 ιι
1864 3914 1946 3966 Elide
1959 3913 1997 3966 fe·

1197 3981 1327 4033 rebatur:
1347 3979 1511 4045 ienrpridem
1527 3982 1599 4032 enim
1617 3989 1647 4033 et
1663 3984 1782 4035 seriturs
1803 3999 1875 4035 nunc
1892 3982 1997 4036 el’am·

1197 4048 1309 4118 phylia:
1332 4048 1382 4101 sed
1395 4049 1521 4102 Cilicium
1532 4052 1656 4105 maxime
1669 4053 1810 4107 laudatur
1834 4061 1918 4123 atque
1930 4069 1945 4105 e
1955 4070 1998 4104 se·

1198 4118 1448 4188 ptemtrionnlibus.

1232 4188 1293 4241 XX.
1312 4188 1525 4241 Saliuncafolio
1538 4189 1649 4256 quidem
1666 4193 1806 4256 subbrevi,
1827 4202 1856 4246 et
1867 4190 1939 4260 quod
1952 4206 1997 4244 ne·
2025 4212 2032 4243 ·.

1197 4258 1236 4311 cti
1246 4273 1302 4310 noo
1313 4259 1412 4324 possit,
1425 4260 1510 4311 radici
1522 4274 1686 4314 nunrerosae
1696 4260 1837 4326 cohaeret,
1858 4261 1943 4313 herba
1955 4276 1999 4312 re·

1196 4330 1257 4382 rius
1269 4343 1349 4396 quam
1364 4328 1424 4389 llos,
1444 4329 1530 4382 denso
1545 4330 1634 4381 veluti
1645 4346 1727 4383 manu
1743 4348 1846 4399 pressa,
1865 4333 1996 4384 breviter·

1198 4414 1250 4467 que
1260 4413 1355 4467 cespes
1365 4398 1409 4449 sui
1420 4399 1539 4466 generis.
1575 4398 1997 4471 Pannoniahaocgigniteth'o·

1196 4469 1259 4532 rici,
1278 4467 1441 4535 Alpiumque
1457 4470 1565 4535 aprica:
1587 4470 1709 4535 urbium,
1729 4472 1883 4538 Eporedia:
1905 4475 2002 4527 tantae

1196 4538 1355 4600 suavitatis,
1363 4546 1394 4589 ut
1407 4537 1550 4590 metallum
1566 4554 1628 4591 esse
1645 4544 1778 4609 coeperit.
1813 4539 1946 4593 Vestibus
1959 4540 1998 4590 in·

1197 4607 1309 4675 terponi
1321 4622 1391 4670 eam,
1406 4609 1607 4675 gratissimum.
1993 4614 2002 4623 “

1230 4677 1305 4729 xxi.
1327 4675 1374 4728 Sic
1385 4686 1414 4729 et
1425 4677 1498 4742 apud
1514 4678 1641 4729 Graecos
1659 4676 1756 4744 polion
1767 4674 1889 4736 herbam,
1911 4675 2001 4745 incly-

1197 4752 1255 4799 tam
1269 4747 1377 4798 Musaei
1393 4751 1421 4797 et
1437 4746 1558 4798 Hesiodi
1574 4745 1714 4807 laudibus,
1736 4742 1774 4796 ad
1790 4743 1882 4796 omnia
1900 4744 2000 4798 utilem

1196 4815 1424 4883 praedicantium,
1444 4829 1581 4881 superque
1598 4821 1693 4866 cetera
1711 4810 1954 4865 adiamtmetiam
1967 4830 2000 4866 ao

1198 4885 1364 4953 dignitates:
1380 4896 1548 5003 prorsusque
1559 4885 1666 4943 miram,
1687 4883 1711 4933 si
1724 4880 1808 4932 modo
1818 4890 1861 4945 (ut
1872 4881 1999 4945 tradunt)
2058 4944 2063 4951 ,
2165 4908 2166 4927 ι

1198 4953 1270 5005 lolia
1279 4953 1338 5003 eius
1348 4966 1430 5007 mane
1441 4968 1491 5003 can
1513 4951 1569 5013 ida,
1580 4951 1696 5004 meridie
1706 4965 1856 5018 purpurea,
1876 4951 1943 5005 Sole
1954 4969 1998 5005 oc·

1197 5023 1307 5075 sidente
1331 5020 1462 5074 caemlea
1489 5021 1670 5103 aspiciuntur.
1708 5021 1771 5072 Duo
1797 5036 1901 5087 genera
1925 5023 1996 5075 eius:

1197 5095 1361 5159 campestre,
1381 5092 1485 5141 maius:
1506 5091 1645 5151 silvestre,
1656 5092 1730 5158 quod
1743 5091 1832 5142 minus
1844 5100 1897 5145 est.
1933 5092 1998 5152 Qui·

1197 5162 1259 5213 dam
1271 5157 1414 5212 teuthrion
1425 5168 1535 5213 vocant.
1570 5159 1652 5212 Folia
1667 5161 1744 5213 canis
1755 5158 1874 5215 hominis
1885 5161 1997 5221 similia,

1197 5229 1317 5283 eradico
1328 5230 1466 5296 protinus,
1475 5245 1614 5297 nonquam
1625 5231 1719 5295 palmo
1731 5230 1844 5284 altiora.

1232 5299 1318 5352 XXll.
1339 5302 1374 5352 Et
1385 5299 1419 5352 de
1430 5301 1554 5353 odoratis
1565 5298 1681 5352 floribus
1691 5301 1760 5351 satis
1771 5299 1887 5353 dictum:
1899 5300 1927 5351 in
1940 5301 1997 5369 qui·

1197 5371 1249 5422 bus
1260 5375 1401 5439 unguento
1417 5371 1514 5422 vicisse
1530 5377 1659 5423 naturam
1673 5370 1799 5439 gaudens
1812 5370 1932 5432 luxoria,
1949 5384 1997 5421 ee·

1197 5441 1285 5493 stibus
1296 5454 1405 5508 quoque
1416 5439 1579 5506 provocarit
1591 5455 1640 5493 eos
1649 5438 1742 5501 liores,
1759 5442 1806 5507 qui
1817 5441 1913 5492 colore
1924 5453 1997 5491 com-

1197 5511 1372 5562 mendantur.
1407 5508 1468 5560 llos
1480 5508 1670 5562 animadverto
1678 5517 1736 5563 tres
1746 5524 1809 5561 esse
1820 5507 1995 5577 principales.

1197 5577 1411 5645 habentem-in
1427 5594 1524 5634 cocco:
1547 5581 1595 5650 qui
1608 5594 1627 5634 a
1641 5580 1713 5634 rosis
1735 5580 1875 5648 migrante
1895 5577 1999 5648 gratia,
