4356 6014
282 344 312 404 C.
348 338 496 403 Pthll
532 336 746 398 SECUNDl
780 334 952 397 NATUR.
983 338 1301 402 titur01t.·-ttu.
1326 340 1458 402 xvttt.
1481 344 1570 423 cat.
1605 350 1711 406 ⁰42?
1759 350 1820 410 210

167 497 198 550 ln
209 493 382 564 agricultura
392 506 488 544 ortrrres
500 494 621 551 censent,
641 488 797 556 iterumque
818 502 869 540 suo
881 503 970 559 Aquae·

172 582 224 638 que
235 575 360 631 tempore
371 561 506 614 iacienda.
526 563 569 613 Er
580 560 664 611 tertio
673 565 832 626 praecepto,
844 564 968 626 praeter·

171 636 257 689 missu
268 635 372 685 trasna
384 633 516 683 revocari.
548 630 591 679 De
604 638 679 680 terra
692 630 801 679 curiosa
813 629 969 680 exsecratio

173 706 284 759 Catonis
296 701 405 755 abunde
415 701 537 751 indicata
549 705 601 750 est.
637 700 799 764 Quousqunm
811 698 970 764 praedicere

173 788 226 827 non
239 780 329 826 cessat
342 774 379 822 is:
401 768 539 836 Quidquid
552 782 601 834 per
613 767 729 819 asellum
744 767 803 818 lieri
814 774 916 834 potest,
926 766 968 816 ri·

172 842 278 896 lissime
288 846 407 895 cnrrstat.
444 839 516 889 iilix
530 836 643 889 biennio
658 839 784 899 ntoritur,
805 839 828 886 si
840 836 969 887 trondem

173 926 255 982 agere
268 928 322 963 noa
335 909 460 977 patiaris.
497 907 527 958 ld
539 906 731 958 efficacissime
743 906 889 973 contingit,
910 919 970 974 ger·

174 982 302 1036 minantis
314 980 398 1031 ruatis
410 978 509 1030 baculo
519 976 651 1028 decussis.
670 976 774 1027 Soccus
784 976 855 1025 enim
865 974 971 1040 etipsa

173 1050 306 1113 deiluens,
327 1054 408 1101 necat
423 1048 539 1099 radices.
575 1044 658 1096 Aiunt
678 1051 707 1096 et
725 1047 799 1096 circa
817 1043 969 1095 solstitium

174 1122 283 1174 auulsas
295 1135 348 1170 nun
361 1120 476 1178 renasci,
492 1131 542 1167 nec
552 1113 687 1165 arundine
699 1120 797 1173 sectas,
809 1119 858 1162 aut
872 1124 969 1163 eram·

174 1199 218 1243 tas
229 1189 334 1243 romeri
347 1187 480 1238 arundine
492 1185 629 1250 imposita.
666 1180 801 1232 Similiter
817 1188 846 1232 et
856 1180 969 1231 arundi-

175 1275 237 1313 nem
248 1258 358 1311 exarari
370 1257 443 1308 ilice
453 1254 558 1305 rortteri
569 1251 702 1318 imposita
713 1250 895 1317 praecipiunt.
910 1250 970 1300 lun·

173 1345 254 1381 cesus
266 1342 334 1395 ager
343 1326 412 1377 terti
426 1323 489 1391 pala
501 1323 597 1373 debet:
610 1327 639 1371 at
649 1323 678 1371 in
689 1334 791 1371 saxoso
799 1320 969 1373 bidentibus.

173 1398 291 1451 Frutcta
301 1397 358 1463 igni
371 1397 476 1461 optime
488 1392 634 1444 tolluntur.
663 1390 858 1442 Huaridiurem
870 1403 968 1457 agrum

173 1468 256 1521 lbssis
268 1464 377 1519 concidi
390 1474 472 1531 utque
483 1460 592 1524 siccari,
612 1460 791 1510 utilissimam
804 1466 862 1510 est:
878 1459 969 1509 iussas

171 1546 264 1591 autem
286 1536 402 1587 cretosis
418 1533 489 1583 lucis
506 1538 620 1597 apertas
637 1528 769 1595 relinqui:
791 1529 820 1579 ln
832 1528 969 1579 solutiore

171 1616 250 1660 terra
263 1605 376 1672 sepibus
386 1602 500 1665 densari,
512 1616 546 1652 ne
558 1598 716 1665 procidant:
737 1603 786 1649 aut
803 1598 911 1664 supinis
929 1595 968 1646 la·

170 1676 279 1729 teribus
291 1674 488 1741 procumbere:
509 1668 643 1737 quasdam
657 1668 810 1730 occaecari,
822 1678 850 1718 et
860 1670 888 1717 in
898 1665 969 1717 ullas

172 1746 256 1813 dirigi
268 1743 388 1794 nraiores
400 1738 639 1808 patentioresque:
660 1737 685 1787 sl
702 1738 738 1786 stt
749 1736 869 1797 occasio,
889 1735 968 1786 slllce

171 1816 217 1868 rel
227 1814 325 1883 glarea
336 1816 431 1862 sterni.
469 1811 526 1860 Ora
536 1815 631 1859 autem
642 1820 737 1858 earuru
749 1806 822 1857 binis
834 1805 968 1872 utrinque

171 1882 311 1952 lapidibus
332 1879 517 1941 statuminari,
538 1885 567 1929 et
588 1876 644 1927 alio
655 1876 838 1941 superintegl.
876 1874 969 1927 Silvae

172 1950 369 2020 exstnpandae
382 1950 520 2003 rationem
533 1946 709 1998 Dentocritus
728 1943 859 2013 prodidit,
881 1944 969 2011 lupini

170 2024 240 2079 dore
260 2024 289 2075 in
311 2035 394 2072 succo
407 2020 513 2073 cicutae
522 2032 577 2069 ano
590 2014 637 2069 die
649 2021 800 2081 macerato,
809 2014 969 2082 sparsisque

171 2095 322 2149 radicibus.

206 2167 253 2219 tx.
271 2164 308 2215 iit
320 2160 447 2230 quonlam
459 2162 642 2227 praeparatus
653 2164 697 2211 est
706 2161 888 2226 ager‚natura
896 2169 969 2205 nunc

170 2235 342 2288 indicabitur
353 2229 472 2298 trogum
508 2228 577 2282 Sunt
593 2236 686 2280 autem
706 2229 760 2278 duo
773 2228 863 2294 primu
873 2240 968 2278 earum

171 2320 281 2373 genera.
318 2304 477 2362 Frunrenta,
486 2307 517 2351 ut
528 2300 666 2357 triticum,
679 2296 826 2347 hordeum:
849 2302 877 2346 et
890 2295 967 2361 legu-

170 2376 255 2436 mina,
265 2379 295 2424 ut
307 2372 379 2433 laba,
395 2371 477 2422 cicer.
513 2368 682 2421 Differentia
695 2380 759 2417 reru
773 2364 875 2428 notior,
886 2378 969 2432 quam

171 2452 203 2495 ut
212 2443 330 2495 indicari
341 2440 447 2493 ‹teeenn

204 2514 240 2566 X.
262 2513 283 2564 l.
300 2510 444 2562 l'nrnrenti
456 2509 543 2574 ipsius
556 2504 671 2558 totidem
684 2518 793 2573 genera,
804 2514 854 2570 per
864 2507 970 2569 tempo·

169 2588 271 2633 rosato
283 2581 382 2630 diuisa.
412 2577 545 2636 Hiberna,
558 2589 628 2640 quae
640 2579 714 2624 eirca
725 2573 912 2640 Vergiliarum
925 2584 969 2621 oc·

168 2664 265 2703 casum
278 2656 340 2697 sata
351 2655 426 2696 terra
436 2659 485 2709 per
495 2642 611 2695 hiemem
623 2642 826 2701 nutriuntur‚ut
836 2640 969 2700 triticum,

170 2706 969 2780 iar,hordcunr..lestira,quacaestateantellergiliarum

170 2793 298 2841 exortum
312 2791 450 2844 seruntur,
461 2790 492 2834 nt
504 2781 619 2841 anilium,
628 2780 767 2847 panicum,
776 2794 895 2841 sesama,
907 2777 970 2830 hor·

106 2860 115 2916 ἐ
137 2888 157 2917 a
171 2858 289 2921 minum,
298 2853 362 2917 irio,
375 2852 473 2904 ltaliae
484 2853 629 2902 dubitarat
640 2852 705 2901 ritu.
723 2849 835 2916 Alioqui
846 2852 873 2900 in
885 2849 970 2899 Grae·

147 2920 150 2929 '
172 2924 217 2979 cia
238 2930 266 2977 et
287 2923 354 2974 Asia
377 2922 471 2973 omnia
491 2920 675 2986 Vergiliarum
701 2932 801 2971 occasu
828 2925 966 2971 seruntur.

163 2993 316 3060 'Quaedam
335 2997 427 3043 autem
439 2996 557 3056 utroque
568 2996 693 3055 tempore
704 2990 731 3039 in
743 2988 832 3039 ltalia.
869 2987 911 3038 Er
926 2986 969 3038 his

174 3063 311 3132 quaedam
324 3067 352 3113 et
363 3063 455 3120 tertio,
467 3061 541 3111 reris
550 3060 664 3110 scilicet.
701 3058 793 3125 Aliqui
808 3070 900 3118 cerna,
917 3056 969 3106 mi·

173 3135 254 3195 lium,
265 3132 400 3200 panicum,
412 3129 525 3191 lerrtcnr,
536 3128 618 3188 cicer,
631 3128 730 3189 alicam
741 3126 893 3193 appellant.
922 3124 971 3177 Se·

174 3204 295 3256 otentico
307 3198 553 3263 autenqtriticum,
570 3195 713 3258 hordeum,
735 3195 837 3258 iubant,
859 3208 969 3261 napum,

173 3288 279 3340 rapam.
315 3272 350 3322 Et
363 3271 390 3320 in
411 3268 499 3320 tritici
519 3282 620 3334 genere
641 3280 705 3333 pars
718 3266 812 3334 aliqua
824 3265 917 3331 pabuli
927 3269 971 3316 est

174 3340 381 3411 quadrupedum
393 3354 478 3391 causa
492 3339 557 3400 suti,
579 3344 611 3387 ut
621 3334 750 3407 farrago:
773 3335 841 3379 etin
854 3332 971 3393 heumi-

174 3412 262 3472 nibus,
282 3417 315 3458 nt
335 3409 415 3455 ricta.
452 3411 486 3454 At
500 3414 645 3452 enrnnrune
665 3397 873 3467 quadrupedum
885 3395 972 3447 homi·

174 3471 519 3546 numqueusui,luplnum.
808 3490 811 3499 ·

206 3549 234 3601 2.
245 3544 400 3614 Leguminu
411 3544 503 3593 omma
512 3537 637 3606 singulas
646 3535 751 3590 habent
762 3534 880 3598 radices,
890 3548 971 3602 prae-

175 3626 218 3671 ter
229 3617 330 3679 sabam,
342 3626 442 3679 easque
454 3608 624 3669 surculosus,
644 3608 710 3673 quia
723 3620 778 3658 non
789 3607 816 3657 in
829 3604 917 3656 multa
926 3604 969 3654 di·

174 3688 318 3739 riduntur:
340 3681 493 3734 altissimas
510 3686 602 3731 autem
617 3677 699 3729 cicer.
736 3675 888 3727 Frnnrenta
900 3672 970 3725 mul-

144 3768 147 3773 *
173 3757 211 3808 tis
232 3755 392 3807 radicantur
407 3748 493 3811 tibris,
513 3744 677 3799 sineramis.
715 3745 970 3811 Erunmitaprimo

173 3834 235 3877 satu
254 3823 387 3889 hordeum
409 3819 455 3871 dle
475 3818 607 3885 septimo:
630 3814 773 3881 legumina
788 3823 904 3880 quartu,
925 3810 970 3863 rel

174 3911 234 3947 cum
245 3891 413 3950 tardissime,
423 3890 557 3956 septimo:
568 3887 661 3937 tabas
675 3884 725 3938 XV
736 3882 771 3935 ad
782 3883 844 3945 lix,
857 3881 972 3951 legumi-

173 3981 208 4015 na
217 3967 244 4015 in
257 3966 384 4031 Aegypto
397 3961 484 4011 tertio
496 3958 550 4009 die.
580 3956 621 4007 lin
634 3954 740 4006 hordeo
753 3954 872 4006 alterum
885 3957 970 4018 caput

172 4034 253 4104 grani
275 4034 303 4084 in
320 4030 441 4083 radicem
462 4028 530 4089 erit,
551 4027 669 4077 alterum
681 4026 708 4075 in
721 4024 843 4083 herbam,
863 4027 972 4088 quaest

172 4104 251 4172 prior
262 4103 352 4155 lloret.
381 4097 511 4152 lladtcem
523 4094 643 4147 crassior
654 4108 717 4157 pars
728 4095 806 4160 grani
819 4091 920 4151 tundit,
932 4098 972 4141 te·

174 4174 256 4224 nuior
267 4172 372 4225 dorem.
409 4166 515 4220 Ceteris
525 4163 677 4218 seminibus
688 4163 785 4214 eadem
798 4175 870 4228 pars,
887 4168 917 4212 et
927 4174 971 4211 ra·

173 4244 272 4303 dicenl;
283 4248 312 4293 et
323 4240 428 4291 liorem.

206 4312 232 4365 3.
252 4311 403 4359 Frumento
414 4303 504 4354 hieme
515 4303 542 4354 ln
555 4301 642 4353 herba
652 4307 730 4351 sunt:
749 4311 835 4349 terno
845 4301 973 4360 tempore

171 4380 343 4444 fastigantur
357 4374 385 4424 in
405 4372 548 4436 stipulam,
569 4384 638 4437 quae
648 4375 714 4419 sunt
726 4366 834 4419 Mbernl
846 4363 971 4431 generis:

172 4458 201 4503 at
211 4446 318 4500 milium
331 4449 359 4495 ct
370 4441 497 4509 panicum
509 4441 537 4490 in
547 4438 667 4491 culmum
679 4436 867 4504 geniculatum
873 4442 973 4485 etcen·

172 4531 281 4578 αιιιιιιι,
300 4526 408 4565 sesama
426 4524 490 4561 reru
502 4508 530 4559 in
543 4507 722 4559 iemlaceum.
757 4503 972 4557 Omniumsato·

172 4602 232 4640 rum
246 4585 362 4646 fructus,
374 4587 423 4632 aut
432 4580 517 4647 spicis
527 4578 695 4637 continetur,
707 4574 847 4635 uttrltici,
859 4570 970 4623 hordei:

172 4656 350 4721 muniturque
361 4652 436 4703 ralln
447 4651 596 4701 aristarum
609 4644 800 4716 quadruplici:
823 4648 871 4694 aut
881 4641 970 4693 inclu-

173 4726 251 4776 ditur
260 4724 377 4791 siliquis,
398 4727 429 4771 ut
439 4720 621 4788 leguminum:
642 4721 692 4768 aut
701 4713 836 4775 resculis,
856 4718 971 4764 utsesa·

174 4808 244 4856 ntae,
254 4810 287 4845 ac
298 4790 451 4861 papaueris.
486 4789 607 4849 Milium,
624 4791 653 4837 et
663 4785 790 4853 panicum
801 4789 907 4834 tuntum
920 4794 970 4848 pro

173 4864 303 4925 indiviso,
319 4870 346 4916 et
357 4860 451 4929 paruis
462 4860 559 4910 aribus
570 4857 729 4922 expositum
741 4860 794 4906 est.
822 4849 973 4903 indefensa

174 4936 275 5002 quippe
286 4930 453 4985 arembranls
464 4929 649 4980 continentur.
686 4924 819 4977 Panicum
831 4938 848 4973 a
860 4922 971 4989 parrieu·

173 5004 209 5054 lis
221 5003 333 5064 dietum,
345 5000 485 5053 cacumine
499 4996 628 5069 languide
638 5000 764 5056 nutante,
776 4993 910 5061 paulatim
922 5005 970 5044 er·

173 5079 289 5125 tenuato
303 5072 392 5122 culnro
403 5084 491 5137 paene
499 5069 527 5118 in
535 5064 972 5132 surculum,praedenslsacsrra·

33 5182 49 5205 2
108 5180 124 5209 ·.
135 5198 151 5219 L
173 5148 219 5193 tur
229 5142 402 5212 gramarum
414 5138 574 5207 longissima
586 5134 678 5202 pedali
691 5134 771 5187 obba.
788 5133 860 5185 Atilii
873 5146 972 5185 comae

39 5220 65 5241 ⁰
133 5242 139 5253 ι
151 5256 156 5267 ,
172 5224 287 5281 gmnunr
299 5207 611 5277 compteraeumtrtato
622 5204 724 5271 capillo
733 5211 891 5255 comantur.
901 5202 973 5255 Sunt

174 5288 201 5333 et
212 5280 312 5347 panico
324 5292 441 5346 genera:
459 5278 624 5338 Mammosa,
633 5290 649 5327 e
659 5289 731 5343 pano
744 5273 837 5341 partis
848 5282 971 5324 racema-

29 5342 58 5403 .'-.
118 5376 124 5389 ·
175 5357 204 5402 ta
215 5349 365 5417 paniculis:
385 5355 415 5399 et
425 5348 568 5397 cacumine
578 5345 698 5415 gemino.
727 5344 804 5407 Quin
826 5348 856 5393 et
874 5341 971 5394 colore

174 5419 367 5488 distinguitur:
387 5416 513 5478 candido,
530 5417 620 5481 nigro,
633 5414 696 5465 sr'*
725 5413 808 5438 ⁴²⁴·-
820 5426 970 5463 ····¹·ureo.

172 5485 573 5541 l’snismultilurieetemillo
585 5485 625 5547 iit,
915 5480 969 5532 ”ed

171 5558 278 5610 nullum
296 5559 464 5611 trumentum
487 5554 621 5620 pondero:

171 5630 280 5692 questu
291 5629 382 5695 magu
397 5628 518 5677 maest:
536 5621 612 5675 Lite

1022 489 1133 555 ducunt,
1154 492 1330 562 modiumque
1341 493 1428 561 pultis
1443 507 1477 546 ex
1488 494 1580 546 tribus
1591 488 1723 549 nexrn'rtte
1734 500 1820 550 naudi·

1022 554 1099 612 dis*
1110 562 1219 613 Milium
1230 566 1306 615 intra
1319 563 1369 614 hos
1385 563 1479 614 decem
1490 578 1577 616 aranos
1588 580 1622 617 ea
1636 566 1714 618 india
1726 568 1753 617 ln
1766 570 1820 620 lta·
1834 592 1848 619 a

1022 630 1087 680 llam
1107 630 1245 682 inuectum
1263 640 1314 695 cst,
1337 634 1445 701 nigrum
1466 635 1569 699 colore,
1591 636 1710 703 amplum
1722 652 1820 704 granis,
1843 622 1847 633 ⁵

1023 698 1202 750 arundineum
1220 701 1319 753 culmo.
1356 703 1499 754 Adulescit
1515 704 1550 754 ad
1567 704 1651 769 pedes
1669 705 1820 759 altitudine

1021 776 1137 835 septem,
1160 770 1379 835 praegrandibus
1391 772 1506 823 culmis:
1519 772 1599 824 lobas
1609 782 1723 825 vocant:
1735 775 1820 826 omni·

1020 852 1065 887 um
1077 837 1186 904 frugum
1209 838 1421 890 fertilissimum.
1457 842 1498 892 lix
1510 857 1564 893 ιιιιο
1576 854 1664 909 grano
1676 844 1747 896 terni
1759 858 1820 898 sex·

1021 907 1086 959 larii
1097 908 1258 975 gignuntur.
1295 909 1358 959 h‘eri
1370 908 1453 961 debet
1465 912 1490 962 in
1502 909 1632 963 hunridis.
1771 914 1776 925 ¹

1054 977 1080 1027 4.
1101 978 1250 1029 Frumenta
1261 978 1397 1046 quaedam
1412 980 1440 1028 in
1451 982 1533 1031 tertio
1545 996 1617 1049 genu
1629 980 1733 1048 spicam
1749 982 1818 1034 inci·

1021 1045 1100 1113 piunt
1110 1046 1267 1112 concipere,
1288 1046 1422 1113 quaedum
1435 1049 1462 1098 iu
1474 1057 1588 1116 quarto,
1607 1050 1657 1103 sed
1667 1052 1818 1103 etiamnum

1021 1115 1169 1166 occultam.
1203 1116 1339 1167 Geniemn
1360 1124 1452 1166 autem
1472 1128 1537 1170 sunt
1557 1119 1819 1186 triticoquaterma,

1020 1183 1094 1246 farri
1111 1199 1187 1244 sena,
1208 1184 1315 1234 lurrdeo
1326 1192 1436 1236 ortona.
1473 1187 1527 1238 sed
1541 1202 1593 1237 non
1603 1195 1668 1240 ante
1680 1204 1766 1256 supra
1776 1190 1818 1241 di-

1022 1259 1097 1304 ctum
1114 1252 1305 1319 geniculorum
1328 1268 1472 1305 nanterum
1493 1262 1641 1323 conceptus
1658 1260 1818 1325 estspicae:

1021 1321 1066 1388 qui
1078 1329 1107 1371 ut
1121 1337 1197 1388 spem
1211 1324 1252 1372 sui
1272 1322 1348 1385 iecit,
1370 1332 1491 1389 quatuor
1505 1332 1553 1374 aut
1564 1326 1684 1392 quinque
1694 1328 1820 1379 tardissi-

1021 1404 1065 1443 me
1077 1390 1176 1442 diebus
1188 1390 1288 1443 docere
1304 1392 1453 1459 incipiunt:
1470 1392 1642 1459 totidemque
1664 1403 1713 1446 aut
1732 1396 1820 1462 paulo

1021 1460 1146 1527 pluribus
1158 1458 1353 1513 deflorescunt.
1382 1461 1496 1513 ilurdes
1505 1476 1572 1513 reru
1585 1474 1645 1514 cum
1659 1463 1819 1516 tardissime

1020 1537 1137 1596 septem.
1176 1528 1264 1581 l'arro
1277 1537 1375 1597 quater
1386 1534 1500 1584 novenis
1514 1531 1613 1585 diebus
1626 1530 1720 1600 fruges
1729 1534 1820 1586 absol·

1020 1600 1047 1649 ri
1059 1599 1156 1662 tradit,
1168 1606 1198 1651 et
1208 1614 1302 1651 mense
1314 1614 1387 1651 nono
1398 1604 1475 1653 meti.

1055 1666 1082 1720 b.
1097 1669 1228 1721 Fabaein
1241 1668 1435 1732 talleoneum,
1456 1686 1489 1722 ac
1500 1671 1601 1724 deinde
1616 1669 1724 1723 caulem
1739 1673 1820 1731 emit·

1019 1743 1092 1800 tunt,
1103 1739 1185 1790 nullis
1196 1738 1356 1791 distinctum
1368 1740 1543 1792 internodiis.
1581 1741 1698 1806 Reliqua
1710 1740 1823 1809 legumi-

1021 1822 1057 1858 na
1077 1810 1220 1860 surculosa
1241 1818 1316 1861 sunt.
1354 1810 1394 1861 Er
1415 1810 1458 1862 liis
1474 1822 1595 1874 ranrosa,
1615 1813 1696 1870 cicer,
1716 1822 1821 1870 emunt,

1020 1878 1088 1928 lens.
1126 1878 1307 1939 Quorumdam
1326 1880 1422 1931 caules
1443 1872 1776 1948 spargunturinterrnm,
1797 1878 1823 1929 si

1021 1961 1076 1998 non
1088 1946 1210 1999 habeant
1220 1949 1427 2012 adminiculum,
1438 1959 1470 2002 ut
1481 1951 1613 2016 pisorum.
1637 1948 1719 2011 Quod
1730 1948 1754 1998 sl
1767 1960 1822 1999 non

1021 2016 1153 2083 habuere,
1165 2018 1305 2071 deteriora
1317 2020 1395 2070 liunt.
1435 2021 1619 2086 Leguminum
1631 2017 1770 2069 unicaulis
1781 2016 1824 2069 is·

1020 2089 1138 2151 basula,
1160 2104 1229 2141 unus
1241 2089 1396 2158 etluplnis:
1414 2091 1513 2142 ceteris
1534 2100 1661 2141 runrosus
1677 2085 1822 2154 praetenui

1020 2160 1150 2212 surculo:
1172 2161 1300 2212 omnibus
1313 2174 1378 2211 reru
1390 2160 1540 2212 fistulosus.

1056 2229 1166 2282 Folium
1179 2229 1313 2297 quaedam
1325 2230 1359 2279 ab
1372 2230 1466 2282 radice
1477 2230 1599 2288 uolitant,
1610 2225 1745 2296 quaedam
1754 2240 1824 2279 aca-

1021 2300 1139 2351 cumine.
1170 2299 1348 2351 i'runsentum
1361 2314 1440 2361 uero,
1451 2308 1479 2352 et
1491 2298 1635 2361 hordeum,
1645 2299 1782 2364 rictuque,
1793 2302 1823 2348 st

1021 2367 1156 2435 quidquid
1175 2369 1204 2418 in
1224 2369 1332 2434 stipula
1351 2376 1403 2430 est,
1423 2371 1451 2420 in
1467 2369 1611 2421 cacumine
1627 2366 1823 2417 unumiulium

1021 2436 1114 2487 hahet.
1134 2435 1188 2487 Sed
1204 2434 1309 2487 hordeo
1320 2439 1418 2487 scabra
1429 2446 1502 2500 sunt,
1513 2439 1615 2491 ceteris
1629 2438 1727 2488 laerta.
1750 2435 1823 2486 ntut-
1882 2444 1889 2455 ⁴

1021 2505 1129 2571 tiplicia
1141 2513 1238 2556 cuntrn
1248 2505 1338 2566 labae,
1351 2505 1442 2567 ciceri,
1453 2507 1523 2571 piso.
1551 2505 1709 2557 Frunrentis
1720 2503 1822 2554 iulium

1022 2575 1246 2636 ututtdlnaceutu‚
1266 2574 1348 2625 iubae
1359 2575 1516 2635 rotundum,
1537 2581 1565 2625 et
1577 2588 1696 2643 magnae
1709 2572 1823 2639 legeml-

1021 2659 1086 2694 num
1097 2644 1180 2710 parti.
1215 2643 1360 2711 Longiores
1370 2642 1494 2702 erviliae,
1505 2651 1533 2693 et
1544 2645 1612 2708 pino.
1642 2640 1767 2692 Faesulis
1779 2654 1824 2692 re·

1022 2727 1265 2776 nosaasesamae,
1287 2721 1315 2763 et
1335 2712 1417 2761 irioni
1433 2712 1593 2778 sanguinea.
1631 2710 1740 2761 Cadunt
1753 2708 1823 2761 folia

1024 2783 1122 2850 lupino
1134 2788 1253 2843 tuntum,
1275 2788 1303 2833 et
1315 2785 1454 2848 papaueri.
1492 2781 1646 2849 legumina
1656 2778 1762 2830 diutius
1774 2778 1823 2829 ho-

1022 2860 1092 2915 rent,
1113 2861 1141 2903 et
1156 2866 1191 2904 ex
1204 2851 1351 2903 bisernum
1364 2851 1492 2901 acclcer:
1512 2849 1561 2901 seri
1584 2848 1743 2901 diutissime
1753 2847 1820 2898 laba

1020 2921 1183 2975 Xlrrlicbus.
1200 2921 1261 2973 Non
1270 2928 1360 2973 autem
1372 2920 1473 2989 singuli
1482 2918 1819 2986 scapitamdiu,qunnlam

1022 2992 1079 3044 alio
1091 2991 1235 3044 desinente
1247 2992 1317 3043 ullus
1329 2990 1438 3058 incipit:
1450 3004 1501 3041 nec
1511 2995 1571 3040 tota
1583 3002 1671 3054 seges,
1683 2990 1754 3038 sictut
1766 2986 1822 3038 iru-

1022 3062 1117 3123 menti,
1129 3062 1244 3128 pariter.
1273 3061 1443 3128 siliquantur
1453 3072 1518 3110 uero
1531 3058 1624 3110 omnia
1634 3057 1753 3109 dirersis
1764 3056 1821 3108 tile·

1022 3134 1080 3194 bus,
1088 3140 1117 3182 et
1126 3131 1161 3182 ab
1169 3130 1347 3197 imaprimum
1358 3138 1445 3196 parte,
1453 3128 1587 3195 paulatim
1599 3125 1821 3178 doresubeunte.

1057 3202 1082 3252 ll.
1102 3199 1260 3255 Frumenta,
1272 3211 1333 3243 eum
1348 3199 1513 3255 detiorum,
1525 3202 1711 3254 crassescunt,
1729 3200 1818 3245 niatu·

1022 3276 1174 3329 renturque
1185 3274 1245 3314 cunr
1259 3263 1407 3331 plurimum
1424 3263 1520 3313 diebus
1531 3262 1732 3329 quadraginta:
1750 3266 1819 3315 item

1023 3331 1104 3384 laba:
1126 3332 1300 3398 paucissimis
1318 3336 1399 3384 cicer.
1437 3331 1466 3382 ld
1478 3331 1549 3381 enlm
1560 3346 1577 3382 a
1587 3339 1711 3384 semente
1723 3330 1820 3382 diebus

1022 3401 1236 3469 xlrperticitnr.
1272 3403 1390 3463 Milium,
1410 3407 1439 3452 et
1457 3400 1595 3466 panicum,
1617 3406 1645 3449 et
1656 3414 1773 3459 mannia,
1792 3408 1823 3451 st

1022 3474 1116 3522 omnia
1127 3474 1242 3533 aestiua,
1252 3470 1303 3521 xl.
1314 3471 1412 3523 diebus
1421 3466 1713 3529 sisterenturattore,
1722 3482 1823 3537 aragne

1023 3549 1115 3595 terrae
1134 3541 1260 3609 caelique
1281 3540 1448 3592 differentis.
1487 3541 1654 3606 lnAegypto
1675 3538 1747 3590 enim
1761 3537 1822 3593 hor·
1903 3554 1908 3565 ¹

1023 3610 1105 3662 deum
1117 3617 1196 3662 serto
1209 3620 1298 3661 asatu
1312 3624 1414 3670 orense,
1437 3610 1576 3659 frumenta
1587 3609 1707 3672 septimo
1718 3616 1823 3659 metun·
1882 3630 1886 3641 ,
1920 3598 1925 3609 ’
1950 3628 1955 3639 =

1023 3686 1077 3731 tur.
1106 3682 1136 3731 ln
1148 3680 1278 3742 Hellade,
1291 3678 1435 3731 hordeum:
1463 3680 1492 3729 lu
1505 3677 1699 3742 Peloponneso
1711 3686 1822 3741 octavo,

1023 3756 1051 3802 et
1063 3749 1203 3801 lcumenta
1212 3750 1362 3801 etiamnum
1371 3748 1489 3799 tardius.
1510 3745 1604 3798 Graan
1614 3747 1642 3798 in
1654 3747 1760 3814 stipula
1771 3749 1823 3799 cti·

1022 3820 1082 3871 nito
1093 3827 1171 3871 textu
1182 3821 1332 3886 spirantur.
1359 3820 1388 3869 ln
1401 3818 1467 3869 saba
1478 3816 1728 3884 leguminibusque,
1740 3817 1822 3868 alter·

1022 3891 1065 3940 nis
1085 3888 1220 3942 lateribus
1242 3889 1417 3955 siliquantur.
1453 3886 1584 3938 Fortiora
1596 3886 1631 3937 ad
1644 3886 1748 3939 bicotus
1766 3886 1824 3937 liu·

1023 3966 1125 4020 orento,
1146 3959 1284 4027 legumina
1294 3959 1320 4009 in
1334 3958 1405 4008 cibo.

1057 4032 1082 4081 ⁷.
1103 4031 1227 4080 'l'unicac
1242 4026 1383 4078 frumento
1400 4026 1505 4093 plures.
1541 4023 1684 4076 Hordeum
1703 4022 1821 4074 aratione

1023 4098 1136 4158 nudant,
1148 4106 1176 4150 ct
1187 4098 1291 4158 arinca,
1301 4095 1349 4147 sed
1363 4097 1509 4163 praecipue
1520 4106 1615 4144 arena.
1640 4090 1771 4142 &lamus
1781 4089 1823 4140 al·

1023 4170 1078 4218 tior
1089 4166 1235 4229 frumento,
1246 4178 1326 4233 quam
1339 4164 1455 4217 hordeo.
1485 4164 1577 4213 Aristo
1587 4156 1749 4211 mordacior
1759 4156 1822 4207 lior·

1024 4235 1084 4286 deo.
1121 4236 1149 4286 ln
1162 4248 1227 4287 area
1238 4241 1404 4286 exteruntur
1415 4232 1548 4289 tritlcunr,
1567 4226 1697 4292 etsillgo,
1719 4233 1749 4276 at
1760 4224 1824 4276 hor-

1024 4303 1112 4355 deunr.
1139 4304 1186 4354 Sic
1197 4309 1224 4355 et
1235 4310 1366 4356 seruntur
1375 4315 1452 4368 prusa,
1464 4298 1585 4366 qualiter
1595 4293 1745 4356 moluntur,
1757 4294 1822 4361 quia

1023 4379 1100 4424 tosta
1111 4386 1165 4421 non
1178 4379 1249 4422 sunt.
1269 4373 1293 4422 a:
1304 4371 1414 4422 diuerso
1425 4369 1477 4429 iar,
1488 4364 1750 4429 miltum,panlcum,
1757 4379 1819 4431 pur·

1023 4440 1093 4509 gari,
1104 4440 1156 4491 nisi
1169 4448 1254 4501 tosta,
1275 4456 1328 4491 non
1341 4446 1465 4506 possunt.
1504 4438 1600 4503 ltaque
1611 4433 1679 4486 haec
1690 4448 1751 4485 cum
1762 4436 1821 4487 suis

1023 4510 1158 4563 folliculis
1178 4517 1310 4563 seruntur
1331 4506 1425 4560 cruda.
1462 4508 1499 4559 Et
1511 4505 1555 4557 lar
1563 4506 1592 4555 ia
1603 4503 1743 4573 vaginulis
1761 4504 1822 4555 suis
1854 4530 1861 4559 r

1022 4586 1134 4633 semant
1144 4580 1179 4632 ad
1191 4586 1277 4641 satus,
1288 4584 1372 4646 atque
1383 4593 1438 4630 non
1450 4583 1567 4629 torrent.

1057 4649 1105 4701 Xl.
1127 4649 1313 4703 laetissimum
1325 4662 1359 4699 er
1372 4647 1640 4707 ttsnnroennmars
1648 4643 1760 4696 excedit
1769 4641 1823 4695 XV

1022 4720 1117 4784 libras,
1141 4726 1170 4773 et
1192 4719 1273 4772 tabas
1284 4718 1372 4771 ΧΧΙΙ.
1409 4715 1658 4779 l’onderoslusiar,
1678 4714 1822 4781 memeque

1023 4791 1175 4843 etianrnum
1190 4790 1327 4842 triticum.
1363 4787 1420 4839 Far
1440 4789 1467 4838 in
1479 4791 1606 4857 Aegypto
1618 4800 1652 4837 ex
1664 4784 1746 4851 olyra
1757 4798 1821 4835 con·

1024 4860 1124 4912 licitur.
1158 4856 1673 4929 Tertiumganusspicaehocibiest.
1710 4852 1822 4905 Galliae
1887 4860 1892 4869 '

1023 4944 1134 4999 quoque
1145 4944 1224 4982 suum
1236 4946 1323 5000 genus
1335 4928 1418 4980 larris
1429 4927 1544 4979 dedere:
1555 4925 1627 4992 quod
1641 4922 1699 4975 illic
1710 4922 1820 4975 bracem

1023 5006 1134 5062 rorant,
1155 5000 1229 5068 apud
1245 5012 1297 5051 nos
1308 4998 1461 5057 sandalum,
1483 4995 1646 5049 nitidissimi
1659 4992 1749 5060 grani.
1787 4991 1823 5041 Et

1023 5069 1078 5122 alla
1099 5069 1262 5123 differentia
1282 5075 1333 5131 est,
1354 5068 1428 5138 quod
1446 5067 1505 5119 iere
1516 5067 1659 5187 quaternis
1669 5063 1748 5114 libris
1759 5060 1823 5128 plus

1023 5138 1117 5191 reddit
1128 5141 1217 5206 panis,
1238 5153 1319 5208 quam
1339 5134 1480 5191 iarallud.
1540 5135 1652 5202 epulum
1665 5133 1820 5183 Romam

1023 5207 1099 5262 iar-re
1118 5215 1226 5261 tantem
1249 5208 1417 5261 elrumento
1429 5205 1586 5259 coenante
1596 5214 1684 5264 usunr,
1705 5200 1822 5254 Verrius

1022 5278 1117 5331 tradit.
1395 5308 1398 5323 ·
1551 5324 1556 5333 ,

1057 5349 1118 5400 xil.
1138 5346 1163 5399 1.
1181 5349 1282 5400 'l'rltici
1304 5349 1511 5415 generaplura,
1532 5342 1705 5414 quaeiecere
1815 5370 1822 5386 .

1022 5418 1121 5468 italico
1141 5418 1248 5469 nullam
1270 5410 1396 5485 equidem
1419 5405 1638 5482 emanantem:
1657 5408 1709 5459 cuit

1023 5487 1155 5553 pandere,
1174 5503 1229 5555 quo
1241 5489 1363 5540 maxime
1374 5486 1560 5538 discernitur:
1581 5475 1720 5530 mortam·
1737 5473 1823 5527 nodo

1022 5558 1561 5675 compareturltallaeegrlserternum,
1582 5551 1676 5613 inquo
1705 5543 1824 5611 riaelps-

1064 5642 1079 5672 n
1092 5627 1181 5680 tenuit
1194 5627 1324 5688 lloeotls,
1355 5616 1661 5677 slndsslcillmmoxq
1755 5615 1825 5668 Tse.

1405 5696 1460 5748 αδ.

1147 5804 1155 5831 Ι
