4330 6014
352 290 369 341 S
492 358 496 365 ἢ
695 289 728 349 C.
768 288 918 351 PLlNll
958 288 1174 371 sumturus
1214 286 1477 352 Eelstouess
1519 289 1652 351 DUAE.

347 442 413 504 teas,
424 441 564 495 adscendit
573 442 670 503 lacum,
682 457 715 494 ex
725 455 776 509 quo
787 437 904 491 maxime
913 435 1075 492 miraculum
1085 438 1154 492 illud

350 510 469 578 conspici
476 519 598 579 poterat.
620 510 707 563 Nubes
718 511 861 572 (incertum
871 511 969 575 procul
977 508 1152 572 intuentibus,

348 598 383 632 eu
394 597 446 648 quo
456 590 560 633 monte:
586 578 822 658 Vesuviumsuisse
832 586 927 645 postea
938 578 1076 646 cognitum
1087 588 1127 630 est
1140 584 1151 642 )

348 649 499 715 oriebatur,
510 649 586 702 cuius
597 647 799 699 similitudinem
806 656 833 698 et
839 647 960 718 sorneam
970 646 1086 700 nonalia
1096 664 1152 699 esta·

344 719 391 789 gir
401 720 491 782 orbor,
497 735 576 787 quarn
583 718 666 785 pinus
672 714 840 781 expresserit.
854 713 923 765 Nam
934 716 1089 784 longissimo
1099 719 1151 769 rel·

347 798 379 840 ut
392 799 487 841 trunco
498 790 571 839 elata
583 787 611 836 in
621 785 878 850 attuns,qnibusdum
891 782 1151 853 ramisdiffundebes·

347 867 410 918 tur;
422 857 499 909 credo
511 855 575 922 quia
586 852 793 920 recentispiritu
804 861 906 915 erecta,
918 853 1151 907 deindesenescere·

348 935 375 980 te
386 944 416 979 eo
428 924 565 985 destituta,
576 932 627 975 aest
637 923 719 974 etiam
727 923 846 989 pendere
855 937 902 972 suo
914 921 987 974 rictu
997 958 1004 985 ,
1016 923 1149 976 ieclctitu·

347 996 432 1047 dinem
443 994 616 1045 accrescebat:
625 991 742 1045 candido
747 991 892 1052 interdum,
898 990 1032 1044 interdum
1038 992 1148 1044 sordida

346 1072 374 1116 et
386 1065 530 1124 neaculosa,
538 1071 622 1130 prout
632 1070 736 1112 terrum
747 1058 1066 1113 cineremre'sustulerut.
1086 1061 1147 1113 Ma·

343 1149 429 1201 gnum
436 1132 603 1199 propiueque
612 1129 780 1190 noscendum,
793 1129 1088 1195 uteruds'tissimooire,
1110 1131 1148 1182 ri·

345 1217 412 1251 sesnes.
426 1200 502 1253 lubet
509 1198 682 1251 Liburnicum
692 1198 787 1264 optari
792 1213 800 1246 .·
812 1198 887 1260 mibi,
899 1198 923 1249 si
929 1199 1080 1253 renireuna
1092 1201 1146 1252 eel-

344 1270 488 1341 lem‚sacit
502 1269 614 1335 copiam.
625 1266 772 1334 Respondi,
782 1268 938 1320 studerem
950 1271 1043 1321 molle:
1051 1280 1078 1321 et
1084 1271 1148 1342 for·

345 1346 370 1389 te
380 1337 444 1403 ipse,
456 1339 527 1406 quod
536 1334 689 1395 scriberem,
699 1337 817 1388 dederat.
844 1337 1050 1406 Egrediebatur
1061 1342 1146 1400 domo,

344 1408 443 1473 accipit
456 1406 599 1458 codicillos.
620 1405 737 1458 Retinere
749 1406 895 1467 classiarii,
912 1405 1066 1459 imminente
1072 1407 1146 1476 peri·

345 1478 403 1526 culo
415 1474 551 1536 exterriti,
561 1479 635 1536 (nam
646 1476 711 1527 ailla
722 1492 754 1527 eo
765 1475 929 1536 subineebet,
949 1493 998 1529 nec
1017 1480 1073 1528 ulla
1093 1475 1147 1529 nisi

343 1543 548 1613 naribusfuga)
556 1553 586 1594 ut
597 1561 625 1595 se
636 1553 714 1597 tanto
726 1544 879 1609 discrimini
888 1545 1015 1612 eriperet,
1022 1545 1145 1598 arebant.

347 1613 360 1663 l
365 1612 435 1664 'ertit
447 1614 492 1664 ille
504 1613 653 1674 consilium,
676 1623 703 1664 et
713 1615 784 1678 quod
792 1614 911 1665 studioso
929 1614 1020 1668 animo
1039 1613 1146 1667 incboa·

343 1691 428 1743 verat,
440 1672 496 1735 oble
509 1682 636 1734 nsaximo.
657 1680 777 1735 Deducit
793 1682 975 1751 quadriremes
983 1701 994 1744 ,·
1005 1684 1148 1737 adcendit

342 1750 399 1819 ipre
410 1768 460 1803 non
472 1750 589 1803 Retinere
600 1752 686 1814 modo,
698 1753 845 1803 cedentum
856 1753 1005 1816 (eratenim
1013 1754 1145 1836 frequens

342 1820 492 1872 arseoenitas
504 1825 581 1884 orae)
592 1824 700 1872 laturus
711 1820 853 1874 auxilium.
864 1820 1001 1889 Properat
1013 1824 1086 1885 elluo,
1099 1838 1146 1875 un·

342 1890 374 1940 de
385 1889 578 1961 aliifugiunt;
590 1901 744 1957 rectumque
754 1892 1145 1961 cursum,rectogubernocula

342 1957 370 2010 iu
378 1960 529 2026 periculum
541 1968 623 2021 tenet,
645 1963 712 2012 adeo
722 1962 825 2013 solutus
835 1969 917 2021 metu,
930 1971 961 2012 ut
972 1976 1060 2013 omnes
1071 1961 1145 2013 illius

342 2027 408 2079 nsali
419 2040 515 2091 motus,
539 2044 625 2080 omnes
639 2029 762 2099 figuras,
781 2039 813 2081 ut
824 2030 1034 2097 deprebenderat
1055 2029 1146 2092 oculis,

342 2095 460 2150 dictaret
484 2106 667 2163 crateresque.
698 2098 757 2151 Iam
776 2099 888 2151 nucibus
905 2099 978 2153 cinis
999 2099 1145 2162 inciderat,

341 2181 393 2232 quo
401 2167 517 2235 propius
529 2168 676 2228 accederet,
684 2167 830 2221 calidioret
836 2169 957 2221 densior:
967 2168 1023 2220 iam
1026 2169 1146 2237 pumices

327 2237 433 2298 ‚etiam,
444 2237 570 2304 nigrique
582 2246 608 2288 et
625 2236 744 2289 ambusti
753 2239 874 2310 etsrccti
884 2239 947 2309 igne
958 2238 1078 2307 lapides:
1089 2239 1145 2291 iam

340 2306 439 2359 vadum
447 2306 571 2367 subitum,
580 2306 816 2375 ruinnqtsemontis
826 2308 1063 2361 litoraobstantio.
1076 2306 1146 2360 Cun-

340 2384 431 2428 ctatus
440 2378 561 2444 paulum,
572 2392 608 2427 an
619 2385 694 2427 retro
697 2374 833 2443 flecteret,
843 2392 904 2430 ruore
912 2376 1094 2448 gubernatori
1113 2386 1145 2429 ut

340 2444 501 2514 itasuceret
512 2445 639 2507 monenti,
650 2452 788 2508 doullie,
807 2447 906 2515 inquit,
922 2456 1078 2501 FttttTtth
1091 2456 1143 2498 w·

341 2522 422 2567 t'nT:
444 2513 746 2595 Pomponianunspete.
776 2515 879 2568 Stabiis
890 2526 958 2578 erat,
971 2517 1100 2569 diremtue
1110 2516 1145 2567 ti-

340 2600 378 2637 nu
389 2582 483 2633 medio.
501 2583 572 2634 bem
582 2583 678 2636 sensim
689 2584 863 2638 circumactis
874 2587 1046 2652 curuatisque
1057 2584 1145 2638 litori·

340 2652 387 2704 bus
399 2667 473 2702 snare
483 2651 652 2723 infunditur.
671 2652 728 2714 lbi,
739 2656 1015 2721 quanquamnondum
1024 2655 1145 2722 periculo

339 2720 586 2790 appropinquante,
595 2720 739 2788 conspicuo
750 2716 848 2787 tabsea,
860 2734 896 2785 et,
907 2741 988 2790 quum
1007 2734 1145 2785 cresceret,

335 2790 475 2862 proximo,
486 2789 610 2842 sarcinas
630 2793 783 2843 contulerat
794 2792 822 2844 iu
832 2809 927 2855 recres,
948 2803 1037 2845 certus
1042 2795 1144 2865 fugae,

339 2862 365 2912 si
384 2859 540 2912 contrarius
549 2868 642 2912 uentus
653 2860 814 2912 resediseet:
836 2880 888 2930 qeso
909 2871 974 2915 tunc
995 2865 1144 2915 avunculus

339 2945 415 2982 meus
426 2927 616 2979 secundiniano
627 2928 748 2980 inuectus
759 2931 946 2996 complectitur
957 2933 1144 2996 trepidantem,

340 2996 648 3055 consolatur,ieos·tatur.·
660 2998 869 3061 utquetimorem
877 2998 987 3049 eiussua
995 2999 1144 3049 securitate

339 3066 445 3124 leniret,
453 3064 588 3134 desereire
598 3063 626 3115 in
633 3063 766 3115 balineum
777 3065 870 3125 iubet;
881 3065 1143 3128 lotusaccubat,coe·

338 3143 399 3196 nat,
410 3141 492 3199 atque
503 3130 608 3191 hilaris,
619 3140 678 3188 aut,
689 3133 761 3197 quad
770 3142 810 3184 ert
821 3150 905 3201 aeque
916 3148 1054 3201 magnum,
1069 3133 1143 3185 simi·

338 3202 373 3255 lis
384 3200 478 3254 bilori.
498 3200 613 3251 interim
624 3218 638 3252 e
653 3198 860 3254 l'esuriaenonte
867 3202 1060 3269 pluribuslocis
1068 3202 1143 3254 latis-

339 3273 423 3324 simae
427 3267 559 3338 flammae
569 3270 680 3337 ultaque
699 3269 824 3324 incendia
846 3271 1009 3333 relucebant,
1030 3286 1142 3337 quarum

334 3342 436 3414 fulgor
458 3345 483 3389 et
503 3336 617 3389 claritas
634 3339 750 3391 tenebris
769 3340 856 3394 noctis
876 3341 1058 3394 excitabatur.
1093 3341 1143 3393 ttte

339 3407 490 3475 agrestium
501 3406 683 3473 trepidatione
693 3407 754 3471 igni
763 3411 874 3458 reticeas
885 3411 1055 3476 desertasque
1065 3411 1142 3462 rillcs

338 3496 387 3547 per
403 3474 574 3528 solitudinem
586 3475 690 3534 ardere,
702 3475 729 3527 in
741 3477 883 3527 remedium
890 3476 1052 3546 formidinis
1066 3478 1142 3531 dicti·

339 3548 424 3599 tabat.
439 3541 506 3595 Tum
516 3559 543 3593 se
554 3532 640 3610 qeie’eti
650 3544 733 3605 dedit,
741 3554 767 3595 et
781 3545 881 3611 quierit
893 3545 1141 3613 recissimopuidem

337 3632 437 3667 somno.
455 3611 524 3663 Nam
535 3621 639 3662 enecatus
654 3610 770 3675 anienae,
783 3615 828 3681 qui
844 3614 885 3665 illi
892 3625 1006 3682 propter
1017 3616 1141 3683 amplitu-

338 3684 424 3736 dinem
435 3680 555 3747 corporis
563 3681 678 3748 grauior
689 3689 715 3731 ct
727 3683 868 3734 sonantior
879 3694 949 3747 erat,
972 3685 1005 3737 ab
1026 3685 1070 3746 iis,
1095 3684 1142 3751 qai

338 3753 427 3805 lieeeini
444 3749 663 3809 obversabantur,
675 3750 845 3803 audiebatur·
881 3752 934 3803 Sed
944 3770 1020 3815 area,
1042 3772 1076 3805 ex
1087 3769 1140 3822 qna

338 3818 699 3881 dioetaesdibntur‚itaiam
719 3820 807 3873 cinere
827 3821 970 3890 mixtisque
989 3822 1140 3890 pumicibus

338 3891 449 3958 oppleta
461 3896 630 3949 surrexerat,
642 3888 707 3939 atsi
716 3890 823 3959 longior
832 3890 861 3943 in
873 3892 993 3943 cubiculo
1015 3909 1091 3945 rnora
1104 3909 1141 3943 es·

338 3969 388 4022 ret,
400 3958 489 4011 exitur
497 3967 653 4026 negaretur.
675 3958 825 4012 Excitatus
833 3961 966 4027 procedit,
976 3978 1054 4030 reque
1063 3960 1139 4012 Porit-

334 4028 463 4097 pomieno,
474 4028 623 4095 ceterisque
634 4028 683 4095 qui
690 4028 899 4096 pervigilarant,
910 4031 1008 4083 reddit.
1020 4032 1051 4083 ln
1070 4047 1140 4081 cont·

338 4115 416 4150 mune
425 4099 586 4159 consultant,
598 4115 635 4150 au
645 4098 720 4151 intres
732 4106 806 4149 tecta
817 4098 974 4161 subsistant,
986 4101 1139 4167 aniuaper·

338 4177 366 4219 to
388 4181 537 4233 vagentur:
558 4183 620 4219 nesus
631 4167 733 4219 crebris
748 4167 882 4234 castisque
894 4169 1055 4221 tremoribus
1067 4179 1138 4223 tecta

338 4238 481 4302 nutabant,
492 4247 518 4289 et
528 4237 607 4300 qesasi
618 4246 707 4289 emota
717 4237 822 4289 sedibus
832 4237 896 4303 suis,
909 4254 978 4291 nunc
988 4239 1049 4300 leuc,
1069 4254 1140 4291 nunc

340 4304 407 4355 illuc
419 4306 494 4358 abire
505 4315 552 4358 aut
566 4306 669 4377 referri
688 4306 856 4359 ridebantur.
891 4307 945 4358 Sub
962 4308 1007 4360 dia
1030 4326 1138 4370 rursus,

339 4388 493 4492 quanquam
506 4374 602 4425 leriam
613 4393 805 4444 exesorumque
811 4376 946 4445 pumicum
958 4388 1140 4430 cesusmetue·

357 4451 428 4493 atur.
448 4442 526 4505 Quod
536 4450 625 4494 tansen
645 4446 828 4511 periculorum
850 4446 958 4499 collatio
980 4448 1069 4515 elegit.
1101 4445 1139 4498 Et

341 4513 417 4591 apud
427 4511 504 4564 illum
516 4510 620 4579 quidem
631 4514 704 4564 ratio
715 4515 855 4578 rationem,
861 4517 936 4584 apud
943 4517 1139 4569 aliostimorem

341 4590 423 4633 remor
434 4581 507 4633 uicit.
535 4576 687 4631 Cervicalia
699 4584 832 4648 capitibus
842 4586 967 4653 irreposita
978 4586 1068 4638 linteis
1079 4603 1139 4637 con·

341 4650 490 4709 ctrinnunt.
520 4648 553 4698 id
565 4648 758 4701 enemisneutum
770 4654 896 4704 aduersus
913 4656 1063 4709 decidentia
1091 4653 1140 4705 uit.

341 4717 400 4770 tem
407 4719 461 4770 dies
468 4715 542 4776 alibi,
549 4715 607 4767 illic
617 4734 671 4770 nox
682 4719 802 4770 onsnibur
813 4722 935 4774 noctibus
941 4724 1046 4793 nigrior
1057 4657 1141 4776 edusi-

340 4800 437 4852 orqete:
453 4802 532 4854 quam
545 4794 633 4837 taresen
639 4787 720 4858 sacer
734 4789 835 4839 multae
845 4790 973 4857 curiaque
980 4794 1081 4844 luminu
1092 4794 1142 4843 sol·

340 4857 445 4908 rebant.
456 4853 568 4909 Placuit
581 4857 676 4921 egredi
687 4857 827 4918 inlitus,ct
840 4875 854 4909 e
860 4859 984 4923 proximo
995 4862 1141 4928 adspicere,

341 4926 437 4990 ecquid
454 4924 509 4978 iam
530 4940 604 4974 enare
615 4926 783 4986 admitteret,
805 4927 878 4992 quod
899 4927 1141 4981 adleuccestumet

340 4994 481 5049 adeersum
488 4993 676 5062 permanebat.
702 4994 746 5048 lbi
756 4994 973 5063 superabicctmu
983 4998 1092 5051 linteum
1100 5014 1141 5050 re·

1204 439 1312 503 cubans,
1323 440 1405 493 semel
1414 448 1496 507 atque
1506 439 1605 493 iterum
1608 438 1749 513 frigidam
1756 439 1890 508 poposcit,
1901 441 2004 493 baurit·

1205 526 1265 578 que.
1291 509 1399 562 Deinde
1411 509 1555 579 flammae,
1568 509 1799 579 flansmurnmque
1822 511 2004 578 praenuntius

1203 581 1269 631 odor
1279 578 1404 651 sulfuris,
1425 580 1496 631 ulios
1506 578 1644 650 infugam
1659 588 1776 644 uertunt,
1788 580 1908 632 excitant
1918 580 2003 631 illum.

1202 648 1318 702 innixus
1328 649 1412 701 serris
1422 649 1523 701 duobus
1533 648 1701 710 adsurrexit,
1722 658 1749 702 et
1763 649 1858 702 statim
1876 647 2004 712 concidit,

1202 727 1233 769 ut
1242 735 1293 787 ego
1304 717 1440 779 coniecto,
1461 718 1595 770 crassiore
1606 718 1726 788 caligine
1736 717 1839 786 spiritu
1860 718 2005 783 obstructa,

1202 790 1346 855 clausoque
1356 787 1557 855 stomacbo,qui
1568 787 1610 840 illi
1620 798 1722 841 natura
1733 788 1867 843 invalidus
1879 797 1905 840 et
1917 803 2004 857 augu-

1201 866 1259 909 stus
1269 867 1296 909 et
1302 857 1467 928 frequenter
1477 857 1680 910 interaestuons
1691 867 1759 910 erat.
1792 856 1844 909 Ubi
1855 857 1910 909 dies
1919 857 2005 925 reddi-

1201 934 1245 978 tus
1263 927 1298 990 (is
1310 927 1344 978 ob
1354 943 1393 989 eo,
1404 941 1482 994 quem
1492 926 1633 979 neriuime
1643 927 1760 988 rideret,
1780 927 1894 988 tertius)
1906 941 2003 994 corpus

1200 994 1337 1049 inuentum
1348 1006 1388 1049 est
1398 997 1544 1076 integrum,
1561 995 1696 1058 illaesum,
1719 1005 1894 1063 opertumque
1905 997 2004 1067 utfue·

1200 1074 1247 1117 rat
1258 1064 1381 1118 indutus:
1395 1064 1504 1116 babitus
1517 1066 1638 1132 eorporis
1650 1064 1806 1131 quiercenti,
1818 1082 1897 1132 quam
1909 1065 2004 1137 defun·

1201 1143 1253 1197 cto,
1265 1134 1389 1188 similior.
1408 1134 1523 1188 interim
1539 1135 1640 1187 Miseni
1650 1151 1700 1202 ego
1712 1143 1738 1187 et
1749 1143 1846 1186 mater.
1872 1133 1926 1187 Sed
1934 1133 2005 1187 nibil

1200 1204 1461 1256 adleistoriamenec
1472 1212 1503 1256 tu
1525 1205 1609 1266 aliud,
1627 1219 1708 1272 quam
1720 1203 1914 1267 deeritueius,
1932 1203 2003 1256 scire

1199 1273 1317 1326 uoluisti.
1337 1273 1433 1328 Finem
1444 1274 1634 1347 ergosaciarn.
1661 1271 1751 1325 Unum
1761 1272 1900 1339 adiiciam,
1912 1272 2003 1326 omnies

1198 1356 1247 1405 me,
1253 1342 1347 1409 quibus
1357 1342 1676 1413 interficerem,quaeque
1685 1341 1789 1405 statim,
1796 1358 1876 1409 quum
1887 1342 2003 1395 proxime

1197 1427 1262 1463 cera
1282 1414 1650 1475 memorantur,audireram,
1669 1428 1732 1464 rere
1749 1421 1929 1480 persecutum.
1958 1410 2003 1463 Tu
2034 1476 2038 1483 ³

1195 1481 1338 1548 potissima
1359 1496 1494 1547 excerpes.
1525 1482 1610 1535 Aliud
1621 1480 1741 1534 estenim
1751 1481 1905 1547 epistolam,
1926 1481 2003 1533 uliud

1197 1550 1446 1613 historiamnliud
1455 1551 1553 1616 amica,
1563 1551 1639 1605 eliud
1649 1550 1769 1604 omnibus
1779 1550 1905 1605 scribere.
1926 1548 2000 1603 Pele.

1322 1749 1639 1815 C.PL1N11
1686 1748 1855 1813 vl'rn

1381 1902 1571 1957 tricenna
1608 1902 1817 1955 eburone.

1519 2048 1683 2064 -—

1203 2105 1245 2190 0.
1257 2139 1366 2193 Plinius
1378 2139 1518 2192 Secundus
1534 2137 1710 2204 Veronenris,
1721 2149 1804 2192 uatus
1818 2137 1866 2191 sub
1882 2136 2001 2203 Tiberio,

1193 2218 1276 2278 patre
1288 2207 1389 2273 Celere,
1399 2216 1486 2263 metre
1497 2209 1640 2273 Marcella,
1661 2210 1781 2262 omnibus
1792 2208 1947 2261 liberalibus
1963 2206 2002 2259 di·

1198 2278 1319 2347 sciplinis
1331 2296 1442 2348 operam
1455 2280 1544 2331 dedit:
1561 2296 1630 2333 unus
1641 2279 1756 2334 omnium
1767 2277 1884 2350 mirifice
1900 2277 2001 2329 studio·

1198 2348 1327 2401 sissimus.
1346 2348 1416 2402 Nam
1420 2349 1513 2417 perire
1524 2366 1599 2401 omne
1609 2358 1714 2417 tempus
1724 2348 1922 2410 arbitrabatur,
1933 2349 2003 2416 quod

1197 2417 1294 2472 studiis
1304 2435 1357 2470 non
1368 2417 1564 2487 impertiretur.
1588 2416 1679 2485 Opere
1691 2417 1786 2481 edidit,
1797 2417 1925 2486 inquibus
1936 2420 2002 2469 reeul-

1198 2498 1228 2540 ta
1239 2488 1397 2554 scrupulosa
1409 2487 1539 2539 absolvit:
1550 2496 1574 2539 et
1587 2487 1761 2540 nibilominus
1772 2504 1869 2540 causer
1879 2487 2001 2552 aliquors-

1198 2559 1230 2609 do
1242 2557 1382 2610 actitavit.
1411 2556 1593 2629 Augesrfuit:
1604 2556 1696 2623 officia
1704 2557 1815 2624 publica
1826 2556 2002 2609 adneinistra·

1197 2627 1252 2680 rit:
1269 2625 1353 2679 etiam
1364 2626 1539 2680 Procurator
1549 2626 1578 2680 in
1588 2625 1733 2694 Hispania.
1763 2626 1874 2678 Floruit
1886 2626 2002 2679 manime
2016 2656 2019 2661 ·

1196 2696 1244 2750 sub
1265 2696 1351 2763 impp.
1376 2694 1558 2764 Vespasianis,
1584 2694 1647 2747 Tito
1659 2714 1712 2749 non
1728 2690 1899 2748 mediocriter
1911 2712 2001 2757 corus,

1198 2764 1243 2819 cui
1254 2765 1351 2817 Libros
1363 2763 1513 2818 Naturalis
1524 2764 1779 2821 bistonioedicaeit:
1792 2764 2001 2835 opusdiffusum.

1197 2834 1343 2897 eruditum,
1353 2835 1469 2897 carium,
1488 2834 1551 2885 stila
1572 2835 1765 2887 duriurculum.
1792 2835 1862 2887 Fuit
1882 2833 2003 2901 opinioni

1195 2904 1352 2968 Epicureae
1362 2919 1551 2968 nonnunquam
1573 2903 1773 2968 adstipulator.-
1794 2903 1841 2965 qli
1859 2917 1891 2950 ue
1911 2911 2002 2953 tamen

1197 2969 1325 3021 uitiorum
1337 2970 1489 3020 acerrirneer
1499 2969 1657 3019 insectator.
1678 2966 1765 3017 Periit
1777 2966 1824 3017 sub
1875 2967 1918 3026 ‘to,
1929 2982 1999 3017 arceto

1195 3038 1296 3090 aetatis
1306 3045 1382 3088 sexto
1399 3045 1425 3088 et
1436 3034 1666 3104 quinquagesimo,
1676 3034 1742 3086 Kal.
1753 3033 1906 3096 Novembr,
1917 3050 1999 3100 quum

1196 3105 1298 3158 Miseni
1317 3107 1429 3157 clasrem
1448 3104 1563 3171 imperio
1583 3111 1704 3171 regeret,
1733 3102 1835 3170 spiritu
1854 3101 1999 3164 obstructo,

1196 3172 1494 3240 clausoquestomacbo,
1517 3172 1666 3233 (inualidus
1675 3171 1744 3224 enim
1754 3172 1797 3225 illi
1812 3181 1840 3224 et
1865 3182 1999 3242 angustus

1195 3246 1283 3305 erat,)
1295 3260 1328 3294 ex
1340 3241 1457 3307 caligine
1469 3239 1545 3293 nubis
1556 3250 1631 3292 ortce
1643 3259 1657 3293 e
1670 3240 1782 3294 t'eeucto
1803 3250 1901 3303 monte,
1922 3250 1949 3293 et
1961 3243 1999 3294 ad

1194 3327 1275 3379 quam
1287 3311 1446 3364 noscendam
1454 3308 1567 3380 propius
1578 3320 1739 3364 accesserat.

1315 3502 1443 3567 CAll
1486 3501 1683 3567 PLlNll
1727 3503 1876 3569 VITA

1195 3631 1250 3685 EX
1273 3630 1494 3692 SUE'l'ONll,
1519 3630 1575 3680 UT
1597 3630 1742 3683 VULGO
1762 3629 1999 3693 cREDtTUn,

1515 3750 1536 3792 1.
1551 3750 1562 3791 1
1577 3750 1597 3791 B
1613 3751 1666 3793 Ro

1289 3857 1347 3910 DE
1385 3855 1521 3909 VIRIS
1556 3857 1901 3911 lLLUSTRlBUS.

1499 4000 1692 4014 ffl-

1195 4062 1316 4147 Plinius
1329 4092 1701 4158 Secundess,Norocomeusis,
1714 4094 1880 4163 equestribus
1891 4096 1998 4148 militiis

1193 4164 1327 4217 industrie
1332 4163 1458 4234 functus,
1476 4164 1687 4230 procurationes
1703 4179 1807 4232 quoque
1818 4164 1999 4232 eplendidissi·

1194 4232 1999 4303 mesatquecontinuessummointegritateadministrarit:

1193 4315 1219 4357 et
1232 4314 1320 4356 tarsun
1332 4301 1489 4354 liberalibus
1500 4302 1598 4354 studiis
1609 4312 1715 4355 tantam
1731 4319 1841 4370 operam
1863 4303 1947 4365 dedit,
1967 4312 1999 4354 ut

1194 4392 1245 4428 non
1257 4384 1355 4425 temere
1367 4372 1426 4437 quis
1433 4376 1518 4442 plura
1529 4373 1558 4427 iu
1570 4373 1625 4425 atio
1640 4372 1790 4441 scripserit.
1822 4374 1920 4441 ltaque
1930 4373 1999 4423 bella

1194 4443 1366 4510 orrenic,quae
1377 4457 1494 4510 unquam
1505 4460 1565 4496 cum
1576 4444 1718 4496 Germanis
1726 4452 1807 4511 gesta
1818 4453 1890 4500 sunt,
1899 4439 1999 4507 uiginti

1194 4511 1372 4566 columinibus
1384 4510 1597 4582 comprehendit.
1621 4514 1687 4565 item
1700 4510 1843 4563 Naturalis
1854 4508 1998 4559 Historiae

1194 4582 1311 4647 triginta
1324 4590 1422 4647 septem
1434 4586 1516 4636 libros
1530 4582 1655 4635 ubsolrit.
1687 4579 1782 4631 Periit
1792 4577 1867 4627 clade
1883 4574 1998 4644 Campa·

1193 4649 1266 4715 piae.
1279 4650 1347 4701 Nam
1357 4666 1437 4714 quum
1444 4650 1591 4702 Misenensi
1598 4646 1679 4699 classi
1685 4653 1831 4713 praeesset,
1839 4653 1865 4695 et
1870 4643 1999 4765 qingrau·

1194 4728 1221 4770 te
1237 4716 1342 4777 l'eseeo,
1354 4717 1392 4766 ad
1402 4717 1580 4784 explorandas
1589 4714 1706 4783 propius
1718 4729 1822 4776 causas,
1834 4711 1871 4764 Li
1889 4714 1998 4768 urnicos
2048 4740 2052 4746 ·

1192 4786 1510 4855 praetendissetmeque,
1531 4783 1739 4838 adversantibus
1761 4782 1857 4843 uentis,
1878 4799 1999 4837 remeare

1191 4864 1297 4925 poeset:
1317 4853 1343 4905 ci
1350 4856 1470 4919 pulueris
1490 4852 1648 4924 acsacitlae
1670 4869 1811 4921 oppressus
1827 4862 1887 4913 est,·
1898 4854 1946 4913 cel,
1967 4861 1999 4903 eet

1193 4926 1303 4994 quidum
1313 4922 1479 4983 existiment,
1490 4938 1589 4975 asereo
1599 4939 1646 4975 suo
1658 4924 1775 4974 eccisus:
1785 4938 1862 4990 quem
1875 4921 1999 4992 deficiens

1193 5004 1280 5057 aestu,
1291 5002 1321 5045 ut
1332 5008 1421 5045 necem
1432 4992 1485 5046 sibi
1495 5001 1659 5058 maturaret,
1670 4999 1807 5046 oraverat.
