4356 6014
271 116 322 185 Ν

233 328 239 341 ·
304 304 334 364 G.
368 278 519 371 PLiNil
554 296 764 363 SECUNDl
797 298 969 362 narba
1000 298 1197 364 HISTOR.
1234 252 1556 364 LlB.XVi,'CAP.
1580 302 1701 365 bl-br.
1768 306 1827 369 tei

175 454 222 510 dci
233 452 349 507 triferae
359 460 432 507 suut.
455 451 550 505 Pvlrao
561 449 640 503 foetu
650 463 769 517 sequens
779 454 921 515 crocatur,
932 464 975 504 se·

176 524 274 595 quenti
295 524 407 577 tertius:
428 521 482 575 lvoc
498 521 542 573 ilci
555 520 760 589 caprificantur.
796 519 832 570 Et
852 519 974 588 caprillci

175 601 269 648 sutem
289 595 324 647 ab
340 592 466 645 adversis
487 590 564 643 foliis
586 596 747 641 nascuntur.
782 586 894 642 Biierae
907 589 974 641 etin

137 708 143 715 .
176 663 258 717 malis
269 676 303 716 ac
314 662 385 729 piris
396 659 541 728 quaedam,
561 660 635 710 sicut
650 666 680 712 et
690 666 846 725 praecoces.
882 657 974 711 Maius

176 733 314 786 silvestris
334 730 432 784 bifera.
469 729 592 796 Sequens
609 728 787 779 ciusiruotus
799 729 972 793 postArctu·

175 817 237 856 rum
258 802 288 853 in
307 800 410 868 apricis
428 799 559 851 maxime.
595 795 677 849 Vites
697 796 808 864 quidem
819 803 848 848 et
857 795 973 849 triferae

174 880 247 933 sunt,
257 886 326 938 quas
336 873 371 923 ob
382 870 412 921 id
424 870 536 921 insanas
548 873 662 919 vocant:
684 866 814 934 quoniam
829 865 905 919 iniis
917 865 975 917 alia

174 945 374 1002 maturescunt,
384 939 442 990 alia
452 943 623 1005 turgescunt,
634 934 692 987 ulia
703 935 812 989 durent.
831 936 870 987 iii.
883 934 973 987 Varro

175 1017 337 1072 auctorest,
348 1009 433 1060 vitem
446 1006 535 1058 fuisse
544 1005 680 1073 Smyrnae
697 1005 770 1072 apud
782 1005 923 1056 biatroum
935 1003 975 1054 bl·

174 1079 274 1142 feram,
294 1086 323 1131 et
339 1077 443 1130 maium
463 1076 573 1141 inagro
592 1076 770 1125 Consentino.
806 1072 974 1125 ilocantem

176 1151 267 1202 evenit
306 1151 422 1215 erpetuo
443 1146 471 1195 in
483 1142 640 1208 Tacapensi
651 1140 761 1194 Africae
773 1155 853 1209 agro,
874 1139 908 1194 de
919 1156 974 1211 quo

174 1162 349 1286 pruriebat:
368 1230 403 1268 ea
413 1220 457 1266 est
466 1211 522 1263 soli
533 1211 675 1263 fertilitas.
712 1210 826 1262 'i'riiera
835 1216 879 1262 est
889 1219 917 1262 et
928 1226 975 1262 cu·

173 1301 295 1355 pressus.
324 1284 451 1352 Namque
462 1283 563 1334 baccae
576 1282 634 1332 eius
646 1279 818 1347 colliguntur
829 1294 923 1332 mensa
934 1280 975 1330 ia·

174 1358 283 1419 anano,
294 1361 323 1407 et
330 1353 418 1416 Maio,
429 1357 458 1405 et
468 1350 642 1417 Septembri:
663 1355 811 1417 ternasque
821 1363 917 1402 earum
927 1363 974 1418 ge·

172 1427 212 1479 rit
223 1422 439 1493 magnitudines.

192 1497 261 1549 ‚Est
271 1509 339 1545 vero
351 1499 380 1545 et
390 1493 420 1542 in
430 1490 499 1556 ipsis
511 1488 659 1540 arboribus
669 1487 754 1540 etiam
766 1488 876 1539 onustis
889 1501 972 1553 pecu·

172 1564 254 1617 liaris
264 1561 442 1614 differentia.¹
452 1558 566 1611 Summa
574 1560 618 1610 sui
629 1564 709 1624 parte
720 1557 883 1621 fertiliores,
893 1558 974 1609 arbu-

172 1642 232 1695 tus,
253 1647 383 1700 querens:
403 1629 549 1692 inferiore,
577 1627 741 1694 iuglandes,
763 1629 806 1678 lici
828 1628 972 1678 mamaeae.

171 1704 285 1763 Omnes,
296 1716 351 1769 quo
360 1701 449 1766 magis
459 1704 614 1759 senescunt,
625 1696 678 1748 boc
687 1696 822 1748 maturius
833 1695 935 1759 ferunt,
945 1701 973 1747 et

170 1774 202 1824 in
213 1770 313 1838 apricis
323 1770 402 1831 locis,
412 1784 462 1820 nec
474 1768 573 1836 pingui
582 1774 666 1819 terra.
690 1764 870 1817 silvestrium
881 1764 974 1817 omnia

171 1841 308 1894 tardiora.
344 1832 486 1901 Quaedam
499 1836 579 1890 exiis
591 1837 701 1887 omnino
713 1850 766 1886 nun
777 1840 973 1886 maturescunt.

172 1913 245 1965 item
256 1923 327 1976 quae
337 1909 512 1970 subarantur,
529 1912 579 1958 ant
589 1921 660 1974 quae
669 1905 881 1973 ablaqueantur,
900 1903 972 1958 cele-

173 1981 252 2035 riora
266 1978 414 2047 neglectis:
435 1975 505 2030 baec
515 1982 543 2028 ct
553 1975 703 2029 fertiliora.

208 2049 256 2101 Li.
274 2047 326 2099 Est
337 2049 487 2099 etiamnum
500 2046 602 2098 aetatis
612 2044 780 2099 differentia,
815 2043 974 2112 Amygdala

173 2119 248 2172 enirn
259 2123 287 2169 et
298 2117 373 2185 pirus
390 2119 420 2168 in
430 2121 544 2169 senecta
560 2115 765 2168 fertilissimae:
783 2121 815 2165 ut
825 2120 855 2166 et
865 2112 975 2181 glandi·

173 2188 261 2249 ferae,
273 2194 301 2240 et
312 2185 451 2255 quoddam
464 2200 552 2253 genus
563 2186 687 2237 ficorum.
716 2185 832 2237 Ceterae
842 2183 871 2235 in
881 2184 974 2235 iuven-

171 2257 321 2311 tatardius
340 2272 375 2311 ue
386 2262 574 2308 maturantes:
595 2255 668 2321 quud
688 2256 809 2307 maxime
823 2252 974 2305 notaturin

170 2326 287 2379 vitibus.
322 2273 531 2379 b'etustioribus
542 2325 614 2377 enim
625 2324 717 2376 vinnm
728 2322 841 2376 melius:
854 2321 975 2374 novellis

171 2396 323 2464 copiosius.
342 2395 494 2447 Celerrime
505 2408 571 2445 vero
583 2393 713 2454 senescit,
724 2399 753 2444 et
764 2392 792 2443 in
803 2399 918 2443 senecta
927 2390 975 2442 de·

170 2463 431 2519 terioremfructum
442 2462 640 2531 gignitmaius:
650 2475 769 2527 namque
777 2462 974 2526 etminorapo·

170 2550 219 2587 ma
228 2535 437 2602 preveniuntet
448 2531 605 2583 vermiculis
615 2531 745 2581 obnoxia.
761 2530 869 2592 Quinet
876 2530 905 2580 in
913 2529 974 2597 ipsa

169 2605 275 2656 arbore
286 2607 447 2654 nascuntur.
484 2599 571 2649 Ficus
586 2597 648 2648 sola
663 2612 696 2648 ex
708 2601 829 2648 omnium
840 2596 972 2648 arborum

168 2672 265 2733 foetu,
283 2667 455 2720 maturitatis
470 2682 554 2718 causa
564 2664 730 2717 medicatur:
751 2666 805 2717 ium
817 2666 928 2734 quidem
939 2680 973 2717 ex

168 2737 323 2808 portentis,
335 2736 464 2804 quoniam
477 2735 584 2788 maiora
594 2741 659 2785 sunt
671 2734 765 2803 pretia
775 2750 842 2802 prae
863 2735 973 2787 esteris.

169 2751 881 2872 omniaautemceleriussmescumpraemonenda.
901 2803 974 2866 Quin

171 2885 201 2932 et
213 2875 342 2943 protinus
360 2875 517 2926 moriuntur
535 2873 638 2941 aliqua,
660 2875 738 2926 caelo
754 2873 974 2926 foecunditatem

171 2960 283 3000 omnem
295 2943 451 2996 eblandita:
463 2943 537 3011 quud
549 2938 668 2996 maxime
678 2944 782 2995 vitibus
794 2944 893 2995 evenit.
906 2943 975 2994 Con·

171 3025 220 3069 tra
231 3029 325 3066 morus
336 3011 496 3064 tardissima
513 3015 647 3073 senescit,
668 3011 759 3075 fructu
772 3011 884 3064 minime
896 3011 973 3066 labo·

171 3099 249 3138 rans.
284 3081 378 3134 Tarde
401 3089 430 3134 et
450 3096 565 3150 quorum
587 3081 679 3148 crispa
689 3081 837 3133 materies:
858 3088 976 3144 ntucer,

171 3153 277 3222 palma,
288 3153 415 3220 populus.
434 3151 470 3203 Et
481 3153 614 3202 subarata
624 3150 702 3203 ocius
712 3156 871 3202 senescunt.
890 3150 975 3203 Silve-

173 3222 246 3275 stria
257 3228 350 3273 autem
362 3219 530 3272 tardissime.
553 3222 642 3287 Atque
653 3221 682 3272 in
694 3225 794 3283 totum,
805 3219 895 3271 omnis
907 3234 975 3273 cura

173 3291 352 3345 fertilitatem
362 3290 468 3352 adiicit,
474 3289 608 3344 fertilitas
615 3298 771 3351 senectam:
783 3289 846 3341 ideo
858 3296 886 3342 et
897 3303 976 3356 prae·
988 3303 994 3313 ·

175 3360 278 3414 florent
290 3359 403 3422 talia,et
413 3358 650 3428 praegerminant,
661 3365 745 3425 atque
756 3360 785 3409 in
798 3365 886 3410 totum
898 3374 977 3427 prae·

175 3430 255 3551 cgcia
270 3430 352 3481 liunt:
373 3428 506 3496 quoniam
526 3431 615 3481 omnis
634 3428 784 3481 infirmitas
795 3428 873 3481 caelo
884 3430 975 3496 magis

175 3498 358 3553 onoxiaest.

209 3567 268 3620 Lii.
278 3567 387 3619 Multae
395 3582 462 3617 vero
473 3567 553 3631 plura
562 3568 691 3632 gignunt,
698 3573 730 3612 nt
737 3566 857 3613 diximus
865 3567 892 3613 in
899 3567 976 3629 glan.

176 3635 289 3689 diletis:
309 3640 384 3689 inter
400 3649 469 3703 quas
490 3634 588 3686 laurus
611 3647 679 3684 uvas
699 3646 779 3683 suas:
800 3631 975 3698 maximeque

174 3705 289 3766 sterilis,
310 3718 381 3772 quae
401 3719 456 3756 non
476 3703 564 3771 gignit
580 3701 670 3753 alind:
692 3702 727 3752 ob
738 3699 767 3751 id
780 3716 797 3751 a
808 3700 974 3766 quibusdam

173 3772 234 3827 m'as
243 3774 430 3827 existimatur.
466 3772 571 3823 Ferunt
582 3778 611 3823 et
622 3770 765 3823 avellanae
777 3770 850 3821 iulos
861 3785 973 3838 compu-

173 3844 235 3897 otili
243 3842 326 3906 cailo,
336 3844 371 3895 ad
383 3841 451 3893 nibli
462 3842 554 3893 utiles.
574 3841 773 3892 Plurimavero
783 3840 882 3892 buxus.
902 3839 972 3891 Nam

172 3920 202 3967 et
212 3928 308 3967 semen
317 3928 406 3974 suum,
417 3919 446 3964 et
456 3925 582 3979 manum,
600 3909 674 3977 quod
690 3915 850 3977 crataegum
861 3916 974 3972 vocant,

172 3984 434 4051 etaseptemtrione
444 3982 560 4043 viscum,
571 3979 710 4032 ameridie
720 3978 857 4046 hyphear:
871 3978 905 4029 de
915 3977 974 4046 qni·

171 4051 224 4103 bus
234 4053 317 4120 plura
328 4067 392 4105 mox
403 4052 496 4118 paulo.
526 4049 720 4116 interdumque
733 4049 839 4117 pariter
848 4063 894 4101 res
905 4062 973 4114 qua·

171 4129 267 4174 ternas
279 4119 391 4174 babent.

208 4190 282 4242 Liil.
301 4193 421 4243 Arbores
432 4188 569 4255 quaedam
580 4187 731 4254 simplices,
742 4188 842 4252 quibus
853 4201 872 4237 a
880 4184 975 4236 radico

171 4259 281 4313 caudex
291 4274 376 4310 unns:
394 4264 422 4307 et
434 4260 503 4307 rami
515 4256 685 4321 frequentes,
705 4260 736 4304 nt
746 4255 847 4314 olivae,
857 4253 921 4312 ilco,
933 4252 973 4301 ri·

1026 465 1073 505 ma
1084 453 1300 534 exspatiantium
1311 451 1418 517 umbra,
1439 450 1507 505 etin
1517 453 1622 508 vicinas
1632 452 1730 507 domos
1741 468 1825 523 saepe
1928 496 1937 507 ,

1028 521 1257 575 transilrentium.
1286 522 1364 574 Nulli
1382 522 1508 589 opacitas
1525 523 1646 576 brevior:
1668 538 1720 575 nec
1732 524 1826 578 aufert

1027 589 1122 642 Solem
1135 588 1234 653 bieme,
1253 591 1446 644 decidentibus
1456 590 1543 643 foliis.
1572 592 1651 645 Nulli
1670 600 1766 645 cortex
1782 593 1825 644 iu-

1027 659 1152 721 cundior,
1168 667 1218 710 aut
1232 661 1327 712 oculos
1343 660 1486 727 excipiens
1499 660 1637 713 blandius.
1666 662 1744 714 Nulli
1756 664 1827 713 rami

1026 728 1167 794 longiores
1188 727 1400 796 validioresque,
1420 731 1583 796 antpiurcs,
1605 736 1636 783 ut
1646 729 1749 784 dixisse
1761 732 1827 787 toti-

1026 798 1090 850 dem
1109 796 1224 848 urbores
1244 798 1337 850 liceat.
1364 797 1476 851 Cortice
1490 798 1579 866 pelles
1591 801 1710 868 tingunt,
1730 801 1826 855 radice

1026 865 1114 918 lunas.
1144 865 1230 917 iilaiis
1241 869 1383 932 proprium
1394 880 1496 933 genus:
1516 869 1640 921 ferarum
1651 869 1722 920 eninr
1732 878 1827 923 rostra

1025 935 1155 998 reddunt,
1170 933 1389 987 adhaerentibus
1398 940 1445 988 uni
1458 938 1579 991 maximo
1590 938 1755 990 minoribns

1061 1003 1135 1056 LlV.
1152 1003 1302 1055 llamorum
1321 1003 1409 1070 aliqui
1420 1010 1503 1068 caeci,
1523 1008 1569 1073 qui
1586 1022 1641 1059 non
1653 1008 1825 1074 germinant:

1026 1071 1100 1142 quod
1113 1078 1213 1124 natura
1223 1074 1265 1136 iit,
1277 1073 1302 1124 si
1314 1086 1369 1123 nun
1379 1073 1521 1126 evaluerez
1533 1084 1582 1126 aut
1593 1090 1693 1141 poena,
1705 1092 1767 1128 cum
1780 1077 1827 1130 de-

1027 1149 1141 1210 putatos
1158 1141 1275 1193 cicatrix
1295 1142 1445 1195 hebetavit.
1481 1143 1558 1203 Quae
1573 1144 1696 1195 dividuis
1706 1146 1734 1197 in
1746 1161 1825 1200 ramo

1026 1219 1131 1264 natura
1148 1221 1199 1274 est,
1219 1210 1489 1273 baecvitiinocuio,
1509 1212 1637 1263 arundini
1647 1213 1675 1264 in
1684 1215 1824 1282 geniculo.

1027 1280 1155 1332 Omnium
1167 1288 1262 1333 terrae
1274 1281 1402 1348 proxima
1411 1280 1557 1333 crassiora.
1576 1282 1606 1333 ln
1617 1278 1821 1350 longitudinem

1026 1350 1286 1414 excrescuntabiea
1305 1349 1388 1414 larix,
1407 1350 1509 1417 palma,
1519 1364 1674 1417 cupressus,
1686 1352 1785 1416 nimus,
1795 1360 1826 1406 et

1026 1420 1052 1472 si
1063 1435 1118 1487 qna
1127 1419 1281 1486 unistivpia.
1302 1418 1497 1472 'Ramesarum
1519 1422 1723 1472 cerasusetiam
1734 1423 1825 1476 indiis

1027 1490 1183 1543 cubitorum
1206 1491 1308 1551 trabes,
1328 1489 1439 1557 aequali
1459 1494 1609 1557 pertotum
1621 1488 1822 1545 dudmcubitu·

1026 1573 1088 1611 rum
1098 1558 1281 1611 crassitudine
1291 1560 1440 1625 reperitur.
1475 1557 1618 1623 Quaedam
1629 1558 1726 1613 statim
1738 1561 1767 1613 in
1778 1575 1823 1615 ra·

1027 1634 1319 1778 mbinfpadoglrbgbill:
1328 1627 1467 1760 abidiani
1476 1698 1566 1762 lauro,
1572 1699 1665 1752 tiliae:
1676 1698 1742 1752 aliis
1752 1714 1825 1752 cras·

1026 1783 1082 1830 sus
1091 1773 1123 1818 ut
1131 1767 1235 1819 robori.
1250 1768 1320 1818 Aliis
1329 1766 1426 1829 laevis,
1434 1775 1466 1818 ut
1477 1768 1629 1830 nrai0,iico.
1641 1768 1716 1821 idem
1727 1769 1826 1822 scaber

1026 1836 1132 1901 robori,
1144 1837 1264 1904 palmae.
1282 1836 1417 1889 Omnibus
1429 1838 1458 1888 in
1467 1843 1581 1890 senecta
1593 1839 1732 1905 rugosior.
1758 1839 1825 1899 Qui·

1026 1906 1142 1958 busdam
1153 1908 1292 1973 rumpitur
1302 1914 1411 1974 sponte,
1423 1913 1454 1958 ut
1462 1907 1521 1957 viti.
1556 1906 1729 1969 Quibusdam
1741 1911 1827 1963 etiarn

1027 1977 1113 2039 cadit,
1130 1981 1163 2028 ut
1174 1975 1259 2039 malo,
1281 1976 1415 2029 unedoni:
1436 1990 1578 2040 carnosus,
1594 1977 1826 2044 subari,p0puiot

1028 2047 1261 2108 membranaceus,
1281 2052 1313 2099 nt
1322 2047 1381 2108 viti,
1399 2044 1544 2097 arundini:
1566 2047 1646 2099 libris
1656 2047 1768 2110 similis,
1779 2063 1825 2100 ce·

1026 2131 1104 2169 raso:
1124 2116 1273 2183 multiplex
1293 2115 1408 2176 tunicis,
1427 2120 1460 2167 ut
1477 2117 1597 2180 vitibus,
1617 2116 1706 2179 tiliae,
1726 2115 1826 2172 abieti.

1027 2186 1197 2251 Quibusdam
1208 2184 1335 2253 simplex,
1346 2191 1377 2236 ut
1388 2185 1450 2247 lico,
1462 2185 1603 2238 arundini.

1060 2255 1132 2309 LVi.
1147 2253 1594 2323 Magnaetradicunvdifferentia.
1613 2255 1749 2323 copiosae
1759 2255 1823 2320 lico,

1026 2324 1132 2389 robori,
1144 2324 1270 2393 platano:
1284 2324 1382 2377 breves
1394 2324 1577 2391 ei'angustae,
1589 2326 1676 2377 malo:
1698 2324 1825 2394 singula·

1026 2409 1071 2446 res
1083 2395 1176 2457 abieti,
1182 2394 1271 2446 larici.
1284 2391 1407 2460 Singulis
1413 2394 1487 2445 enim
1499 2393 1826 2462 innituntur,quanquam

1026 2463 1139 2515 minutis
1150 2463 1177 2514 in
1189 2464 1278 2515 latera
1288 2463 1429 2528 dispersis.
1466 2463 1625 2516 crassiores
1645 2463 1726 2517 lauro
1744 2462 1824 2514 etin·

1027 2532 1176 2600 aequalest
1196 2534 1263 2583 item
1283 2530 1373 2593 oleae,
1392 2530 1437 2582 cui
1456 2537 1485 2583 ct
1506 2546 1645 2585 ramosae.
1680 2531 1716 2583 At
1730 2530 1826 2583 robori

1026 2615 1169 2653 carnosae.
1189 2599 1301 2651 Robora
1310 2614 1375 2650 suas
1385 2598 1415 2649 in
1425 2599 1594 2664 profundum
1606 2605 1702 2668 agunt.
1720 2598 1751 2650 Si
1763 2598 1825 2652 Vir·
1923 2594 1928 2609 ’

1026 2671 1095 2739 gilio
1116 2667 1228 2735 quidem
1245 2667 1393 2729 credimus,
1413 2667 1534 2730 esculus,
1554 2675 1687 2736 quantum
1708 2681 1826 2735 corpore

1027 2739 1140 2800 eminet,
1150 2742 1259 2789 tantum
1271 2735 1366 2788 radice
1378 2734 1529 2788 descendit.
1567 2738 1663 2799 Oleae,
1680 2735 1825 2804 malisque,

1027 2816 1055 2862 et
1068 2807 1214 2875 cupressis,
1225 2820 1274 2872 per
1283 2820 1392 2857 summa
1402 2805 1545 2872 cespitum.
1581 2805 1651 2858 Aliis
1661 2813 1740 2858 recto
1750 2819 1825 2859 mea·

1026 2885 1066 2941 tu,
1078 2885 1109 2929 ut
1120 2877 1208 2938 lauro,
1224 2874 1317 2928 oleae:
1337 2873 1547 2935 aliisiiexuosu,
1566 2880 1598 2926 ut
1608 2875 1670 2928 ilco.
1705 2874 1825 2930 Minoris

1026 2948 1094 3000 baec
1105 2945 1311 3014 capillamentis
1321 2942 1438 3006 hirsuta,
1459 2950 1491 2996 ut
1501 2943 1588 3008 abies,
1603 2946 1762 3011 multaeque
1773 2945 1823 2997 sii·

1026 3019 1171 3068 vestrium:
1193 3029 1210 3066 e
1230 3014 1329 3081 quibus
1349 3014 1476 3065 montani
1496 3016 1658 3081 praetenuia
1668 3014 1717 3065 iila
1726 3012 1823 3067 decer·

1047 3092 1134 3148 entes,
1154 3083 1322 3150 spectabiles
1342 3083 1466 3150 lagenas,
1487 3089 1517 3136 et
1537 3083 1594 3136 alia
1612 3098 1681 3136 vasa
1699 3090 1824 3136 nectunt.

1052 3155 1144 3207 uidam
1163 3167 1218 3203 non
1235 3153 1321 3204 altius
1333 3150 1503 3204 descendere
1514 3152 1632 3214 radices,
1654 3166 1736 3220 qnam
1749 3149 1825 3207 sniis

1026 3226 1102 3278 calor
1113 3220 1272 3289 tepefaciat,
1283 3220 1366 3287 idque
1376 3226 1477 3271 natura
1487 3221 1544 3271 ioci
1554 3221 1691 3274 tenuioris
1703 3224 1823 3275 crassio-

1024 3295 1109 3357 risve,
1121 3294 1232 3344 dixere:
1245 3290 1318 3357 quod
1330 3289 1429 3341 falsum
1440 3291 1570 3341 arbitror.
1606 3290 1685 3357 Apud
1695 3297 1824 3344 auctores

1025 3369 1101 3415 certe
1122 3361 1271 3422 invenitur,
1292 3360 1394 3411 abietis
1416 3357 1513 3424 planta
1533 3372 1595 3410 cum
1612 3357 1824 3424 transferretur,

1026 3433 1089 3486 Viii
1109 3429 1266 3481 cubitorum
1287 3428 1316 3478 in
1332 3427 1495 3479 altitudine:
1516 3441 1568 3479 nen
1578 3432 1666 3478 totam
1676 3427 1825 3491 refossam,

1026 3499 1076 3553 sed
1087 3501 1242 3565 abruptam.
1277 3496 1402 3547 Maxima
1411 3496 1503 3562 spatio
1514 3501 1599 3562 atquc
1628 3494 1784 3550 lenitudine
1795 3504 1825 3551 et

1026 3571 1152 3621 citriest.
1188 3566 1396 3629 Abeapiatani,
1416 3564 1537 3626 roboris,
1557 3563 1825 3629 etgandiferarnnr.

1026 3635 1203 3700 Quarundam
1223 3632 1302 3684 radix
1323 3634 1447 3687 vivacior
1456 3631 1611 3697 superficie,
1622 3639 1654 3683 ut
1663 3632 1744 3685 lauri.
1771 3635 1826 3688 ita·

1026 3720 1079 3773 que
1089 3720 1148 3756 cnm
1160 3710 1258 3755 trunco
1270 3702 1383 3763 inaruit,
1390 3704 1480 3753 recisa
1490 3702 1575 3753 ctiam
1587 3700 1688 3754 laetius
1697 3700 1824 3758 fruticat.

1026 3773 1145 3839 Quidam
1166 3772 1304 3824 brevitate
1314 3771 1440 3822 radicum
1459 3770 1576 3823 celerius
1587 3786 1731 3823 senescere
1744 3775 1825 3827 arbo·

1026 3860 1072 3897 res
1093 3847 1205 3910 putant:
1227 3830 1478 3908 quod‘coargunnt
1498 3839 1553 3904 lici,
1594 3853 1693 3892 uarum
1713 3840 1824 3895 radices

1025 3913 1216 3981 longissimae,
1226 3915 1255 3963 et
1265 3916 1394 3961 senectus
1406 3910 1544 3961 ocissima.
1573 3854 1686 3960 balaum
1698 3911 1825 3964 arbitror

1024 3990 1052 4035 et
1064 3981 1137 4049 quod
1149 3979 1236 4044 aliqui
1248 3977 1406 4043 prodidere,
1425 3978 1533 4029 radices
1542 3976 1675 4028 arborum
1685 3983 1824 4031 vetustate

1024 4049 1122 4101 minui.
1159 4046 1227 4099 Visa
1246 4048 1347 4097 etenim
1369 4052 1412 4098 est
1422 4059 1529 4097 annosa
1550 4058 1667 4110 quercus
1678 4058 1777 4098 eversa
1795 4045 1824 4099 vi

1025 4119 1211 4184 tempestatis,
1222 4121 1251 4168 et
1262 4115 1390 4180 iugerum
1402 4115 1457 4166 soii
1467 4112 1605 4180 amplexa.

1060 4186 1146 4239 livii.
1165 4185 1325 4237 Prostratas
1341 4184 1456 4235 restitui
1476 4181 1645 4249 plerumque,
1664 4180 1822 4300 etquadam

1025 4261 1118 4307 terrae
1129 4253 1259 4306 cicatrice
1271 4252 1420 4313 vivescere,
1439 4251 1619 4318 vulgareest.
1654 4250 1691 4301 Et
1713 4250 1822 4302 nmilia·

171 4330 205 4383 ti.
233 4327 379 4392 Quaedam
392 4324 521 4375 fruticosi
532 4323 651 4391 generis,
661 4328 693 4372 ut
703 4321 837 4386 paliurus,
852 4325 974 4386 myrtus:
1025 4323 1167 4375 vissimum
1188 4321 1241 4372 boc
1262 4321 1392 4387 platanis,
1413 4334 1484 4386 quae
1505 4316 1655 4383 plurimum
1676 4325 1822 4373 vertumni

169 4402 240 4451 item
251 4409 308 4446 nux
320 4393 460 4446 avellana:
482 4394 547 4458 quin
559 4391 643 4441 immo
655 4389 755 4440 melior
766 4395 823 4451 eut,
843 4394 872 4439 et
883 4388 976 4454 copio-
1025 4391 1185 4456 concipiunt
1196 4395 1309 4457 propter
1319 4388 1485 4439 densitatem
1494 4400 1649 4438 ramorum:
1661 4387 1823 4454 quibussm·

170 4469 233 4520 sior
244 4463 349 4524 fructu,
360 4464 388 4513 in
398 4461 491 4529 piures
503 4459 630 4526 dispersa
640 4472 740 4510 ramos.
768 4457 799 4508 in
810 4456 974 4524 quibusdam
1025 4461 1142 4530 putatis,
1150 4459 1259 4512 levatae
1270 4471 1354 4509 onere
1365 4456 1394 4507 in
1405 4471 1457 4508 sna
1465 4455 1563 4507 scrobe
1571 4463 1755 4523 reponuntur.
1771 4457 1823 4510 Fa·

173 4534 289 4589 omnino
300 4532 444 4594 nullus,ot
455 4530 483 4580 in
494 4543 545 4580 suo
555 4542 656 4597 genere
667 4527 751 4589 buxo,
768 4524 827 4578 loto
839 4533 974 4580 transma·
1026 4538 1155 4596 etumque
1176 4530 1230 4581 iam
1252 4532 1294 4579 cst
1315 4524 1367 4577 buc
1378 4527 1407 4577 in
1427 4524 1614 4593 iuglandibus,
1632 4524 1769 4595 oleisque,
1789 4542 1824 4580 ao

171 4606 261 4658 rinae.
281 4600 425 4665 Quaedam
437 4598 571 4660 bifurcae,
581 4604 610 4650 at
631 4613 665 4650 ue
674 4596 759 4649 etiam
771 4596 904 4664 inquinas
915 4611 975 4664 par·
1026 4598 1121 4652 inultis
1131 4596 1204 4650 aliis.
1233 4598 1285 4648 list
1295 4592 1324 4644 in
1334 4594 1477 4661 excnvpiis,
1488 4600 1516 4645 et
1525 4594 1586 4647 sine
1596 4600 1771 4662 tempestate,
1783 4596 1823 4649 ni·

172 4681 218 4727 tes
239 4671 366 4725 diffusae.
395 4669 539 4733 Quaedam
555 4614 694 4728 dividuae,
715 4681 766 4718 nec
785 4680 923 4728 ramosae,
943 4671 975 4717 nt
1025 4671 1089 4723 lave
1110 4666 1263 4720 causaalia
1282 4680 1364 4733 quam
1377 4662 1508 4732 prodigii,
1527 4663 1778 4718 cecidissemuitas
1790 4678 1823 4719 ae

173 4742 310 4796 sambuci.
342 4740 484 4804 Quaedam
497 4737 667 4798 individuae,
678 4751 816 4798 ramosae,
828 4743 859 4787 ut
872 4734 974 4802 piceae.
1025 4755 1077 4792 sua
1087 4743 1186 4805 sponte
1199 4736 1393 4788 resurrexisse.
1421 4733 1537 4785 Factum
1552 4731 1824 4800 bocpopuliRoma·

173 4811 345 4875 Quibusdam
356 4824 496 4861 ramorum
508 4807 665 4869 ordo,sicut
674 4806 781 4873 piceae,
792 4806 886 4858 abieti.
907 4804 975 4857 Aliis
1028 4810 1057 4861 ni
1068 4807 1226 4869 Quiritibus
1246 4811 1384 4857 ostentum
1396 4802 1542 4855 Cimbricis
1553 4801 1638 4855 bellis
1647 4802 1784 4857 Nuceriae
1794 4806 1823 4856 in

171 4881 343 4943 inconditus,
361 4886 393 4933 nt
404 4878 510 4941 robori,
525 4877 608 4937 malo,
619 4876 689 4943 piro.
717 4874 755 4925 iit
765 4874 852 4927 abieti
865 4874 974 4942 quidem
1026 4878 1088 4929 lucu
1099 4876 1222 4939 iunonis,
1233 4874 1319 4936 ulmo,
1330 4881 1476 4943 postquam
1489 4872 1572 4924 etiam
1584 4886 1716 4925 cacumen
1726 4887 1823 4940 ampu-

172 4952 306 5004 subrecta
317 4951 453 5011 divisura,
464 4947 588 5014 ramique
598 4945 627 4995 in
638 4944 744 4996 caelum
756 4943 910 5007 tendentes,
922 4959 974 4995 uon
1025 4952 1115 4999 tatum
1138 4951 1208 5008 erat,
1228 4944 1356 5013 quoniam
1377 4943 1405 4994 in
1426 4957 1503 4995 aram
1513 4942 1601 5061 ipsam
1614 4942 1823 5008 procumbebat,

172 5020 203 5075 in
214 5020 305 5073 latera
314 5019 402 5086 proni.
431 5020 543 5078 Mirum,
565 5015 754 5067 cacuminibus
764 5012 975 5067 eorumdecisis
1026 5016 1157 5068 restituta
1168 5021 1277 5082 sponte,
1287 5016 1328 5064 ita
1338 5012 1505 5078 utprotinus
1535 5015 1736 5080 oreretsdquo
1747 5011 1824 5063 dein·

172 5093 307 5144 moritur:
328 5088 398 5140 totis
415 5103 482 5141 sero
494 5086 668 5139 detruncatis
680 5083 770 5135 durat.
807 5084 844 5135 at
855 5084 878 5135 si
894 5082 976 5143 infra,
1026 5085 1060 5138 de
1071 5092 1195 5151 tempore
1206 5084 1339 5134 maiestas
1350 5081 1447 5148 popuii
1457 5079 1576 5133 Romani
1584 5080 1744 5142 resurrexit,
1751 5091 1823 5146 qaas

172 5175 257 5228 quam
268 5158 341 5211 rami
351 5158 439 5219 fuere,
452 5155 638 5223 praecidatur,
652 5153 727 5221 quod
738 5159 873 5218 superest,
893 5151 975 5202 vivit:
1026 5160 1212 5208 assevantem
1223 5151 1347 5204 cladibus
1358 5149 1459 5203 luerat.
1493 5149 1666 5202 memoratur
1683 5146 1737 5202 hoe
1746 5147 1822 5200 iden

172 5231 199 5281 si
207 5244 276 5282 vero
287 5242 417 5279 cacumen
429 5222 763 5283 tautumauferatur,tota
771 5221 897 5287 moritur,
914 5219 977 5274 illia
1026 5222 1131 5276 laetum
1142 5226 1171 5274 in
1184 5220 1328 5287 Philippis,
1340 5220 1426 5273 „1100
1438 5217 1572 5287 procidua
1582 5223 1666 5285 atqu,
1678 5216 1823 5270 degum.

172 5296 479 5356 abradicebraeiriata
494 5294 634 5345 uiuimus.
670 5291 731 5344 Alia
741 5292 770 5342 in
781 5291 923 5342 cacumine
933 5304 976 5342 ra·
1026 5300 1069 5348 ta:
1091 5299 1119 5345 at
1136 5290 1254 5358 Stagiris
1265 5291 1294 5341 in
1306 5290 1404 5341 Museo
1419 5289 1522 5356 populo
1533 5287 1609 5339 alba:
1632 5288 1727 5337 omnia
1736 5282 1823 5335 fausti

171 5381 263 5433 muse,
274 5375 306 5419 nt
316 5370 406 5435 pinus,
416 5364 564 5428 loQssioe
573 5363 642 5427 faba
649 5361 769 5419 Graeca:
780 5375 860 5427 quam
871 5359 975 5411 Romae
1026 5362 1136 5413 eminis.
1154 5360 1210 5413 Sed
1220 5362 1337 5411 maxime
1348 5352 1823 5420 mirumdntandriplatanusetiam

167 5434 459 5504 amaritate-fructus
469 5432 605 5484 silvestris
615 5431 735 5500 quidem,
755 5428 804 5481 sed
816 5442 974 5482 cerasorum
1025 5429 1238 5483 circumdolatis
1248 5425 1630 5481 lateribuqremmm.munte
1640 5419 1726 5483 lacta,
1737 5420 1824 5473 vitae·

167 5520 261 5573 paene
272 5513 382 5566 nutura,
403 5504 482 5555 loton
492 5501 643 5569 appellant.
682 5498 834 5567 Praecipue
846 5497 975 5551 domibus
1025 5514 1078 5567 que
1089 5500 1201 5552 reddita
1215 5497 1390 5566 longitndine
1666 5501 1736 5553 Ἢ.
1745 5502 1821 5543 tras·

169 5578 316 5644 expetitur
325 5587 466 5629 ramorum
479 5569 644 5639 petulantia,
654 5568 734 5623 brevi
746 5567 860 5624 caudice
872 5566 975 5620 latissi-
1023 5568 1149 5624 situdine
1158 5576 1279 5639 quatuor
1290 5567 1370 5619 usar
