4374 6014
344 342 407 407 356
526 339 558 401 C.
581 328 1022 403 sumersetensium.
1046 326 1118 392 lle.
1139 326 1246 391 XXX.
1268 326 1349 390 CAP.
1372 327 1423 390 ba.
1451 326 1527 388 mo.
1549 323 1672 388 XXXI.
1696 323 1782 388 CdP.
1812 333 1888 392 t-8.

346 491 450 547 latrari
465 507 484 544 a
494 505 561 546 eane
571 490 759 542 membranam
770 500 805 539 ex
815 483 949 538 amandis
960 478 1038 535 canis
1049 478 1151 534 baben·
1201 493 1253 534 eos
1263 479 1373 532 valere:
1395 476 1440 531 rel
1450 478 1473 529 si
1485 475 1665 530 birundinum
1678 478 1750 544 polll
1759 485 1821 532 tres
1844 481 2006 537 tribuendis

348 573 416 626 sem,
436 570 486 615 aaa
499 559 605 628 leporis
616 558 710 608 limum
721 556 765 608 rel
775 555 847 623 pilos
854 554 1008 607 tenentem.
1042 551 1074 602 la
1084 551 1151 603 euli-
1203 549 1314 602 tlestur.
1326 547 1466 600 l'ulreroe
1479 546 1599 614 vestigio
1609 549 1739 615 anguium
1751 550 1884 614 collecto,
1894 568 2007 620 sparsas

349 648 414 687 ,um
436 646 538 700 gene„
559 629 693 679 ,nationes
713 640 767 676 aon
785 625 914 691 amplius,
934 621 1151 690 quamuaodie,
1203 616 1523 686 apesinalrosrererti.
1559 615 2006 693 llrietisdextrotestepraeliga·

351 702 456 755 rivere.
490 703 602 763 anque
613 699 659 766 qui
669 696 809 748 arborarii
820 696 877 762 pici
888 700 1009 744 rostrum
1020 690 1150 756 babeant,
1202 696 1312 742 tooves
1322 695 1430 740 tentum
1442 684 1528 753 gigni.
1547 684 1720 739 ΝΜῙΜΜῙ
1733 688 1829 742 5³⁰¹¹⁰
1842 689 1949 755 ¹²b⁰i02
1962 694 2008 761 issi

351 779 382 825 et
392 769 477 822 mella
487 771 617 829 eximant,
629 767 664 818 ab
676 766 775 833 apibus
787 779 840 815 non
853 764 963 831 attingi.
994 760 1096 812 Pereos
1108 776 1151 813 se·
1204 776 1305 813 nervos
1315 773 1350 811 ex
1360 757 1414 811 alis
1424 764 1453 808 et
1464 754 1590 807 cruribus
1602 755 1680 822 gruis
1691 754 1821 811 babeant.
1845 761 1940 813 Molas
1953 778 2008 814 non

349 842 400 962 {ui
419 854 492 901 eum,
512 852 529 887 a
545 852 599 904 quo
621 837 765 888 cerebrum
787 834 865 885 corvi
876 833 1034 898 acceperint
1044 831 1072 880 in
1085 830 1150 881 olle.
1204 831 1364 891 calcitrare,
1375 840 1436 877 cum
1448 826 1544 876 viuum
1554 824 1686 877 biberin*-
1698 825 1822 894 Ungulffl
1834 834 2009 883 tantummu·

375 910 504 968 ulcerent,
525 905 554 956 ln
571 919 625 973 quo
645 919 676 956 se
695 904 773 955 arula
792 903 972 963 volutaverit,
990 899 1100 967 corpori
1113 899 1151 949 in·
1204 899 1295 951 larum
1308 902 1444 964 repertas,
1464 894 1649 961 nequealiam
1662 894 1748 947 ullam
1760 898 1914 962 materiam,
1937 917 2011 969 quae

350 991 477 1045 sparsum
492 973 624 1041 mitigare
643 974 883 1026 ardoresamoris.
918 970 1029 1022 Sorices
1049 969 1152 1037 fugari,
1204 984 1259 1020 noa
1278 965 1475 1034 perroderetur
1496 978 1515 1015 a
1533 978 1640 1016 reaeno
1657 962 1755 1032 Stygis
1777 979 1876 1032 aquae,
1899 971 2009 1023 consid

350 1044 776 1099 siunuscastratusemittatur.
812 1043 937 1107 anguina
949 1039 1032 1105 pelle,
1045 1045 1073 1090 et
1084 1040 1152 1100 sale,
1205 1037 1326 1089 dandum
1339 1033 1614 1100 srexsnaanbtagno
1625 1034 1773 1100 Antipater
1790 1035 1932 1100 mitteret,
1953 1055 2007 1092 me-

348 1121 377 1169 et
388 1115 464 1167 farre
474 1127 537 1164 cum
549 1114 675 1180 serpyllo
688 1110 817 1164 contritis
828 1126 892 1172 una,
909 1108 1079 1175 deiectisque
1089 1122 1150 1159 eum
1204 1106 1296 1157 moria
1305 1104 1419 1174 dignum
1429 1109 1487 1165 est,
1509 1117 1611 1170 magna
1624 1102 1784 1155 Aristotelis
1796 1103 1916 1160 inlamia
1926 1122 2006 1177 egeo·

348 1185 414 1236 vino
425 1185 456 1236 in
474 1182 572 1236 lauces
582 1183 677 1246 boum,
693 1195 747 1234 uva
765 1185 982 1242 maturescente,
1004 1186 1066 1230 toto
1079 1192 1151 1230 anno
1204 1176 1332 1245 gitatum.
1368 1173 1448 1227 Nunc
1458 1172 1493 1224 ad
1504 1171 1642 1239 aquatilia
1654 1180 1836 1226 reuertemur.

354 1407 369 1416 a.
381 1408 483 1418 .-—-...-.
534 1384 1992 1421 --w——

799 1548 849 1633 C.
906 1546 1161 1631 PLlNll
1218 1544 1551 1632 SECUNDI

416 1722 1939 1833 Narussnblsrnsroalae

909 1927 1191 2001 araus
1257 1926 1452 2003 xxxa

1054 2136 1301 2151 m

352 2288 374 2339 l.
389 2256 588 2367 ⁸Antitaurus
608 2281 816 2365 sequunturin
840 2280 981 2334 medicina
1007 2280 1155 2345 benedma,
1209 2279 1261 2350 (ibi
1283 2278 1448 2348 compositis
1467 2279 1654 2365 rolunrinibus
1673 2281 1797 2335 eiusdem
1820 2284 1961 2345 nominis)
1981 2284 2011 2334 in

354 2351 1155 2489 lditbtlltttillailltlltffllttltttll:
1207 2352 2012 2486 illel'stilibiterribilitatis..‘slltl‘tll't

352 2491 437 2560 pidos
447 2506 543 2543 cursus
556 2490 698 2556 improbas
708 2491 952 2543 exercenterires:
966 2506 1099 2558 nusquam
1108 2505 1155 2557 po·
1209 2491 1310 2557 exiguo
1322 2496 1386 2556 post
1397 2489 1504 2540 obitum
1517 2490 1611 2556 ipsius,
1620 2488 1740 2541 donatio
1750 2488 1854 2540 Vetere
1866 2490 2011 2555 possiden·

353 2562 445 2614 tentia
455 2560 571 2621 maiore,
592 2561 616 2609 si
628 2573 722 2610 venam
735 2559 820 2611 fateri
831 2560 970 2611 volamus:
992 2561 1092 2629 quippe
1103 2560 1156 2612 boe
1208 2567 1245 2622 te,
1257 2566 1407 2626 eruperunt
1420 2556 1513 2611 santra
1525 2559 1618 2620 calidi,
1629 2572 1760 2626 perquam
1771 2557 1897 2609 salubres
1909 2560 2011 2621 oculis,

355 2631 525 2684 elementum
538 2629 640 2680 ceteris
651 2630 778 2680 omnibus
793 2629 921 2695 imperat.
958 2631 1063 2683 Terras
1074 2631 1156 2682 devo·
1209 2627 1343 2682 celebrati
1356 2628 1480 2680 carmine
1492 2627 1618 2681 Laureae
1629 2626 1730 2689 Tullii,
1751 2627 1797 2693 qui
1808 2626 1863 2678 luit
1875 2643 1891 2678 e
1903 2627 2010 2678 libertis

353 2704 420 2753 rant
430 2714 527 2766 aquae,
538 2698 663 2750 dammas
674 2704 782 2760 necant,
800 2698 937 2749 scandunt
948 2700 975 2750 in
986 2700 1115 2762 sublime,
1126 2704 1156 2751 et
1209 2698 1280 2760 eius,
1300 2698 1470 2764 atprotlnus
1481 2706 1613 2750 noscatur
1623 2699 1707 2749 etiam
1718 2697 1934 2748 ministeriorum
1946 2694 2011 2747 bau·

355 2766 1105 2835 caelumquoquesibirindicant,acaubiumobtentu
1116 2769 1155 2819 ri·
1208 2774 1315 2820 stusex
1333 2767 1384 2818 illa
1400 2769 1549 2820 maiestate
1565 2767 1676 2836 ingenii.
1713 2766 1818 2817 l’oaam
1835 2765 2009 2832 enimipsum

354 2840 440 2891 talem
452 2839 581 2904 spiritum
592 2838 783 2904 strangulant:
796 2853 867 2905 quae
878 2853 963 2893 causa
972 2838 1092 2890 fulmina
1103 2837 1153 2889 eli·
1208 2852 1328 2899 cumen,
1341 2838 1453 2905 dignum
1464 2837 1577 2903 ubique,
1588 2845 1617 2889 et
1627 2850 1682 2887 non
1693 2835 1732 2887 ibi
1742 2843 1850 2887 tantum
1862 2834 1934 2902 legis

354 2907 408 2970 att,
430 2907 493 2973 ipso
506 2921 598 2958 secum
611 2907 789 2957 discordante
800 2907 911 2958 arundo.
949 2907 1157 2969 Quidesseml·
1245 2907 1374 2973 Quotus,
1383 2905 1522 2958 Rammius
1533 2907 1631 2958 vindex
1639 2905 1789 2957 clarissime
1801 2905 1924 2976 linguae,

354 2976 474 3030 rebilius
486 2982 580 3042 potest
592 2976 673 3041 aquis
684 2975 712 3025 in
725 2975 804 3026 coelo
815 2975 972 3027 stantibusi
983 2977 1155 3038 dtillae,ceu
1281 2975 1356 3028 Sitne
1366 2977 1423 3027 daca
1434 2975 1528 3026 melius
1537 2991 1650 3044 surgere
1660 2975 1734 3026 iussa
1747 2974 1828 3038 niret,

353 3042 453 3113 parum
465 3044 503 3094 sit
514 3048 540 3095 in
552 3051 659 3096 tantam
673 3043 818 3109 pervenire
828 3045 1023 3107 altitudinem,
1044 3047 1156 3112 rapiunt
1243 3047 1280 3100 At
1298 3062 1330 3097 aa
1341 3042 1505 3095 Academiae
1515 3043 1678 3095 celebratam
1688 3044 1898 3097 amoeniora

355 3128 391 3167 eo
413 3127 505 3165 seeum
528 3113 643 3177 piscium
663 3113 801 3173 examina,
822 3128 907 3179 saepe
928 3114 1012 3165 etiam
1034 3115 1156 3183 lapides:
1305 3113 1741 3180 nncreparstcaltutabpatiore
1758 3112 1857 3167 Vetat:

354 3182 539 3246 subeuntque,
552 3187 693 3248 portantes
704 3182 797 3232 aliena
808 3183 939 3246 pondera.
976 3183 1097 3236 Eaedem
1110 3199 1157 3236 ca·
1244 3184 1298 3237 Hic
1308 3183 1391 3237 etiam
1401 3191 1537 3249 apparent
1547 3181 1671 3251 lymphae
1680 3200 1733 3236 non
1743 3191 1808 3236 ante
1819 3191 1951 3251 repertae,

355 3250 455 3304 &ates
466 3251 587 3301 omnium
608 3256 685 3302 terra
700 3250 871 3302 nascentium
884 3264 967 3301 causa
979 3252 1057 3314 duat,
1080 3269 1157 3320 pror·
1278 3252 1429 3321 Languida
1442 3267 1510 3318 qnae
1520 3248 1613 3323 inficio
1623 3253 1726 3305 lamina
1740 3269 1802 3305 rore
1812 3255 1910 3307 lesan.

355 3335 404 3375 sus
415 3319 539 3373 mirabili
552 3326 663 3381 natura,
685 3320 781 3386 siquis
798 3318 867 3371 velit
878 3327 1008 3388 reputare
1021 3331 1051 3374 ut
1062 3322 1157 3391 fruges
1245 3322 1382 3375 Nimirum
1392 3324 1465 3374 lacus
1475 3320 1531 3388 ipse
1542 3320 1585 3373 rai
1597 3319 1736 3375 Ciceronis
1746 3322 1842 3374 denari

354 3390 514 3460 gignantur,
525 3389 640 3441 arbores
650 3389 821 3457 trutinaque
831 3390 935 3453 vivant,
950 3393 979 3445 in
989 3393 1095 3445 eaelum
1110 3393 1159 3443 nri·
1279 3391 1341 3444 Hoc
1351 3391 1435 3454 dedit,
1447 3389 1597 3461 burfantes
1609 3407 1669 3442 cunr
1680 3391 1814 3462 patefecit
1825 3407 1886 3458 epe,

355 3474 440 3580 dm
449 3474 552 3526 aquas,
572 3460 746 3525 animamque
757 3461 841 3512 etiam
858 3460 952 3515 herbis
966 3462 1080 3516 vitalem
1091 3462 1157 3515 inde
1248 3459 1294 3521 Ut,
1305 3458 1433 3527 quoniam
1445 3468 1529 3512 tatum
1539 3459 1643 3528 legitur
1652 3459 1775 3528 sinefine
1784 3477 1832 3527 per
1842 3459 1940 3521 ardens,

377 3528 483 3581 elem-e:
502 3531 577 3578 iusta
588 3528 771 3590 consertione,
785 3544 881 3582 omnes
892 3539 986 3585 terrae
998 3547 1107 3601 quoque
1119 3531 1159 3581 ri·
1282 3529 1345 3582 diat
1353 3531 1459 3596 plures,
1468 3528 1554 3582 acatis
1564 3546 1633 3597 quae
1644 3530 1810 3591 medeantur,
1821 3544 1915 3596 aqaae.

355 3610 404 3649 res
414 3610 548 3662 aquarum
560 3596 768 3649 essebenellcli.
797 3601 974 3668 Quapropter
985 3609 1050 3654 ante
1065 3601 1158 3652 anania
1245 3598 1291 3651 tv.
1319 3600 1349 3648 ln
1370 3599 1467 3650 eadem
1491 3600 1659 3665 campaniae
1686 3598 1801 3665 regione
1828 3598 2012 3649 Sinuessanae

355 3665 482 3731 ipsarum
494 3668 638 3729 potentiae
649 3667 776 3733 exemplo
787 3681 927 3732 ponemus.
954 3672 1074 3723 Cunctas
1085 3672 1157 3723 enim
1211 3684 1301 3735 aquae
1311 3667 1492 3720 sterilitatem
1504 3666 1680 3733 feminarum,
1700 3675 1730 3719 et
1739 3672 1860 3719 virorum
1872 3667 2011 3718 insaniam

356 3735 422 3801 quis
434 3732 595 3782 mortalium
608 3738 769 3787 enumerare
780 3739 881 3800 questi
1210 3738 1325 3789 abolere
1338 3737 1501 3803 produntur.

393 3800 428 3852 ll.
447 3799 701 3868 limimntbenigne
711 3803 868 3870 passimque
879 3805 907 3857 in
922 3806 1052 3872 plurimis
1064 3806 1159 3869 terris,
1247 3805 1280 3857 V.
1300 3807 1330 3857 ln
1341 3807 1462 3857 Aenaria
1471 3806 1570 3867 insula,
1582 3803 1728 3858 calculosis
1741 3802 1851 3855 mederi.
1889 3802 1928 3853 Et
1939 3818 2013 3870 quaa

357 3870 426 3923 alibi
438 3867 571 3937 trigidae,
591 3869 659 3920 alibi
670 3871 796 3935 calidae,
816 3872 884 3925 alibi
900 3875 1026 3937 iunctae,
1048 3877 1119 3926 sicut
1130 3879 1161 3926 in
1211 3881 1326 3926 vomatur
1336 3873 1472 3934 Acidula,
1494 3875 1529 3924 ab
1540 3876 1637 3927 'l'eano
1650 3872 1771 3927 Sidicino
1790 3876 1912 3939 quatuor
1923 3871 2011 3923 milli·

357 3940 500 3993 Tarbellis
518 3939 683 4007 Aquitanica
699 3946 792 4007 gente,
812 3948 842 3993 et
858 3943 1160 4010 isPyrenaelsmoati·
1211 3945 1419 4010 buspassuom:
1434 3941 1628 4011 baeclrigida,
1665 3944 1732 3994 ltem
1745 3943 1773 3993 in
1784 3941 1931 4003 Stabiano,
1941 3956 2013 4008 quae

357 4011 417 4072 bus,
429 4010 506 4063 tenui
516 4008 666 4061 intervallo
679 4008 862 4063 discernente.
889 4012 964 4065 illibi
974 4013 1084 4080 tepidae
1094 4028 1158 4081 ege·
1211 4013 1329 4065 dimidia
1339 4020 1468 4063 vocatur:
1493 4020 1522 4065 et
1533 4015 1560 4065 in
1575 4012 1742 4073 Venafrano,
1754 4027 1788 4063 er
1800 4010 1879 4062 fonte
1888 4009 2012 4062 Acidulo.

355 4078 486 4146 lidaaque
497 4079 603 4131 auxilia
613 4080 772 4131 morborum
785 4082 965 4146 prolitentes,
985 4091 1013 4135 et
1024 4097 1039 4135 e
1052 4085 1159 4135 cunctis
1211 4083 1286 4135 ldem
1300 4083 1438 4150 contingit
1453 4082 1482 4133 in
1493 4082 1594 4136 velino
1611 4083 1673 4134 lacu
1693 4080 1862 4149 potantibus.
1898 4082 1966 4132 ltem
1983 4080 2012 4128 in

358 4149 522 4202 animalium
537 4148 678 4201 bominum
689 4155 796 4201 tantum
808 4164 892 4203 eausa
901 4159 1085 4220 erumpentes.
1106 4155 1161 4205 Au·
1211 4152 1230 4205 S
1254 4152 1311 4204 riae
1330 4151 1409 4203 tonte
1424 4152 1504 4204 iusta
1514 4154 1638 4204 Taurum
1651 4158 1791 4213 montem,
1811 4158 1909 4202 auctor
1918 4155 1960 4200 eat
1970 4147 2011 4198 M.

356 4226 426 4287 gent
437 4234 582 4272 numerum
595 4219 710 4270 deorum
727 4220 887 4273 nominibus
901 4222 1000 4284 variis,
1021 4223 1162 4289 urbesque
1237 4237 1313 4275 arros
1332 4228 1361 4274 et
1377 4223 1404 4271 in
1424 4222 1564 4291 Pbrygiae
1582 4222 1666 4274 Gallo
1683 4219 1799 4275 llumine
1817 4216 2013 4271 Callimachus.

357 4287 487 4353 condant,
507 4290 580 4341 slent
591 4288 725 4340 Puteolos
735 4288 762 4340 in
777 4290 942 4358 Campanis,
963 4291 1117 4360 Stutyellas
1128 4293 1158 4343 in
1212 4290 1265 4345 Sed
1278 4294 1315 4343 ibi
1326 4293 1355 4342 in
1368 4292 1490 4357 potando
1502 4293 1676 4345 necessarius
1688 4290 1796 4354 modus,
1807 4306 1841 4342 ne
1853 4287 2013 4357 lymphatos

356 4355 483 4423 Liguria,
490 4358 601 4410 Sextias
612 4359 642 4409 ln
653 4358 830 4410 Narbonensi
841 4362 994 4427 provincia
1017 4363 1158 4430 Nusquam
1212 4369 1292 4429 agat:
1304 4361 1376 4429 quod
1388 4363 1415 4412 in
1427 4361 1576 4430 Aethiopia
1588 4361 1715 4415 accidere
1726 4361 1779 4427 bie,
1790 4360 1838 4429 qul
1850 4376 1865 4412 e
1876 4356 2014 4409 {entellu-

357 4428 457 4503 tamen
465 4425 570 4492 largius
580 4442 662 4493 quam
673 4428 701 4478 in
713 4428 821 4480 lisiano
832 4432 902 4493 siau,
914 4448 965 4483 nec
975 4431 1101 4498 pluribus
1113 4448 1160 4484 au·
1211 4434 1262 4485 bro
1273 4433 1404 4493 biberint,
1416 4432 1522 4484 ctesias
1533 4435 1640 4485 scribit.

357 4491 477 4542 nitendi
490 4495 651 4558 genennae,
671 4496 744 4549 aliae
761 4498 917 4565 sulphuris,
935 4501 1009 4554 aliae
1020 4501 1160 4563 aluminis,
1247 4501 1293 4555 Vl.
1312 4504 1395 4554 luata
1413 4501 1528 4553 Romam
1539 4503 1657 4555 Albulae
1674 4518 1764 4571 aquae
1778 4497 1938 4553 vulneribus
1955 4508 2015 4544 11ῑο-

358 4559 432 4639 ὓῑξθθ
451 4562 528 4623 ἘΜ
549 4564 623 4616 ῦῑίῑθ
643 4564 720 4625 nitri,
741 4566 817 4620 alise
836 4570 988 4634 bituminis,
1009 4571 1161 4622 nonnullae
1211 4571 1326 4625 dentur:
1338 4570 1464 4638 egelidam
1476 4570 1540 4623 bae:
1552 4573 1600 4625 sad
1609 4573 1729 4623 Cutiliae
1740 4574 1767 4623 ia
1776 4567 1891 4623 Sabinis
1903 4562 2015 4634 gelidis

359 4634 444 4708 ettam
466 4629 545 4682 acida
562 4634 820 4689 salsaremlatnra.
857 4639 1158 4708 Vaporequoqueipso
1212 4643 1310 4705 simae,
1332 4649 1413 4692 suctu
1434 4640 1554 4707 quodam
1576 4655 1696 4706 corpora
1712 4641 1855 4696 invadunt,
1877 4643 1908 4685 ut
1929 4646 2015 4700 prope

359 4695 606 4778 eliquaelprosunt.
642 4703 789 4770 Tantaque
809 4708 850 4758 eis
861 4716 906 4759 est
914 4711 971 4770 ris,
991 4714 1023 4760 ut
1035 4709 1159 4762 balineas
1211 4726 1321 4763 morsus
1331 4710 1421 4764 rideri
1433 4710 1536 4776 possit:
1556 4711 1720 4777 aptissimae
1730 4705 1889 4763 stomacho,
1912 4703 2015 4763 nervis,

360 4762 534 4833 calefaciant,
555 4785 588 4821 ae
608 4771 739 4839 trigldam
757 4775 842 4827 etiarn
859 4778 887 4828 in
904 4778 984 4829 sollis
995 4778 1104 4829 terrere
1116 4794 1160 4829 co·
1212 4783 1347 4834 uniuersa
1359 4780 1478 4844 corpori.

360 4841 438 4900 gant,
460 4839 567 4901 quaein
582 4840 687 4892 Baiano
700 4840 1026 4909 Posidiaoaeroaantur,
1047 4850 1160 4901 nomine
1248 4852 1308 4904 vll.
1326 4849 1512 4913 'l'besplnrurn
1534 4845 1595 4897 lons
1616 4851 1766 4907 conceptus
1788 4838 1952 4892 mulieribus
1976 4853 2018 4890 re·

360 4912 503 4970 acceptos
514 4906 885 4964 ClaudllCaemrisllberto.
917 4918 1160 4985 obsonioqooque
1212 4910 1877 4986 praesentatritominnrcadlallumenElatum.
1915 4911 2016 4959 costra·

359 4980 542 5041 percoquunt·
577 4973 964 5051 Vapmuntetlnmarilpso,
993 5002 1045 5039 uae
1057 4986 1160 5037 Licinii
1215 4989 1258 5039 dit
1279 4994 1372 5036 autem
1393 4983 1498 5041 loetum
1521 4984 1606 5034 Linus
1631 4982 1693 5034 fons
1716 4981 1744 5031 in
1766 4979 1863 5031 eadem
1886 4978 2017 5040 Arcadia,

359 5042 453 5094 crassi
462 5042 551 5127 luere:
559 5045 720 5116 mediosque
732 5051 807 5105 later
816 5052 917 5105 nuans
929 5003 1042 5107 exsistit
1052 5055 1160 5123 aliquid
1213 5058 1383 5120 abortusque
1395 5053 1455 5104 lieri
1466 5068 1521 5103 noa
1532 5054 1644 5119 patitur.
1673 5053 1696 5103 li
1709 5051 1819 5102 diverso
1831 5049 1858 5099 in
1871 5045 2016 5115 l‘yrrbaea

359 5111 514 5165 'mmmm
525 5114 658 5168 ⁸³¹i¹i¹¹iib
1212 5126 1323 5187 flumen,
1354 5122 1407 5174 uod
1419 5120 1614 5189 Aphrodisium
1627 5128 1750 5181 uocatur,
1767 5118 1880 5171 steriles
1890 5116 1968 5168 lacit.

395 5183 442 5234 lll.
462 5182 520 5263 lam
531 5185 686 5249 generatim
698 5189 792 5239 serris
868 5191 1092 5259 untpedlbuste,
1112 5201 1162 5247 sut
1248 5195 1319 5247 Vlll.
1383 5208 1430 5244 cus
1445 5189 1563 5257 alphion
1578 5191 1731 5260 vitiligines
1743 5189 1830 5240 tollit.
1866 5185 1956 5238 Varro
1967 5200 2016 5236 eu·

358 5251 566 5313 coxendicibus,
587 5253 661 5305 aliae
671 5253 782 5318 lutatis,
801 5204 944 5314 misae.
980 5263 1112 5314 lnaniont
1122 5265 1162 5315 al·
1213 5273 1275 5318 ator
1285 5263 1446 5325 estl'itium
1458 5259 1594 5328 quendam
1606 5268 1738 5327 praetura
1749 5259 1883 5320 iunctam,
1895 5268 2015 5307 marmo-

358 5336 418 5373 res.
455 5321 704 5385 Sannaurulnera.
739 5326 832 5391 Capiti
849 5333 1017 5398 auribusque
1030 5335 1159 5399 privatim
1212 5335 1253 5385 rei
1264 5334 1335 5402 slgni
1348 5331 1448 5382 taciem
1460 5328 1590 5382 babuisse
1601 5338 1715 5397 propter
1724 5329 1750 5379 id
1764 5329 1871 5379 vitium.
1899 5323 2015 5392 Cydnus

359 5391 522 5444 medentur:
533 5392 622 5444 ocubs
633 5407 699 5445 vero
709 5393 916 5450 ciceronianae.
953 5400 1046 5468 Digna
1058 5418 1160 5453 aronio·
1213 5405 1328 5456 Ciliciae
1340 5401 1428 5452 anania
1440 5398 1599 5466 podagricis
1612 5401 1753 5461 medetur,
1774 5399 1846 5453 sicut
1857 5394 2014 5461 apparatio

359 5468 419 5539 ratu
441 5461 510 5513 villa
527 5468 571 5513 est
587 5462 622 5515 ab
633 5465 743 5517 Aterno
763 5464 826 5516 lacu
839 5466 970 5519 Puteolos
981 5472 1159 5523 tendentibus
1213 5474 1333 5541 epistola
1344 5469 1433 5522 Cassii
1446 5468 1603 5521 Parmensis
1615 5469 1650 5521 ad
1662 5471 1700 5521 Μ.
1714 5470 1872 5520 Antonium.
1900 5464 2014 5517 Contra.

358 5532 491 5593 imposita
502 5533 594 5597 litori,
613 5533 755 5587 celebrata
768 5535 879 5602 porticu
891 5552 924 5587 ac
933 5552 1056 5601 nemore,
1076 5554 1158 5608 quam
1214 5558 1344 5609 aquarum
1356 5539 1436 5605 eulpa
1447 5539 1474 5589 ln
1487 5539 1631 5592 Troezene
1642 5540 1764 5591 oriiniuns
1777 5538 1861 5606 pedes
1872 5533 1942 5585 titia
1952 5547 2015 5581 san·

357 5597 474 5650 rorabat
485 5602 583 5658 Cicero
594 5604 781 5673 nmeemisa,
792 5606 827 5660 ab
838 5608 965 5677 exemplo
977 5608 1159 5674 btbeaaram,
1214 5614 1295 5666 tiurst.
1307 5611 1411 5677 Tungri
1425 5607 1638 5663 civitasGalliae
1649 5609 1757 5663 iontem
1770 5606 1855 5660 babet
1866 5602 2016 5669 imiqnem,
