4340 6018
299 264 519 333 onmium
554 262 763 325 SECUNDI
799 266 954 330 NATUR
996 266 1170 331 BISTOR
1217 267 1364 330 blB-X.
1396 268 1491 330 CAP.
1519 273 1645 335 ea-m.
1748 278 1808 340 139

144 423 234 476 dicem
245 421 365 472 exeunte
376 416 405 467 in
416 413 553 482 proelium
564 412 634 466 duee
645 412 733 466 tutius
744 414 846 483 gregis.
863 417 952 482 capto
1005 416 1044 469 lit
1055 415 1153 471 harum
1165 433 1261 474 amore
1272 420 1413 473 insaniunt
1423 421 1517 475 multi:
1537 439 1622 492 super
1640 431 1717 480 tecte
1728 440 1809 481 exee-
1914 468 1920 473 .

146 508 179 545 eo
192 489 322 559 procedit
332 487 418 547 alter,
440 499 474 536 ac
484 483 601 535 subinde
612 484 723 551 singuli.
759 485 866 535 liumus
879 486 954 537 eirea
1007 485 1121 538 diiieaut
1131 496 1222 541 turres
1235 492 1281 553 iis,
1293 491 1523 560 nobilitatemque
1533 496 1705 563 singularum
1716 505 1745 550 et
1756 498 1809 549 ori·

146 564 311 626 conceptum
322 555 443 608 irminae
455 554 610 622 capiuntur,
621 562 720 605 centra
729 568 866 620 aucupum
876 553 955 606 femi·
1005 556 1088 624 ςίιιι
1098 565 1227 619 uersam,
1244 568 1341 612 vetere
1357 566 1412 613 iam
1424 564 1561 630 exemplo.
1581 566 1614 617 1..
1627 568 1711 619 Axius
1723 581 1809 635 eques

147 646 208 683 narn
220 633 365 689 exeuntes,
375 632 407 677 ut
417 623 536 685 rixando
547 623 663 691 abigant
673 638 743 675 eam.
755 624 850 690 Neque
861 622 953 675 inalio
1007 628 1149 678 Romanus
1170 633 1235 679 ante
1253 628 1358 680 beilum
1379 630 1462 683 civile
1474 632 1672 701 Pompeianum
1687 635 1809 688 denariis

147 698 261 754 animali
272 710 404 765 peropus
415 693 549 745 libidinis.
570 693 600 744 si
615 701 714 745 centra
724 707 815 746 mares
825 693 955 747 steterint
1006 694 1220 762 quadringentis
1230 697 1340 765 singula
1352 701 1431 763 paria
1441 701 1602 765 venditavit,
1623 712 1654 756 ut
1665 707 1704 756 Μ.
1721 706 1808 758 Varro

147 770 275 830 feminae,
296 765 410 819 euraab
422 762 466 814 bis
478 764 564 817 flante
573 770 761 843 praegnantes
772 762 855 813 dunt:
878 761 953 815 bien·
1006 763 1103 815 tradit.
1139 763 1212 825 Quin
1227 773 1257 816 et
1271 770 1389 832 patriam
1404 769 1601 834 nobilitavere,
1621 775 1648 823 in
1660 773 1810 841 Canrpania

146 850 191 893 tes
207 844 303 891 autem
323 840 437 888 exserta
457 834 556 901 lingua
576 847 625 899 per
645 831 674 882 sd
691 838 800 899 tempus
816 838 953 884 aestuent.
1006 832 1210 900 grandissimae
1221 835 1367 900 provenire
1376 838 1563 893 existimatae.

147 907 314 973 Csincipiunt
326 911 355 957 et
366 901 605 971 supervolantium
615 901 808 972 adlatu‚saepe
818 909 954 953 vocetnn·
1041 902 1114 955 LlV.
1132 903 1239 955 ilerum
1261 903 1373 955 solatus
1388 906 1415 955 in
1431 909 1635 974 reputationem
1653 917 1808 963 ceterarum

145 990 203 1031 tum
216 972 448 1027 auditamasculi.
459 973 589 1038 Adeoque
599 971 684 1022 vincit
694 970 782 1023 libide
795 972 879 1025 etium
892 971 952 1023 ioe-
1006 987 1116 1040 quoque
1127 972 1271 1025 volucrum
1283 986 1334 1025 nos
1346 972 1474 1040 impellit.
1495 977 1628 1029 Omnibus
1642 979 1809 1033 animalibus

146 1058 191 1100 tus
204 1046 372 1105 caritatem,
392 1046 423 1094 ut
434 1042 485 1094 iila
495 1040 592 1113 turtirp
612 1047 641 1094 et
652 1043 680 1092 in
691 1042 802 1093 occulto
814 1041 953 1102 incubans,
1006 1042 1123 1108 reliquis
1135 1050 1228 1095 certus
1239 1048 1268 1095 et
1278 1043 1446 1104 uniusmodi,
1459 1052 1487 1096 et
1495 1047 1525 1095 in
1534 1062 1586 1098 suo
1599 1049 1695 1114 cuique
1707 1063 1809 1117 genere

146 1132 207 1171 eum
218 1114 308 1169 sensit
321 1111 452 1165 feminam
465 1110 581 1177 aucupis
595 1110 773 1163 accedentem
794 1110 829 1162 ad
840 1125 953 1173 marens,
1005 1111 1132 1163 incessus
1153 1118 1208 1165 est:
1230 1126 1295 1164 aves
1313 1112 1391 1163 solae
1411 1114 1489 1164 vario
1501 1125 1594 1168 meatu
1605 1116 1732 1170 feruntur
1742 1124 1771 1171 et
1781 1118 1809 1170 in

146 1191 259 1239 meanat
278 1187 460 1249 resonetque,
482 1188 511 1232 et
532 1180 608 1249 ultro
629 1180 763 1246 praebeat
781 1194 812 1232 se
834 1179 953 1231 libidini.
1005 1187 1091 1243 terra,
1103 1190 1131 1234 et
1141 1181 1169 1232 iu
1180 1196 1253 1235 aere.
1284 1181 1434 1233 Ambulent
1444 1183 1563 1249 aliquae,
1575 1193 1606 1236 ut
1617 1190 1810 1239 cornicesrsa·

146 1256 234 1309 itabie
245 1252 357 1321 quidem
368 1256 449 1303 tanta
460 1249 599 1311 seruntur,
620 1256 652 1300 ut
669 1250 698 1301 in
710 1249 801 1317 eapite
813 1264 953 1316 aucupan-

146 1327 214 1377 tium
225 1338 272 1376 sae
294 1336 420 1374 eeaeeae
432 1325 508 1371 metu
519 1318 642 1371 sedeant.
661 1318 690 1371 Si
701 1319 737 1371 ad
749 1318 844 1370 nidum
855 1319 880 1369 is
891 1334 952 1370 coe·

147 1397 187 1464 pit
199 1338 342 1453 aecefcre,
353 1392 494 1457 procurrit
505 1387 540 1440 ad
552 1387 637 1455 pedes
648 1389 707 1440 eius
719 1388 804 1450 loeta,
824 1403 953 1455 praegra·

146 1480 206 1516 vem
217 1469 266 1515 aut
278 1460 434 1513 delumbem
446 1473 509 1510 sese
521 1457 667 1519 simulans,
687 1458 836 1526 subitoque
847 1458 875 1508 in
888 1471 952 1523 pro·

147 1548 228 1587 eumn
247 1536 297 1583 aut
317 1529 398 1582 brevi
418 1528 512 1595 aliquo
529 1526 626 1579 volatu
638 1527 723 1589 eadit,
746 1526 954 1579 tractaautala

147 1611 197 1657 aut
209 1601 341 1670 pedibus:
355 1597 497 1666 procurrit
507 1596 619 1659 iterum,
630 1598 740 1648 iamiam
752 1594 952 1666 prehensurum

147 1672 292 1739 effugiens,
312 1682 446 1736 spemque
458 1667 605 1730 frustrans,
616 1666 704 1719 donee
715 1668 742 1718 in
754 1666 894 1719 diversum
906 1664 954 1717 ab·

147 1743 261 1795 ducatu
274 1739 355 1792 nidis.
391 1737 607 1803 iisdempavure
627 1737 954 1789 liberaacmaternava·

148 1826 215 1865 cans
227 1825 305 1871 cura,
325 1810 354 1860 in
365 1808 443 1860 sulcu
455 1805 584 1873 resupina
594 1806 677 1873 gleba
690 1822 722 1859 se
732 1814 825 1858 terrae
836 1806 953 1873 pedibus

147 1879 323 1949 apprehensa
332 1882 433 1945 operit.
460 1876 607 1930 Perdieum
616 1878 674 1928 vita
686 1878 721 1930 ad
730 1875 852 1929 sedecim
865 1890 953 1928 anuos

147 1950 249 2003 durare
264 1949 449 2002 existimatur.
731 1995 748 2021 ο,

181 2019 241 2072 Lll.
252 2019 294 2071 Ab
304 2018 349 2071 his
359 2017 549 2070 colunnbarum
561 2018 680 2068 maxime
690 2022 853 2082 spectantur
864 2014 952 2066 simili

146 2090 256 2142 renone
267 2103 358 2140 mures
369 2086 465 2139 iidem:
476 2086 525 2139 sed
536 2086 668 2152 pudicitia
678 2087 736 2137 illis
748 2087 845 2152 privita,
854 2092 881 2137 ct
889 2100 952 2135 neu·

147 2161 185 2212 tri
196 2164 265 2210 nota
276 2156 424 2210 adulteria.
453 2156 582 2223 Coniugii
593 2156 674 2207 tidem
687 2170 740 2206 non
751 2156 867 2217 violant,
879 2170 953 2206 curri·

147 2243 312 2296 munemque
324 2232 436 2279 servant
447 2225 568 2278 domum.
604 2226 664 2276 Nisi
682 2225 792 2278 coelebs
803 2232 852 2275 aut
861 2224 953 2286 vidua,

145 2298 241 2350 nidum
253 2312 309 2348 non
321 2296 463 2364 relinquit.
499 2297 536 2347 iit
546 2295 713 2361 imperiosus
724 2309 823 2355 mares,
834 2291 952 2344 subinde

145 2368 231 2420 etiam
244 2368 365 2433 iniquos,
383 2366 490 2418 ierunt:
509 2365 611 2432 quippe
621 2365 744 2430 suspicio
755 2368 799 2415 est
809 2361 953 2422 adulterii,

144 2438 272 2505 quamn-is
284 2443 386 2488 namra
396 2451 451 2485 non
462 2434 509 2484 sit.
548 2436 627 2484 Tune
644 2433 754 2499 plenum
767 2433 880 2498 querela
892 2435 954 2497 gut·

143 2513 201 2568 tur,
216 2507 352 2572 saevique
363 2511 456 2555 rostro
467 2505 547 2561 ictus,
570 2516 635 2551 mex
646 2505 674 2552 in
684 2500 876 2552 satisfactione
888 2513 953 2549 exo·

143 2577 277 2636 mulatio,
292 2579 321 2625 et
331 2577 405 2624 eirca
416 2569 533 2619 Veneris
546 2583 640 2634 preces
652 2568 757 2619 crebris
769 2568 869 2634 pedum
881 2568 953 2617 orbi·

141 2645 197 2697 bus
208 2640 346 2696 adulatio.
381 2639 468 2688 Anser
477 2636 588 2702 utrique
598 2637 704 2687 sobolis
713 2636 851 2711 aequalip:
869 2651 953 2703 saepe

141 2720 172 2766 et
187 2727 225 2765 ex
236 2711 290 2760 bac
301 2721 386 2760 eausa
397 2706 566 2773 castigatio,
586 2705 693 2773 pigrius
714 2706 838 2758 intrante
849 2705 954 2758 femina

138 2781 178 2833 ad
194 2778 297 2846 pullus.
318 2775 491 2828 Parturienti
501 2774 604 2827 solatia
615 2782 645 2827 et
657 2774 812 2827 ministeria
822 2789 856 2827 ex
867 2780 952 2827 mare.

137 2848 238 2903 Pullis
258 2844 349 2913 primo
360 2845 505 2897 salsiorem
518 2848 620 2897 terram
641 2845 787 2896 collectam
798 2853 913 2913 gutture
923 2845 953 2896 in

140 2933 197 2971 ura
217 2919 361 2981 inspuunt,
392 2921 593 2980 praeparantes
613 2914 856 2980 tempestivitatem
881 2914 952 2966 cibo.

141 2986 293 3052 Proprium
305 2985 415 3056 generis
426 2985 485 3034 eius
496 2991 525 3034 ct
538 2989 685 3044 turturum,
705 3000 766 3035 cum
777 2983 883 3048 bibant,
895 2983 952 3035 cul-

141 3056 173 3107 la
185 3070 240 3105 non
249 3052 658 3119 resupinare,largequebibere
667 3055 852 3104 iumentorum
859 3052 953 3105 modo.

180 3124 285 3177 Vivere
297 3123 441 3190 palumbes
451 3122 487 3173 ad
498 3121 577 3173 XXX
589 3138 701 3185 arrisum,
723 3121 833 3188 aliquos
845 3121 881 3174 ed
893 3121 952 3183 xi,

144 3192 281 3245 babemus
292 3199 491 3253 auctores,uno
503 3198 610 3242 tantum
623 3190 952 3260 incommodouoguium,

147 3262 244 3316 eodem
262 3268 292 3314 et
311 3267 476 3329 argumento
492 3267 631 3322 senectae,
653 3263 701 3328 qui
717 3263 790 3313 citra
801 3261 951 3329 perniciem

146 3332 318 3384 reciduntur.
349 3333 451 3383 cantus
463 3331 591 3383 omnibus
602 3331 704 3382 similis
716 3339 800 3398 atque
810 3330 893 3392 idenr,
904 3333 953 3382 tri·

149 3414 185 3451 no
197 3402 343 3452 condetur
359 3415 449 3462 versu,
468 3406 633 3469 praeterque
653 3401 683 3450 in
695 3400 820 3452 clausula
829 3402 951 3468 gemitu:

148 3468 239 3523 iriense
251 3472 344 3532 mutis,
355 3485 372 3520 a
381 3484 446 3522 vere
457 3470 609 3522 vocalibus.
646 3470 775 3536 Nigidius
786 3476 874 3535 putat,
887 3485 949 3521 cum

150 3539 337 3601 ovaincubnt,
356 3540 408 3590 sub
427 3543 503 3591 tecto
514 3542 685 3591 nominatam
703 3539 859 3607 palumbem
871 3538 954 3591 relin-

150 3622 232 3675 quere
244 3607 335 3660 nidos.
354 3606 470 3659 Pariunt
481 3616 572 3661 autern
585 3616 649 3675 post
659 3608 821 3660 solstitium.
843 3609 953 3660 Colum·

150 3676 200 3729 bae
212 3685 240 3729 et
250 3684 374 3729 turtures
386 3679 497 3730 octonis
509 3680 589 3729 annis
599 3679 704 3728 vivunt.
730 3680 836 3730 Contra
847 3679 952 3743 passeri

150 3747 292 3798 minimum
313 3747 398 3808 vitae,
420 3747 465 3798 cui
484 3747 614 3799 salacitas
632 3761 692 3813 par.
708 3748 803 3798 Mares
814 3753 954 3814 negantur

150 3830 220 3868 anuo
231 3816 340 3868 diutius
348 3816 459 3878 durare,
481 3823 644 3885 argumento
655 3816 721 3885 quia
731 3816 809 3869 nulla
819 3815 892 3867 veris
903 3816 953 3866 ini·

150 3885 190 3935 tio
201 3890 336 3952 appareat
348 3885 490 3952 nigritudo
500 3886 530 3937 in
541 3892 643 3944 restro,
665 3901 736 3953 quae
748 3884 782 3936 ab
794 3891 903 3938 aestate
912 3885 953 3935 in·

150 3954 227 4021 cipit.
238 3953 363 4006 Feminis
374 3953 576 4021 longiusculum
587 3956 717 4020 spatium.

183 4020 287 4075 Verum
308 4023 445 4075 columbis
466 4024 540 4076 inest
560 4023 671 4091 quidam
688 4030 717 4076 et
727 4021 835 4091 gloriae
844 4022 954 4074 intelle·

150 4099 219 4145 ctus.
255 4091 345 4144 Nosse
357 4092 454 4144 eredas
464 4108 530 4146 suos
542 4093 661 4153 colores,
672 4093 889 4159 varietatemque
902 4092 954 4143 dis·

150 4163 283 4227 positam:
304 4162 370 4227 quin
380 4161 463 4212 etiam
475 4178 509 4214 ex
521 4162 619 4214 velatu
630 4168 772 4230 quaeritur
783 4161 916 4229 plaudere
925 4162 953 4212 in

149 4230 242 4290 caelo,
252 4229 384 4297 varieque
396 4231 515 4285 sulcare.
538 4230 599 4293 Qua
611 4232 636 4283 in
650 4231 845 4292 ostentatione,
857 4236 888 4281 ut
898 4230 953 4281 vin-

149 4306 226 4358 ciae,
238 4298 404 4363 praebentur
414 4301 706 4368 accipitri,implicatis
715 4300 835 4367 strepitu
847 4299 954 4367 peonis,

149 4368 197 4434 qul
210 4379 266 4416 non
279 4366 332 4417 nisi
353 4368 538 4434 ipsisalarum
559 4370 680 4422 humeris
697 4369 824 4421 eliditur:
846 4367 953 4435 alioqui

149 4436 245 4488 solutu
258 4434 355 4488 relatu
365 4438 392 4491 in
404 4440 519 4492 multum
534 4439 697 4491 velociores.
734 4437 901 4504 Speculatus·
911 4451 954 4488 uc·

149 4505 241 4557 cultus
252 4503 354 4560 frende
365 4508 448 4573 latre,
469 4516 497 4561 et
535 4508 683 4575 audentem
701 4508 728 4559 in
740 4509 800 4574 ipsa
811 4507 903 4574 gloria
912 4521 952 4557 ra·

147 4577 195 4640 pit.
207 4574 252 4630 0b
263 4575 293 4630 id
305 4592 367 4630 cum
377 4578 414 4629 iis
424 4525 551 4631 babenfia
561 4584 605 4629 est
616 4577 685 4641 avis,
696 4592 766 4646 quae
775 4575 954 4629 tinnunculus

146 4651 271 4699 roratur.
307 4645 445 4699 Defendit
459 4648 532 4700 enim
546 4635 625 4711 ilias,
646 4652 789 4714 terretque
807 4646 954 4713 accipitres

148 4715 267 4769 naturali
276 4717 447 4783 potentiano
458 4723 578 4779 tantum,
587 4723 620 4768 ut
630 4718 720 4768 risum
733 4730 884 4784 vocemque
894 4715 954 4767 eius

148 4782 265 4854 iugiant.
280 4786 344 4838 Hac
355 4785 390 4839 de
400 4802 484 4840 eausa
494 4787 659 4854 praecipuus
671 4785 806 4838 columbis
819 4800 899 4836 amor
911 4798 956 4836 eo·

148 4867 215 4905 rann.
224 4854 397 4925 Feruntque,
408 4858 433 4907 si
444 4857 472 4909 in
484 4862 606 4925 quatuor
616 4856 725 4925 angulis
737 4854 919 4907 defodiantur
928 4854 956 4904 in

149 4923 213 4974 ollis
234 4926 314 4976 novis
334 4925 444 4989 oblitis,
474 4940 529 4977 non
550 4931 659 4978 mutare
681 4925 775 4980 sedem
798 4924 955 4977 columbas:

148 4991 234 5061 (quod
244 5007 315 5046 auro
325 4994 441 5047 insectis
453 4995 560 5048 alarum
573 4995 850 5062 articulisquaesiere
859 4995 957 5063 aliqui,

148 5075 200 5113 nnn
221 5062 308 5116 aliter
325 5065 451 5117 innoxiis
471 5065 660 5123 vulneribusxi
680 5065 834 5132 multivaga
851 5064 955 5130 alioqui

148 5143 205 5182 ase.
227 5130 281 5183 list
291 5133 364 5185 enim
376 5148 422 5187 ars
434 5134 492 5186 illis
503 5135 577 5187 inter
586 5150 617 5186 se
627 5134 750 5187 blandiri
762 5140 792 5187 et
801 5148 958 5200 comumpe·

146 5212 177 5252 re
187 5200 270 5263 alies,
278 5201 412 5271 furtoque
422 5205 616 5257 comitatiores
627 5206 739 5257 reverti.

181 5267 254 5323 biti.
273 5272 347 5335 Quin
366 5280 395 5326 et
405 5274 596 5327 internuntiae
615 5274 644 5324 in
656 5271 957 5341 rebusmagnisiuere,

147 5337 283 5404 epistolas
295 5355 419 5395 annexas
430 5358 525 5397 eurum
537 5342 653 5410 pedibus
664 5342 809 5395 obsidione
818 5342 958 5395 Mutinen-

145 5407 171 5458 si
182 5407 211 5458 ln
222 5413 317 5463 castra
327 5413 470 5464 consulum
477 5413 600 5465 Decime
612 5413 702 5465 Brute
713 5412 851 5464 mittente.
879 5409 954 5472 Ωιι]

144 5475 260 5540 sallum,
272 5485 301 5532 et
309 5480 378 5549 vigil
389 5481 511 5543 obsidio,
522 5486 608 5550 atque
619 5484 704 5534 etiam
712 5482 956 5546 retiaemneprae·

143 5551 226 5600 tenta
245 5548 380 5615 proruere
399 5549 530 5615 Antonio,
551 5565 601 5616 per
622 5551 730 5606 caelans
747 5556 829 5604 eunte
840 5549 957 5602 nuntiet

1006 1250 1078 1301 liunt
1089 1250 1171 1315 aliae,
1191 1260 1222 1303 ut
1232 1266 1370 1320 passeres,
1392 1251 1529 1304 nrerulae:
1544 1263 1666 1319 currunt,
1676 1267 1707 1307 ut
1718 1255 1809 1323 perdi·

1005 1336 1062 1382 ces,
1080 1321 1245 1373 resticulae:
1266 1328 1331 1374 ante
1348 1322 1475 1388 sepedes
1490 1321 1612 1384 iaciunt,
1634 1327 1808 1388 utcicuniae,

1006 1404 1103 1456 grues:
1117 1390 1276 1458 expandunt
1286 1392 1355 1453 alas,
1367 1390 1573 1458 pendentesque
1585 1406 1649 1443 rare
1659 1394 1809 1447 intervallo

1006 1460 1144 1526 quatiunt,
1166 1460 1240 1512 aliae
1260 1461 1398 1523 crebrius,
1419 1459 1467 1512 sed
1488 1467 1518 1512 et
1538 1461 1643 1528 pontes
1665 1464 1810 1531 dumtaxat

1005 1541 1124 1596 pennas:
1147 1530 1220 1582 aliae
1231 1537 1259 1582 at
1272 1537 1332 1583 tuta
1342 1532 1434 1583 latera
1445 1529 1581 1598 pandunt:
1597 1531 1730 1598 quaedam
1741 1547 1809 1585 vero

1006 1602 1112 1653 maiore
1123 1615 1157 1653 ex
1168 1607 1249 1668 parte
1260 1603 1425 1668 eoorpressis
1440 1600 1549 1665 rolant3
1573 1615 1759 1667 percussoque
1768 1617 1810 1655 se·

1006 1668 1071 1732 mei,
1091 1671 1200 1737 aliquae
1212 1677 1240 1721 et
1250 1673 1361 1738 gemino
1371 1671 1430 1723 ictu
1441 1685 1506 1723 aene
1522 1669 1663 1733 feruntur,
1674 1670 1719 1722 vel
1731 1676 1762 1721 ut
1771 1670 1810 1721 in-

1005 1739 1110 1790 clusum
1123 1754 1186 1791 eum
1198 1747 1369 1807 prementes,
1389 1741 1633 1793 eiaculantursese
1644 1740 1671 1791 in
1683 1739 1820 1800 sublime„

1004 1808 1032 1859 in
1045 1810 1192 1870 certamin
1199 1824 1326 1877 prunum.
1338 1810 1456 1878 impingi
1467 1816 1548 1878 putes
1558 1809 1675 1879 aliquas,
1688 1817 1738 1861 aut
1749 1823 1808 1860 rur·

1005 1893 1051 1930 sus
1071 1878 1107 1930 ab
1128 1878 1186 1931 alte
1202 1878 1301 1931 cadere
1322 1878 1385 1941 bas,
1405 1879 1573 1932 iliassalire.
1609 1878 1809 1942 Anatessulae‚

1005 1963 1131 2017 quaeque
1148 1955 1214 1999 sunt
1228 1948 1351 2000 eiusdem
1371 1952 1495 2017 generis,
1514 1949 1542 2000 in
1553 1948 1673 2001 sublime
1684 1951 1810 2017 protinus

1004 2017 1190 2081 seseteilunt,
1212 2019 1454 2087 atqueevestigio
1466 2019 1573 2071 caelum
1587 2026 1696 2085 petunt,
1716 2017 1810 2071 etbuc

1004 2089 1088 2141 edam
1100 2103 1133 2140 ex
1144 2103 1226 2155 equa.
1264 2089 1360 2155 ltaque
1371 2089 1398 2140 io
1410 2090 1515 2148 foveae,
1546 2088 1627 2139 uibus
1638 2086 1714 2140 ieras
1724 2101 1808 2140 vena·

1004 2162 1075 2219 mur,
1092 2156 1224 2225 delapsae
1235 2158 1312 2211 selae
1323 2157 1452 2211 evadunt.
1489 2103 1606 2221 vuitus,
1627 2163 1656 2209 et
1671 2156 1731 2210 iere
1748 2171 1810 2224 gra·

1004 2228 1108 2288 riores,
1128 2226 1182 2277 nisi
1195 2242 1227 2279 ex
1240 2242 1390 2293 procursu,
1412 2235 1460 2280 aut
1470 2227 1573 2279 altiore
1583 2226 1695 2278 cumulo
1706 2227 1810 2279 immis-

1004 2312 1062 2358 sae,
1072 2311 1127 2347 ιιι
1137 2294 1264 2347 evolante
1275 2297 1366 2348 cauda
1377 2304 1519 2363 reguntur.
1555 2297 1633 2349 Aliae
1644 2296 1811 2362 circunseptu-

1006 2372 1092 2427 ctant,
1104 2365 1179 2416 aliae
1190 2363 1305 2417 flectunt
1316 2363 1399 2416 colla.
1437 2364 1596 2417 Nonnullae
1607 2372 1758 2418 vescuntur
1768 2379 1810 2427 ea,

1006 2449 1077 2501 quae
1088 2448 1205 2500 rapuere
1216 2433 1342 2500 pedibus.
1361 2433 1426 2485 Siue
1436 2449 1505 2485 voce
1516 2448 1572 2483 non
1582 2434 1682 2486 volant
1692 2434 1810 2486 multae:

1005 2509 1055 2556 aut
1066 2505 1233 2554 econtrario
1244 2517 1354 2569 semper
1373 2502 1401 2553 iu
1414 2502 1509 2553 relatu
1521 2501 1614 2553 silent
1650 2502 1811 2565 subrectae,

1006 2586 1120 2640 pronae,
1138 2570 1276 2638 obliquae,
1290 2572 1320 2621 in
1330 2571 1430 2630 latera,
1440 2571 1468 2621 in
1479 2585 1537 2631 ore,
1548 2571 1682 2636 quaedam
1695 2577 1723 2622 et
1734 2585 1810 2621 reeu-

1006 2643 1088 2710 pinae
1097 2639 1237 2691 feruntur:
1256 2648 1288 2689 ut
1298 2639 1323 2690 si
1334 2639 1439 2706 pariter
1449 2645 1599 2689 cernantur
1608 2639 1689 2705 plura
1698 2653 1811 2709 genera,

1005 2725 1061 2762 nun
1071 2712 1099 2760 in
1110 2707 1207 2760 eadem
1218 2716 1318 2760 natura
1330 2722 1424 2759 creare
1434 2707 1574 2759 videntur.

1040 2779 1099 2834 LV.
1119 2777 1270 2830 Plurimum
1282 2777 1386 2839 volant,
1407 2775 1603 2843 quaeapodes,
1623 2776 1690 2843 quia
1699 2784 1810 2829 careant

1004 2865 1055 2902 usu
1068 2849 1167 2914 pedum
1177 2865 1183 2898 ι
1195 2848 1229 2900 ab
1241 2845 1303 2898 aliis
1314 2845 1624 2914 cypselllappeliantur,
1633 2844 1809 2897 birundinum

1004 2919 1108 2987 speeie.
1138 2916 1291 2970 Nidiiicant
1303 2918 1330 2967 in
1341 2915 1472 2983 scopulis.
1512 2915 1572 2966 iiee
1582 2919 1656 2977 sunt,
1667 2929 1737 2981 quac
1748 2922 1810 2965 tute

1005 2990 1076 3040 mari
1087 2993 1251 3041 cernuntur:
1274 2999 1452 3054 necunquam
1464 2990 1521 3035 tam
1532 2983 1617 3050 longe
1629 2999 1720 3043 naves,
1741 2991 1810 3035 tam·

1004 3072 1058 3125 que
1070 3057 1201 3109 conunuo
1213 3070 1296 3107 eumn
1306 3056 1439 3107 recedunt
1450 3068 1467 3104 a
1478 3060 1563 3115 terra,
1583 3059 1615 3103 ut
1625 3067 1679 3103 non
1693 3053 1810 3105 circum·

1004 3126 1123 3179 volitent
1135 3141 1183 3177 ιιι
1194 3124 1306 3191 apodes.
1338 3124 1438 3175 cetera
1449 3136 1551 3189 genera
1563 3121 1689 3175 residunt
1700 3128 1728 3174 et
1739 3121 1808 3172 insi·

1004 3201 1094 3247 stunt:
1115 3193 1157 3245 bis
1180 3193 1269 3261 quies,
1290 3193 1346 3244 nisi
1362 3191 1475 3254 innide,
1497 3191 1588 3242 nulla:
1610 3197 1659 3242 aut
1677 3190 1809 3260 pendent,

1004 3266 1163 3317 autiaccnt.

1039 3332 1111 3387 LVl.
1130 3336 1169 3385 [it
1179 3333 1292 3400 ingenia
1304 3347 1391 3400 aeque
1402 3331 1490 3393 naria,
1511 3330 1547 3383 ed
1559 3336 1667 3397 pastum
1680 3330 1809 3381 maxime.

1006 3402 1374 3471 caprimulgi'appellantur
1395 3400 1552 3470 grandioris
1572 3399 1695 3451 merulae
1711 3399 1810 3465 adspe-

1005 3480 1062 3536 ctu,
1082 3471 1161 3525 iures
1171 3474 1313 3524 nocturni:
1334 3472 1457 3523 interdiu
1469 3469 1541 3522 enim
1553 3471 1613 3519 vinu
1624 3474 1729 3520 carent.
1766 3469 1810 3518 ln·

1004 3548 1081 3594 trant
1102 3549 1243 3609 pastorum
1263 3540 1382 3602 stabula,
1404 3552 1604 3606 caprarumque
1620 3538 1753 3589 uberibus
1763 3535 1809 3587 ud·

1005 3612 1100 3665 rolant
1111 3617 1219 3664 suctum
1232 3617 1347 3678 propter
1357 3610 1452 3661 lactis:
1475 3622 1529 3675 qua
1545 3607 1647 3658 iniuria
1658 3608 1726 3658 uber
1737 3619 1811 3657 emo·

1004 3683 1086 3743 ritus,
1099 3682 1244 3749 caprisque
1254 3680 1384 3740 caecitas,
1402 3692 1470 3743 quas
1480 3678 1523 3728 ita
1533 3676 1662 3737 mulsere,
1673 3675 1810 3727 oburitur.

1004 3749 1106 3803 Platea
1117 3751 1286 3813 nominatur,
1306 3747 1440 3800 adnotans
1451 3746 1486 3797 ad
1498 3760 1556 3808 eas,
1577 3760 1648 3812 quae
1657 3746 1724 3795 sein
1737 3742 1808 3794 mari

1005 3828 1145 3887 mergunt,
1164 3827 1194 3873 et
1203 3821 1297 3886 capita
1307 3818 1418 3869 illarum
1430 3807 1698 3880 moraucerripiens,
1719 3812 1810 3864 denec
1903 3832 1909 3844 ·

1006 3895 1148 3953 capturam
1160 3892 1336 3952 extorqueat.
1371 3883 1477 3937 Eadem
1494 3898 1555 3935 cum
1567 3881 1708 3935 devoratis
1719 3896 1750 3932 se
1760 3883 1809 3932 im·

1006 3955 1092 4024 plevit
1112 3953 1236 4017 cenabis,
1257 3954 1351 4006 calore
1372 3951 1705 4014 ventriscoetasesomit,
1725 3955 1809 4017 atque

1006 4028 1046 4077 ita
1057 4039 1091 4077 ex
1102 4024 1137 4075 lie
1149 4024 1293 4077 esculenta
1302 4023 1380 4092 legit,
1390 4029 1479 4076 testas
1489 4034 1646 4075 excernens.

1040 4091 1127 4146 nvo.
1146 4093 1299 4146 villaribus
1310 4093 1423 4161 gallinis
1444 4100 1472 4144 et
1483 4091 1583 4159 religio
1593 4090 1676 4151 inest.
1711 4082 1809 4137 lubor-

1006 4167 1118 4217 reseunt
1128 4163 1206 4215 edito
1218 4177 1288 4225 oro,
1304 4163 1502 4228 excutiuntque
1511 4174 1573 4213 sese
1584 4164 1612 4210 et
1625 4157 1811 4207 circumactae

1026 4232 1165 4294 umbrant,
1183 4247 1216 4284 ae
1236 4232 1344 4285 festuca
1365 4232 1460 4298 aliqua
1480 4243 1551 4290 sese,
1571 4233 1600 4277 et
1618 4224 1810 4291 ovalustrnnt.

1005 4249 1143 4353 {liciniae
1154 4302 1244 4352 avium
1257 4300 1403 4352 cardueles
1415 4300 1553 4364 imperata
1563 4293 1679 4357 inuium,
1701 4308 1752 4345 nec
1762 4307 1810 4345 vo·

1006 4385 1038 4422 ee
1049 4377 1168 4433 tantum,
1178 4369 1227 4421 sed
1238 4368 1357 4436 pedibus
1368 4377 1396 4420 et
1405 4383 1455 4419 ore
1466 4381 1516 4432 pro
1527 4362 1660 4416 manibus.
1676 4362 1729 4415 Est
1739 4376 1810 4431 qaae

1005 4439 1089 4491 boum
1113 4439 1236 4506 mugitus
1256 4438 1390 4502 imitetur,
1410 4438 1439 4487 in
1449 4433 1604 4487 Arelatensi
1625 4446 1693 4500 egro
1712 4442 1810 4484 taurus

1006 4506 1158 4575 appellata,
1169 4506 1274 4574 alioqui
1283 4520 1378 4575 parra.
1411 4506 1811 4572 Estqueeequurumquoque
1886 4537 1889 4541 -

1006 4576 1140 4638 binnitus,
1156 4573 1257 4627 antbus
1266 4578 1388 4639 nomine,
1407 4575 1509 4628 barbae
1520 4575 1622 4641 pabule
1633 4574 1754 4625 adventu
1765 4586 1812 4625 so·

1005 4661 1067 4699 rum
1080 4648 1161 4713 pulsa
1171 4645 1306 4708 imitatur,
1316 4645 1352 4696 ad
1362 4644 1433 4697 bunc
1444 4644 1554 4697 ιιοιιιιι
1565 4660 1596 4698 ιι
1607 4642 1754 4696 ulciscens.

1041 4715 1141 4770 LVlli.
1160 4714 1250 4782 Super
1259 4717 1353 4767 emnia
1362 4714 1497 4768 humanas
1507 4730 1588 4768 vaces
1599 4713 1728 4774 reddunt,
1742 4711 1810 4778 psit·

1006 4787 1064 4840 teci
1074 4785 1186 4853 quidem
1199 4785 1283 4837 etiam
1296 4788 1522 4838 sermocinantes.
1558 4785 1637 4837 india
1646 4781 1718 4834 benc
1730 4794 1810 4832 avem

1007 4858 1102 4917 nrittit,
1120 4858 1340 4918 sittacenroeat,
1358 4855 1475 4907 viridem
1486 4860 1548 4905 tete
1561 4865 1690 4918 corpore,
1710 4856 1811 4915 torque

1008 4932 1114 4977 tentum
1128 4926 1246 4979 miniato
1255 4925 1285 4976 in
1298 4925 1404 4977 ιιιιὶιι
1419 4924 1588 4975 distinctam.
1624 4920 1811 4985 imperatores

1008 4995 1123 5056 salutat,
1143 5001 1172 5046 et
1194 5009 1265 5061 quae
1282 4993 1488 5062 accipitverba,
1507 4988 1686 5058 pronuntiat:
1706 4989 1734 5039 in
1746 4987 1811 5037 sino

1007 5062 1156 5131 praecipue
1166 5063 1277 5115 lesciva.
1314 5063 1408 5130 capiti
1418 5061 1476 5114 eius
1488 5059 1592 5111 duritia
1606 5057 1719 5120 eadem,
1740 5069 1812 5124 quae

1008 5139 1110 5186 rostro.
1140 5133 1213 5195 Hoc,
1224 5146 1286 5184 cum
1298 5132 1376 5201 loqui
1386 5130 1479 5192 discit,
1488 5128 1582 5183 ferreo
1592 5129 1756 5180 verberatur
1764 5138 1809 5175 re·

1009 5203 1071 5254 diez
1091 5215 1145 5253 non
1158 5204 1244 5253 senui
1255 5202 1339 5255 aliter
1348 5203 1430 5254 ieter.
1466 5200 1532 5251 cnm
1546 5196 1666 5259 develat,
1676 5201 1769 5247 rustm
1781 5203 1812 5242 se

1009 5271 1127 5391 excipit÷
1133 5271 1174 5323 illi
1184 5266 1319 5335 innititur,
1337 5271 1525 5336 levioremque
1535 5283 1566 5321 se
1575 5264 1725 5332 itapedunn
1736 5259 1811 5311 intir-

1007 5341 1101 5392 mitati
1125 5341 1189 5392 acit.

1043 5411 1117 5463 bix.
1137 5410 1231 5463 Minor
1239 5409 1386 5471 nobilitas,
1407 5407 1583 5476 quianunex
1602 5398 1811 5466 longinquoru-

1008 5481 1058 5541 nit,
1077 5479 1127 5533 sed
1148 5479 1309 5547 expressior
1329 5478 1496 5545 loquacitas,
1503 5471 1611 5595 1generi
1622 5467 1745 5532 picarum
1759 5469 1812 5517 est.

1008 5547 1494 5615 somnusvernnquaernqusntm.
1531 5538 1813 5600 conseminantem,

1334 5612 1398 5665 ιδ’
