4374 6014
230 424 234 431 .
299 340 332 400 c.
360 338 506 401 rainu
533 314 738 401 secono:
767 340 1039 407 narunsirs
1067 347 1186 410 ursr.
1222 348 1577 443 irs.xxx1.‚cnr.
1600 366 1718 425 m-aa.
1774 369 1838 429 aas

195 489 896 573 nisortmsicutinhiecedoniaePellautrumqae.
924 500 993 553 Ante
1047 498 1141 552 decem
1152 494 1210 562 est,
1232 501 1405 571 dimidioque
1422 508 1482 558 eius
1492 509 1627 575 quinaria.
1662 515 1840 570 inomnian-

196 562 327 644 oppidum
339 575 412 611 eninr
423 568 576 641 recipiente
597 570 718 624 aestate,
740 562 845 630 frigida
863 571 906 617 est
917 566 994 632 palu·
1046 569 1138 620 fractu
1148 571 1229 621 collis
1241 572 1395 637 quinariam
1415 576 1489 636 lieri,
1510 580 1557 629 ubi
1574 580 1829 651 dometurimpetus

196 639 277 684 stris:
297 628 361 681 dein
372 642 493 680 maximo
506 630 631 709 aestuis
641 632 840 685 excelsioribus
851 634 945 701 oppidi
958 636 995 687 ri·
1045 641 1229 689 necmmrium
1240 647 1297 692 est:
1315 642 1381 694 hem
1393 644 1518 707 castella,
1529 656 1611 712 prout
1622 664 1666 701 res
1677 653 1780 720 eriget.
1830 621 1839 648 ’

197 700 388 820 gaad-llum:
399 695 510 817 inhcfillrio
523 705 621 758 evenit,
639 700 724 781 simili
737 702 844 755 ratione
857 711 953 784 portus
963 710 993 785 et
1081 706 1194 787 Xlilill.
1206 709 1359 762 Homerum
1372 711 1526 763 calidorum
1540 714 1659 769 fontium
1672 724 1841 775 mentionem
1991 770 1999 803 l

198 783 327 900 tilii,
347 782 429 902 ,dl
442 769 995 902 ,rittillltittlitalitilia:
1044 774 1842 918 {talitaitattnttttllltltltt:illilli

197 907 301 960 tatibus
313 907 398 971 riget:
420 904 540 955 maxime
552 910 643 956 autem
662 909 740 971 putei
754 909 828 959 circa
838 911 992 960 Arcturum.
1045 917 1106 963 erat
1117 911 1194 973 haec,
1211 928 1281 979 quae
1293 930 1364 966 nusc
1374 930 1506 983 aquarum
1517 920 1644 990 perfugio
1656 925 1752 976 utitur.
1788 928 1840 979 Est

197 977 259 1029 Non
271 976 333 1041 ipsa
344 977 451 1024 aestate
466 970 613 1035 deliciunt,
633 988 781 1042 omnesque
792 976 945 1042 quadriduo
958 992 992 1030 eo
1044 985 1138 1032 autem
1150 982 1229 1033 utilis
1239 981 1404 1049 sulphurata
1414 988 1520 1049 nereis,
1542 991 1693 1044 aluminata
1702 994 1837 1062 paralyti-

188 1044 353 1098 »subsidunt
363 1043 421 1092 lam
430 1055 497 1093 rero
509 1041 586 1122 multi
599 1041 769 1096 hiemetota:
781 1046 992 1112 utcirea0lym·
1045 1049 1094 1109 cis,
1109 1055 1158 1100 aut
1169 1051 1253 1101 simili
1262 1052 1344 1104 modo
1357 1053 1468 1105 solutis:
1489 1056 1655 1111 bituminata
1666 1070 1715 1113 aut
1724 1065 1840 1125 nitroso,
1928 1064 1931 1071 '

197 1129 272 1182 pum,
282 1124 347 1163 rere
358 1112 476 1176 primum
488 1125 566 1177 aquis
576 1111 766 1164 redeuntibus.
785 1114 814 1164 ln
827 1112 924 1165 Sicilia
934 1116 993 1181 qui·
1045 1117 1136 1184 qualis
1146 1119 1259 1183 Cutilia,
1269 1121 1390 1173 bibendo
1401 1130 1483 1190 atque
1493 1130 1717 1195 purgationibus.
1752 1130 1839 1184 Pleri-

197 1184 259 1236 dem
280 1183 354 1231 circa
368 1180 527 1230 Messanam
537 1185 567 1230 et
578 1180 672 1247 lllylas
685 1179 777 1234 bieme
795 1182 822 1233 in
833 1190 922 1234 totum
933 1184 993 1235 ina·
1045 1201 1097 1253 que
1109 1186 1137 1236 in
1148 1186 1240 1255 gloria
1249 1188 1360 1252 ducunt,
1377 1191 1501 1256 plurimis
1513 1193 1589 1246 horis
1601 1199 1709 1265 perpeti
1718 1199 1839 1252 calorem

197 1255 309 1304 sescum
319 1246 426 1299 fontes:
436 1252 543 1299 aestate
550 1248 992 1319 exundannannemqnaiactant.
1045 1268 1139 1306 earum
1149 1274 1156 1306 ε
1167 1257 1240 1323 quod
1252 1265 1294 1309 est
1304 1259 1536 1314 inimicissimum:
1554 1280 1671 1332 namque
1682 1268 1765 1334 paulo
1777 1270 1837 1321 diu-

197 1315 361 1387 Apolloniae
371 1318 397 1367 in
409 1316 498 1367 Ponto
512 1315 573 1367 lons
583 1318 662 1370 iuxta
674 1334 752 1371 mare
761 1326 871 1372 aestate
883 1327 990 1372 tantum
1044 1324 1111 1385 tius,
1130 1338 1212 1390 quam
1230 1325 1355 1390 balineis,
1375 1330 1418 1379 uti
1439 1337 1560 1397 oportet,
1580 1349 1612 1386 ac
1625 1342 1722 1402 postea
1736 1337 1841 1405 stigma

196 1386 349 1456 superfluit,
370 1390 399 1437 et
409 1386 529 1436 maxims
540 1386 614 1437 circa
625 1387 707 1439 Canis
719 1395 822 1439 ortum:
840 1389 957 1454 parcius,
967 1391 991 1439 si
1045 1390 1131 1453 dulci,
1151 1408 1201 1445 nec
1220 1396 1280 1447 sine
1296 1396 1359 1447 oleo
1370 1396 1557 1453 discedentes:
1577 1404 1649 1469 quod
1662 1404 1760 1473 vulgus
1772 1406 1839 1459 alie·

196 1457 328 1525 frigidior
341 1454 380 1505 sit
395 1460 495 1506 aestas.
532 1453 674 1515 Quaedam
693 1464 784 1509 terrae
796 1460 929 1509 imbribus
939 1459 991 1509 sic·
1044 1461 1284 1526 numarbitcatur,
1306 1465 1475 1517 idcircoaon
1492 1469 1559 1520 alibi
1580 1473 1740 1539 corporibus
1751 1477 1838 1543 magis
1887 1522 1890 1531 ,

197 1529 286 1582 tiores
296 1528 375 1588 liunt,
387 1524 504 1575 velutin
514 1522 661 1577 Narniensi
672 1541 754 1593 egro:
767 1528 839 1593 quod
851 1526 993 1578 Admiran-
1046 1531 1182 1582 obnoxiis.
1217 1533 1327 1600 Quippe
1338 1541 1367 1586 et
1378 1537 1510 1588 vastitate
1521 1538 1617 1590 odoris
1628 1544 1718 1607 capita
1733 1544 1839 1608 replen-

197 1598 240 1649 dis
251 1594 310 1648 suis
321 1593 438 1645 inseruit
448 1593 487 1643 Μ.
498 1592 607 1661 Cicero,
625 1595 751 1649 siccitate
762 1586 853 1648 lulum
861 1598 994 1663 lieri-pro·
1044 1602 1099 1659 tur,
1119 1605 1147 1651 et
1157 1599 1260 1668 frigore
1271 1601 1439 1654 infestantur
1448 1604 1586 1668 sudantia,
1603 1623 1747 1675 corporum
1759 1618 1838 1676 purte

197 1666 274 1727 dens,
284 1663 373 1715 imbre
383 1662 533 1729 pulverem.
1044 1682 1143 1721 mersa.
1178 1668 1282 1722 Similis
1301 1685 1395 1733 error,
1417 1687 1498 1739 quam
1510 1675 1627 1741 plurimo
1640 1688 1704 1742 potu
1719 1664 1838 1744 glorian·

231 1733 332 1786 xxix.
349 1732 444 1783 Omnis
456 1746 529 1799 aqua
538 1731 630 1786 bienno
640 1734 763 1795 dulcior,
780 1741 887 1787 aestate
898 1740 992 1787 autem
1045 1736 1123 1789 tium.
1159 1736 1278 1806 Vidique
1288 1740 1343 1792 iam
1354 1741 1481 1809 turgidos
1492 1743 1629 1795 bibendo:
1649 1746 1676 1795 in
1689 1753 1838 1798 tentamus

197 1804 295 1863 minus,
315 1806 449 1853 autumno
466 1802 591 1853 mimme:
613 1805 755 1869 minusque
775 1817 824 1869 per
839 1803 991 1854 siccitates.
1045 1806 1121 1856 anuli
1131 1806 1323 1874 integerentur
1332 1816 1473 1873 astacum
1483 1811 1562 1864 reddi
1573 1828 1627 1863 non
1638 1812 1838 1879 possethausta

197 1872 292 1938 Neque
303 1868 428 1937 aequalis
439 1869 557 1920 ninnium
569 1871 733 1938 plerumque
749 1878 845 1939 gustus
856 1877 919 1932 est,
936 1885 991 1920 ma·
1043 1874 1302 1944 multitudouqaae.
1338 1877 1458 1931 Nechoc
1468 1896 1535 1949 ergo
1556 1884 1618 1934 lieri
1635 1884 1766 1934 convenit
1776 1885 1838 1936 sine

198 1936 512 2009 gnaulreidillerentia.
549 1939 657 2005 Quippe
666 1940 737 1991 tales
748 1945 813 1990 sunt
823 1953 991 2005 aquaeque·
1044 1942 1141 1994 crebro
1157 1944 1223 1995 salis
1240 1950 1332 2012 gustu.
1368 1947 1488 2001 Utuntur
1499 1958 1527 2002 et
1537 1966 1623 2004 coeno
1634 1949 1753 2003 lentium
1764 1952 1837 2019 ipso·

196 2011 230 2060 lis
243 2016 318 2059 terra
328 2019 377 2072 per
389 2021 469 2072 quam
480 2004 580 2086 lluunt,
595 2008 742 2075 qualesque
755 2006 913 2071 herbarum,
922 2022 990 2074 quas
1042 2025 1102 2062 rum
1114 2012 1237 2065 utiliter:
1248 2013 1296 2065 sed
1308 2016 1357 2076 ita,
1367 2017 1392 2065 si
1402 2016 1503 2068 illitum
1515 2018 1580 2072 Sole
1591 2020 1739 2073 inarescat.
1777 2020 1838 2072 Nec

198 2079 299 2137 lerant,
315 2076 398 2126 succi.
436 2075 510 2143 Ergo
521 2074 602 2127 isdem
613 2092 708 2129 amnes
720 2086 799 2143 parte
808 2077 903 2144 aliqua
916 2092 991 2143 repe·
1044 2094 1108 2131 roro
1120 2096 1294 2147 omnesquae
1305 2081 1714 2147 siutnalidae,medicatasesse
1726 2089 1838 2140 creden-

196 2147 307 2201 riumur
316 2143 479 2196 insalubres.
504 2146 753 2212 lllutantsaporem
760 2155 788 2198 et
797 2147 946 2199 influentes
956 2146 992 2196 ri·
1043 2149 1120 2211 dum,
1130 2148 1202 2201 sieut
1214 2150 1241 2201 in
1253 2149 1368 2216 Segesta
1377 2150 1499 2214 Siciliae,
1515 2155 1766 2217 Larissa.'l'roade,
1776 2156 1837 2206 hla-

197 2216 233 2277 ri,
243 2221 274 2265 ut
286 2211 500 2279 Borysthenem,
510 2213 631 2279 victique
641 2215 792 2266 diluuntur.
824 2216 913 2281 Aliqui
924 2228 990 2266 rero
1042 2216 1244 2284 gnesia,h1elo‚
1256 2219 1368 2284 Lipara.
1403 2220 1462 2273 Nec
1472 2221 1585 2274 decolor
1595 2224 1780 2289 speciosaeris
1791 2240 1835 2276 ar·

198 2290 226 2337 et
237 2284 324 2335 imbre
335 2287 487 2332 nmtantur.
500 2283 557 2332 Ter
568 2282 669 2334 eccidit
678 2285 710 2333 io
718 2282 873 2349 Bosphoro,
881 2290 911 2334 ut
923 2282 991 2334 salsi
1043 2289 1207 2353 pentiselut
1218 2287 1306 2338 multi'
1310 2289 1519 2354 existimavere)
1531 2291 1741 2343 medicaminum
1753 2308 1834 2361 argn-

197 2352 368 2412 deciderent‚
384 2356 569 2417 necarentque
579 2350 734 2404 frumenta:
756 2352 840 2404 toties
850 2352 945 2403 etNili
954 2351 991 2401 ri·
1043 2364 1165 2406 mentum
1176 2363 1230 2408 est:
1251 2357 1359 2422 quando
1371 2357 1441 2409 nihil
1451 2373 1546 2411 eorum
1558 2360 1587 2409 in
1600 2361 1739 2412 Patavinis
1749 2361 1835 2412 lenti·

197 2436 252 2491 gua
263 2419 370 2486 pluriac
382 2418 990 2486 amaraiecere,magnapestilentiadegypti.
1042 2422 1107 2482 bus,
1129 2437 1163 2474 ne
1174 2423 1268 2474 odoris
1279 2425 1390 2489 quidem
1406 2424 1562 2478 differentia
1581 2428 1674 2496 aliqua
1683 2428 1835 2494 deprehen-

233 2490 321 2542 XXX.
342 2487 501 2539 Nascuntur
510 2487 604 2540 loates
622 2488 724 2539 decisis
735 2489 894 2554 plerumque
905 2487 991 2549 silvis,
1043 2490 1126 2540 ditur.

198 2575 266 2628 quos
278 2557 406 2607 arborum
418 2556 550 2607 alimenta
566 2557 775 2609 consumebant:
797 2558 869 2607 sicut
879 2556 907 2606 in
920 2556 993 2608 liae·
1077 2558 1203 2610 xxxnl.
1221 2559 1354 2612 Medendi
1365 2560 1462 2612 modus
1472 2561 1544 2614 idem
1564 2571 1593 2615 et
1608 2565 1635 2614 io
1646 2568 1758 2616 marinis
1771 2569 1835 2627 erit,

198 2638 245 2679 mo
256 2624 401 2676 obsidente
412 2623 510 2674 Gallos
520 2624 684 2686 Cassandro,
693 2639 756 2676 cum
766 2624 832 2676 salli
844 2625 938 2693 gratia
945 2624 992 2675 sil·
1043 2642 1114 2695 quae
1124 2626 1254 2679 caleliunt
1265 2629 1299 2680 ad
1310 2643 1458 2682 serrorum
1472 2630 1596 2692 dolores,
1618 2633 1837 2684 lerrunrinandas
1915 2657 1921 2673 ο

182 2709 246 2747 ω
257 2693 432 2747 cecidissent.
462 2692 627 2760 Plerumque
638 2709 704 2746 sero
715 2694 841 2745 damnosi
853 2700 991 2745 torrentes
1044 2698 1191 2757 i'racturas,
1212 2711 1328 2764 ossaque
1340 2705 1470 2749 contusa:
1490 2700 1558 2750 item
1570 2714 1687 2767 corpora
1697 2702 1836 2765 siccanda,

197 2765 372 2817 corrivantur
384 2761 511 2813 detracta
520 2762 638 2814 collibus
646 2763 874 2826 silvacontinese
886 2761 991 2813 nimbos
1044 2781 1098 2834 que
1109 2764 1144 2817 de
1155 2780 1239 2817 causa
1250 2774 1278 2817 et
1289 2765 1392 2833 frigido
1403 2767 1472 2817 mari
1484 2775 1606 2819 utuntur.
1635 2769 1783 2821 Praeterea
1793 2779 1837 2822 est

196 2848 232 2885 oc
251 2832 377 2900 digerere
396 2839 538 2884 consueta.
576 2833 612 2883 Et
630 2832 685 2883 coli
704 2834 864 2898 moverique
881 2839 991 2891 terram,
1044 2834 1115 2885 alius
1137 2846 1203 2886 usus
1228 2834 1387 2900 multiplex,
1416 2835 1578 2901 principalis
1599 2852 1665 2889 vero
1687 2839 1836 2905 navigandi

196 2901 353 2968 callumque
372 2916 495 2953 summae
516 2902 589 2952 cutis
607 2901 690 2963 solri,
710 2915 841 2966 aquarum
864 2900 990 2949 interest.
1045 2901 1148 2968 phthisi
1158 2902 1318 2966 allectis,ut
1329 2902 1456 2966 diximus,
1466 2915 1514 2955 aut
1524 2906 1683 2970 sanguinem
1696 2908 1834 2973 egerenti·

195 2970 328 3023 Proditor
338 2976 413 3022 certe
424 2970 454 3020 in
464 2972 546 3022 creta
556 2977 716 3035 expugnato
727 2969 843 3034 oppido,
862 2966 935 3032 quod
946 2982 992 3017 ra·
1043 2973 1107 3021 bus:
1118 2972 1194 3020 simi
1202 2974 1327 3035 prasinae
1340 2975 1479 3021 Annaeum
1491 2972 1648 3024 Gallionem
1659 2972 1760 3027 iecisse
1770 2984 1837 3041 post

197 3040 313 3091 cubator
321 3038 448 3098 Arcadia,
458 3053 582 3090 cessame
593 3036 850 3102 ionteaamnesquc
861 3032 908 3099 qui
920 3035 991 3085 ineo
1044 3038 1214 3091 consulatum
1226 3039 1406 3089 meminimus.
1428 3039 1524 3105 Neque
1536 3043 1607 3091 araim
1618 3043 1759 3108 Aegyptus
1774 3059 1835 3109 pro·

196 3108 253 3159 situ
264 3108 344 3159 multi
354 3114 447 3159 erant:
459 3121 556 3157 rursus
566 3105 678 3157 condito
684 3114 748 3172 post
754 3120 804 3157 sex
812 3116 992 3156 annosemer·
1043 3114 1106 3172 pter
1116 3121 1147 3158 se
1158 3107 1325 3172 petitur,sed
1337 3114 1452 3172 propter
1463 3107 1695 3174 longinquitatem
1707 3114 1836 3176 navigan·

196 3177 275 3238 sisse,
287 3178 330 3227 uti
338 3191 462 3243 quaeque
474 3177 631 3241 coepissent
642 3184 735 3242 partes
746 3174 809 3227 coli.
1043 3176 1080 3226 di
1115 3175 1187 3237 Quin
1208 3182 1237 3228 et
1256 3176 1419 3227 vomitiones
1436 3179 1513 3242 ipsae
1530 3178 1652 3229 instabili
1662 3180 1835 3234 volutatione

231 3248 337 3298 ‘l'errae
358 3259 467 3311 quoque
488 3251 581 3296 motus
604 3244 795 3311 profundunt,
823 3244 991 3308 sorbentque
1043 3251 1197 3296 commotae
1210 3245 1332 3311 plurimis
1344 3244 1448 3296 morbis
1461 3245 1568 3310 capitis,
1581 3248 1732 3309 oculorum,
1744 3256 1836 3316 pecto·

196 3328 295 3381 aquas:
316 3315 389 3363 sicut
404 3313 480 3364 circa
490 3312 629 3364 Pheneum
640 3314 773 3366 Arcadiae
791 3314 935 3379 quinquies
947 3327 991 3363 ac·
1043 3315 1092 3375 ris,
1102 3312 1261 3366 nredentur:
1279 3314 1466 3380 oneribusque,
1478 3322 1592 3378 propter
1602 3316 1834 3382 quaeelleborum

196 3384 297 3434 cidisse
308 3388 427 3432 constat.
464 3381 509 3432 Sic
520 3389 547 3432 et
559 3383 585 3431 in
598 3384 705 3449 Coryco
724 3390 819 3434 arunte
831 3384 919 3432 ansuis
929 3395 989 3431 eru·
1042 3384 1156 3436 bibitur.
1174 3385 1278 3449 liquam
1288 3397 1353 3434 vero
1363 3386 1445 3431 araris
1457 3397 1505 3447 per
1515 3398 1545 3434 sa
1554 3382 1733 3436 efficaciorem
1747 3385 1835 3437 discu-

195 3452 247 3518 pit.
271 3458 420 3517 posteaque
431 3457 544 3514 coeptos
565 3460 607 3501 est
618 3454 682 3504 coli.
717 3453 770 3504 llla
781 3450 900 3503 mutatio
913 3453 992 3514 mira,
1043 3451 1144 3505 tiendis
1165 3453 1318 3503 tumoribus
1335 3457 1433 3516 putant
1445 3451 1552 3515 stadici,
1572 3453 1835 3522 siilladecoquatur

196 3521 245 3570 ubi
257 3533 341 3570 causa
359 3518 435 3570 nulla
450 3519 561 3570 evidens
572 3528 698 3588 apparet:
720 3524 792 3574 sieut
805 3522 834 3574 in
845 3522 991 3588 Magnesia
1043 3520 1198 3574 hordeacea
1218 3520 1308 3571 farina
1327 3519 1527 3586 adtparotidas.
1564 3521 1835 3588 Emplastrisetiam,

197 3586 799 3655 calidasiactaslrigidas,aalisnoumutato
810 3608 917 3660 sapore.
954 3591 991 3641 Et
1043 3590 1161 3642 maxime
1172 3589 1251 3650 albis,
1263 3589 1474 3654 etmalagmatis
1486 3591 1611 3642 miscent.
1630 3590 1746 3642 l’rodest
1756 3600 1784 3644 et
1794 3594 1836 3643 ia·

191 3658 224 3707 in
236 3657 326 3715 Caria,
338 3657 384 3707 ubi
395 3656 515 3722 Neptuni
527 3660 658 3724 templum
670 3666 722 3722 est,
741 3663 830 3713 amnis
841 3664 886 3730 qui
900 3659 991 3712 fuerat
1042 3660 1105 3711 lusa
1116 3660 1212 3711 crebro
1224 3658 1293 3709 ictu.
1327 3658 1437 3708 Bibitur
1446 3672 1564 3724 quoque,
1573 3660 1698 3723 quamvis
1710 3675 1762 3711 non
1774 3661 1835 3713 sine

199 3725 374 3786 aotedulcis‚
395 3731 517 3777 niutatus
528 3727 651 3780 insulem
664 3735 716 3781 est.
752 3731 789 3781 Et
800 3731 852 3781 illa
862 3727 1002 3780 miraculi
1042 3725 1299 3787 iniuriastomachi,
1320 3726 1355 3777 ad
1377 3727 1523 3792 purganda
1542 3742 1673 3791 corpora,
1692 3727 1833 3797 bilemque

197 3795 291 3861 plena,
323 3793 486 3847 Arethusam
509 3794 653 3863 Syracusis
679 3799 773 3850 limum
794 3798 921 3850 redolere
943 3811 991 3864 per
1042 3806 1139 3858 atram,
1151 3804 1199 3848 aut
1209 3795 1371 3862 sanguinem
1384 3802 1541 3845 concretum
1552 3795 1721 3848 reddendum
1733 3797 1835 3849 alteru·

197 3862 339 3930 Olympia:
359 3864 591 3929 veriquesimile,
613 3867 742 3932 quoniam
755 3866 989 3933 Alpheusineum
1041 3872 1086 3917 tra
1106 3872 1193 3933 parte.
1230 3863 1346 3927 Quidam
1370 3870 1399 3914 et
1412 3864 1447 3913 in,
1459 3865 1600 3929 quartanis
1613 3865 1713 3916 dedere
1724 3881 1783 3918 eam
1794 3866 1836 3916 bi·

195 3932 312 3984 insulam
333 3931 384 3983 sub
399 3934 456 3985 ima
478 3935 707 4002 mariupermeet.
745 3934 913 3987 lihodiorum
927 3934 989 3986 fons
1039 3936 1168 3996 bendam,
1182 3940 1209 3984 et
1220 3933 1249 3983 in
1259 3933 1389 3984 tenesmis
1400 3933 1622 3999 articulariisque
1633 3933 1736 3984 morbis
1747 3949 1834 3984 asser·

196 4002 223 4053 in
234 4001 404 4055 Chersoneso
424 4017 497 4052 nono
514 4018 585 4054 anno
597 4011 779 4070 purgamenta
796 4004 894 4070 egerit.
930 4003 991 4053 iliu·
1042 4011 1142 4065 vetant,
1151 4010 1180 4056 et
1191 4004 1218 4053 in
1230 4001 1283 4053 hoc
1294 4008 1438 4052 uetustate·
1445 4002 1518 4051 rirus
1531 4000 1721 4067 deponentem.
1742 4001 1833 4065 Aliqui

197 4078 290 4123 tentrm
303 4081 331 4123 et
341 4071 449 4125 colores
461 4085 608 4136 aquarum:
619 4074 690 4122 sicut
701 4070 845 4136 Babylone
857 4072 933 4123 lacus
945 4085 990 4121 ae·
1042 4072 1193 4132 decoctam,
1205 4086 1300 4123 omnes
1310 4085 1345 4122 ex
1355 4070 1413 4121 alto
1425 4067 1560 4130 haustam,
1571 4069 1701 4133 nullaque
1713 4067 1835 4117 dulcium

195 4145 268 4190 state
280 4139 378 4189 rubrus
388 4137 473 4189 babet
484 4139 581 4189 diebus
593 4139 638 4190 xt.
656 4141 691 4189 Et
702 4137 890 4203 Borysthenes
902 4144 990 4188 aesta·
1042 4140 1164 4190 ntiutura
1175 4146 1345 4204 corruptam,
1356 4138 1386 4188 in
1396 4152 1449 4203 quo
1461 4152 1511 4187 usu
1522 4137 1688 4201 praecedere
1698 4137 1834 4186 sortitum

195 4209 231 4258 tis
244 4207 564 4271 temporibuscaeruleus
578 4205 680 4268 fertur,
701 4220 854 4270 quanquam
867 4207 989 4255 omnium
1041 4206 1148 4257 volunt.
1184 4207 1263 4256 Tunc
1283 4221 1390 4273 quoquo
1412 4204 1690 4256 acetumautrinum
1703 4204 1835 4268 squami-

195 4289 327 4342 uquarum
339 4275 660 4340 tenuissimusrideoque
672 4277 799 4324 innatans
811 4273 932 4339 Hypani
959 4272 989 4321 ln
1041 4280 1128 4325 scant.
1164 4274 1216 4335 Qui
1230 4287 1323 4338 puram
1336 4273 1447 4334 dedere,
1466 4270 1787 4337 raphanossupermandi
1799 4286 1834 4323 ex

196 4361 250 4411 quo
261 4351 289 4394 et
300 4341 368 4392 illud
386 4342 529 4403 mirabile,
551 4342 660 4394 Austris
677 4342 806 4392 llantibus
818 4341 988 4406 superiorem
1043 4341 1133 4392 mulso
1146 4348 1225 4391 aceto
1238 4343 1340 4401 iubent,
1352 4348 1381 4391 ut
1394 4340 1428 4391 ad
1441 4339 1606 4391 vomitiones
1617 4346 1757 4389 revocent.
1768 4339 1834 4406 ely.-

195 4411 415 4478 llypanimlieri.
448 4409 502 4462 Sed
514 4412 658 4463 tenuitatis
670 4417 860 4476 argumentum
873 4416 901 4461 et
914 4407 989 4459 aliud
1038 4410 1171 4461 steribua
1190 4423 1298 4475 quoque
1324 4409 1455 4460 alarinum
1482 4406 1635 4458 infundunt
1656 4406 1836 4473 tepefactam.

195 4488 252 4541 est,
278 4478 350 4546 quud
362 4478 467 4529 nullum
485 4479 598 4531 halitum
611 4495 663 4531 non
677 4479 758 4530 modo
774 4477 899 4530 nebulam
912 4476 990 4529 emit·
1043 4481 1167 4530 'l'estium
1189 4476 1297 4543 quidem
1309 4478 1412 4527 tumori
1432 4477 1550 4528 fovendo
1567 4491 1620 4526 non
1641 4475 1716 4526 aliud
1727 4477 1834 4543 praele-

195 4556 244 4600 tat.
282 4549 337 4611 Qui
354 4548 452 4599 rolunt
463 4547 611 4615 diligentes
627 4546 873 4609 circahucvidesi,
893 4546 990 4598 dicunt
1042 4555 1115 4599 runt.
1152 4547 1221 4598 ltern
1244 4546 1405 4612 pernionum
1422 4547 1489 4596 vitio
1505 4551 1568 4596 ante
1584 4542 1705 4596 hulcera
1741 4544 1834 4596 Simili

184 4632 279 4684 aquas
289 4621 433 4683 graviores
446 4625 507 4683 post
520 4620 641 4669 brumam
655 4617 728 4668 lieri.
1043 4614 1443 4682 modopruritibuapsorismt
1454 4613 1593 4665 lichenum
1605 4614 1750 4664 curationi.
1761 4613 1833 4667 Len·
1916 4624 1919 4627 '

231 4686 329 4756 Xllxl.
349 4685 475 4738 Ceterum
486 4700 503 4737 a
514 4685 590 4737 fonte
600 4687 663 4737 duci
674 4684 804 4736 ilctilibus
817 4684 988 4737 tubisutilis·
1042 4686 1091 4738 des
1111 4701 1219 4752 quoque
1235 4692 1266 4736 et
1279 4690 1355 4736 tetra
1369 4684 1469 4750 capitis
1485 4681 1618 4734 animalia
1628 4679 1679 4733 hac
1689 4690 1834 4733 curentur:
1904 4688 1908 4691 ’

196 4754 293 4806 simum
310 4755 553 4808 estcrassitudine
571 4756 664 4806 bimlm
684 4756 842 4822 digitorum,
864 4756 988 4806 commis·
1042 4752 1602 4808 etlirentiareduciteademadcolorem.
1638 4750 1834 4818 inquibuscu·

196 4824 268 4875 auris
279 4823 429 4890 pyxidatis,
449 4825 490 4875 ita
502 4832 533 4876 ut
543 4826 670 4892 superior
681 4825 773 4886 intret,
794 4824 869 4875 calce
879 4826 942 4874 vira
953 4837 988 4874 ex
1041 4822 1196 4875 rationibus
1217 4829 1279 4888 past
1300 4823 1432 4873 marinam
1449 4829 1529 4873 aceto
1542 4818 1632 4871 calido
1644 4817 1738 4872 {orere
1751 4819 1835 4886 pluri·

195 4892 258 4943 oleo
271 4892 423 4959 laevigatis.
440 4893 650 4945 libramentum
663 4909 753 4959 aquae
763 4893 791 4943 in
803 4902 933 4944 centenos
943 4905 989 4957 pe·
1041 4908 1113 4943 mum
1128 4891 1250 4958 prodest.
1286 4891 1359 4951 Quin
1370 4898 1398 4941 et
1410 4890 1446 4942 ad
1457 4890 1528 4940 ictus
1538 4896 1687 4940 venenatae
1702 4888 1835 4940 salutaris

197 4959 246 5012 des
258 4961 356 5012 sicilici
369 4962 509 5013 minimum
522 4964 591 5014 erit:
612 4965 635 5014 si
647 4962 774 5015 cuniculo
789 4965 888 5022 reniet,
910 4963 938 5011 in
949 4961 989 5011 bi·
1042 4961 1221 5028 intelligitur,
1228 4968 1258 5010 ut
1269 4958 1477 5026 phalangiorum
1490 4964 1518 5009 et
1527 4956 1716 5022 scorpionum:
1732 4964 1760 5008 et
1772 4963 1833 5023 pty-

143 5072 150 5089 ,
196 5044 247 5080 nos
258 5031 453 5082 actuslunrina
474 5047 534 5083 esse
547 5032 694 5083 debebunt.
731 5033 816 5092 Quam
833 5044 948 5097 surgere
959 5030 988 5080 in
1042 5029 1095 5082 ade
1107 5028 1203 5095 aspide
1214 5027 1355 5094 respersis.
1373 5027 1470 5078 Calida
1481 5034 1570 5079 autern
1583 5029 1608 5077 in
1621 5024 1663 5075 his
1675 5026 1832 5075 assumitur.

195 5097 313 5150 sublime
324 5115 393 5167 opos
406 5099 762 5166 fuerit‚eplunrboreniat.
799 5098 879 5151 Subit
892 5099 987 5150 altitu·
1042 5097 1261 5150 saffirureadrn
1273 5112 1333 5148 cum
1346 5102 1425 5148 aceto
1438 5096 1536 5161 capitis
1547 5095 1697 5145 doloribus.
1726 5090 1834 5144 'lormi-

196 5166 287 5221 dinem
299 5176 413 5220 exortus
424 5170 475 5219 sui.
495 5168 525 5220 Si
535 5170 664 5237 longiore
677 5176 767 5221 tractu
779 5169 879 5230 reniet,
889 5168 989 5219 subeat
1041 5181 1197 5235 aequoque
1209 5174 1236 5217 et
1249 5165 1387 5217 choleram
1400 5165 1488 5216 calida
1499 5163 1592 5215 inlusa
1611 5161 1777 5230 clysteribus
1788 5173 1832 5211 se·

195 5237 292 5289 erebro
303 5236 514 5302 descemlatque,
526 5253 560 5289 ne
571 5237 737 5289 libramenta
747 5243 873 5304 pereant„
897 5236 989 5287 Fistn·
1042 5236 1099 5287 dat.
1111 5235 1256 5287 Difficilius
1269 5233 1471 5301 perfrigescunt
1482 5235 1591 5285 marina
1599 5228 1735 5283 calefacti.
1746 5226 1834 5277 Mani·

194 5302 237 5359 las
256 5304 359 5396 m
496 5305 678 5371 longitudinis
699 5321 760 5359 esse
771 5306 922 5372 legitimum
934 5312 989 5357 est:
1041 5320 1101 5356 mas
1119 5305 1300 5365 sororiantes,
1321 5304 1499 5370 praecordia,
1520 5302 1690 5363 maciemque
1711 5294 1835 5376 corporis

138 5368 147 5385 ’
195 5382 222 5425 et
241 5388 255 5416 ι’
351 5368 364 5381 ”
556 5390 698 5441 sexagena
710 5374 799 5440 pondo
810 5374 943 5440 pendere:
965 5374 989 5424 si
1042 5373 1162 5441 piscinae
1174 5374 1256 5424 araris
1268 5373 1419 5440 corrigunt.
1454 5372 1566 5422 Aurium
1579 5368 1751 5435 grauitatem,
1761 5378 1834 5428 ⁰³11·-

194 5452 236 5492 oei
248 5464 254 5479 ο
526 5500 528 5503 ,
558 5441 700 5503 denariae,
711 5450 825 5495 centena
835 5445 940 5504 vicena,
957 5456 989 5493 ac
1041 5444 1079 5494 tis
1091 5441 1202 5495 dolores
1223 5457 1284 5492 cun:
1296 5448 1376 5493 aceto
1387 5440 1550 5493 ferventium
1560 5449 1653 5500 vapor.
1665 5431 1832 5500 llubiginem

193 5509 232 5563 dr*
595 5510 733 5563 Denariae
747 5511 932 5578 appellantur,
944 5525 989 5562 cu·
1042 5511 1115 5562 ferro
1126 5511 1249 5562 marinae
1263 5511 1408 5561 celerrime
1420 5511 1555 5559 exterunt.
1579 5503 1713 5553 Pacorum
1724 5515 1833 5568 quoque

190 5568 228 5649 ltu
606 5592 658 5635 ianr
682 5588 820 5641 curretur,
839 5579 988 5673 dffitorum
1041 5579 1163 5633 scabiem
1175 5585 1282 5642 smrant,
1292 5579 1422 5644 lanasque
1433 5574 1585 5628 emolliunt.
1642 5590 1651 5603 ··

67 5652 214 5759 μ’
574 5724 590 5741 .
618 5716 648 5755 a

558 5778 900 5976 :M
