<?xml version="1.0" encoding="UTF-8"?>
<!DOCTYPE html PUBLIC "-//W3C//DTD XHTML 1.0 Transitional//EN"
    "http://www.w3.org/TR/xhtml1/DTD/xhtml1-transitional.dtd">
<html xmlns="http://www.w3.org/1999/xhtml" xml:lang="en" lang="en">
 <head>
  <title>
</title>
<meta http-equiv="Content-Type" content="text/html;charset=utf-8" />
  <meta name='ocr-system' content='tesseract 3.04.00' />
  <meta name='ocr-capabilities' content='ocr_page ocr_carea ocr_par ocr_line ocrx_word'/>
</head>
<body>
  <div class='ocr_page' id='page_1' title='image "./historiaenatura00plingoog_0436.png"; bbox 0 0 4352 6012; ppageno 0'>
   <div class='ocr_carea' id='block_1_1' title="bbox 280 334 1835 450">
    <p class='ocr_par' dir='ltr' id='par_1_1' title="bbox 280 334 1835 450">
     <span class='ocr_line' id='line_1_1' title="bbox 280 334 1835 450; baseline 0.007 -12"><span class='ocrx_word' id='word_1_1' title='bbox 280 378 312 438; x_wconf 84' lang='lat' dir='ltr'><strong>C.</strong></span> <span class='ocrx_word' id='word_1_2' title='bbox 332 334 727 439; x_wconf 63' lang='lat' dir='ltr'><strong>i&#39;blNlleCUNDl</strong></span> <span class='ocrx_word' id='word_1_3' title='bbox 759 377 931 439; x_wconf 72' lang='lat' dir='ltr'><strong>Nerua.</strong></span> <span class='ocrx_word' id='word_1_4' title='bbox 957 377 1150 439; x_wconf 63' lang='lat' dir='ltr'><strong>ultimis.</strong></span> <span class='ocrx_word' id='word_1_5' title='bbox 1176 381 1266 440; x_wconf 78' lang='lat' dir='ltr'><strong>biii.</strong></span> <span class='ocrx_word' id='word_1_6' title='bbox 1287 381 1477 445; x_wconf 73' lang='lat' dir='ltr'><strong>xxxvii.</strong></span> <span class='ocrx_word' id='word_1_7' title='bbox 1503 386 1599 445; x_wconf 79' lang='lat' dir='ltr'><strong>csl’.</strong></span> <span class='ocrx_word' id='word_1_8' title='bbox 1623 389 1731 450; x_wconf 76' lang='lat'><strong>74-77.</strong></span> <span class='ocrx_word' id='word_1_9' title='bbox 1772 386 1835 449; x_wconf 75' lang='lat'><strong>425</strong></span> 
     </span>
    </p>
   </div>
   <div class='ocr_carea' id='block_1_2' title="bbox 184 526 1838 1430">
    <p class='ocr_par' dir='ltr' id='par_1_2' title="bbox 184 526 1838 1430">
     <span class='ocr_line' id='line_1_2' title="bbox 185 526 1837 603; baseline 0.002 -19"><span class='ocrx_word' id='word_1_10' title='bbox 185 536 216 585; x_wconf 88' lang='lat' dir='ltr'><strong>et</strong></span> <span class='ocrx_word' id='word_1_11' title='bbox 226 528 312 583; x_wconf 86' lang='lat' dir='ltr'><strong>adure</strong></span> <span class='ocrx_word' id='word_1_12' title='bbox 322 528 462 580; x_wconf 83' lang='lat' dir='ltr'><strong>distincta.</strong></span> <span class='ocrx_word' id='word_1_13' title='bbox 498 527 622 594; x_wconf 82' lang='lat' dir='ltr'><strong>cyamea</strong></span> <span class='ocrx_word' id='word_1_14' title='bbox 632 527 713 595; x_wconf 76' lang='lat' dir='ltr'><strong>nigra</strong></span> <span class='ocrx_word' id='word_1_15' title='bbox 723 534 775 591; x_wconf 86' lang='lat' dir='ltr'><strong>est,</strong></span> <span class='ocrx_word' id='word_1_16' title='bbox 787 528 836 581; x_wconf 88' lang='lat' dir='ltr'><strong>sed</strong></span> <span class='ocrx_word' id='word_1_17' title='bbox 847 526 941 585; x_wconf 74' lang='lat' dir='ltr'><strong>trecea</strong></span> <span class='ocrx_word' id='word_1_18' title='bbox 951 543 985 581; x_wconf 82' lang='lat' dir='ltr'><strong>ex</strong></span> <span class='ocrx_word' id='word_1_19' title='bbox 1037 544 1099 582; x_wconf 88' lang='lat' dir='ltr'><strong>ram</strong></span> <span class='ocrx_word' id='word_1_20' title='bbox 1111 530 1335 585; x_wconf 82' lang='lat' dir='ltr'><strong>observationem</strong></span> <span class='ocrx_word' id='word_1_21' title='bbox 1347 531 1517 597; x_wconf 78' lang='lat' dir='ltr'><strong>pertinentia</strong></span> <span class='ocrx_word' id='word_1_22' title='bbox 1529 534 1671 598; x_wconf 87' lang='lat' dir='ltr'><strong>dicemus,</strong></span> <span class='ocrx_word' id='word_1_23' title='bbox 1693 538 1837 603; x_wconf 71' lang='lat' dir='ltr'>opiniones</span> 
     </span>
     <span class='ocr_line' id='line_1_3' title="bbox 184 596 1836 664; baseline 0.002 -11"><span class='ocrx_word' id='word_1_24' title='bbox 184 599 309 654; x_wconf 73' lang='lat' dir='ltr'><strong>salabre</strong></span> <span class='ocrx_word' id='word_1_25' title='bbox 325 596 536 649; x_wconf 88' lang='lat' dir='ltr'><strong>similitudinem</strong></span> <span class='ocrx_word' id='word_1_26' title='bbox 553 597 635 663; x_wconf 82' lang='lat' dir='ltr'><strong>parit</strong></span> <span class='ocrx_word' id='word_1_27' title='bbox 670 598 763 664; x_wconf 78' lang='lat' dir='ltr'><strong>Pyren</strong></span> <span class='ocrx_word' id='word_1_28' title='bbox 783 599 819 649; x_wconf 90' lang='lat' dir='ltr'><strong>ab</strong></span> <span class='ocrx_word' id='word_1_29' title='bbox 833 598 985 651; x_wconf 81' lang='lat' dir='ltr'><strong>olivaena-</strong></span> <span class='ocrx_word' id='word_1_30' title='bbox 1037 600 1128 651; x_wconf 89' lang='lat' dir='ltr'><strong>secuti</strong></span> <span class='ocrx_word' id='word_1_31' title='bbox 1143 606 1298 651; x_wconf 85' lang='lat' dir='ltr'><strong>auctorum.</strong></span> <span class='ocrx_word' id='word_1_32' title='bbox 1333 602 1423 654; x_wconf 83' lang='lat' dir='ltr'><strong>Carae</strong></span> <span class='ocrx_word' id='word_1_33' title='bbox 1441 611 1491 653; x_wconf 90' lang='lat' dir='ltr'><strong>aut</strong></span> <span class='ocrx_word' id='word_1_34' title='bbox 1508 604 1706 657; x_wconf 71' lang='lat' dir='ltr'><strong>extuberantes</strong></span> <span class='ocrx_word' id='word_1_35' title='bbox 1721 607 1836 657; x_wconf 74' lang='lat' dir='ltr'><strong>viliores</strong></span> 
     </span>
     <span class='ocr_line' id='line_1_4' title="bbox 186 664 1838 742; baseline 0.002 -20"><span class='ocrx_word' id='word_1_36' title='bbox 186 670 247 723; x_wconf 86' lang='lat' dir='ltr'><strong>cleo</strong></span> <span class='ocrx_word' id='word_1_37' title='bbox 259 667 334 719; x_wconf 88' lang='lat' dir='ltr'><strong>dicta</strong></span> <span class='ocrx_word' id='word_1_38' title='bbox 344 674 406 719; x_wconf 87' lang='lat' dir='ltr'><strong>est:</strong></span> <span class='ocrx_word' id='word_1_39' title='bbox 421 664 486 717; x_wconf 88' lang='lat' dir='ltr'><strong>huic</strong></span> <span class='ocrx_word' id='word_1_40' title='bbox 495 665 647 732; x_wconf 88' lang='lat' dir='ltr'><strong>aliquando</strong></span> <span class='ocrx_word' id='word_1_41' title='bbox 659 667 749 719; x_wconf 88' lang='lat' dir='ltr'><strong>inesse</strong></span> <span class='ocrx_word' id='word_1_42' title='bbox 759 668 878 734; x_wconf 88' lang='lat' dir='ltr'><strong>piscium</strong></span> <span class='ocrx_word' id='word_1_43' title='bbox 890 670 986 734; x_wconf 82' lang='lat' dir='ltr'><strong>spinas</strong></span> <span class='ocrx_word' id='word_1_44' title='bbox 1037 669 1167 721; x_wconf 80' lang='lat' dir='ltr'><strong>ridentur</strong></span> <span class='ocrx_word' id='word_1_45' title='bbox 1177 669 1347 734; x_wconf 72' lang='lat' dir='ltr'><strong>aequalibus.</strong></span> <span class='ocrx_word' id='word_1_46' title='bbox 1382 671 1487 738; x_wconf 80' lang='lat' dir='ltr'><strong>Figura</strong></span> <span class='ocrx_word' id='word_1_47' title='bbox 1502 671 1625 738; x_wconf 80' lang='lat' dir='ltr'><strong>oblonga</strong></span> <span class='ocrx_word' id='word_1_48' title='bbox 1638 675 1757 726; x_wconf 84' lang='lat' dir='ltr'><strong>maxime</strong></span> <span class='ocrx_word' id='word_1_49' title='bbox 1774 689 1838 742; x_wconf 91' lang='lat' dir='ltr'><strong>pro·</strong></span> 
     </span>
     <span class='ocr_line' id='line_1_5' title="bbox 186 734 1835 810; baseline 0.002 -21"><span class='ocrx_word' id='word_1_50' title='bbox 186 737 327 790; x_wconf 79' lang='lat' dir='ltr'><strong>sidentur.</strong></span> <span class='ocrx_word' id='word_1_51' title='bbox 363 734 511 788; x_wconf 77' lang='lat' dir='ltr'><strong>chalazias</strong></span> <span class='ocrx_word' id='word_1_52' title='bbox 531 734 697 801; x_wconf 75' lang='lat' dir='ltr'><strong>grandinum</strong></span> <span class='ocrx_word' id='word_1_53' title='bbox 716 741 745 787; x_wconf 89' lang='grc' dir='ltr'><strong>ιι</strong></span> <span class='ocrx_word' id='word_1_54' title='bbox 760 736 907 789; x_wconf 84' lang='lat' dir='ltr'><strong>candorem</strong></span> <span class='ocrx_word' id='word_1_55' title='bbox 919 740 987 790; x_wconf 83' lang='lat' dir='ltr'><strong>etli-</strong></span> <span class='ocrx_word' id='word_1_56' title='bbox 1038 739 1140 790; x_wconf 82' lang='lat' dir='ltr'><strong>batur:</strong></span> <span class='ocrx_word' id='word_1_57' title='bbox 1161 737 1263 790; x_wconf 89' lang='lat' dir='ltr'><strong>deinde</strong></span> <span class='ocrx_word' id='word_1_58' title='bbox 1275 753 1346 804; x_wconf 88' lang='lat' dir='ltr'><strong>quae</strong></span> <span class='ocrx_word' id='word_1_59' title='bbox 1366 747 1483 792; x_wconf 80' lang='lat' dir='ltr'><strong>vocatur</strong></span> <span class='ocrx_word' id='word_1_60' title='bbox 1504 740 1656 793; x_wconf 80' lang='lat' dir='ltr'><strong>lenticula:</strong></span> <span class='ocrx_word' id='word_1_61' title='bbox 1679 752 1778 808; x_wconf 89' lang='lat' dir='ltr'><strong>postea</strong></span> <span class='ocrx_word' id='word_1_62' title='bbox 1790 760 1835 810; x_wconf 82' lang='lat' dir='ltr'><strong>ey·</strong></span> 
     </span>
     <span class='ocr_line' id='line_1_6' title="bbox 186 804 1836 878; baseline 0.002 -19"><span class='ocrx_word' id='word_1_63' title='bbox 186 821 282 875; x_wconf 70' lang='lat' dir='ltr'><strong>garam</strong></span> <span class='ocrx_word' id='word_1_64' title='bbox 305 805 398 867; x_wconf 90' lang='lat' dir='ltr'><strong>habet,</strong></span> <span class='ocrx_word' id='word_1_65' title='bbox 419 804 614 856; x_wconf 73' lang='lat' dir='ltr'><strong>adamantinae</strong></span> <span class='ocrx_word' id='word_1_66' title='bbox 635 805 764 858; x_wconf 87' lang='lat' dir='ltr'><strong>duritiae.</strong></span> <span class='ocrx_word' id='word_1_67' title='bbox 801 806 925 859; x_wconf 75' lang='lat' dir='ltr'><strong>Narrant</strong></span> <span class='ocrx_word' id='word_1_68' title='bbox 944 812 985 857; x_wconf 88' lang='lat' dir='ltr'><strong>et·</strong></span> <span class='ocrx_word' id='word_1_69' title='bbox 1038 806 1145 860; x_wconf 90' lang='lat' dir='ltr'><strong>cloides</strong></span> <span class='ocrx_word' id='word_1_70' title='bbox 1155 816 1183 858; x_wconf 89' lang='grc' dir='ltr'><strong>ιι</strong></span> <span class='ocrx_word' id='word_1_71' title='bbox 1193 807 1329 858; x_wconf 70' lang='lat' dir='ltr'><strong>rotundas</strong></span> <span class='ocrx_word' id='word_1_72' title='bbox 1349 810 1493 875; x_wconf 80' lang='lat' dir='ltr'><strong>angulosis</strong></span> <span class='ocrx_word' id='word_1_73' title='bbox 1507 816 1599 861; x_wconf 82' lang='lat' dir='ltr'><strong>autem</strong></span> <span class='ocrx_word' id='word_1_74' title='bbox 1613 812 1725 862; x_wconf 85' lang='lat' dir='ltr'><strong>minima</strong></span> <span class='ocrx_word' id='word_1_75' title='bbox 1736 814 1836 878; x_wconf 74' lang='lat' dir='ltr'><strong>gratia.</strong></span> 
     </span>
     <span class='ocr_line' id='line_1_7' title="bbox 186 872 1837 947; baseline 0.002 -19"><span class='ocrx_word' id='word_1_76' title='bbox 186 877 242 929; x_wconf 84' lang='lat' dir='ltr'><strong>iam</strong></span> <span class='ocrx_word' id='word_1_77' title='bbox 254 878 281 926; x_wconf 91' lang='lat' dir='ltr'><strong>in</strong></span> <span class='ocrx_word' id='word_1_78' title='bbox 298 876 391 940; x_wconf 78' lang='lat' dir='ltr'><strong>ignem</strong></span> <span class='ocrx_word' id='word_1_79' title='bbox 402 872 515 925; x_wconf 86' lang='lat' dir='ltr'><strong>additae</strong></span> <span class='ocrx_word' id='word_1_80' title='bbox 526 888 638 926; x_wconf 90' lang='lat' dir='ltr'><strong>manere</strong></span> <span class='ocrx_word' id='word_1_81' title='bbox 654 888 735 926; x_wconf 86' lang='lat' dir='ltr'><strong>suum</strong></span> <span class='ocrx_word' id='word_1_82' title='bbox 747 873 845 943; x_wconf 72' lang='lat' dir='ltr'><strong>frigus.</strong></span> <span class='ocrx_word' id='word_1_83' title='bbox 880 874 986 944; x_wconf 82' lang='lat' dir='ltr'><strong>Pyritis</strong></span> <span class='ocrx_word' id='word_1_84' title='bbox 1039 875 1126 928; x_wconf 85' lang='lat' dir='ltr'><strong>Veras</strong></span> <span class='ocrx_word' id='word_1_85' title='bbox 1136 891 1154 926; x_wconf 87' lang='grc' dir='ltr'><strong>ι</strong></span> <span class='ocrx_word' id='word_1_86' title='bbox 1163 875 1242 929; x_wconf 75' lang='lat' dir='ltr'><strong>falsis</strong></span> <span class='ocrx_word' id='word_1_87' title='bbox 1254 875 1428 929; x_wconf 83' lang='lat' dir='ltr'><strong>discemenoi</strong></span> <span class='ocrx_word' id='word_1_88' title='bbox 1437 893 1537 945; x_wconf 82' lang='lat' dir='ltr'><strong>magna</strong></span> <span class='ocrx_word' id='word_1_89' title='bbox 1548 878 1697 930; x_wconf 88' lang='lat' dir='ltr'><strong>dililcultas</strong></span> <span class='ocrx_word' id='word_1_90' title='bbox 1709 898 1715 929; x_wconf 74' lang='grc' dir='ltr'><strong>ι</strong></span> <span class='ocrx_word' id='word_1_91' title='bbox 1738 884 1837 947; x_wconf 88' lang='lat' dir='ltr'><strong>quippe</strong></span> 
     </span>
     <span class='ocr_line' id='line_1_8' title="bbox 186 941 1835 1015; baseline 0.002 -18"><span class='ocrx_word' id='word_1_92' title='bbox 186 949 267 1014; x_wconf 80' lang='lat' dir='ltr'><strong>nigra</strong></span> <span class='ocrx_word' id='word_1_93' title='bbox 276 942 395 1011; x_wconf 89' lang='lat' dir='ltr'><strong>quidem,</strong></span> <span class='ocrx_word' id='word_1_94' title='bbox 406 941 455 995; x_wconf 89' lang='lat' dir='ltr'><strong>scd</strong></span> <span class='ocrx_word' id='word_1_95' title='bbox 466 944 564 994; x_wconf 86' lang='lat' dir='ltr'><strong>attritu</strong></span> <span class='ocrx_word' id='word_1_96' title='bbox 575 942 680 1012; x_wconf 76' lang='lat' dir='ltr'><strong>digitos</strong></span> <span class='ocrx_word' id='word_1_97' title='bbox 691 943 793 996; x_wconf 85' lang='lat' dir='ltr'><strong>adurit.</strong></span> <span class='ocrx_word' id='word_1_98' title='bbox 829 944 987 1012; x_wconf 78' lang='lat' dir='ltr'><strong>Polyaenus</strong></span> <span class='ocrx_word' id='word_1_99' title='bbox 1039 954 1100 996; x_wconf 87' lang='lat' dir='ltr'><strong>cum</strong></span> <span class='ocrx_word' id='word_1_100' title='bbox 1111 945 1252 997; x_wconf 81' lang='lat' dir='ltr'><strong>inuentum</strong></span> <span class='ocrx_word' id='word_1_101' title='bbox 1263 944 1310 1008; x_wconf 91' lang='lat' dir='ltr'><strong>sit,</strong></span> <span class='ocrx_word' id='word_1_102' title='bbox 1330 954 1365 999; x_wconf 74' lang='lat' dir='ltr'><strong>tx</strong></span> <span class='ocrx_word' id='word_1_103' title='bbox 1376 945 1449 998; x_wconf 69' lang='lat' dir='ltr'><strong>verbs</strong></span> <span class='ocrx_word' id='word_1_104' title='bbox 1459 948 1575 1015; x_wconf 83' lang='lat' dir='ltr'><strong>gemmis</strong></span> <span class='ocrx_word' id='word_1_105' title='bbox 1586 948 1613 998; x_wconf 93' lang='lat' dir='ltr'><strong>in</strong></span> <span class='ocrx_word' id='word_1_106' title='bbox 1626 941 1740 999; x_wconf 81' lang='lat' dir='ltr'><strong>nlt&#39;erius</strong></span> <span class='ocrx_word' id='word_1_107' title='bbox 1753 964 1835 1015; x_wconf 80' lang='lat' dir='ltr'><strong>geue·</strong></span> 
     </span>
     <span class='ocr_line' id='line_1_9' title="bbox 187 1011 1837 1084; baseline 0.001 -18"><span class='ocrx_word' id='word_1_108' title='bbox 187 1015 269 1082; x_wconf 77' lang='lat' dir='ltr'><strong>nigra</strong></span> <span class='ocrx_word' id='word_1_109' title='bbox 278 1011 372 1065; x_wconf 90' lang='lat' dir='ltr'><strong>multis</strong></span> <span class='ocrx_word' id='word_1_110' title='bbox 383 1012 461 1064; x_wconf 86' lang='lat' dir='ltr'><strong>zonis</strong></span> <span class='ocrx_word' id='word_1_111' title='bbox 472 1012 608 1063; x_wconf 89' lang='lat' dir='ltr'><strong>candicat.</strong></span> <span class='ocrx_word' id='word_1_112' title='bbox 643 1015 790 1081; x_wconf 79' lang='lat' dir='ltr'><strong>Astrapiae</strong></span> <span class='ocrx_word' id='word_1_113' title='bbox 806 1015 987 1081; x_wconf 74' lang='lat' dir='ltr'><strong>innigroaut</strong></span> <span class='ocrx_word' id='word_1_114' title='bbox 1039 1015 1077 1065; x_wconf 88' lang='lat' dir='ltr'><strong>ris</strong></span> <span class='ocrx_word' id='word_1_115' title='bbox 1096 1012 1184 1065; x_wconf 82' lang='lat' dir='ltr'><strong>salsas</strong></span> <span class='ocrx_word' id='word_1_116' title='bbox 1205 1013 1359 1066; x_wconf 75' lang='lat' dir='ltr'><strong>traducere.</strong></span> <span class='ocrx_word' id='word_1_117' title='bbox 1397 1014 1593 1083; x_wconf 72' lang='lat' dir='ltr'><strong>sardonyches</strong></span> <span class='ocrx_word' id='word_1_118' title='bbox 1610 1034 1626 1069; x_wconf 90' lang='lat' dir='ltr'><strong>e</strong></span> <span class='ocrx_word' id='word_1_119' title='bbox 1645 1018 1733 1069; x_wconf 86' lang='lat' dir='ltr'><strong>ternis</strong></span> <span class='ocrx_word' id='word_1_120' title='bbox 1754 1018 1837 1084; x_wconf 82' lang='lat' dir='ltr'><strong>gluti·</strong></span> 
     </span>
     <span class='ocr_line' id='line_1_10' title="bbox 186 1080 1836 1153; baseline -0.001 -16"><span class='ocrx_word' id='word_1_121' title='bbox 186 1098 303 1151; x_wconf 77' lang='lat' dir='ltr'><strong>cyaneo,</strong></span> <span class='ocrx_word' id='word_1_122' title='bbox 314 1080 603 1135; x_wconf 86' lang='lat' dir='ltr'><strong>discurruntemedio</strong></span> <span class='ocrx_word' id='word_1_123' title='bbox 614 1080 741 1134; x_wconf 77' lang='lat' dir='ltr'><strong>fulminis</strong></span> <span class='ocrx_word' id='word_1_124' title='bbox 751 1084 832 1136; x_wconf 82' lang='lat' dir='ltr'><strong>redii.</strong></span> <span class='ocrx_word' id='word_1_125' title='bbox 870 1081 986 1150; x_wconf 90' lang='lat' dir='ltr'><strong>lnphlo·</strong></span> <span class='ocrx_word' id='word_1_126' title='bbox 1039 1090 1140 1134; x_wconf 91' lang='lat' dir='ltr'><strong>nantur</strong></span> <span class='ocrx_word' id='word_1_127' title='bbox 1150 1083 1283 1150; x_wconf 83' lang='lat' dir='ltr'><strong>gemmis,</strong></span> <span class='ocrx_word' id='word_1_128' title='bbox 1313 1083 1398 1135; x_wconf 89' lang='lat' dir='ltr'><strong>itaut</strong></span> <span class='ocrx_word' id='word_1_129' title='bbox 1415 1085 1584 1151; x_wconf 80' lang='lat' dir='ltr'><strong>deprehendi</strong></span> <span class='ocrx_word' id='word_1_130' title='bbox 1601 1099 1647 1136; x_wconf 89' lang='lat' dir='ltr'><strong>ars</strong></span> <span class='ocrx_word' id='word_1_131' title='bbox 1662 1087 1836 1153; x_wconf 87' lang='lat' dir='ltr'><strong>nonpossit=</strong></span> 
     </span>
     <span class='ocr_line' id='line_1_11' title="bbox 186 1150 1838 1221; baseline 0.002 -18"><span class='ocrx_word' id='word_1_132' title='bbox 186 1152 276 1221; x_wconf 72' lang='lat' dir='ltr'><strong>gitide</strong></span> <span class='ocrx_word' id='word_1_133' title='bbox 287 1155 363 1204; x_wconf 89' lang='lat' dir='ltr'><strong>intus</strong></span> <span class='ocrx_word' id='word_1_134' title='bbox 372 1150 472 1202; x_wconf 88' lang='lat' dir='ltr'><strong>ardere</strong></span> <span class='ocrx_word' id='word_1_135' title='bbox 489 1150 624 1217; x_wconf 88' lang='lat' dir='ltr'><strong>quaedam</strong></span> <span class='ocrx_word' id='word_1_136' title='bbox 640 1151 752 1204; x_wconf 84' lang='lat' dir='ltr'><strong>vitietur</strong></span> <span class='ocrx_word' id='word_1_137' title='bbox 766 1154 894 1215; x_wconf 81' lang='lat' dir='ltr'><strong>hamma,</strong></span> <span class='ocrx_word' id='word_1_138' title='bbox 916 1166 986 1220; x_wconf 91' lang='lat' dir='ltr'><strong>quae</strong></span> <span class='ocrx_word' id='word_1_139' title='bbox 1038 1151 1150 1204; x_wconf 86' lang='lat' dir='ltr'><strong>aliunde</strong></span> <span class='ocrx_word' id='word_1_140' title='bbox 1161 1153 1249 1219; x_wconf 80' lang='lat' dir='ltr'><strong>nigro,</strong></span> <span class='ocrx_word' id='word_1_141' title='bbox 1268 1152 1380 1204; x_wconf 82' lang='lat' dir='ltr'><strong>aliunde</strong></span> <span class='ocrx_word' id='word_1_142' title='bbox 1392 1155 1517 1216; x_wconf 85' lang='lat' dir='ltr'><strong>candido,</strong></span> <span class='ocrx_word' id='word_1_143' title='bbox 1527 1154 1639 1207; x_wconf 84' lang='lat' dir='ltr'><strong>aliunde</strong></span> <span class='ocrx_word' id='word_1_144' title='bbox 1651 1156 1751 1218; x_wconf 89' lang='lat' dir='ltr'><strong>minio,</strong></span> <span class='ocrx_word' id='word_1_145' title='bbox 1762 1170 1838 1206; x_wconf 92' lang='lat' dir='ltr'><strong>sum·</strong></span> 
     </span>
     <span class='ocr_line' id='line_1_12' title="bbox 185 1218 1838 1291; baseline 0.002 -18"><span class='ocrx_word' id='word_1_146' title='bbox 185 1226 344 1274; x_wconf 82' lang='lat' dir='ltr'><strong>nonexeat.</strong></span> <span class='ocrx_word' id='word_1_147' title='bbox 378 1220 409 1270; x_wconf 88' lang='lat' dir='ltr'><strong>lu</strong></span> <span class='ocrx_word' id='word_1_148' title='bbox 422 1218 608 1272; x_wconf 88' lang='lat' dir='ltr'><strong>anthracitide</strong></span> <span class='ocrx_word' id='word_1_149' title='bbox 619 1221 759 1273; x_wconf 90' lang='lat' dir='ltr'><strong>scintillae</strong></span> <span class='ocrx_word' id='word_1_150' title='bbox 770 1222 925 1273; x_wconf 87' lang='lat' dir='ltr'><strong>discurrere</strong></span> <span class='ocrx_word' id='word_1_151' title='bbox 936 1221 986 1273; x_wconf 90' lang='lat' dir='ltr'><strong>ali·</strong></span> <span class='ocrx_word' id='word_1_152' title='bbox 1038 1222 1076 1273; x_wconf 91' lang='lat' dir='ltr'><strong>tis</strong></span> <span class='ocrx_word' id='word_1_153' title='bbox 1087 1222 1214 1275; x_wconf 89' lang='lat' dir='ltr'><strong>omnibus</strong></span> <span class='ocrx_word' id='word_1_154' title='bbox 1229 1221 1257 1272; x_wconf 89' lang='lat' dir='ltr'><strong>in</strong></span> <span class='ocrx_word' id='word_1_155' title='bbox 1275 1237 1325 1273; x_wconf 87' lang='lat' dir='ltr'><strong>suo</strong></span> <span class='ocrx_word' id='word_1_156' title='bbox 1341 1236 1442 1289; x_wconf 76' lang='lat' dir='ltr'><strong>genere</strong></span> <span class='ocrx_word' id='word_1_157' title='bbox 1454 1223 1666 1291; x_wconf 82' lang='lat' dir='ltr'><strong>probatissimis.</strong></span> <span class='ocrx_word' id='word_1_158' title='bbox 1703 1225 1838 1289; x_wconf 78' lang='lat' dir='ltr'><strong>Quinim-</strong></span> 
     </span>
     <span class='ocr_line' id='line_1_13' title="bbox 187 1288 1838 1361; baseline 0.003 -22"><span class='ocrx_word' id='word_1_159' title='bbox 187 1290 296 1357; x_wconf 88' lang='lat' dir='ltr'><strong>quando</strong></span> <span class='ocrx_word' id='word_1_160' title='bbox 319 1288 458 1340; x_wconf 76' lang='lat' dir='ltr'><strong>ridentur.</strong></span> <span class='ocrx_word' id='word_1_161' title='bbox 504 1289 655 1358; x_wconf 80' lang='lat' dir='ltr'><strong>linhydros</strong></span> <span class='ocrx_word' id='word_1_162' title='bbox 676 1304 785 1357; x_wconf 78' lang='lat' dir='ltr'><strong>ssatpm</strong></span> <span class='ocrx_word' id='word_1_163' title='bbox 802 1290 987 1345; x_wconf 81' lang='lat' dir='ltr'><strong>rotunditatis</strong></span> <span class='ocrx_word' id='word_1_164' title='bbox 1038 1291 1682 1357; x_wconf 74' lang='lat' dir='ltr'><strong>mssttsmesstsntcsmmmtssltaectomn,</strong></span> <span class='ocrx_word' id='word_1_165' title='bbox 1702 1308 1838 1361; x_wconf 90' lang='lat' dir='ltr'><strong>quosnon</strong></span> 
     </span>
     <span class='ocr_line' id='line_1_14' title="bbox 187 1357 1838 1430; baseline 0.002 -19"><span class='ocrx_word' id='word_1_166' title='bbox 187 1358 342 1421; x_wconf 84' lang='lat' dir='ltr'><strong>absolutae,</strong></span> <span class='ocrx_word' id='word_1_167' title='bbox 362 1359 391 1409; x_wconf 94' lang='lat' dir='ltr'><strong>in</strong></span> <span class='ocrx_word' id='word_1_168' title='bbox 403 1357 522 1410; x_wconf 77' lang='lat' dir='ltr'><strong>madore</strong></span> <span class='ocrx_word' id='word_1_169' title='bbox 534 1368 576 1410; x_wconf 89' lang='lat' dir='ltr'><strong>est</strong></span> <span class='ocrx_word' id='word_1_170' title='bbox 586 1359 694 1421; x_wconf 87' lang='lat' dir='ltr'><strong>laevis,</strong></span> <span class='ocrx_word' id='word_1_171' title='bbox 714 1360 763 1412; x_wconf 90' lang='lat' dir='ltr'><strong>sed</strong></span> <span class='ocrx_word' id='word_1_172' title='bbox 775 1361 810 1412; x_wconf 88' lang='lat' dir='ltr'><strong>ad</strong></span> <span class='ocrx_word' id='word_1_173' title='bbox 822 1368 927 1412; x_wconf 89' lang='lat' dir='ltr'><strong>motum</strong></span> <span class='ocrx_word' id='word_1_174' title='bbox 938 1359 987 1412; x_wconf 86' lang='lat' dir='ltr'><strong>ilu-</strong></span> <span class='ocrx_word' id='word_1_175' title='bbox 1038 1360 1166 1427; x_wconf 86' lang='lat' dir='ltr'><strong>equidem</strong></span> <span class='ocrx_word' id='word_1_176' title='bbox 1184 1359 1397 1411; x_wconf 83' lang='lat' dir='ltr'><strong>demonetrarim</strong></span> <span class='ocrx_word' id='word_1_177' title='bbox 1409 1398 1417 1425; x_wconf 90' lang='lat'><strong>,</strong></span> <span class='ocrx_word' id='word_1_178' title='bbox 1437 1364 1536 1428; x_wconf 83' lang='lat' dir='ltr'><strong>quibua</strong></span> <span class='ocrx_word' id='word_1_179' title='bbox 1548 1363 1637 1413; x_wconf 89' lang='lat' dir='ltr'><strong>modis</strong></span> <span class='ocrx_word' id='word_1_180' title='bbox 1650 1377 1685 1414; x_wconf 80' lang='lat' dir='ltr'><strong>ex</strong></span> <span class='ocrx_word' id='word_1_181' title='bbox 1701 1363 1838 1430; x_wconf 82' lang='lat' dir='ltr'><strong>crystallo</strong></span> 
     </span>
    </p>
   </div>
   <div class='ocr_carea' id='block_1_3' title="bbox 184 1427 986 1706">
    <p class='ocr_par' dir='ltr' id='par_1_3' title="bbox 184 1427 986 1706">
     <span class='ocr_line' id='line_1_15' title="bbox 187 1427 986 1497; baseline 0 -16"><span class='ocrx_word' id='word_1_182' title='bbox 187 1436 266 1481; x_wconf 85' lang='lat' dir='ltr'><strong>cluat</strong></span> <span class='ocrx_word' id='word_1_183' title='bbox 276 1428 355 1479; x_wconf 89' lang='lat' dir='ltr'><strong>intus</strong></span> <span class='ocrx_word' id='word_1_184' title='bbox 365 1428 394 1478; x_wconf 82' lang='lat' dir='ltr'><strong>in</strong></span> <span class='ocrx_word' id='word_1_185' title='bbox 406 1442 440 1480; x_wconf 88' lang='lat' dir='ltr'><strong>ea</strong></span> <span class='ocrx_word' id='word_1_186' title='bbox 454 1427 541 1479; x_wconf 79' lang='lat' dir='ltr'><strong>veluti</strong></span> <span class='ocrx_word' id='word_1_187' title='bbox 556 1428 585 1479; x_wconf 89' lang='lat' dir='ltr'><strong>iu</strong></span> <span class='ocrx_word' id='word_1_188' title='bbox 602 1429 661 1480; x_wconf 81' lang='lat' dir='ltr'><strong>uris</strong></span> <span class='ocrx_word' id='word_1_189' title='bbox 673 1429 772 1495; x_wconf 84' lang='lat' dir='ltr'><strong>liquor.</strong></span> <span class='ocrx_word' id='word_1_190' title='bbox 808 1428 986 1497; x_wconf 69' lang='lat' dir='ltr'><strong>Polym-lohes</strong></span> 
     </span>
     <span class='ocr_line' id='line_1_16' title="bbox 184 1496 986 1564; baseline 0.004 -16"><span class='ocrx_word' id='word_1_191' title='bbox 184 1499 214 1549; x_wconf 89' lang='lat' dir='ltr'><strong>ln</strong></span> <span class='ocrx_word' id='word_1_192' title='bbox 235 1496 320 1548; x_wconf 81' lang='lat' dir='ltr'><strong>uiridi</strong></span> <span class='ocrx_word' id='word_1_193' title='bbox 338 1496 497 1564; x_wconf 81' lang='lat' dir='ltr'><strong>capillatur,</strong></span> <span class='ocrx_word' id='word_1_194' title='bbox 518 1497 568 1548; x_wconf 88' lang='lat' dir='ltr'><strong>sed</strong></span> <span class='ocrx_word' id='word_1_195' title='bbox 589 1497 710 1551; x_wconf 81' lang='lat' dir='ltr'><strong>delluria</strong></span> <span class='ocrx_word' id='word_1_196' title='bbox 729 1510 870 1550; x_wconf 81' lang='lat' dir='ltr'><strong>ceniarum</strong></span> <span class='ocrx_word' id='word_1_197' title='bbox 892 1498 986 1552; x_wconf 82' lang='lat' dir='ltr'><strong>iacere</strong></span> 
     </span>
     <span class='ocr_line' id='line_1_17' title="bbox 185 1564 986 1634; baseline 0.002 -15"><span class='ocrx_word' id='word_1_198' title='bbox 185 1566 297 1619; x_wconf 87' lang='lat' dir='ltr'><strong>tlicltur.</strong></span> <span class='ocrx_word' id='word_1_199' title='bbox 335 1564 405 1619; x_wconf 83' lang='lat' dir='ltr'><strong>Sunt</strong></span> <span class='ocrx_word' id='word_1_200' title='bbox 415 1574 444 1620; x_wconf 89' lang='lat' dir='ltr'><strong>et</strong></span> <span class='ocrx_word' id='word_1_201' title='bbox 455 1580 472 1618; x_wconf 86' lang='grc' dir='ltr'><strong>ι</strong></span> <span class='ocrx_word' id='word_1_202' title='bbox 482 1566 573 1618; x_wconf 88' lang='lat' dir='ltr'><strong>leonis</strong></span> <span class='ocrx_word' id='word_1_203' title='bbox 582 1568 687 1634; x_wconf 85' lang='lat' dir='ltr'><strong>pelleet</strong></span> <span class='ocrx_word' id='word_1_204' title='bbox 700 1566 851 1634; x_wconf 83' lang='lat' dir='ltr'><strong>pantherae</strong></span> <span class='ocrx_word' id='word_1_205' title='bbox 862 1568 986 1621; x_wconf 87' lang='lat' dir='ltr'><strong>nomios·</strong></span> 
     </span>
     <span class='ocr_line' id='line_1_18' title="bbox 186 1634 986 1706; baseline 0.001 -18"><span class='ocrx_word' id='word_1_206' title='bbox 186 1645 241 1700; x_wconf 87' lang='lat' dir='ltr'><strong>tac,</strong></span> <span class='ocrx_word' id='word_1_207' title='bbox 253 1637 390 1701; x_wconf 86' lang='lat' dir='ltr'><strong>leontius,</strong></span> <span class='ocrx_word' id='word_1_208' title='bbox 402 1636 554 1703; x_wconf 84' lang='lat' dir='ltr'><strong>pardalica.</strong></span> <span class='ocrx_word' id='word_1_209' title='bbox 591 1636 674 1689; x_wconf 84' lang='lat' dir='ltr'><strong>Coloe</strong></span> <span class='ocrx_word' id='word_1_210' title='bbox 685 1638 838 1704; x_wconf 79' lang='lat' dir='ltr'><strong>appellauit</strong></span> <span class='ocrx_word' id='word_1_211' title='bbox 849 1634 986 1706; x_wconf 86' lang='lat' dir='ltr'><strong>chrysoli-</strong></span> 
     </span>
    </p>
   </div>
   <div class='ocr_carea' id='block_1_4' title="bbox 95 1704 986 1773">
    <p class='ocr_par' dir='ltr' id='par_1_4' title="bbox 95 1704 986 1773">
     <span class='ocr_line' id='line_1_19' title="bbox 95 1704 986 1773; baseline 0.003 -16"><span class='ocrx_word' id='word_1_212' title='bbox 95 1704 100 1711; x_wconf 85' lang='lat'>&#39;</span> <span class='ocrx_word' id='word_1_213' title='bbox 186 1704 265 1759; x_wconf 88' lang='lat' dir='ltr'><strong>thum</strong></span> <span class='ocrx_word' id='word_1_214' title='bbox 276 1721 388 1769; x_wconf 85' lang='lat' dir='ltr'><strong>aureus,</strong></span> <span class='ocrx_word' id='word_1_215' title='bbox 405 1705 617 1773; x_wconf 82' lang='lat' dir='ltr'><strong>chrysoprasum</strong></span> <span class='ocrx_word' id='word_1_216' title='bbox 627 1706 790 1771; x_wconf 86' lang='lat' dir='ltr'><strong>herbaceus,</strong></span> <span class='ocrx_word' id='word_1_217' title='bbox 803 1708 919 1762; x_wconf 90' lang='lat' dir='ltr'><strong>melleus</strong></span> <span class='ocrx_word' id='word_1_218' title='bbox 931 1722 986 1760; x_wconf 84' lang='grc' dir='ltr'>ιιι·</span> 
     </span>
    </p>
   </div>
   <div class='ocr_carea' id='block_1_5' title="bbox 152 1774 994 4745">
    <p class='ocr_par' dir='ltr' id='par_1_5' title="bbox 152 1774 991 2809">
     <span class='ocr_line' id='line_1_20' title="bbox 185 1774 986 1844; baseline -0.001 -17"><span class='ocrx_word' id='word_1_219' title='bbox 185 1774 324 1828; x_wconf 86' lang='lat' dir='ltr'><strong>lichrota:</strong></span> <span class='ocrx_word' id='word_1_220' title='bbox 347 1777 471 1843; x_wconf 79' lang='lat' dir='ltr'><strong>quamtis</strong></span> <span class='ocrx_word' id='word_1_221' title='bbox 483 1775 562 1841; x_wconf 83' lang='lat' dir='ltr'><strong>plura</strong></span> <span class='ocrx_word' id='word_1_222' title='bbox 575 1780 635 1828; x_wconf 86' lang='lat' dir='ltr'><strong>eius</strong></span> <span class='ocrx_word' id='word_1_223' title='bbox 646 1780 821 1844; x_wconf 76' lang='lat' dir='ltr'><strong>generarint.</strong></span> <span class='ocrx_word' id='word_1_224' title='bbox 842 1775 986 1829; x_wconf 86' lang='lat' dir='ltr'><strong>hlelichlo·</strong></span> 
     </span>
     <span class='ocr_line' id='line_1_21' title="bbox 183 1845 985 1911; baseline -0.001 -15"><span class='ocrx_word' id='word_1_225' title='bbox 183 1853 285 1897; x_wconf 88' lang='lat' dir='ltr'><strong>rosest</strong></span> <span class='ocrx_word' id='word_1_226' title='bbox 296 1848 431 1911; x_wconf 76' lang='lat' dir='ltr'><strong>geminus,</strong></span> <span class='ocrx_word' id='word_1_227' title='bbox 452 1848 531 1911; x_wconf 87' lang='lat' dir='ltr'><strong>parte</strong></span> <span class='ocrx_word' id='word_1_228' title='bbox 550 1845 647 1907; x_wconf 71' lang='lat' dir='ltr'><strong>liaeus,</strong></span> <span class='ocrx_word' id='word_1_229' title='bbox 668 1857 748 1911; x_wconf 83' lang='lat' dir='ltr'><strong>parte</strong></span> <span class='ocrx_word' id='word_1_230' title='bbox 761 1846 896 1899; x_wconf 76' lang='lat' dir='ltr'><strong>melleusz</strong></span> <span class='ocrx_word' id='word_1_231' title='bbox 919 1846 985 1896; x_wconf 85' lang='lat' dir='ltr'><strong>cro-</strong></span> 
     </span>
     <span class='ocr_line' id='line_1_22' title="bbox 185 1910 985 1981; baseline -0.004 -15"><span class='ocrx_word' id='word_1_232' title='bbox 185 1913 230 1966; x_wconf 89' lang='lat' dir='ltr'><strong>cia</strong></span> <span class='ocrx_word' id='word_1_233' title='bbox 242 1914 325 1965; x_wconf 85' lang='lat' dir='ltr'><strong>croci.</strong></span> <span class='ocrx_word' id='word_1_234' title='bbox 361 1910 442 1964; x_wconf 78' lang='lat' dir='ltr'><strong>Polie</strong></span> <span class='ocrx_word' id='word_1_235' title='bbox 458 1913 588 1964; x_wconf 85' lang='lat' dir='ltr'><strong>canitiem</strong></span> <span class='ocrx_word' id='word_1_236' title='bbox 606 1913 743 1980; x_wconf 90' lang='lat' dir='ltr'><strong>quandam</strong></span> <span class='ocrx_word' id='word_1_237' title='bbox 760 1914 848 1981; x_wconf 85' lang='lat' dir='ltr'><strong>sparti</strong></span> <span class='ocrx_word' id='word_1_238' title='bbox 864 1914 985 1965; x_wconf 83' lang='lat' dir='ltr'><strong>indicat:</strong></span> 
     </span>
     <span class='ocr_line' id='line_1_23' title="bbox 152 1981 987 2050; baseline -0.005 -15"><span class='ocrx_word' id='word_1_239' title='bbox 152 2040 162 2048; x_wconf 54' lang='grc'>,</span> <span class='ocrx_word' id='word_1_240' title='bbox 184 1982 301 2035; x_wconf 85' lang='lat' dir='ltr'><strong>eandem</strong></span> <span class='ocrx_word' id='word_1_241' title='bbox 312 1981 475 2044; x_wconf 81' lang='lat' dir='ltr'><strong>duriorem,</strong></span> <span class='ocrx_word' id='word_1_242' title='bbox 496 1983 576 2050; x_wconf 69' lang='lat' dir='ltr'><strong>nigra</strong></span> <span class='ocrx_word' id='word_1_243' title='bbox 587 1983 785 2049; x_wconf 86' lang='lat' dir='ltr'><strong>spartopolios.</strong></span> <span class='ocrx_word' id='word_1_244' title='bbox 822 1982 952 2035; x_wconf 87' lang='lat' dir='ltr'><strong>lihoditis</strong></span> <span class='ocrx_word' id='word_1_245' title='bbox 969 1994 987 2031; x_wconf 89' lang='lat' dir='ltr'><strong>a</strong></span> 
     </span>
     <span class='ocr_line' id='line_1_24' title="bbox 187 2049 986 2114; baseline -0.005 -10"><span class='ocrx_word' id='word_1_246' title='bbox 187 2067 252 2104; x_wconf 83' lang='lat' dir='ltr'><strong>rosa</strong></span> <span class='ocrx_word' id='word_1_247' title='bbox 273 2059 324 2104; x_wconf 91' lang='lat' dir='ltr'><strong>est.</strong></span> <span class='ocrx_word' id='word_1_248' title='bbox 362 2049 476 2112; x_wconf 76' lang='lat' dir='ltr'><strong>Melitta,</strong></span> <span class='ocrx_word' id='word_1_249' title='bbox 499 2052 566 2102; x_wconf 90' lang='lat' dir='ltr'><strong>mali</strong></span> <span class='ocrx_word' id='word_1_250' title='bbox 588 2050 702 2103; x_wconf 89' lang='lat' dir='ltr'><strong>coloris.</strong></span> <span class='ocrx_word' id='word_1_251' title='bbox 738 2050 881 2114; x_wconf 71' lang='lat' dir='ltr'><strong>chalcitis,</strong></span> <span class='ocrx_word' id='word_1_252' title='bbox 902 2052 986 2104; x_wconf 88' lang='lat' dir='ltr'><strong>ueris.</strong></span> 
     </span>
     <span class='ocr_line' id='line_1_25' title="bbox 186 2119 986 2189; baseline -0.003 -15"><span class='ocrx_word' id='word_1_253' title='bbox 186 2120 299 2189; x_wconf 84' lang='lat' dir='ltr'><strong>Sycitis,</strong></span> <span class='ocrx_word' id='word_1_254' title='bbox 311 2119 368 2171; x_wconf 89' lang='lat' dir='ltr'><strong>lici.</strong></span> <span class='ocrx_word' id='word_1_255' title='bbox 403 2119 487 2170; x_wconf 88' lang='lat' dir='ltr'><strong>Ratio</strong></span> <span class='ocrx_word' id='word_1_256' title='bbox 506 2120 646 2173; x_wconf 87' lang='lat' dir='ltr'><strong>numinum</strong></span> <span class='ocrx_word' id='word_1_257' title='bbox 663 2137 717 2172; x_wconf 90' lang='lat' dir='ltr'><strong>nun</strong></span> <span class='ocrx_word' id='word_1_258' title='bbox 730 2128 774 2173; x_wconf 88' lang='lat' dir='ltr'><strong>est</strong></span> <span class='ocrx_word' id='word_1_259' title='bbox 790 2124 818 2173; x_wconf 90' lang='lat' dir='ltr'><strong>in</strong></span> <span class='ocrx_word' id='word_1_260' title='bbox 831 2120 986 2189; x_wconf 83' lang='lat' dir='ltr'><strong>Bursycite,</strong></span> 
     </span>
     <span class='ocr_line' id='line_1_26' title="bbox 185 2188 987 2257; baseline -0.004 -15"><span class='ocrx_word' id='word_1_261' title='bbox 185 2188 215 2242; x_wconf 87' lang='lat' dir='ltr'><strong>in</strong></span> <span class='ocrx_word' id='word_1_262' title='bbox 227 2192 306 2257; x_wconf 76' lang='lat' dir='ltr'><strong>aigro</strong></span> <span class='ocrx_word' id='word_1_263' title='bbox 317 2203 439 2248; x_wconf 87' lang='lat' dir='ltr'><strong>ramosa,</strong></span> <span class='ocrx_word' id='word_1_264' title='bbox 461 2188 585 2241; x_wconf 87' lang='lat' dir='ltr'><strong>candidis</strong></span> <span class='ocrx_word' id='word_1_265' title='bbox 596 2198 644 2241; x_wconf 92' lang='lat' dir='ltr'><strong>aut</strong></span> <span class='ocrx_word' id='word_1_266' title='bbox 653 2192 812 2256; x_wconf 70' lang='lat' dir='ltr'><strong>sanguineis</strong></span> <span class='ocrx_word' id='word_1_267' title='bbox 823 2190 969 2242; x_wconf 73' lang='lat' dir='ltr'><strong>frondibus</strong></span> <span class='ocrx_word' id='word_1_268' title='bbox 980 2204 987 2239; x_wconf 90' lang='lat'>:</span> 
     </span>
     <span class='ocr_line' id='line_1_27' title="bbox 186 2257 988 2326; baseline 0 -16"><span class='ocrx_word' id='word_1_269' title='bbox 186 2273 239 2311; x_wconf 88' lang='lat' dir='ltr'><strong>nec</strong></span> <span class='ocrx_word' id='word_1_270' title='bbox 248 2259 361 2326; x_wconf 75' lang='lat' dir='ltr'><strong>genritc,</strong></span> <span class='ocrx_word' id='word_1_271' title='bbox 381 2257 457 2309; x_wconf 85' lang='lat' dir='ltr'><strong>velut</strong></span> <span class='ocrx_word' id='word_1_272' title='bbox 468 2259 496 2308; x_wconf 89' lang='lat' dir='ltr'><strong>in</strong></span> <span class='ocrx_word' id='word_1_273' title='bbox 508 2267 588 2323; x_wconf 88' lang='lat' dir='ltr'><strong>petra</strong></span> <span class='ocrx_word' id='word_1_274' title='bbox 599 2258 724 2309; x_wconf 88' lang='lat' dir='ltr'><strong>candidis</strong></span> <span class='ocrx_word' id='word_1_275' title='bbox 735 2260 862 2310; x_wconf 83' lang='lat' dir='ltr'><strong>manibus</strong></span> <span class='ocrx_word' id='word_1_276' title='bbox 873 2262 946 2311; x_wconf 92' lang='lat' dir='ltr'><strong>inter</strong></span> <span class='ocrx_word' id='word_1_277' title='bbox 957 2273 988 2310; x_wconf 89' lang='grc' dir='ltr'><strong>ιι</strong></span> 
     </span>
     <span class='ocr_line' id='line_1_28' title="bbox 187 2325 987 2394; baseline -0.003 -14"><span class='ocrx_word' id='word_1_278' title='bbox 187 2328 349 2394; x_wconf 82' lang='lat' dir='ltr'><strong>complexis.</strong></span> <span class='ocrx_word' id='word_1_279' title='bbox 373 2326 555 2378; x_wconf 84' lang='lat' dir='ltr'><strong>llnanehitide</strong></span> <span class='ocrx_word' id='word_1_280' title='bbox 567 2327 595 2376; x_wconf 94' lang='lat' dir='ltr'><strong>in</strong></span> <span class='ocrx_word' id='word_1_281' title='bbox 608 2325 912 2393; x_wconf 78' lang='lat' dir='ltr'><strong>hydromantiadicunt</strong></span> <span class='ocrx_word' id='word_1_282' title='bbox 922 2340 987 2379; x_wconf 83' lang='lat' dir='ltr'><strong>ero·</strong></span> 
     </span>
     <span class='ocr_line' id='line_1_29' title="bbox 187 2394 988 2463; baseline -0.002 -14"><span class='ocrx_word' id='word_1_283' title='bbox 187 2398 245 2463; x_wconf 85' lang='lat' dir='ltr'><strong>cari</strong></span> <span class='ocrx_word' id='word_1_284' title='bbox 255 2396 393 2463; x_wconf 83' lang='lat' dir='ltr'><strong>imagines</strong></span> <span class='ocrx_word' id='word_1_285' title='bbox 404 2396 533 2448; x_wconf 81' lang='lat' dir='ltr'><strong>deorum:</strong></span> <span class='ocrx_word' id='word_1_286' title='bbox 562 2394 745 2463; x_wconf 79' lang='lat' dir='ltr'><strong>synochitide</strong></span> <span class='ocrx_word' id='word_1_287' title='bbox 756 2396 871 2448; x_wconf 88' lang='lat' dir='ltr'><strong>umbras</strong></span> <span class='ocrx_word' id='word_1_288' title='bbox 883 2395 988 2448; x_wconf 86' lang='lat' dir='ltr'><strong>iniero·</strong></span> 
     </span>
     <span class='ocr_line' id='line_1_30' title="bbox 188 2462 990 2518; baseline -0.001 -1"><span class='ocrx_word' id='word_1_289' title='bbox 188 2481 250 2518; x_wconf 88' lang='lat' dir='ltr'><strong>rum</strong></span> <span class='ocrx_word' id='word_1_290' title='bbox 266 2470 397 2518; x_wconf 77' lang='lat' dir='ltr'><strong>crocotas</strong></span> <span class='ocrx_word' id='word_1_291' title='bbox 418 2467 522 2517; x_wconf 87' lang='lat' dir='ltr'><strong>teneri:</strong></span> <span class='ocrx_word' id='word_1_292' title='bbox 543 2462 713 2516; x_wconf 88' lang='lat' dir='ltr'><strong>Dendritide</strong></span> <span class='ocrx_word' id='word_1_293' title='bbox 730 2464 795 2517; x_wconf 89' lang='lat' dir='ltr'><strong>alba</strong></span> <span class='ocrx_word' id='word_1_294' title='bbox 810 2463 923 2516; x_wconf 75' lang='lat' dir='ltr'><strong>defossa</strong></span> <span class='ocrx_word' id='word_1_295' title='bbox 937 2464 990 2516; x_wconf 89' lang='lat' dir='ltr'><strong>sub</strong></span> 
     </span>
     <span class='ocr_line' id='line_1_31' title="bbox 186 2531 990 2602; baseline -0.004 -14"><span class='ocrx_word' id='word_1_296' title='bbox 186 2537 299 2597; x_wconf 88' lang='lat' dir='ltr'><strong>arbore,</strong></span> <span class='ocrx_word' id='word_1_297' title='bbox 321 2534 546 2602; x_wconf 85' lang='lat' dir='ltr'><strong>quaecaedntur,</strong></span> <span class='ocrx_word' id='word_1_298' title='bbox 568 2535 673 2585; x_wconf 89' lang='lat' dir='ltr'><strong>securis</strong></span> <span class='ocrx_word' id='word_1_299' title='bbox 684 2534 771 2585; x_wconf 87' lang='lat' dir='ltr'><strong>aciem</strong></span> <span class='ocrx_word' id='word_1_300' title='bbox 783 2547 837 2584; x_wconf 93' lang='lat' dir='ltr'><strong>non</strong></span> <span class='ocrx_word' id='word_1_301' title='bbox 855 2531 990 2586; x_wconf 88' lang='lat' dir='ltr'><strong>hebetari.</strong></span> 
     </span>
     <span class='ocr_line' id='line_1_32' title="bbox 188 2602 990 2670; baseline -0.006 -13"><span class='ocrx_word' id='word_1_302' title='bbox 188 2606 226 2657; x_wconf 78' lang='lat' dir='ltr'><strong>lit</strong></span> <span class='ocrx_word' id='word_1_303' title='bbox 235 2611 301 2655; x_wconf 89' lang='lat' dir='ltr'><strong>sunt</strong></span> <span class='ocrx_word' id='word_1_304' title='bbox 312 2604 401 2656; x_wconf 91' lang='lat' dir='ltr'><strong>multo</strong></span> <span class='ocrx_word' id='word_1_305' title='bbox 414 2605 515 2670; x_wconf 90' lang='lat' dir='ltr'><strong>plures,</strong></span> <span class='ocrx_word' id='word_1_306' title='bbox 527 2603 670 2670; x_wconf 81' lang='lat' dir='ltr'><strong>magisque</strong></span> <span class='ocrx_word' id='word_1_307' title='bbox 681 2602 880 2666; x_wconf 80' lang='lat' dir='ltr'><strong>monstrificae,</strong></span> <span class='ocrx_word' id='word_1_308' title='bbox 891 2603 990 2669; x_wconf 90' lang='lat' dir='ltr'><strong>quibus</strong></span> 
     </span>
     <span class='ocr_line' id='line_1_33' title="bbox 188 2671 991 2794; baseline -0.002 -68"><span class='ocrx_word' id='word_1_309' title='bbox 188 2672 417 2794; x_wconf 44' lang='lat' dir='ltr'><strong>barbarffledere</strong></span> <span class='ocrx_word' id='word_1_310' title='bbox 427 2672 547 2733; x_wconf 89' lang='lat' dir='ltr'><strong>nomina,</strong></span> <span class='ocrx_word' id='word_1_311' title='bbox 560 2671 681 2724; x_wconf 80' lang='lat' dir='ltr'><strong>confessi</strong></span> <span class='ocrx_word' id='word_1_312' title='bbox 692 2672 800 2738; x_wconf 86' lang='lat' dir='ltr'><strong>lapides</strong></span> <span class='ocrx_word' id='word_1_313' title='bbox 813 2687 883 2725; x_wconf 88' lang='lat' dir='ltr'><strong>esse.</strong></span> <span class='ocrx_word' id='word_1_314' title='bbox 902 2671 991 2724; x_wconf 82' lang='lat' dir='ltr'><strong>Nubis</strong></span> 
     </span>
     <span class='ocr_line' id='line_1_34' title="bbox 188 2740 835 2809; baseline -0.003 -14"><span class='ocrx_word' id='word_1_315' title='bbox 188 2743 258 2795; x_wconf 85' lang='lat' dir='ltr'><strong>satis</strong></span> <span class='ocrx_word' id='word_1_316' title='bbox 274 2759 288 2794; x_wconf 91' lang='lat' dir='ltr'><strong>c</strong></span> <span class='ocrx_word' id='word_1_317' title='bbox 338 2744 367 2793; x_wconf 92' lang='lat' dir='ltr'><strong>in</strong></span> <span class='ocrx_word' id='word_1_318' title='bbox 380 2741 421 2792; x_wconf 93' lang='lat' dir='ltr'><strong>his</strong></span> <span class='ocrx_word' id='word_1_319' title='bbox 433 2743 595 2809; x_wconf 76' lang='lat' dir='ltr'><strong>coarguisse</strong></span> <span class='ocrx_word' id='word_1_320' title='bbox 608 2740 671 2792; x_wconf 88' lang='lat' dir='ltr'><strong>dira</strong></span> <span class='ocrx_word' id='word_1_321' title='bbox 681 2740 835 2793; x_wconf 86' lang='lat' dir='ltr'><strong>mendacia.</strong></span> 
     </span>
    </p>

    <p class='ocr_par' dir='ltr' id='par_1_6' title="bbox 186 2809 993 3293">
     <span class='ocr_line' id='line_1_35' title="bbox 225 2809 992 2877; baseline -0.005 -13"><span class='ocrx_word' id='word_1_322' title='bbox 225 2809 349 2865; x_wconf 77' lang='lat' dir='ltr'><strong>bxxrv.</strong></span> <span class='ocrx_word' id='word_1_323' title='bbox 371 2811 503 2863; x_wconf 86' lang='lat' dir='ltr'><strong>Gammae</strong></span> <span class='ocrx_word' id='word_1_324' title='bbox 514 2816 703 2863; x_wconf 88' lang='lat' dir='ltr'><strong>nascunturet</strong></span> <span class='ocrx_word' id='word_1_325' title='bbox 713 2817 828 2877; x_wconf 87' lang='lat' dir='ltr'><strong>repente</strong></span> <span class='ocrx_word' id='word_1_326' title='bbox 839 2824 937 2874; x_wconf 84' lang='lat' dir='ltr'><strong>norae,</strong></span> <span class='ocrx_word' id='word_1_327' title='bbox 959 2824 992 2861; x_wconf 89' lang='lat' dir='ltr'><strong>ae</strong></span> 
     </span>
     <span class='ocr_line' id='line_1_36' title="bbox 189 2879 991 2946; baseline -0.004 -13"><span class='ocrx_word' id='word_1_328' title='bbox 189 2882 251 2933; x_wconf 89' lang='lat' dir='ltr'><strong>sine</strong></span> <span class='ocrx_word' id='word_1_329' title='bbox 266 2880 444 2931; x_wconf 77' lang='lat' dir='ltr'><strong>numinibus:</strong></span> <span class='ocrx_word' id='word_1_330' title='bbox 467 2879 656 2946; x_wconf 83' lang='lat' dir='ltr'><strong>utLampasei</strong></span> <span class='ocrx_word' id='word_1_331' title='bbox 679 2881 708 2931; x_wconf 92' lang='lat' dir='ltr'><strong>in</strong></span> <span class='ocrx_word' id='word_1_332' title='bbox 729 2880 851 2932; x_wconf 90' lang='lat' dir='ltr'><strong>metallis</strong></span> <span class='ocrx_word' id='word_1_333' title='bbox 872 2879 991 2932; x_wconf 86' lang='lat' dir='ltr'><strong>aurariis</strong></span> 
     </span>
     <span class='ocr_line' id='line_1_37' title="bbox 186 2948 992 3016; baseline -0.002 -15"><span class='ocrx_word' id='word_1_334' title='bbox 186 2964 245 3001; x_wconf 88' lang='lat' dir='ltr'><strong>unu</strong></span> <span class='ocrx_word' id='word_1_335' title='bbox 258 2950 386 3009; x_wconf 82' lang='lat' dir='ltr'><strong>inventa,</strong></span> <span class='ocrx_word' id='word_1_336' title='bbox 402 2962 473 3015; x_wconf 86' lang='lat' dir='ltr'><strong>quae</strong></span> <span class='ocrx_word' id='word_1_337' title='bbox 491 2957 605 3016; x_wconf 87' lang='lat' dir='ltr'><strong>propter</strong></span> <span class='ocrx_word' id='word_1_338' title='bbox 621 2948 856 3015; x_wconf 87' lang='lat' dir='ltr'><strong>pulchritudinem</strong></span> <span class='ocrx_word' id='word_1_339' title='bbox 874 2949 992 3003; x_wconf 80' lang='lat' dir='ltr'><strong>hieran·</strong></span> 
     </span>
     <span class='ocr_line' id='line_1_38' title="bbox 188 3017 991 3085; baseline 0.001 -15"><span class='ocrx_word' id='word_1_340' title='bbox 188 3018 239 3071; x_wconf 91' lang='lat' dir='ltr'><strong>dre</strong></span> <span class='ocrx_word' id='word_1_341' title='bbox 261 3019 322 3084; x_wconf 83' lang='lat' dir='ltr'><strong>regi</strong></span> <span class='ocrx_word' id='word_1_342' title='bbox 344 3018 429 3070; x_wconf 88' lang='lat' dir='ltr'><strong>missa</strong></span> <span class='ocrx_word' id='word_1_343' title='bbox 450 3019 510 3081; x_wconf 83' lang='lat' dir='ltr'><strong>luit,</strong></span> <span class='ocrx_word' id='word_1_344' title='bbox 533 3026 564 3071; x_wconf 92' lang='lat' dir='ltr'><strong>ut</strong></span> <span class='ocrx_word' id='word_1_345' title='bbox 585 3026 685 3071; x_wconf 87' lang='lat' dir='ltr'><strong>auctor</strong></span> <span class='ocrx_word' id='word_1_346' title='bbox 706 3027 749 3071; x_wconf 90' lang='lat' dir='ltr'><strong>est</strong></span> <span class='ocrx_word' id='word_1_347' title='bbox 769 3017 991 3085; x_wconf 78' lang='lat' dir='ltr'><strong>Theophrastus.</strong></span> 
     </span>
     <span class='ocr_line' id='line_1_39' title="bbox 186 3087 992 3156; baseline 0 -16"><span class='ocrx_word' id='word_1_348' title='bbox 186 3087 338 3140; x_wconf 76' lang='lat' dir='ltr'><strong>Cochlides</strong></span> <span class='ocrx_word' id='word_1_349' title='bbox 352 3102 461 3156; x_wconf 88' lang='lat' dir='ltr'><strong>quoque</strong></span> <span class='ocrx_word' id='word_1_350' title='bbox 479 3103 551 3140; x_wconf 88' lang='lat' dir='ltr'><strong>nunc</strong></span> <span class='ocrx_word' id='word_1_351' title='bbox 566 3088 786 3155; x_wconf 79' lang='lat' dir='ltr'><strong>vulgatissimae,</strong></span> <span class='ocrx_word' id='word_1_352' title='bbox 806 3091 876 3140; x_wconf 81' lang='lat' dir='ltr'><strong>bunt</strong></span> <span class='ocrx_word' id='word_1_353' title='bbox 887 3089 992 3152; x_wconf 82' lang='lat' dir='ltr'><strong>retius,</strong></span> 
     </span>
     <span class='ocr_line' id='line_1_40' title="bbox 186 3156 993 3226; baseline 0 -18"><span class='ocrx_word' id='word_1_354' title='bbox 186 3171 271 3226; x_wconf 86' lang='lat' dir='ltr'><strong>qaam</strong></span> <span class='ocrx_word' id='word_1_355' title='bbox 284 3162 454 3209; x_wconf 78' lang='lat' dir='ltr'><strong>naseuntur:</strong></span> <span class='ocrx_word' id='word_1_356' title='bbox 478 3158 507 3208; x_wconf 94' lang='lat' dir='ltr'><strong>in</strong></span> <span class='ocrx_word' id='word_1_357' title='bbox 523 3158 625 3208; x_wconf 78' lang='lat' dir='ltr'><strong>Arabia</strong></span> <span class='ocrx_word' id='word_1_358' title='bbox 636 3157 755 3224; x_wconf 88' lang='lat' dir='ltr'><strong>repertis</strong></span> <span class='ocrx_word' id='word_1_359' title='bbox 767 3156 925 3225; x_wconf 81' lang='lat' dir='ltr'><strong>ingentibus</strong></span> <span class='ocrx_word' id='word_1_360' title='bbox 935 3157 993 3223; x_wconf 81' lang='lat' dir='ltr'><strong>gle-</strong></span> 
     </span>
     <span class='ocr_line' id='line_1_41' title="bbox 187 3224 991 3293; baseline 0 -15"><span class='ocrx_word' id='word_1_361' title='bbox 187 3226 240 3287; x_wconf 86' lang='lat' dir='ltr'><strong>bis,</strong></span> <span class='ocrx_word' id='word_1_362' title='bbox 261 3226 345 3277; x_wconf 88' lang='lat' dir='ltr'><strong>melle</strong></span> <span class='ocrx_word' id='word_1_363' title='bbox 356 3224 473 3293; x_wconf 85' lang='lat' dir='ltr'><strong>excoqui</strong></span> <span class='ocrx_word' id='word_1_364' title='bbox 484 3224 599 3278; x_wconf 88' lang='lat' dir='ltr'><strong>tradunt</strong></span> <span class='ocrx_word' id='word_1_365' title='bbox 609 3227 732 3292; x_wconf 86' lang='lat' dir='ltr'><strong>septenis</strong></span> <span class='ocrx_word' id='word_1_366' title='bbox 744 3226 841 3277; x_wconf 87' lang='lat' dir='ltr'><strong>dicbus</strong></span> <span class='ocrx_word' id='word_1_367' title='bbox 853 3227 991 3279; x_wconf 88' lang='lat' dir='ltr'><strong>noctibus-</strong></span> 
     </span>
    </p>

    <p class='ocr_par' dir='ltr' id='par_1_7' title="bbox 186 3293 994 4674">
     <span class='ocr_line' id='line_1_42' title="bbox 210 3293 991 3363; baseline 0.003 -17"><span class='ocrx_word' id='word_1_368' title='bbox 210 3312 244 3347; x_wconf 89' lang='lat' dir='ltr'><strong>ue</strong></span> <span class='ocrx_word' id='word_1_369' title='bbox 254 3295 315 3346; x_wconf 87' lang='lat' dir='ltr'><strong>sinc</strong></span> <span class='ocrx_word' id='word_1_370' title='bbox 328 3293 535 3346; x_wconf 88' lang='lat' dir='ltr'><strong>intermissione</strong></span> <span class='ocrx_word' id='word_1_371' title='bbox 547 3313 554 3345; x_wconf 73' lang='grc' dir='ltr'><strong><em>ε</em></strong></span> <span class='ocrx_word' id='word_1_372' title='bbox 569 3296 608 3347; x_wconf 89' lang='lat' dir='ltr'><strong>ita</strong></span> <span class='ocrx_word' id='word_1_373' title='bbox 622 3296 699 3347; x_wconf 89' lang='lat' dir='ltr'><strong>omni</strong></span> <span class='ocrx_word' id='word_1_374' title='bbox 710 3304 822 3348; x_wconf 87' lang='lat' dir='ltr'><strong>terreno</strong></span> <span class='ocrx_word' id='word_1_375' title='bbox 834 3296 991 3363; x_wconf 79' lang='lat' dir='ltr'><strong>vitiosoque</strong></span> 
     </span>
     <span class='ocr_line' id='line_1_43' title="bbox 186 3310 991 3433; baseline -0.001 -17"><span class='ocrx_word' id='word_1_376' title='bbox 186 3310 316 3425; x_wconf 57' lang='lat' dir='ltr'><strong>decusso,</strong></span> <span class='ocrx_word' id='word_1_377' title='bbox 338 3370 483 3430; x_wconf 79' lang='lat' dir='ltr'><strong>purgatam</strong></span> <span class='ocrx_word' id='word_1_378' title='bbox 496 3379 648 3432; x_wconf 89' lang='lat' dir='ltr'><strong>puramque</strong></span> <span class='ocrx_word' id='word_1_379' title='bbox 658 3365 778 3433; x_wconf 82' lang='lat' dir='ltr'><strong>glebam,</strong></span> <span class='ocrx_word' id='word_1_380' title='bbox 799 3365 937 3416; x_wconf 88' lang='lat' dir='ltr'><strong>artitlcum</strong></span> <span class='ocrx_word' id='word_1_381' title='bbox 948 3366 991 3416; x_wconf 91' lang='lat' dir='ltr'><strong>in·</strong></span> 
     </span>
     <span class='ocr_line' id='line_1_44' title="bbox 188 3431 992 3503; baseline -0.001 -18"><span class='ocrx_word' id='word_1_382' title='bbox 188 3433 273 3503; x_wconf 71' lang='lat' dir='ltr'><strong>genio</strong></span> <span class='ocrx_word' id='word_1_383' title='bbox 290 3434 368 3485; x_wconf 79' lang='lat' dir='ltr'><strong>varie</strong></span> <span class='ocrx_word' id='word_1_384' title='bbox 386 3431 518 3484; x_wconf 81' lang='lat' dir='ltr'><strong>distribui</strong></span> <span class='ocrx_word' id='word_1_385' title='bbox 535 3434 563 3483; x_wconf 95' lang='lat' dir='ltr'><strong>in</strong></span> <span class='ocrx_word' id='word_1_386' title='bbox 582 3449 684 3495; x_wconf 81' lang='lat' dir='ltr'><strong>venas,</strong></span> <span class='ocrx_word' id='word_1_387' title='bbox 706 3433 860 3500; x_wconf 90' lang='lat' dir='ltr'><strong>ductusque</strong></span> <span class='ocrx_word' id='word_1_388' title='bbox 872 3435 992 3485; x_wconf 90' lang='lat' dir='ltr'><strong>macula·</strong></span> 
     </span>
     <span class='ocr_line' id='line_1_45' title="bbox 186 3500 991 3567; baseline -0.001 -12"><span class='ocrx_word' id='word_1_389' title='bbox 186 3514 258 3565; x_wconf 80' lang='lat' dir='ltr'><strong>rum,</strong></span> <span class='ocrx_word' id='word_1_390' title='bbox 280 3515 361 3567; x_wconf 84' lang='lat' dir='ltr'><strong>quam</strong></span> <span class='ocrx_word' id='word_1_391' title='bbox 382 3502 502 3554; x_wconf 81' lang='lat' dir='ltr'><strong>maxime</strong></span> <span class='ocrx_word' id='word_1_392' title='bbox 522 3500 657 3554; x_wconf 76' lang='lat' dir='ltr'><strong>vendibili</strong></span> <span class='ocrx_word' id='word_1_393' title='bbox 677 3503 785 3555; x_wconf 88' lang='lat' dir='ltr'><strong>ratione</strong></span> <span class='ocrx_word' id='word_1_394' title='bbox 804 3506 991 3555; x_wconf 82' lang='lat' dir='ltr'><strong>sectantium:</strong></span> 
     </span>
     <span class='ocr_line' id='line_1_46' title="bbox 189 3569 992 3640; baseline 0.001 -18"><span class='ocrx_word' id='word_1_395' title='bbox 189 3569 386 3640; x_wconf 87' lang='lat' dir='ltr'><strong>quondamque</strong></span> <span class='ocrx_word' id='word_1_396' title='bbox 407 3574 501 3621; x_wconf 83' lang='lat' dir='ltr'><strong>tantae</strong></span> <span class='ocrx_word' id='word_1_397' title='bbox 521 3572 723 3639; x_wconf 80' lang='lat' dir='ltr'><strong>magnitudinis</strong></span> <span class='ocrx_word' id='word_1_398' title='bbox 742 3569 845 3635; x_wconf 85' lang='lat' dir='ltr'><strong>iecere,</strong></span> <span class='ocrx_word' id='word_1_399' title='bbox 863 3580 894 3622; x_wconf 90' lang='lat' dir='ltr'><strong>ut</strong></span> <span class='ocrx_word' id='word_1_400' title='bbox 914 3572 992 3639; x_wconf 88' lang='lat' dir='ltr'><strong>equis</strong></span> 
     </span>
     <span class='ocr_line' id='line_1_47' title="bbox 186 3638 992 3776; baseline -0.001 -13"><span class='ocrx_word' id='word_1_401' title='bbox 186 3638 992 3776; x_wconf 57' lang='lat' dir='ltr'><strong>hiiitiililizlliii’mtltiilltlliltt</strong></span> 
     </span>
     <span class='ocr_line' id='line_1_48' title="bbox 188 3778 993 3844; baseline -0.005 -9"><span class='ocrx_word' id='word_1_402' title='bbox 188 3788 233 3835; x_wconf 82' lang='lat' dir='ltr'><strong>ctu</strong></span> <span class='ocrx_word' id='word_1_403' title='bbox 247 3781 403 3840; x_wconf 87' lang='lat' dir='ltr'><strong>nitescunt,</strong></span> <span class='ocrx_word' id='word_1_404' title='bbox 424 3778 573 3844; x_wconf 83' lang='lat' dir='ltr'><strong>praecipue</strong></span> <span class='ocrx_word' id='word_1_405' title='bbox 585 3779 709 3829; x_wconf 83' lang='lat' dir='ltr'><strong>Corsici:</strong></span> <span class='ocrx_word' id='word_1_406' title='bbox 733 3779 762 3830; x_wconf 92' lang='lat' dir='ltr'><strong>in</strong></span> <span class='ocrx_word' id='word_1_407' title='bbox 780 3781 854 3830; x_wconf 90' lang='lat' dir='ltr'><strong>omni</strong></span> <span class='ocrx_word' id='word_1_408' title='bbox 871 3779 927 3831; x_wconf 87' lang='lat' dir='ltr'><strong>ulio</strong></span> <span class='ocrx_word' id='word_1_409' title='bbox 941 3794 993 3831; x_wconf 92' lang='lat' dir='ltr'><strong>usu</strong></span> 
     </span>
     <span class='ocr_line' id='line_1_49' title="bbox 189 3846 992 3911; baseline -0.006 -8"><span class='ocrx_word' id='word_1_410' title='bbox 189 3848 371 3903; x_wconf 86' lang='lat' dir='ltr'><strong>acrimoniam</strong></span> <span class='ocrx_word' id='word_1_411' title='bbox 393 3846 584 3899; x_wconf 86' lang='lat' dir='ltr'><strong>abhorrentes.</strong></span> <span class='ocrx_word' id='word_1_412' title='bbox 622 3849 699 3911; x_wconf 79' lang='lat' dir='ltr'><strong>Quae</strong></span> <span class='ocrx_word' id='word_1_413' title='bbox 711 3850 806 3900; x_wconf 74' lang='lat' dir='ltr'><strong>ramae</strong></span> <span class='ocrx_word' id='word_1_414' title='bbox 817 3856 896 3911; x_wconf 90' lang='lat' dir='ltr'><strong>sunt,</strong></span> <span class='ocrx_word' id='word_1_415' title='bbox 918 3848 992 3901; x_wconf 90' lang='lat' dir='ltr'><strong>etad</strong></span> 
     </span>
     <span class='ocr_line' id='line_1_50' title="bbox 189 3915 993 3986; baseline -0.002 -15"><span class='ocrx_word' id='word_1_416' title='bbox 189 3921 344 3971; x_wconf 82' lang='lat' dir='ltr'><strong>novitatem</strong></span> <span class='ocrx_word' id='word_1_417' title='bbox 357 3917 493 3970; x_wconf 88' lang='lat' dir='ltr'><strong>accedere</strong></span> <span class='ocrx_word' id='word_1_418' title='bbox 505 3915 661 3969; x_wconf 88' lang='lat' dir='ltr'><strong>calliditate</strong></span> <span class='ocrx_word' id='word_1_419' title='bbox 672 3918 848 3985; x_wconf 74' lang='lat' dir='ltr'><strong>ingeniorum</strong></span> <span class='ocrx_word' id='word_1_420' title='bbox 863 3919 993 3986; x_wconf 69' lang='lat' dir='ltr'><strong>contigit,</strong></span> 
     </span>
     <span class='ocr_line' id='line_1_51' title="bbox 188 3985 992 4054; baseline 0 -14"><span class='ocrx_word' id='word_1_421' title='bbox 188 3995 221 4040; x_wconf 93' lang='lat' dir='ltr'><strong>ut</strong></span> <span class='ocrx_word' id='word_1_422' title='bbox 233 4003 331 4040; x_wconf 89' lang='lat' dir='ltr'><strong>nomen</strong></span> <span class='ocrx_word' id='word_1_423' title='bbox 345 3987 479 4038; x_wconf 85' lang='lat' dir='ltr'><strong>usitatum</strong></span> <span class='ocrx_word' id='word_1_424' title='bbox 497 4000 551 4036; x_wconf 90' lang='lat' dir='ltr'><strong>non</strong></span> <span class='ocrx_word' id='word_1_425' title='bbox 567 3985 703 4047; x_wconf 88' lang='lat' dir='ltr'><strong>habeant,</strong></span> <span class='ocrx_word' id='word_1_426' title='bbox 725 3985 828 4053; x_wconf 86' lang='lat' dir='ltr'><strong>physes</strong></span> <span class='ocrx_word' id='word_1_427' title='bbox 839 3988 992 4054; x_wconf 87' lang='lat' dir='ltr'><strong>appellant,</strong></span> 
     </span>
     <span class='ocr_line' id='line_1_52' title="bbox 188 4053 993 4123; baseline 0.004 -17"><span class='ocrx_word' id='word_1_428' title='bbox 188 4058 264 4110; x_wconf 75' lang='lat' dir='ltr'><strong>uelut</strong></span> <span class='ocrx_word' id='word_1_429' title='bbox 276 4058 366 4123; x_wconf 91' lang='lat' dir='ltr'><strong>ipsias</strong></span> <span class='ocrx_word' id='word_1_430' title='bbox 377 4060 495 4105; x_wconf 88' lang='lat' dir='ltr'><strong>naturae</strong></span> <span class='ocrx_word' id='word_1_431' title='bbox 504 4053 717 4105; x_wconf 87' lang='lat' dir='ltr'><strong>admirationem</strong></span> <span class='ocrx_word' id='word_1_432' title='bbox 728 4054 756 4104; x_wconf 94' lang='lat' dir='ltr'><strong>in</strong></span> <span class='ocrx_word' id='word_1_433' title='bbox 766 4055 801 4105; x_wconf 91' lang='lat' dir='ltr'><strong>ila</strong></span> <span class='ocrx_word' id='word_1_434' title='bbox 810 4058 993 4117; x_wconf 75' lang='lat' dir='ltr'><strong>venditantes,</strong></span> 
     </span>
     <span class='ocr_line' id='line_1_53' title="bbox 188 4122 991 4192; baseline -0.002 -14"><span class='ocrx_word' id='word_1_435' title='bbox 188 4141 250 4179; x_wconf 91' lang='lat' dir='ltr'><strong>cum</strong></span> <span class='ocrx_word' id='word_1_436' title='bbox 262 4125 324 4175; x_wconf 88' lang='lat' dir='ltr'><strong>linis</strong></span> <span class='ocrx_word' id='word_1_437' title='bbox 336 4123 478 4173; x_wconf 89' lang='lat' dir='ltr'><strong>nominum</strong></span> <span class='ocrx_word' id='word_1_438' title='bbox 490 4122 604 4183; x_wconf 90' lang='lat' dir='ltr'><strong>nonsit,</strong></span> <span class='ocrx_word' id='word_1_439' title='bbox 625 4135 695 4187; x_wconf 88' lang='lat' dir='ltr'><strong>quae</strong></span> <span class='ocrx_word' id='word_1_440' title='bbox 708 4124 836 4188; x_wconf 84' lang='lat' dir='ltr'><strong>persequi</strong></span> <span class='ocrx_word' id='word_1_441' title='bbox 847 4139 902 4175; x_wconf 91' lang='lat' dir='ltr'><strong>non</strong></span> <span class='ocrx_word' id='word_1_442' title='bbox 913 4125 991 4192; x_wconf 83' lang='lat' dir='ltr'><strong>equi·</strong></span> 
     </span>
     <span class='ocr_line' id='line_1_54' title="bbox 188 4189 992 4260; baseline -0.005 -14"><span class='ocrx_word' id='word_1_443' title='bbox 188 4195 251 4248; x_wconf 88' lang='lat' dir='ltr'><strong>dem</strong></span> <span class='ocrx_word' id='word_1_444' title='bbox 264 4193 376 4260; x_wconf 75' lang='lat' dir='ltr'><strong>cogito,</strong></span> <span class='ocrx_word' id='word_1_445' title='bbox 398 4191 545 4243; x_wconf 88' lang='lat' dir='ltr'><strong>innumera</strong></span> <span class='ocrx_word' id='word_1_446' title='bbox 564 4206 600 4242; x_wconf 81' lang='lat' dir='ltr'><strong>es</strong></span> <span class='ocrx_word' id='word_1_447' title='bbox 610 4189 720 4242; x_wconf 82' lang='lat' dir='ltr'><strong>Graeca</strong></span> <span class='ocrx_word' id='word_1_448' title='bbox 730 4193 855 4243; x_wconf 83' lang='lat' dir='ltr'><strong>vanitate</strong></span> <span class='ocrx_word' id='word_1_449' title='bbox 867 4196 992 4244; x_wconf 87' lang='lat' dir='ltr'><strong>conlicta.</strong></span> 
     </span>
     <span class='ocr_line' id='line_1_55' title="bbox 187 4258 990 4327; baseline -0.004 -11"><span class='ocrx_word' id='word_1_450' title='bbox 187 4263 323 4316; x_wconf 87' lang='lat' dir='ltr'><strong>indicatis</strong></span> <span class='ocrx_word' id='word_1_451' title='bbox 334 4259 473 4312; x_wconf 89' lang='lat' dir='ltr'><strong>nobilibus</strong></span> <span class='ocrx_word' id='word_1_452' title='bbox 484 4262 609 4326; x_wconf 66' lang='grc' dir='ltr'>ςιιιιιίι,</span> <span class='ocrx_word' id='word_1_453' title='bbox 629 4260 714 4311; x_wconf 89' lang='lat' dir='ltr'><strong>etlam</strong></span> <span class='ocrx_word' id='word_1_454' title='bbox 726 4258 843 4327; x_wconf 87' lang='lat' dir='ltr'><strong>plebeiis</strong></span> <span class='ocrx_word' id='word_1_455' title='bbox 853 4265 990 4313; x_wconf 87' lang='lat' dir='ltr'><strong>rariorum</strong></span> 
     </span>
     <span class='ocr_line' id='line_1_56' title="bbox 188 4327 992 4403; baseline -0.007 -17"><span class='ocrx_word' id='word_1_456' title='bbox 188 4346 341 4403; x_wconf 78' lang='lat' dir='ltr'><strong>penarum,</strong></span> <span class='ocrx_word' id='word_1_457' title='bbox 362 4330 438 4381; x_wconf 88' lang='lat' dir='ltr'><strong>dieto</strong></span> <span class='ocrx_word' id='word_1_458' title='bbox 451 4328 550 4396; x_wconf 79' lang='lat' dir='ltr'><strong>dignas</strong></span> <span class='ocrx_word' id='word_1_459' title='bbox 559 4327 721 4381; x_wconf 80' lang='lat' dir='ltr'><strong>distinxisse</strong></span> <span class='ocrx_word' id='word_1_460' title='bbox 732 4328 801 4380; x_wconf 93' lang='lat' dir='ltr'><strong>satis</strong></span> <span class='ocrx_word' id='word_1_461' title='bbox 812 4335 882 4381; x_wconf 88' lang='lat' dir='ltr'><strong>erat.</strong></span> <span class='ocrx_word' id='word_1_462' title='bbox 919 4327 992 4382; x_wconf 92' lang='lat' dir='ltr'><strong>illud</strong></span> 
     </span>
     <span class='ocr_line' id='line_1_57' title="bbox 187 4398 993 4460; baseline -0.001 -6"><span class='ocrx_word' id='word_1_463' title='bbox 187 4416 254 4454; x_wconf 85' lang='lat' dir='ltr'><strong>uero</strong></span> <span class='ocrx_word' id='word_1_464' title='bbox 267 4399 425 4453; x_wconf 82' lang='lat' dir='ltr'><strong>meminisse</strong></span> <span class='ocrx_word' id='word_1_465' title='bbox 438 4398 596 4460; x_wconf 80' lang='lat' dir='ltr'><strong>conveniet,</strong></span> <span class='ocrx_word' id='word_1_466' title='bbox 618 4398 837 4451; x_wconf 87' lang='lat' dir='ltr'><strong>increscentibus</strong></span> <span class='ocrx_word' id='word_1_467' title='bbox 849 4398 925 4453; x_wconf 81' lang='lat' dir='ltr'><strong>varie</strong></span> <span class='ocrx_word' id='word_1_468' title='bbox 936 4415 993 4453; x_wconf 83' lang='lat' dir='ltr'><strong>ma·</strong></span> 
     </span>
     <span class='ocr_line' id='line_1_58' title="bbox 188 4466 994 4534; baseline -0.005 -10"><span class='ocrx_word' id='word_1_469' title='bbox 188 4471 261 4524; x_wconf 89' lang='lat' dir='ltr'><strong>culis</strong></span> <span class='ocrx_word' id='word_1_470' title='bbox 273 4486 306 4522; x_wconf 89' lang='lat' dir='ltr'><strong>ac</strong></span> <span class='ocrx_word' id='word_1_471' title='bbox 314 4466 439 4521; x_wconf 83' lang='lat' dir='ltr'><strong>verrucis</strong></span> <span class='ocrx_word' id='word_1_472' title='bbox 450 4502 459 4530; x_wconf 94' lang='lat'><strong>,</strong></span> <span class='ocrx_word' id='word_1_473' title='bbox 478 4467 671 4534; x_wconf 82' lang='lat' dir='ltr'><strong>linearumque</strong></span> <span class='ocrx_word' id='word_1_474' title='bbox 686 4467 889 4522; x_wconf 82' lang='lat' dir='ltr'><strong>interveniente</strong></span> <span class='ocrx_word' id='word_1_475' title='bbox 900 4469 994 4523; x_wconf 82' lang='lat' dir='ltr'><strong>multi·</strong></span> 
     </span>
     <span class='ocr_line' id='line_1_59' title="bbox 187 4536 992 4609; baseline 0.002 -18"><span class='ocrx_word' id='word_1_476' title='bbox 187 4541 254 4609; x_wconf 89' lang='lat' dir='ltr'><strong>plici</strong></span> <span class='ocrx_word' id='word_1_477' title='bbox 269 4539 352 4590; x_wconf 87' lang='lat' dir='ltr'><strong>ductu</strong></span> <span class='ocrx_word' id='word_1_478' title='bbox 365 4542 395 4590; x_wconf 88' lang='lat' dir='ltr'><strong>et</strong></span> <span class='ocrx_word' id='word_1_479' title='bbox 405 4536 520 4599; x_wconf 89' lang='lat' dir='ltr'><strong>colore,</strong></span> <span class='ocrx_word' id='word_1_480' title='bbox 540 4543 648 4591; x_wconf 83' lang='lat' dir='ltr'><strong>mutata</strong></span> <span class='ocrx_word' id='word_1_481' title='bbox 663 4538 776 4606; x_wconf 85' lang='lat' dir='ltr'><strong>saepias</strong></span> <span class='ocrx_word' id='word_1_482' title='bbox 785 4541 899 4591; x_wconf 85' lang='lat' dir='ltr'><strong>nomina</strong></span> <span class='ocrx_word' id='word_1_483' title='bbox 908 4540 936 4591; x_wconf 91' lang='lat' dir='ltr'><strong>in</strong></span> <span class='ocrx_word' id='word_1_484' title='bbox 947 4553 992 4593; x_wconf 86' lang='grc' dir='ltr'><strong>ιι·</strong></span> 
     </span>
     <span class='ocr_line' id='line_1_60' title="bbox 188 4604 567 4674; baseline -0.013 -11"><span class='ocrx_word' id='word_1_485' title='bbox 188 4611 251 4663; x_wconf 91' lang='lat' dir='ltr'><strong>dem</strong></span> <span class='ocrx_word' id='word_1_486' title='bbox 265 4609 428 4674; x_wconf 89' lang='lat' dir='ltr'><strong>plerumque</strong></span> <span class='ocrx_word' id='word_1_487' title='bbox 439 4604 567 4659; x_wconf 85' lang='lat' dir='ltr'><strong>materia.</strong></span> 
     </span>
    </p>

    <p class='ocr_par' dir='ltr' id='par_1_8' title="bbox 221 4673 990 4745">
     <span class='ocr_line' id='line_1_61' title="bbox 221 4673 990 4745; baseline 0.004 -16"><span class='ocrx_word' id='word_1_488' title='bbox 221 4676 335 4732; x_wconf 76' lang='lat' dir='ltr'>LXXV.</span> <span class='ocrx_word' id='word_1_489' title='bbox 354 4677 435 4731; x_wconf 83' lang='lat' dir='ltr'><strong>Nunc</strong></span> <span class='ocrx_word' id='word_1_490' title='bbox 454 4675 640 4738; x_wconf 83' lang='lat' dir='ltr'><strong>communiter</strong></span> <span class='ocrx_word' id='word_1_491' title='bbox 660 4673 698 4729; x_wconf 85' lang='lat' dir='ltr'><strong>ad</strong></span> <span class='ocrx_word' id='word_1_492' title='bbox 720 4674 844 4730; x_wconf 85' lang='lat' dir='ltr'><strong>omnium</strong></span> <span class='ocrx_word' id='word_1_493' title='bbox 866 4691 990 4745; x_wconf 78' lang='lat' dir='ltr'><strong>gemme·</strong></span> 
     </span>
    </p>
   </div>
   <div class='ocr_carea' id='block_1_6' title="bbox 1037 1428 1844 2732">
    <p class='ocr_par' dir='ltr' id='par_1_9' title="bbox 1037 1428 1839 1621">
     <span class='ocr_line' id='line_1_62' title="bbox 1037 1428 1836 1499; baseline 0.001 -18"><span class='ocrx_word' id='word_1_494' title='bbox 1037 1429 1351 1499; x_wconf 68' lang='lat' dir='ltr'><strong>drigammsrsaragdl,</strong></span> <span class='ocrx_word' id='word_1_495' title='bbox 1371 1430 1498 1498; x_wconf 88' lang='lat' dir='ltr'><strong>aliaeque</strong></span> <span class='ocrx_word' id='word_1_496' title='bbox 1509 1431 1720 1493; x_wconf 85' lang='lat' dir='ltr'><strong>translucentes,</strong></span> <span class='ocrx_word' id='word_1_497' title='bbox 1739 1428 1836 1482; x_wconf 81' lang='lat' dir='ltr'><strong>sardo·</strong></span> 
     </span>
     <span class='ocr_line' id='line_1_63' title="bbox 1038 1496 1839 1569; baseline 0.004 -19"><span class='ocrx_word' id='word_1_498' title='bbox 1038 1512 1096 1567; x_wconf 79' lang='lat' dir='ltr'><strong>nyx</strong></span> <span class='ocrx_word' id='word_1_499' title='bbox 1109 1497 1235 1562; x_wconf 87' lang='lat' dir='ltr'><strong>esorda,</strong></span> <span class='ocrx_word' id='word_1_500' title='bbox 1253 1498 1321 1551; x_wconf 90' lang='lat' dir='ltr'><strong>item</strong></span> <span class='ocrx_word' id='word_1_501' title='bbox 1334 1505 1443 1555; x_wconf 87' lang='lat' dir='ltr'><strong>ceterae</strong></span> <span class='ocrx_word' id='word_1_502' title='bbox 1454 1514 1489 1553; x_wconf 83' lang='lat' dir='ltr'><strong>ex</strong></span> <span class='ocrx_word' id='word_1_503' title='bbox 1499 1498 1574 1553; x_wconf 86' lang='lat' dir='ltr'><strong>allis.</strong></span> <span class='ocrx_word' id='word_1_504' title='bbox 1621 1496 1718 1569; x_wconf 88' lang='lat' dir='ltr'><strong>Neque</strong></span> <span class='ocrx_word' id='word_1_505' title='bbox 1728 1505 1770 1553; x_wconf 84' lang='lat' dir='ltr'><strong>est</strong></span> <span class='ocrx_word' id='word_1_506' title='bbox 1782 1500 1839 1553; x_wconf 92' lang='lat' dir='ltr'><strong>ulla</strong></span> 
     </span>
     <span class='ocr_line' id='line_1_64' title="bbox 1039 1568 1352 1621; baseline 0.003 -1"><span class='ocrx_word' id='word_1_507' title='bbox 1039 1568 1115 1620; x_wconf 87' lang='lat' dir='ltr'><strong>lrnus</strong></span> <span class='ocrx_word' id='word_1_508' title='bbox 1126 1571 1199 1621; x_wconf 78' lang='lat' dir='ltr'><strong>ritae</strong></span> <span class='ocrx_word' id='word_1_509' title='bbox 1210 1569 1352 1621; x_wconf 89' lang='lat' dir='ltr'><strong>lucrosim.</strong></span> 
     </span>
    </p>

    <p class='ocr_par' dir='ltr' id='par_1_10' title="bbox 1037 1636 1844 2732">
     <span class='ocr_line' id='line_1_65' title="bbox 1073 1636 1839 1706; baseline -0.004 -16"><span class='ocrx_word' id='word_1_510' title='bbox 1073 1638 1199 1691; x_wconf 74' lang='lat' dir='ltr'><strong>mlxvi.</strong></span> <span class='ocrx_word' id='word_1_511' title='bbox 1219 1637 1277 1690; x_wconf 86' lang='lat' dir='ltr'><strong>Nos</strong></span> <span class='ocrx_word' id='word_1_512' title='bbox 1290 1637 1535 1692; x_wconf 66' lang='lat' dir='ltr'><strong>maturationem</strong></span> <span class='ocrx_word' id='word_1_513' title='bbox 1552 1636 1775 1706; x_wconf 87' lang='lat' dir='ltr'><strong>deprehendendi</strong></span> <span class='ocrx_word' id='word_1_514' title='bbox 1787 1636 1839 1688; x_wconf 84' lang='lat' dir='ltr'><strong>inl·</strong></span> 
     </span>
     <span class='ocr_line' id='line_1_66' title="bbox 1038 1705 1841 1776; baseline -0.005 -15"><span class='ocrx_word' id='word_1_515' title='bbox 1038 1720 1085 1761; x_wconf 85' lang='grc' dir='ltr'><strong>ιιι</strong></span> <span class='ocrx_word' id='word_1_516' title='bbox 1100 1706 1360 1772; x_wconf 85' lang='lat' dir='ltr'><strong>demonstrabimus,</strong></span> <span class='ocrx_word' id='word_1_517' title='bbox 1380 1708 1504 1776; x_wconf 86' lang='lat' dir='ltr'><strong>(quando</strong></span> <span class='ocrx_word' id='word_1_518' title='bbox 1525 1709 1609 1760; x_wconf 91' lang='lat' dir='ltr'><strong>etiam</strong></span> <span class='ocrx_word' id='word_1_519' title='bbox 1631 1709 1770 1769; x_wconf 79' lang='lat' dir='ltr'><strong>luxuriam</strong></span> <span class='ocrx_word' id='word_1_520' title='bbox 1789 1705 1841 1757; x_wconf 87' lang='lat' dir='ltr'><strong>ad-</strong></span> 
     </span>
     <span class='ocr_line' id='line_1_67' title="bbox 1037 1776 1841 1846; baseline -0.002 -17"><span class='ocrx_word' id='word_1_521' title='bbox 1037 1791 1134 1829; x_wconf 87' lang='lat' dir='ltr'><strong>rersus</strong></span> <span class='ocrx_word' id='word_1_522' title='bbox 1146 1776 1258 1829; x_wconf 74' lang='lat' dir='ltr'><strong>fraudes</strong></span> <span class='ocrx_word' id='word_1_523' title='bbox 1270 1778 1371 1829; x_wconf 90' lang='lat' dir='ltr'><strong>muniri</strong></span> <span class='ocrx_word' id='word_1_524' title='bbox 1381 1777 1460 1829; x_wconf 88' lang='lat' dir='ltr'><strong>decet</strong></span> <span class='ocrx_word' id='word_1_525' title='bbox 1472 1794 1478 1828; x_wconf 73' lang='grc' dir='ltr'><strong>ι</strong></span> <span class='ocrx_word' id='word_1_526' title='bbox 1490 1780 1501 1841; x_wconf 87' lang='grc'>)</span> <span class='ocrx_word' id='word_1_527' title='bbox 1523 1786 1634 1843; x_wconf 89' lang='lat' dir='ltr'><strong>praeter</strong></span> <span class='ocrx_word' id='word_1_528' title='bbox 1643 1777 1707 1840; x_wconf 88' lang='lat' dir='ltr'><strong>illa,</strong></span> <span class='ocrx_word' id='word_1_529' title='bbox 1728 1790 1799 1846; x_wconf 90' lang='lat' dir='ltr'><strong>quae</strong></span> <span class='ocrx_word' id='word_1_530' title='bbox 1811 1776 1841 1827; x_wconf 89' lang='lat' dir='ltr'><strong>la</strong></span> 
     </span>
     <span class='ocr_line' id='line_1_68' title="bbox 1040 1844 1839 1914; baseline -0.001 -18"><span class='ocrx_word' id='word_1_531' title='bbox 1040 1845 1240 1913; x_wconf 83' lang='lat' dir='ltr'><strong>principalibus</strong></span> <span class='ocrx_word' id='word_1_532' title='bbox 1267 1844 1422 1914; x_wconf 84' lang='lat' dir='ltr'><strong>quibusque</strong></span> <span class='ocrx_word' id='word_1_533' title='bbox 1444 1848 1593 1913; x_wconf 74' lang='lat' dir='ltr'><strong>generibus</strong></span> <span class='ocrx_word' id='word_1_534' title='bbox 1617 1848 1746 1914; x_wconf 76' lang='lat' dir='ltr'><strong>privatim</strong></span> <span class='ocrx_word' id='word_1_535' title='bbox 1768 1844 1839 1897; x_wconf 77' lang='lat' dir='ltr'><strong>dini-</strong></span> 
     </span>
     <span class='ocr_line' id='line_1_69' title="bbox 1039 1914 1841 1983; baseline -0.002 -17"><span class='ocrx_word' id='word_1_536' title='bbox 1039 1929 1110 1966; x_wconf 91' lang='lat' dir='ltr'><strong>mus.</strong></span> <span class='ocrx_word' id='word_1_537' title='bbox 1146 1914 1364 1968; x_wconf 77' lang='lat' dir='ltr'><strong>Transluceates</strong></span> <span class='ocrx_word' id='word_1_538' title='bbox 1375 1918 1514 1969; x_wconf 67' lang='lat' dir='ltr'><strong>matutino</strong></span> <span class='ocrx_word' id='word_1_539' title='bbox 1525 1917 1639 1983; x_wconf 86' lang='lat' dir='ltr'><strong>probari</strong></span> <span class='ocrx_word' id='word_1_540' title='bbox 1648 1922 1762 1968; x_wconf 89' lang='lat' dir='ltr'><strong>censent</strong></span> <span class='ocrx_word' id='word_1_541' title='bbox 1772 1932 1779 1965; x_wconf 72' lang='grc' dir='ltr'><strong>ι</strong></span> <span class='ocrx_word' id='word_1_542' title='bbox 1791 1919 1841 1965; x_wconf 86' lang='grc' dir='ltr'><strong>ιιι</strong></span> 
     </span>
     <span class='ocr_line' id='line_1_70' title="bbox 1040 1983 1841 2053; baseline -0.002 -20"><span class='ocrx_word' id='word_1_543' title='bbox 1040 1983 1188 2035; x_wconf 86' lang='grc' dir='ltr'>ιιιιιιιιι</span> <span class='ocrx_word' id='word_1_544' title='bbox 1209 1990 1272 2046; x_wconf 86' lang='grc' dir='ltr'>ιιι,</span> <span class='ocrx_word' id='word_1_545' title='bbox 1292 1987 1320 2036; x_wconf 88' lang='lat' dir='ltr'><strong>in</strong></span> <span class='ocrx_word' id='word_1_546' title='bbox 1341 1992 1469 2051; x_wconf 85' lang='lat' dir='ltr'><strong>quartam</strong></span> <span class='ocrx_word' id='word_1_547' title='bbox 1488 1984 1598 2048; x_wconf 89' lang='lat' dir='ltr'><strong>horam,</strong></span> <span class='ocrx_word' id='word_1_548' title='bbox 1619 1993 1717 2053; x_wconf 87' lang='lat' dir='ltr'><strong>postea</strong></span> <span class='ocrx_word' id='word_1_549' title='bbox 1735 1990 1841 2034; x_wconf 82' lang='lat' dir='ltr'><strong>vetant.</strong></span> 
     </span>
     <span class='ocr_line' id='line_1_71' title="bbox 1039 2051 1842 2119; baseline -0.002 -17"><span class='ocrx_word' id='word_1_550' title='bbox 1039 2051 1241 2119; x_wconf 78' lang='lat' dir='ltr'><strong>Experimento</strong></span> <span class='ocrx_word' id='word_1_551' title='bbox 1250 2052 1471 2119; x_wconf 89' lang='lat' dir='ltr'><strong>pluribusmodis</strong></span> <span class='ocrx_word' id='word_1_552' title='bbox 1484 2061 1621 2107; x_wconf 87' lang='lat' dir='ltr'><strong>constant.</strong></span> <span class='ocrx_word' id='word_1_553' title='bbox 1640 2052 1763 2105; x_wconf 88' lang='lat' dir='ltr'><strong>Primum</strong></span> <span class='ocrx_word' id='word_1_554' title='bbox 1777 2066 1842 2117; x_wconf 90' lang='lat' dir='ltr'><strong>pon·</strong></span> 
     </span>
     <span class='ocr_line' id='line_1_72' title="bbox 1041 2120 1841 2189; baseline -0.001 -18"><span class='ocrx_word' id='word_1_555' title='bbox 1041 2120 1121 2181; x_wconf 87' lang='lat' dir='ltr'><strong>dere,</strong></span> <span class='ocrx_word' id='word_1_556' title='bbox 1140 2122 1165 2172; x_wconf 89' lang='lat' dir='ltr'><strong>si</strong></span> <span class='ocrx_word' id='word_1_557' title='bbox 1174 2121 1318 2188; x_wconf 81' lang='lat' dir='ltr'><strong>graviores</strong></span> <span class='ocrx_word' id='word_1_558' title='bbox 1333 2122 1511 2173; x_wconf 81' lang='lat' dir='ltr'><strong>sentiuntur:</strong></span> <span class='ocrx_word' id='word_1_559' title='bbox 1532 2122 1693 2189; x_wconf 84' lang='lat' dir='ltr'><strong>posthaec,</strong></span> <span class='ocrx_word' id='word_1_560' title='bbox 1714 2135 1841 2185; x_wconf 79' lang='lat' dir='ltr'><strong>corpure.</strong></span> 
     </span>
     <span class='ocr_line' id='line_1_73' title="bbox 1040 2188 1841 2259; baseline 0 -17"><span class='ocrx_word' id='word_1_561' title='bbox 1040 2190 1162 2242; x_wconf 75' lang='lat' dir='ltr'><strong>l&#39;ictitiis</strong></span> <span class='ocrx_word' id='word_1_562' title='bbox 1175 2190 1292 2256; x_wconf 85' lang='lat' dir='ltr'><strong>pusulae</strong></span> <span class='ocrx_word' id='word_1_563' title='bbox 1306 2191 1335 2241; x_wconf 91' lang='lat' dir='ltr'><strong>in</strong></span> <span class='ocrx_word' id='word_1_564' title='bbox 1351 2189 1489 2257; x_wconf 77' lang='lat' dir='ltr'><strong>profundo</strong></span> <span class='ocrx_word' id='word_1_565' title='bbox 1504 2197 1648 2259; x_wconf 83' lang='lat' dir='ltr'><strong>apparent,</strong></span> <span class='ocrx_word' id='word_1_566' title='bbox 1669 2188 1841 2244; x_wconf 78' lang='lat' dir='ltr'><strong>scabritiam</strong></span> 
     </span>
     <span class='ocr_line' id='line_1_74' title="bbox 1041 2259 1842 2329; baseline 0.002 -20"><span class='ocrx_word' id='word_1_567' title='bbox 1041 2265 1113 2320; x_wconf 90' lang='lat' dir='ltr'><strong>cute,</strong></span> <span class='ocrx_word' id='word_1_568' title='bbox 1124 2259 1153 2308; x_wconf 89' lang='lat' dir='ltr'><strong>in</strong></span> <span class='ocrx_word' id='word_1_569' title='bbox 1164 2259 1363 2324; x_wconf 89' lang='lat' dir='ltr'><strong>capillamento</strong></span> <span class='ocrx_word' id='word_1_570' title='bbox 1374 2260 1493 2329; x_wconf 73' lang='lat' dir='ltr'><strong>fulgoris</strong></span> <span class='ocrx_word' id='word_1_571' title='bbox 1504 2261 1703 2325; x_wconf 84' lang='lat' dir='ltr'><strong>inconstantis,</strong></span> <span class='ocrx_word' id='word_1_572' title='bbox 1726 2267 1754 2312; x_wconf 87' lang='lat' dir='ltr'><strong>ct</strong></span> <span class='ocrx_word' id='word_1_573' title='bbox 1764 2262 1842 2327; x_wconf 89' lang='lat' dir='ltr'><strong>prius</strong></span> 
     </span>
     <span class='ocr_line' id='line_1_75' title="bbox 1042 2325 1843 2394; baseline 0.002 -17"><span class='ocrx_word' id='word_1_574' title='bbox 1042 2342 1122 2394; x_wconf 88' lang='lat' dir='ltr'><strong>quam</strong></span> <span class='ocrx_word' id='word_1_575' title='bbox 1134 2325 1170 2377; x_wconf 91' lang='lat' dir='ltr'><strong>ad</strong></span> <span class='ocrx_word' id='word_1_576' title='bbox 1183 2327 1278 2379; x_wconf 88' lang='lat' dir='ltr'><strong>oculos</strong></span> <span class='ocrx_word' id='word_1_577' title='bbox 1291 2331 1450 2393; x_wconf 82' lang='lat' dir='ltr'><strong>perveniat,</strong></span> <span class='ocrx_word' id='word_1_578' title='bbox 1472 2330 1600 2383; x_wconf 84' lang='lat' dir='ltr'><strong>desinens</strong></span> <span class='ocrx_word' id='word_1_579' title='bbox 1612 2333 1696 2383; x_wconf 80' lang='lat' dir='ltr'><strong>iiiior.</strong></span> <span class='ocrx_word' id='word_1_580' title='bbox 1724 2327 1843 2382; x_wconf 86' lang='lat' dir='ltr'><strong>Decussl</strong></span> 
     </span>
     <span class='ocr_line' id='line_1_76' title="bbox 1043 2394 1844 2463; baseline 0.004 -16"><span class='ocrx_word' id='word_1_581' title='bbox 1043 2394 1189 2463; x_wconf 74' lang='lat' dir='ltr'><strong>fragmenti</strong></span> <span class='ocrx_word' id='word_1_582' title='bbox 1211 2396 1330 2461; x_wconf 87' lang='lat' dir='ltr'><strong>paulum,</strong></span> <span class='ocrx_word' id='word_1_583' title='bbox 1348 2397 1423 2463; x_wconf 92' lang='lat' dir='ltr'><strong>quod</strong></span> <span class='ocrx_word' id='word_1_584' title='bbox 1443 2396 1471 2448; x_wconf 93' lang='lat' dir='ltr'><strong>in</strong></span> <span class='ocrx_word' id='word_1_585' title='bbox 1493 2399 1599 2451; x_wconf 79' lang='lat' dir='ltr'><strong>lentina</strong></span> <span class='ocrx_word' id='word_1_586' title='bbox 1614 2398 1707 2452; x_wconf 78' lang='lat' dir='ltr'><strong>ferrea</strong></span> <span class='ocrx_word' id='word_1_587' title='bbox 1727 2405 1844 2459; x_wconf 82' lang='lat' dir='ltr'><strong>teratur,</strong></span> 
     </span>
     <span class='ocr_line' id='line_1_77' title="bbox 1042 2464 1842 2533; baseline 0.003 -18"><span class='ocrx_word' id='word_1_588' title='bbox 1042 2464 1261 2516; x_wconf 82' lang='lat' dir='ltr'><strong>efficacissimam</strong></span> <span class='ocrx_word' id='word_1_589' title='bbox 1293 2467 1494 2529; x_wconf 76' lang='lat' dir='ltr'><strong>experimento,</strong></span> <span class='ocrx_word' id='word_1_590' title='bbox 1523 2475 1659 2519; x_wconf 83' lang='lat' dir='ltr'><strong>excusant</strong></span> <span class='ocrx_word' id='word_1_591' title='bbox 1690 2481 1842 2533; x_wconf 73' lang='lat' dir='ltr'><strong>mangones</strong></span> 
     </span>
     <span class='ocr_line' id='line_1_78' title="bbox 1042 2532 1843 2600; baseline 0.001 -16"><span class='ocrx_word' id='word_1_592' title='bbox 1042 2545 1222 2600; x_wconf 81' lang='lat' dir='ltr'><strong>gemmarum.</strong></span> <span class='ocrx_word' id='word_1_593' title='bbox 1259 2532 1400 2584; x_wconf 86' lang='lat' dir='ltr'><strong>liecusant</strong></span> <span class='ocrx_word' id='word_1_594' title='bbox 1414 2533 1545 2585; x_wconf 85' lang='lat' dir='ltr'><strong>similiter</strong></span> <span class='ocrx_word' id='word_1_595' title='bbox 1560 2543 1589 2586; x_wconf 92' lang='lat' dir='ltr'><strong>et</strong></span> <span class='ocrx_word' id='word_1_596' title='bbox 1606 2535 1688 2585; x_wconf 88' lang='lat' dir='ltr'><strong>limae</strong></span> <span class='ocrx_word' id='word_1_597' title='bbox 1703 2537 1843 2599; x_wconf 89' lang='lat' dir='ltr'><strong>probatio·</strong></span> 
     </span>
     <span class='ocr_line' id='line_1_79' title="bbox 1044 2599 1843 2671; baseline 0.005 -19"><span class='ocrx_word' id='word_1_598' title='bbox 1044 2616 1116 2653; x_wconf 87' lang='lat' dir='ltr'><strong>nem.</strong></span> <span class='ocrx_word' id='word_1_599' title='bbox 1169 2599 1338 2652; x_wconf 88' lang='lat' dir='ltr'><strong>Obsidianae</strong></span> <span class='ocrx_word' id='word_1_600' title='bbox 1358 2600 1518 2669; x_wconf 77' lang='lat' dir='ltr'><strong>fragmenta</strong></span> <span class='ocrx_word' id='word_1_601' title='bbox 1538 2618 1618 2656; x_wconf 83' lang='lat' dir='ltr'><strong>veras</strong></span> <span class='ocrx_word' id='word_1_602' title='bbox 1646 2618 1769 2671; x_wconf 80' lang='lat' dir='ltr'><strong>gemmas</strong></span> <span class='ocrx_word' id='word_1_603' title='bbox 1789 2618 1843 2656; x_wconf 89' lang='lat' dir='ltr'><strong>noa</strong></span> 
     </span>
     <span class='ocr_line' id='line_1_80' title="bbox 1043 2667 1842 2732; baseline 0.003 -11"><span class='ocrx_word' id='word_1_604' title='bbox 1043 2670 1207 2721; x_wconf 90' lang='lat' dir='ltr'><strong>seariilcant.</strong></span> <span class='ocrx_word' id='word_1_605' title='bbox 1242 2667 1388 2732; x_wconf 82' lang='lat' dir='ltr'><strong>Fictitiae,</strong></span> <span class='ocrx_word' id='word_1_606' title='bbox 1406 2670 1625 2723; x_wconf 77' lang='lat' dir='ltr'><strong>scarilicetionm</strong></span> <span class='ocrx_word' id='word_1_607' title='bbox 1637 2671 1842 2724; x_wconf 85' lang='lat' dir='ltr'><strong>candicantium</strong></span> 
     </span>
    </p>
   </div>
   <div class='ocr_carea' id='block_1_7' title="bbox 1005 2738 1843 2807">
    <p class='ocr_par' dir='ltr' id='par_1_11' title="bbox 1005 2738 1843 2807">
     <span class='ocr_line' id='line_1_81' title="bbox 1005 2738 1843 2807; baseline 0.005 -18"><span class='ocrx_word' id='word_1_608' title='bbox 1005 2754 1010 2761; x_wconf 89' lang='lat'><em>·</em></span> <span class='ocrx_word' id='word_1_609' title='bbox 1043 2739 1163 2807; x_wconf 77' lang='lat' dir='ltr'><strong>lugiunt.</strong></span> <span class='ocrx_word' id='word_1_610' title='bbox 1207 2741 1354 2805; x_wconf 88' lang='lat' dir='ltr'><strong>Tantaque</strong></span> <span class='ocrx_word' id='word_1_611' title='bbox 1374 2738 1534 2792; x_wconf 79' lang='lat' dir='ltr'><strong>differentia</strong></span> <span class='ocrx_word' id='word_1_612' title='bbox 1555 2749 1612 2801; x_wconf 88' lang='lat' dir='ltr'><strong>est,</strong></span> <span class='ocrx_word' id='word_1_613' title='bbox 1633 2748 1664 2791; x_wconf 92' lang='lat' dir='ltr'><strong>ut</strong></span> <span class='ocrx_word' id='word_1_614' title='bbox 1678 2740 1749 2793; x_wconf 88' lang='lat' dir='ltr'><strong>aliae</strong></span> <span class='ocrx_word' id='word_1_615' title='bbox 1767 2740 1843 2793; x_wconf 75' lang='lat' dir='ltr'><strong>ferro</strong></span> 
     </span>
    </p>
   </div>
   <div class='ocr_carea' id='block_1_8' title="bbox 1043 2807 1861 3845">
    <p class='ocr_par' dir='ltr' id='par_1_12' title="bbox 1043 2807 1861 3845">
     <span class='ocr_line' id='line_1_82' title="bbox 1043 2807 1842 2875; baseline 0.003 -15"><span class='ocrx_word' id='word_1_616' title='bbox 1043 2809 1131 2875; x_wconf 88' lang='lat' dir='ltr'><strong>scalpi</strong></span> <span class='ocrx_word' id='word_1_617' title='bbox 1151 2822 1206 2858; x_wconf 88' lang='lat' dir='ltr'><strong>non</strong></span> <span class='ocrx_word' id='word_1_618' title='bbox 1229 2807 1353 2874; x_wconf 85' lang='lat' dir='ltr'><strong>possins,</strong></span> <span class='ocrx_word' id='word_1_619' title='bbox 1374 2807 1448 2859; x_wconf 84' lang='lat' dir='ltr'><strong>allae</strong></span> <span class='ocrx_word' id='word_1_620' title='bbox 1467 2823 1523 2860; x_wconf 92' lang='lat' dir='ltr'><strong>non</strong></span> <span class='ocrx_word' id='word_1_621' title='bbox 1546 2810 1599 2859; x_wconf 88' lang='lat' dir='ltr'><strong>nisi</strong></span> <span class='ocrx_word' id='word_1_622' title='bbox 1623 2815 1726 2871; x_wconf 89' lang='lat' dir='ltr'><strong>retuso,</strong></span> <span class='ocrx_word' id='word_1_623' title='bbox 1746 2824 1842 2862; x_wconf 81' lang='lat' dir='ltr'><strong>rerum</strong></span> 
     </span>
     <span class='ocr_line' id='line_1_83' title="bbox 1045 2875 1844 2932; baseline 0.004 -3"><span class='ocrx_word' id='word_1_624' title='bbox 1045 2890 1139 2929; x_wconf 82' lang='lat' dir='ltr'><strong>onines</strong></span> <span class='ocrx_word' id='word_1_625' title='bbox 1161 2875 1318 2928; x_wconf 87' lang='lat' dir='ltr'><strong>adamante.</strong></span> <span class='ocrx_word' id='word_1_626' title='bbox 1354 2877 1505 2929; x_wconf 86' lang='lat' dir='ltr'><strong>Plurimum</strong></span> <span class='ocrx_word' id='word_1_627' title='bbox 1526 2892 1593 2929; x_wconf 78' lang='lat' dir='ltr'><strong>vero</strong></span> <span class='ocrx_word' id='word_1_628' title='bbox 1613 2878 1642 2929; x_wconf 89' lang='lat' dir='ltr'><strong>in</strong></span> <span class='ocrx_word' id='word_1_629' title='bbox 1664 2876 1708 2929; x_wconf 78' lang='lat' dir='ltr'><strong>liis</strong></span> <span class='ocrx_word' id='word_1_630' title='bbox 1721 2880 1844 2932; x_wconf 86' lang='lat' dir='ltr'><strong>terebra·</strong></span> 
     </span>
     <span class='ocr_line' id='line_1_84' title="bbox 1044 2945 1844 3013; baseline 0.003 -14"><span class='ocrx_word' id='word_1_631' title='bbox 1044 2963 1105 2999; x_wconf 83' lang='lat' dir='ltr'><strong>runi</strong></span> <span class='ocrx_word' id='word_1_632' title='bbox 1117 2946 1226 3013; x_wconf 82' lang='lat' dir='ltr'><strong>prolicit</strong></span> <span class='ocrx_word' id='word_1_633' title='bbox 1238 2946 1342 2999; x_wconf 76' lang='lat' dir='ltr'><strong>sertor.</strong></span> <span class='ocrx_word' id='word_1_634' title='bbox 1357 2946 1520 2999; x_wconf 85' lang='lat' dir='ltr'><strong>Gemmiieri</strong></span> <span class='ocrx_word' id='word_1_635' title='bbox 1531 2961 1627 2999; x_wconf 89' lang='lat' dir='ltr'><strong>amnes</strong></span> <span class='ocrx_word' id='word_1_636' title='bbox 1638 2954 1702 2998; x_wconf 92' lang='lat' dir='ltr'><strong>sunt</strong></span> <span class='ocrx_word' id='word_1_637' title='bbox 1712 2945 1844 3001; x_wconf 69' lang='lat' dir='ltr'><strong>Acesines</strong></span> 
     </span>
     <span class='ocr_line' id='line_1_85' title="bbox 1045 3016 1834 3082; baseline 0.001 -13"><span class='ocrx_word' id='word_1_638' title='bbox 1045 3025 1075 3069; x_wconf 89' lang='lat' dir='ltr'><strong>et</strong></span> <span class='ocrx_word' id='word_1_639' title='bbox 1086 3017 1209 3082; x_wconf 78' lang='lat' dir='ltr'><strong>Gareges:</strong></span> <span class='ocrx_word' id='word_1_640' title='bbox 1229 3022 1364 3068; x_wconf 87' lang='lat' dir='ltr'><strong>terrarum</strong></span> <span class='ocrx_word' id='word_1_641' title='bbox 1376 3024 1469 3069; x_wconf 87' lang='lat' dir='ltr'><strong>autern</strong></span> <span class='ocrx_word' id='word_1_642' title='bbox 1482 3018 1605 3068; x_wconf 90' lang='lat' dir='ltr'><strong>omnium</strong></span> <span class='ocrx_word' id='word_1_643' title='bbox 1617 3016 1735 3068; x_wconf 83' lang='lat' dir='ltr'><strong>maxime</strong></span> <span class='ocrx_word' id='word_1_644' title='bbox 1745 3017 1834 3070; x_wconf 83' lang='lat' dir='ltr'><strong>ludis.</strong></span> 
     </span>
     <span class='ocr_line' id='line_1_86' title="bbox 1080 3084 1846 3153; baseline 0.003 -16"><span class='ocrx_word' id='word_1_645' title='bbox 1080 3084 1220 3137; x_wconf 83' lang='lat' dir='ltr'><strong>Lxlll&#39;ll.</strong></span> <span class='ocrx_word' id='word_1_646' title='bbox 1240 3086 1277 3137; x_wconf 82' lang='lat' dir='ltr'><strong>lit</strong></span> <span class='ocrx_word' id='word_1_647' title='bbox 1293 3087 1348 3137; x_wconf 90' lang='lat' dir='ltr'><strong>lam</strong></span> <span class='ocrx_word' id='word_1_648' title='bbox 1364 3087 1485 3152; x_wconf 86' lang='lat' dir='ltr'><strong>peractis</strong></span> <span class='ocrx_word' id='word_1_649' title='bbox 1500 3086 1630 3138; x_wconf 90' lang='lat' dir='ltr'><strong>omnibus</strong></span> <span class='ocrx_word' id='word_1_650' title='bbox 1647 3090 1764 3138; x_wconf 84' lang='lat' dir='ltr'><strong>naturae</strong></span> <span class='ocrx_word' id='word_1_651' title='bbox 1779 3101 1846 3153; x_wconf 88' lang='lat' dir='ltr'><strong>ope·</strong></span> 
     </span>
     <span class='ocr_line' id='line_1_87' title="bbox 1045 3154 1843 3225; baseline 0.004 -20"><span class='ocrx_word' id='word_1_652' title='bbox 1045 3155 1131 3215; x_wconf 91' lang='lat' dir='ltr'><strong>ribus,</strong></span> <span class='ocrx_word' id='word_1_653' title='bbox 1143 3155 1293 3207; x_wconf 89' lang='lat' dir='ltr'><strong>discrimen</strong></span> <span class='ocrx_word' id='word_1_654' title='bbox 1303 3154 1441 3221; x_wconf 85' lang='lat' dir='ltr'><strong>quoddam</strong></span> <span class='ocrx_word' id='word_1_655' title='bbox 1455 3169 1545 3206; x_wconf 87' lang='lat' dir='ltr'><strong>rerum</strong></span> <span class='ocrx_word' id='word_1_656' title='bbox 1561 3155 1682 3222; x_wconf 89' lang='lat' dir='ltr'><strong>ipsarum</strong></span> <span class='ocrx_word' id='word_1_657' title='bbox 1694 3163 1778 3225; x_wconf 88' lang='lat' dir='ltr'><strong>atque</strong></span> <span class='ocrx_word' id='word_1_658' title='bbox 1786 3162 1843 3208; x_wconf 89' lang='lat' dir='ltr'><strong>ter·</strong></span> 
     </span>
     <span class='ocr_line' id='line_1_88' title="bbox 1045 3224 1845 3292; baseline 0.001 -16"><span class='ocrx_word' id='word_1_659' title='bbox 1045 3239 1138 3276; x_wconf 85' lang='lat' dir='ltr'><strong>rarum</strong></span> <span class='ocrx_word' id='word_1_660' title='bbox 1149 3224 1242 3276; x_wconf 85' lang='lat' dir='ltr'><strong>iacere</strong></span> <span class='ocrx_word' id='word_1_661' title='bbox 1253 3226 1407 3276; x_wconf 82' lang='lat' dir='ltr'><strong>conueniat.</strong></span> <span class='ocrx_word' id='word_1_662' title='bbox 1443 3225 1517 3291; x_wconf 77' lang='lat' dir='ltr'><strong>Ergo</strong></span> <span class='ocrx_word' id='word_1_663' title='bbox 1534 3225 1639 3276; x_wconf 88' lang='lat' dir='ltr'><strong>intoto</strong></span> <span class='ocrx_word' id='word_1_664' title='bbox 1656 3225 1723 3277; x_wconf 91' lang='lat' dir='ltr'><strong>orbe</strong></span> <span class='ocrx_word' id='word_1_665' title='bbox 1742 3233 1845 3292; x_wconf 83' lang='lat' dir='ltr'><strong>etqua·</strong></span> 
     </span>
     <span class='ocr_line' id='line_1_89' title="bbox 1045 3290 1844 3361; baseline -0.001 -16"><span class='ocrx_word' id='word_1_666' title='bbox 1045 3309 1153 3361; x_wconf 89' lang='lat' dir='ltr'><strong>cunque</strong></span> <span class='ocrx_word' id='word_1_667' title='bbox 1174 3290 1247 3345; x_wconf 90' lang='lat' dir='ltr'><strong>caeli</strong></span> <span class='ocrx_word' id='word_1_668' title='bbox 1269 3294 1430 3345; x_wconf 77' lang='lat' dir='ltr'><strong>convexitas</strong></span> <span class='ocrx_word' id='word_1_669' title='bbox 1448 3296 1560 3360; x_wconf 75' lang='lat' dir='ltr'><strong>vergit,</strong></span> <span class='ocrx_word' id='word_1_670' title='bbox 1589 3292 1779 3359; x_wconf 86' lang='lat' dir='ltr'><strong>pulcherrima</strong></span> <span class='ocrx_word' id='word_1_671' title='bbox 1799 3300 1844 3346; x_wconf 87' lang='lat' dir='ltr'><strong>est</strong></span> 
     </span>
     <span class='ocr_line' id='line_1_90' title="bbox 1045 3361 1845 3428; baseline -0.001 -13"><span class='ocrx_word' id='word_1_672' title='bbox 1045 3366 1166 3415; x_wconf 74' lang='lat' dir='ltr'><strong>oninium</strong></span> <span class='ocrx_word' id='word_1_673' title='bbox 1178 3398 1186 3423; x_wconf 94' lang='lat'><strong>,</strong></span> <span class='ocrx_word' id='word_1_674' title='bbox 1212 3361 1349 3427; x_wconf 84' lang='lat' dir='ltr'><strong>rebusque</strong></span> <span class='ocrx_word' id='word_1_675' title='bbox 1359 3362 1461 3413; x_wconf 91' lang='lat' dir='ltr'><strong>merito</strong></span> <span class='ocrx_word' id='word_1_676' title='bbox 1471 3364 1657 3428; x_wconf 85' lang='lat' dir='ltr'><strong>principatum</strong></span> <span class='ocrx_word' id='word_1_677' title='bbox 1669 3370 1786 3412; x_wconf 83' lang='lat' dir='ltr'><strong>naturae</strong></span> <span class='ocrx_word' id='word_1_678' title='bbox 1797 3362 1845 3414; x_wconf 89' lang='lat' dir='ltr'><strong>ob·</strong></span> 
     </span>
     <span class='ocr_line' id='line_1_91' title="bbox 1044 3428 1846 3498; baseline -0.002 -15"><span class='ocrx_word' id='word_1_679' title='bbox 1044 3434 1137 3483; x_wconf 84' lang='lat' dir='ltr'><strong>tineus</strong></span> <span class='ocrx_word' id='word_1_680' title='bbox 1148 3468 1157 3494; x_wconf 95' lang='lat'><strong>,</strong></span> <span class='ocrx_word' id='word_1_681' title='bbox 1176 3431 1273 3494; x_wconf 88' lang='lat' dir='ltr'><strong>ltalia,</strong></span> <span class='ocrx_word' id='word_1_682' title='bbox 1291 3429 1393 3481; x_wconf 82' lang='lat' dir='ltr'><strong>rectrix</strong></span> <span class='ocrx_word' id='word_1_683' title='bbox 1404 3445 1558 3498; x_wconf 85' lang='lat' dir='ltr'><strong>parensque</strong></span> <span class='ocrx_word' id='word_1_684' title='bbox 1569 3429 1664 3480; x_wconf 88' lang='lat' dir='ltr'><strong>munlll</strong></span> <span class='ocrx_word' id='word_1_685' title='bbox 1675 3430 1785 3492; x_wconf 89' lang='lat' dir='ltr'><strong>altera,</strong></span> <span class='ocrx_word' id='word_1_686' title='bbox 1805 3428 1846 3481; x_wconf 88' lang='lat' dir='ltr'><strong>vi·</strong></span> 
     </span>
     <span class='ocr_line' id='line_1_92' title="bbox 1044 3498 1845 3563; baseline 0.004 -11"><span class='ocrx_word' id='word_1_687' title='bbox 1044 3503 1094 3563; x_wconf 92' lang='lat' dir='ltr'><strong>ris,</strong></span> <span class='ocrx_word' id='word_1_688' title='bbox 1114 3499 1244 3562; x_wconf 86' lang='lat' dir='ltr'><strong>leminis,</strong></span> <span class='ocrx_word' id='word_1_689' title='bbox 1264 3499 1395 3561; x_wconf 88' lang='lat' dir='ltr'><strong>ducibus,</strong></span> <span class='ocrx_word' id='word_1_690' title='bbox 1415 3499 1567 3562; x_wconf 85' lang='lat' dir='ltr'><strong>militibus,</strong></span> <span class='ocrx_word' id='word_1_691' title='bbox 1588 3498 1721 3563; x_wconf 79' lang='lat' dir='ltr'><strong>servitiis,</strong></span> <span class='ocrx_word' id='word_1_692' title='bbox 1741 3499 1845 3555; x_wconf 83' lang='lat' dir='ltr'><strong>artium</strong></span> 
     </span>
     <span class='ocr_line' id='line_1_93' title="bbox 1045 3558 1846 3639; baseline 0.004 -18"><span class='ocrx_word' id='word_1_693' title='bbox 1045 3570 1235 3639; x_wconf 86' lang='lat' dir='ltr'><strong>praestantia,</strong></span> <span class='ocrx_word' id='word_1_694' title='bbox 1255 3567 1433 3636; x_wconf 77' lang='lat' dir='ltr'><strong>ingeniorum</strong></span> <span class='ocrx_word' id='word_1_695' title='bbox 1453 3570 1650 3631; x_wconf 87' lang='lat' dir='ltr'><strong>claritatibus,</strong></span> <span class='ocrx_word' id='word_1_696' title='bbox 1669 3558 1725 3622; x_wconf 88' lang='lat' dir='ltr'><strong>ism</strong></span> <span class='ocrx_word' id='word_1_697' title='bbox 1740 3573 1798 3623; x_wconf 90' lang='lat' dir='ltr'><strong>situ</strong></span> <span class='ocrx_word' id='word_1_698' title='bbox 1811 3586 1846 3624; x_wconf 89' lang='lat' dir='ltr'><strong>ac</strong></span> 
     </span>
     <span class='ocr_line' id='line_1_94' title="bbox 1045 3638 1861 3705; baseline 0.001 -14"><span class='ocrx_word' id='word_1_699' title='bbox 1045 3639 1211 3692; x_wconf 85' lang='lat' dir='ltr'><strong>salubritate</strong></span> <span class='ocrx_word' id='word_1_700' title='bbox 1222 3638 1292 3690; x_wconf 88' lang='lat' dir='ltr'><strong>caeli</strong></span> <span class='ocrx_word' id='word_1_701' title='bbox 1302 3644 1386 3705; x_wconf 86' lang='lat' dir='ltr'><strong>atque</strong></span> <span class='ocrx_word' id='word_1_702' title='bbox 1397 3640 1538 3705; x_wconf 86' lang='lat' dir='ltr'><strong>temperie,</strong></span> <span class='ocrx_word' id='word_1_703' title='bbox 1561 3653 1673 3692; x_wconf 87' lang='lat' dir='ltr'><strong>accessu</strong></span> <span class='ocrx_word' id='word_1_704' title='bbox 1684 3646 1846 3692; x_wconf 84' lang='lat' dir='ltr'><strong>cunctarum</strong></span> <span class='ocrx_word' id='word_1_705' title='bbox 1858 3655 1861 3663; x_wconf 75' lang='grc'>’</span> 
     </span>
     <span class='ocr_line' id='line_1_95' title="bbox 1044 3706 1844 3777; baseline -0.004 -15"><span class='ocrx_word' id='word_1_706' title='bbox 1044 3710 1169 3777; x_wconf 73' lang='lat' dir='ltr'><strong>gentium</strong></span> <span class='ocrx_word' id='word_1_707' title='bbox 1191 3708 1283 3770; x_wconf 79' lang='lat' dir='ltr'><strong>facili,</strong></span> <span class='ocrx_word' id='word_1_708' title='bbox 1303 3706 1434 3762; x_wconf 83' lang='lat' dir='ltr'><strong>litoribus</strong></span> <span class='ocrx_word' id='word_1_709' title='bbox 1454 3708 1617 3774; x_wconf 88' lang='lat' dir='ltr'><strong>portuosis,</strong></span> <span class='ocrx_word' id='word_1_710' title='bbox 1636 3707 1758 3776; x_wconf 82' lang='lat' dir='ltr'><strong>benigno</strong></span> <span class='ocrx_word' id='word_1_711' title='bbox 1778 3722 1844 3762; x_wconf 81' lang='lat' dir='ltr'><strong>ren·</strong></span> 
     </span>
     <span class='ocr_line' id='line_1_96' title="bbox 1046 3777 1846 3845; baseline -0.001 -15"><span class='ocrx_word' id='word_1_712' title='bbox 1046 3790 1136 3830; x_wconf 88' lang='lat' dir='ltr'><strong>torum</strong></span> <span class='ocrx_word' id='word_1_713' title='bbox 1157 3778 1268 3840; x_wconf 89' lang='lat' dir='ltr'><strong>alilatu,</strong></span> <span class='ocrx_word' id='word_1_714' title='bbox 1291 3778 1405 3841; x_wconf 88' lang='lat' dir='ltr'><strong>(etenim</strong></span> <span class='ocrx_word' id='word_1_715' title='bbox 1427 3778 1564 3845; x_wconf 79' lang='lat' dir='ltr'><strong>contingit</strong></span> <span class='ocrx_word' id='word_1_716' title='bbox 1584 3777 1775 3843; x_wconf 88' lang='lat' dir='ltr'><strong>procurrentis</strong></span> <span class='ocrx_word' id='word_1_717' title='bbox 1798 3792 1846 3845; x_wconf 90' lang='lat' dir='ltr'><strong>po·</strong></span> 
     </span>
    </p>
   </div>
   <div class='ocr_carea' id='block_1_9' title="bbox 1046 3846 1845 3966">
    <p class='ocr_par' dir='ltr' id='par_1_13' title="bbox 1046 3846 1845 3966">
     <span class='ocr_line' id='line_1_97' title="bbox 1046 3846 1845 3966; baseline -0.003 -67"><span class='ocrx_word' id='word_1_718' title='bbox 1046 3846 1114 3899; x_wconf 89' lang='lat' dir='ltr'><strong>sitio</strong></span> <span class='ocrx_word' id='word_1_719' title='bbox 1126 3846 1277 3966; x_wconf 53' lang='lat' dir='ltr'><strong>infamem</strong></span> <span class='ocrx_word' id='word_1_720' title='bbox 1297 3846 1485 3911; x_wconf 85' lang='lat' dir='ltr'><strong>utilissimam,</strong></span> <span class='ocrx_word' id='word_1_721' title='bbox 1506 3850 1708 3900; x_wconf 84' lang='lat' dir='ltr'><strong>etinterertus</strong></span> <span class='ocrx_word' id='word_1_722' title='bbox 1718 3860 1845 3898; x_wconf 76' lang='lat' dir='ltr'><strong>cccmus·</strong></span> 
     </span>
    </p>
   </div>
   <div class='ocr_carea' id='block_1_10' title="bbox 1042 3915 1847 4744">
    <p class='ocr_par' dir='ltr' id='par_1_14' title="bbox 1042 3915 1847 4744">
     <span class='ocr_line' id='line_1_98' title="bbox 1045 3915 1846 3985; baseline 0 -19"><span class='ocrx_word' id='word_1_723' title='bbox 1045 3931 1099 3985; x_wconf 88' lang='lat' dir='ltr'><strong>que</strong></span> <span class='ocrx_word' id='word_1_724' title='bbox 1111 3930 1157 3967; x_wconf 86' lang='lat' dir='ltr'><strong>me</strong></span> <span class='ocrx_word' id='word_1_725' title='bbox 1177 3917 1245 3982; x_wconf 84' lang='lat' dir='ltr'><strong>ianr)</strong></span> <span class='ocrx_word' id='word_1_726' title='bbox 1267 3930 1401 3984; x_wconf 73' lang='lat' dir='ltr'><strong>aquam</strong></span> <span class='ocrx_word' id='word_1_727' title='bbox 1417 3917 1517 3982; x_wconf 87' lang='lat' dir='ltr'><strong>copia,</strong></span> <span class='ocrx_word' id='word_1_728' title='bbox 1536 3931 1682 3968; x_wconf 87' lang='lat' dir='ltr'><strong>nemorum</strong></span> <span class='ocrx_word' id='word_1_729' title='bbox 1697 3915 1846 3966; x_wconf 86' lang='lat' dir='ltr'><strong>salubrita-</strong></span> 
     </span>
     <span class='ocr_line' id='line_1_99' title="bbox 1044 3982 1845 4049; baseline -0.002 -13"><span class='ocrx_word' id='word_1_730' title='bbox 1044 3994 1092 4048; x_wconf 89' lang='lat' dir='ltr'><strong>te,</strong></span> <span class='ocrx_word' id='word_1_731' title='bbox 1113 3986 1248 4036; x_wconf 87' lang='lat' dir='ltr'><strong>montium</strong></span> <span class='ocrx_word' id='word_1_732' title='bbox 1269 3986 1418 4049; x_wconf 86' lang='lat' dir='ltr'><strong>articulis,</strong></span> <span class='ocrx_word' id='word_1_733' title='bbox 1438 3984 1560 4037; x_wconf 74' lang='lat' dir='ltr'><strong>feroram</strong></span> <span class='ocrx_word' id='word_1_734' title='bbox 1581 3982 1744 4036; x_wconf 81' lang='lat' dir='ltr'><strong>animalium</strong></span> <span class='ocrx_word' id='word_1_735' title='bbox 1765 3982 1845 4034; x_wconf 90' lang='lat' dir='ltr'><strong>inno·</strong></span> 
     </span>
     <span class='ocr_line' id='line_1_100' title="bbox 1044 4050 1846 4120; baseline -0.004 -14"><span class='ocrx_word' id='word_1_736' title='bbox 1044 4054 1146 4115; x_wconf 88' lang='lat' dir='ltr'><strong>centia,</strong></span> <span class='ocrx_word' id='word_1_737' title='bbox 1167 4054 1222 4106; x_wconf 91' lang='lat' dir='ltr'><strong>soli</strong></span> <span class='ocrx_word' id='word_1_738' title='bbox 1233 4054 1392 4117; x_wconf 77' lang='lat' dir='ltr'><strong>fertilitate,</strong></span> <span class='ocrx_word' id='word_1_739' title='bbox 1414 4054 1510 4120; x_wconf 86' lang='lat' dir='ltr'><strong>pabuli</strong></span> <span class='ocrx_word' id='word_1_740' title='bbox 1528 4054 1668 4106; x_wconf 83' lang='lat' dir='ltr'><strong>ubertate.</strong></span> <span class='ocrx_word' id='word_1_741' title='bbox 1702 4050 1846 4118; x_wconf 76' lang='lat' dir='ltr'><strong>Quidquid</strong></span> 
     </span>
     <span class='ocr_line' id='line_1_101' title="bbox 1046 4122 1846 4188; baseline -0.005 -13"><span class='ocrx_word' id='word_1_742' title='bbox 1046 4129 1109 4183; x_wconf 90' lang='lat' dir='ltr'><strong>est,</strong></span> <span class='ocrx_word' id='word_1_743' title='bbox 1126 4136 1181 4188; x_wconf 90' lang='lat' dir='ltr'><strong>quo</strong></span> <span class='ocrx_word' id='word_1_744' title='bbox 1191 4138 1286 4176; x_wconf 86' lang='lat' dir='ltr'><strong>carere</strong></span> <span class='ocrx_word' id='word_1_745' title='bbox 1298 4124 1357 4175; x_wconf 81' lang='lat' dir='ltr'><strong>vita</strong></span> <span class='ocrx_word' id='word_1_746' title='bbox 1367 4137 1421 4173; x_wconf 90' lang='lat' dir='ltr'><strong>non</strong></span> <span class='ocrx_word' id='word_1_747' title='bbox 1432 4122 1551 4183; x_wconf 88' lang='lat' dir='ltr'><strong>debeat,</strong></span> <span class='ocrx_word' id='word_1_748' title='bbox 1570 4133 1705 4187; x_wconf 83' lang='lat' dir='ltr'><strong>nusquam</strong></span> <span class='ocrx_word' id='word_1_749' title='bbox 1715 4124 1759 4169; x_wconf 89' lang='lat' dir='ltr'><strong>est</strong></span> <span class='ocrx_word' id='word_1_750' title='bbox 1769 4134 1846 4186; x_wconf 90' lang='lat' dir='ltr'><strong>praa·</strong></span> 
     </span>
     <span class='ocr_line' id='line_1_102' title="bbox 1046 4187 1846 4258; baseline -0.003 -16"><span class='ocrx_word' id='word_1_751' title='bbox 1046 4190 1184 4242; x_wconf 89' lang='lat' dir='ltr'><strong>stantius:</strong></span> <span class='ocrx_word' id='word_1_752' title='bbox 1205 4190 1317 4258; x_wconf 74' lang='lat' dir='ltr'><strong>fruges,</strong></span> <span class='ocrx_word' id='word_1_753' title='bbox 1336 4193 1447 4252; x_wconf 84' lang='lat' dir='ltr'><strong>vinam,</strong></span> <span class='ocrx_word' id='word_1_754' title='bbox 1466 4190 1547 4250; x_wconf 86' lang='lat' dir='ltr'><strong>olea,</strong></span> <span class='ocrx_word' id='word_1_755' title='bbox 1566 4189 1689 4248; x_wconf 81' lang='lat' dir='ltr'><strong>vellere,</strong></span> <span class='ocrx_word' id='word_1_756' title='bbox 1709 4187 1781 4250; x_wconf 86' lang='lat' dir='ltr'><strong>lina,</strong></span> <span class='ocrx_word' id='word_1_757' title='bbox 1800 4203 1846 4240; x_wconf 78' lang='lat' dir='ltr'><strong>ve·</strong></span> 
     </span>
     <span class='ocr_line' id='line_1_103' title="bbox 1044 4257 1845 4326; baseline -0.001 -16"><span class='ocrx_word' id='word_1_758' title='bbox 1044 4265 1116 4320; x_wconf 89' lang='lat' dir='ltr'><strong>stes,</strong></span> <span class='ocrx_word' id='word_1_759' title='bbox 1136 4257 1253 4310; x_wconf 79' lang='lat' dir='ltr'><strong>iuvenci.</strong></span> <span class='ocrx_word' id='word_1_760' title='bbox 1290 4259 1331 4310; x_wconf 88' lang='lat' dir='ltr'><strong>Ne</strong></span> <span class='ocrx_word' id='word_1_761' title='bbox 1348 4272 1435 4326; x_wconf 88' lang='lat' dir='ltr'><strong>equos</strong></span> <span class='ocrx_word' id='word_1_762' title='bbox 1452 4260 1560 4326; x_wconf 89' lang='lat' dir='ltr'><strong>quidem</strong></span> <span class='ocrx_word' id='word_1_763' title='bbox 1576 4258 1607 4309; x_wconf 89' lang='lat' dir='ltr'><strong>in</strong></span> <span class='ocrx_word' id='word_1_764' title='bbox 1623 4257 1750 4325; x_wconf 75' lang='lat' dir='ltr'><strong>trigariis</strong></span> <span class='ocrx_word' id='word_1_765' title='bbox 1766 4271 1845 4323; x_wconf 82' lang='lat' dir='ltr'><strong>prae·</strong></span> 
     </span>
     <span class='ocr_line' id='line_1_104' title="bbox 1043 4322 1846 4391; baseline -0.004 -11"><span class='ocrx_word' id='word_1_766' title='bbox 1043 4326 1114 4380; x_wconf 80' lang='lat' dir='ltr'><strong>lerrl</strong></span> <span class='ocrx_word' id='word_1_767' title='bbox 1130 4326 1204 4378; x_wconf 90' lang='lat' dir='ltr'><strong>ullos</strong></span> <span class='ocrx_word' id='word_1_768' title='bbox 1217 4326 1375 4379; x_wconf 82' lang='lat' dir='ltr'><strong>vernaculis</strong></span> <span class='ocrx_word' id='word_1_769' title='bbox 1394 4327 1595 4379; x_wconf 79' lang='lat' dir='ltr'><strong>animadverto.</strong></span> <span class='ocrx_word' id='word_1_770' title='bbox 1631 4322 1758 4378; x_wconf 79' lang='lat' dir='ltr'><strong>Metellis</strong></span> <span class='ocrx_word' id='word_1_771' title='bbox 1774 4324 1846 4391; x_wconf 86' lang='lat' dir='ltr'><strong>auri,</strong></span> 
     </span>
     <span class='ocr_line' id='line_1_105' title="bbox 1042 4394 1847 4535; baseline 0 -16"><span class='ocrx_word' id='word_1_772' title='bbox 1042 4394 1847 4535; x_wconf 56' lang='lat' dir='ltr'><strong>titiist‘thliioiiiig&#39;liii,titini,ili</strong></span> 
     </span>
     <span class='ocr_line' id='line_1_106' title="bbox 1043 4534 1846 4602; baseline 0 -15"><span class='ocrx_word' id='word_1_773' title='bbox 1043 4536 1137 4587; x_wconf 82' lang='lat' dir='ltr'><strong>varios</strong></span> <span class='ocrx_word' id='word_1_774' title='bbox 1158 4548 1275 4600; x_wconf 89' lang='lat' dir='ltr'><strong>succos,</strong></span> <span class='ocrx_word' id='word_1_775' title='bbox 1315 4541 1345 4587; x_wconf 92' lang='lat' dir='ltr'><strong>et</strong></span> <span class='ocrx_word' id='word_1_776' title='bbox 1374 4534 1419 4586; x_wconf 84' lang='lat' dir='ltr'><strong>lru</strong></span> <span class='ocrx_word' id='word_1_777' title='bbox 1440 4551 1484 4586; x_wconf 88' lang='lat' dir='ltr'><strong>nm</strong></span> <span class='ocrx_word' id='word_1_778' title='bbox 1506 4549 1709 4602; x_wconf 89' lang='lat' dir='ltr'><strong>pomorumque</strong></span> <span class='ocrx_word' id='word_1_779' title='bbox 1732 4548 1846 4602; x_wconf 90' lang='lat' dir='ltr'><strong>sapores</strong></span> 
     </span>
     <span class='ocr_line' id='line_1_107' title="bbox 1042 4551 1845 4672; baseline -0.005 -13"><span class='ocrx_word' id='word_1_780' title='bbox 1042 4605 1143 4659; x_wconf 84' lang='lat' dir='ltr'><strong>fundit.</strong></span> <span class='ocrx_word' id='word_1_781' title='bbox 1154 4604 1195 4657; x_wconf 85' lang='lat' dir='ltr'><strong>lib</strong></span> <span class='ocrx_word' id='word_1_782' title='bbox 1205 4619 1247 4669; x_wconf 89' lang='lat' dir='ltr'><strong>ea,</strong></span> <span class='ocrx_word' id='word_1_783' title='bbox 1257 4604 1382 4672; x_wconf 83' lang='lat' dir='ltr'><strong>exceptis</strong></span> <span class='ocrx_word' id='word_1_784' title='bbox 1392 4551 1488 4658; x_wconf 47' lang='lat' dir='ltr'><strong>lagiae</strong></span> <span class='ocrx_word' id='word_1_785' title='bbox 1499 4602 1774 4671; x_wconf 63' lang='lat' dir='ltr'><strong>iabulosinproxime</strong></span> <span class='ocrx_word' id='word_1_786' title='bbox 1786 4605 1845 4671; x_wconf 88' lang='lat' dir='ltr'><strong>qui·</strong></span> 
     </span>
     <span class='ocr_line' id='line_1_108' title="bbox 1042 4673 1826 4744; baseline -0.006 -15"><span class='ocrx_word' id='word_1_787' title='bbox 1042 4675 1104 4730; x_wconf 91' lang='lat' dir='ltr'><strong>dem</strong></span> <span class='ocrx_word' id='word_1_788' title='bbox 1116 4673 1245 4730; x_wconf 76' lang='lat' dir='ltr'><strong>durana</strong></span> <span class='ocrx_word' id='word_1_789' title='bbox 1256 4674 1428 4744; x_wconf 69' lang='lat' dir='ltr'><strong>Hispalam</strong></span> <span class='ocrx_word' id='word_1_790' title='bbox 1439 4690 1602 4744; x_wconf 87' lang='lat' dir='ltr'><strong>quacunque</strong></span> <span class='ocrx_word' id='word_1_791' title='bbox 1614 4674 1737 4727; x_wconf 86' lang='lat' dir='ltr'><strong>ambitur</strong></span> <span class='ocrx_word' id='word_1_792' title='bbox 1747 4675 1826 4726; x_wconf 82' lang='lat' dir='ltr'><strong>neeri.</strong></span> 
     </span>
    </p>
   </div>
   <div class='ocr_carea' id='block_1_11' title="bbox 0 0 2187 6004">
    <p class='ocr_par' dir='ltr' id='par_1_15' title="bbox 0 0 2187 6004">
     <span class='ocr_line' id='line_1_109' title="bbox 0 0 2187 6004; baseline 0 0"><span class='ocrx_word' id='word_1_793' title='bbox 0 0 2187 6004; x_wconf 95' lang='lat' dir='ltr'><strong> </strong></span> 
     </span>
    </p>
   </div>
  </div>
 </body>
</html>
