4340 6018
363 262 403 377 ib
458 330 466 349 “
505 312 537 373 C.
581 307 737 373 PLINll
781 305 985 367 sacuam
1028 304 1194 379 NAi'UR.
1240 301 1427 363 Histoe.
1473 297 1619 360 Litai.
1647 298 1890 362 CARM-li.

366 462 567 532 Sebennytico,
587 458 755 518 Pbatnitico,
769 453 940 515 Mendesico,
953 454 1091 517 Tanitico,
1106 453 1172 506 ulti·

368 549 469 604 :noque
483 531 642 587 Pelusiaco.
678 528 827 579 Praeterea
848 522 949 586 Butos,
970 522 1172 589 Plrarbaetbns,

369 602 563 670 Leontopolis,
574 596 703 658 Athribis,
712 593 795 644 Isidis
801 590 942 660 oppidum,
953 592 1071 656 Busirin,
1078 596 1171 661 cyno·

370 674 452 743 pelis,
462 670 643 739 Aphrodites,
651 663 721 724 Sais,
733 661 895 714 Naucratis:
915 661 989 715 unde
998 665 1101 714 ostium
1114 662 1173 730 qui·

369 745 434 799 dam
449 738 647 795 Naucratieum
666 731 826 796 nominant,
847 731 921 801 quod
936 732 985 785 alii
995 732 1173 785 Heracleoti-

370 830 441 876 cum,
451 808 599 871 conopico,
609 803 654 853 cui
666 802 823 868 proximum
836 808 888 871 est,
904 802 1102 869 praeferentes.

404 880 465 933 xit.
484 875 565 927 Ultra
573 870 747 923 Pelusiacum
758 871 860 923 Arabia
871 880 923 934 est,
935 871 971 923 ad
981 871 1104 924 Rubrum
1116 884 1174 922 ma·

368 966 398 1002 re
410 944 561 1015 pertinens,
575 948 602 993 et
613 938 785 993 odoriferam
798 943 886 1003 illam,
902 956 935 992 ae
945 940 1058 993 divitem
1070 948 1099 993 et
1110 940 1171 992 bea·

367 1027 414 1071 tac
426 1012 589 1080 cognomine
601 1009 741 1077 inclytam.
774 1011 853 1063 Haec
863 1009 1034 1062 esrubsnum
1046 1018 1075 1062 et
1087 1010 1174 1061 Esbo-

367 1079 1173 1145 nitarumetScenitarumArabumrocatur,sterilis,prae·

369 1162 495 1221 terquam
509 1150 556 1202 ubi
568 1149 669 1217 Syriae
680 1150 804 1201 confinia
814 1150 939 1216 attingit,
958 1164 1010 1201 nec
1021 1149 1079 1199 nisi
1090 1148 1171 1200 Casio

368 1229 463 1275 moute
484 1219 596 1272 nobilis.
632 1219 686 1270 His
703 1219 807 1271 Arabes
822 1219 991 1286 iunguntur,
1011 1218 1172 1270 oboriente

368 1289 509 1351 Canchlei,
531 1304 549 1341 a
560 1287 678 1341 meridie
689 1287 796 1350 Cedrei,
816 1289 864 1354 qui
873 1287 974 1340 deiude
983 1288 1065 1340 ambo
1077 1287 1170 1339 Naba·

367 1362 449 1414 tacis.
485 1357 716 1424 Heroopoliticus
727 1362 852 1421 vocatur,
865 1357 994 1424 alterque
1003 1356 1172 1409 Aelaniticus

367 1433 445 1485 sinus
453 1427 540 1480 Rubri
552 1428 639 1480 maris
650 1427 678 1478 in
686 1428 842 1495 Aegyptum
852 1427 1003 1495 vergentis,
1013 1426 1060 1479 ct.
1068 1428 1172 1495 Mpas·

366 1516 448 1553 suum
465 1497 614 1551 intervallo
625 1496 767 1549 interduo
778 1495 889 1563 oppida,
909 1496 1023 1559 Aelana,
1045 1496 1111 1549 etin
1122 1510 1171 1547 nn·

316 1602 322 1619 .
367 1576 425 1623 stro
437 1569 507 1620 mari
520 1568 634 1619 Gazam.
655 1566 804 1633 Agrippan
814 1565 925 1618 Petusio
935 1566 1073 1617 Arsinoen
1085 1565 1172 1618 Rubri

368 1638 452 1691 maris
462 1635 605 1703 oppidum,
622 1649 671 1701 per
682 1635 797 1687 deserta
807 1633 910 1686 CXXV
920 1635 959 1687 Μ.
970 1648 1100 1700 passuum
1114 1640 1171 1686 tra·

368 1709 423 1763 dit:
443 1713 501 1759 tam
511 1720 597 1773 parre
607 1704 694 1756 distat
708 1703 748 1756 ibi
757 1709 837 1756 tanta
850 1717 941 1756 rmum
953 1709 1070 1758 naturae
1081 1703 1172 1757 direr-

367 1779 446 1829 sitas.

402 1844 475 1898 Xlll.
494 1837 664 1907 luxtaSyria
673 1836 741 1889 titus
750 1843 879 1904 occupat,
889 1837 1028 1905 quondam
1035 1845 1172 1890 terrarum

257 1940 266 1961 .
369 1916 505 1973 maximo,
526 1915 556 1963 et
567 1907 693 1978 pluribus
704 1905 837 1958 distincta
847 1908 1011 1960 nominibus.
1047 1906 1173 1975 Namque

369 1980 530 2037 Palaestina
540 1978 709 2036 vocabatur,
733 1990 788 2042 qua
798 1976 936 2043 contingit
947 1978 1067 2039 Arabas,
1087 1981 1171 2030 etlu-

368 2052 446 2113 daen,
465 2049 598 2111 etcoetc,
617 2046 682 2099 dein
691 2043 842 2099 Phoenice:
863 2045 1170 2113 etquareecditintus,

368 2123 556 2173 Damascena:
568 2131 602 2169 ac
611 2115 701 2182 magis
714 2114 865 2167 etiamnum
875 2115 1038 2178 meridiana,
1049 2114 1171 2184 Babylo-

366 2194 422 2243 nia.
446 2190 484 2241 Et
494 2184 590 2242 eadem
600 2183 808 2253 Mesopotamia
818 2184 891 2236 inter
900 2184 1071 2251 Euphratem
1083 2193 1112 2237 et
1122 2185 1171 2237 Ti·

365 2262 441 2329 grin:
462 2271 570 2324 quaque
581 2255 684 2308 transit
695 2255 834 2314 Taurum,
856 2251 998 2320 Sophene:
1021 2254 1170 2308 citrarern

366 2330 450 2383 etiam
462 2329 628 2393 comagene.
639 2334 642 2341 ’
659 2323 696 2374 Et
706 2321 781 2373 ultra
790 2324 949 2375 Amanium
959 2323 1108 2387 Adiabene,
1119 2326 1170 2376 As·

365 2398 445 2466 syria
455 2394 619 2447 antedicta:
635 2400 665 2445 et
674 2392 721 2445 ubi
733 2391 861 2444 Ciliciam
873 2393 998 2460 attingit,
1015 2392 1170 2445 Antiochia.

365 2462 524 2535 Longitudn
536 2463 595 2516 eius
606 2462 680 2514 inter
687 2460 811 2513 Ciliciam
817 2462 991 2525 etArabiam,
1004 2462 1171 2515 ccccmtx

366 2536 406 2588 M.
418 2548 548 2603 passuum
558 2538 610 2585 est.
646 2529 780 2582 latitudo
791 2546 809 2582 a
819 2529 944 2584 Seleucia
956 2531 1049 2584 Pieria
1065 2532 1102 2583 ad
1120 2546 1169 2598 op·

365 2603 463 2673 pidum
481 2604 511 2654 in
525 2599 668 2668 Euphrate
683 2600 821 2682 Zeugma,
841 2599 967 2653 CLXXV
978 2601 1016 2652 M.
1033 2615 1170 2719 passuum.

366 2673 422 2736 Qui
433 2670 567 2725 subtilius
579 2669 717 2731 dividunt,
731 2667 914 2720 circumfundi
923 2668 1035 2736 SyriaP
1054 2671 1169 2723 oeniceo

365 2743 478 2795 reluat:
497 2746 526 2794 et
536 2756 597 2794 esse
609 2754 686 2791 oram
698 2738 866 2791 maritimam
877 2740 994 2806 Syriae,
1015 2740 1093 2790 cuius
1106 2755 1169 2807 pars

365 2813 404 2865 slt
413 2811 546 2864 idunraen
555 2816 585 2861 et
595 2809 707 2871 iudaea,
730 2807 831 2860 deinde
842 2808 991 2871 Phoenice,
1007 2807 1108 2862 deinde
1119 2808 1171 2877 Sy-

365 2881 417 2934 ria.
451 2880 483 2932 ld
495 2878 569 2947 quod
582 2879 724 2945 praeiacet
734 2891 809 2930 mare
819 2883 919 2940 totum,
934 2876 1113 2931 Phoenicium
1124 2892 1171 2944 sp·

365 2949 496 3019 pellatur.
524 2949 588 3015 Ipsa
597 2961 666 3014 gens
676 2945 845 2999 Phoenicum
856 2946 886 2998 in
897 2961 998 3015 magna
1008 2948 1100 3016 gloria
1109 2946 1171 3001 lite·

365 3033 459 3071 rarum
471 3014 648 3079 inventionis,
664 3022 693 3068 et
701 3014 831 3080 siderum,
842 3016 1037 3086 navaliumque
1047 3033 1081 3071 ac
1092 3016 1170 3070 belti-

367 3101 460 3140 carum
472 3086 583 3138 artium.

401 3154 478 3207 XlV.
495 3157 517 3207 A
527 3152 639 3206 Pelusio
650 3150 784 3207 Chabriae
795 3160 897 3218 castra,
909 3154 1006 3208 Casius
1019 3169 1107 3216 mons,
1122 3153 1168 3207 de·

368 3226 478 3277 lubrum
488 3223 564 3275 loris
577 3221 660 3285 Casii,
670 3223 792 3274 tumulus
802 3224 898 3290 Magni
910 3223 1042 3292 Pompeii.
1072 3224 1169 3275 Ostra·

366 3295 428 3348 clns
438 3292 541 3346 Arabia
551 3293 657 3355 linitur,
669 3291 804 3345 nPelusio
815 3292 892 3347 bxv
902 3294 941 3345 Μ.
949 3306 1089 3360 passuum.
1099 3291 1168 3343 Mox

365 3363 499 3417 idumaea
515 3362 626 3429 incipit,
646 3369 675 3414 et
686 3361 859 3426 Palaestina,
878 3362 914 3414 ab
924 3378 1032 3416 emersu
1043 3361 1169 3414 Sirbonis

364 3433 457 3496 lacus,
475 3447 556 3500 quem
574 3432 686 3498 quidam
699 3433 745 3486 ct.
757 3435 796 3485 Μ.
808 3446 936 3499 passuum
949 3432 1066 3485 circuitu
1077 3431 1167 3484 tradi·

365 3503 445 3554 dere:
458 3499 618 3554 Herodotus
631 3501 711 3554 Casio
723 3503 811 3554 monti
824 3500 971 3568 applicuit:
986 3516 1057 3552 nunc
1067 3507 1110 3553 est
1122 3516 1170 3567 pa.

363 3573 408 3624 lus
419 3569 537 3623 modica.
551 3569 673 3636 Oppida:
685 3570 883 3634 Rhinocolura,
889 3569 998 3622 etiutus
1005 3569 1167 3637 lihaphaea:

366 3641 453 3701 Gaza,
463 3646 492 3692 et
502 3641 577 3691 intus
586 3638 746 3692 Anthedon:
763 3654 842 3692 mons
853 3644 893 3693 An
916 3640 982 3693 aris.
1017 3639 1109 3707 Regio
1120 3654 1169 3706 per

366 3724 444 3760 oram
459 3708 593 3761 Samaria.
631 3709 768 3776 Oppidum
781 3709 882 3762 Ascalo
895 3655 1029 3774 imarum,
1048 3712 1166 3761 Azotos:

366 3777 488 3830 lemniae
498 3778 578 3839 duae,
589 3777 682 3830 altera
692 3778 776 3831 iritua.
812 3781 861 3845 lop
882 3778 1087 3840 ePhoenicum,
1099 3779 1169 3830 anti·

365 3848 446 3914 quior
456 3853 595 3899 terrarum
606 3847 797 3908 inundatione,
817 3854 848 3898 ut
858 3794 962 3898 flerunt.
998 3848 1102 3899 insidet
1113 3848 1169 3899 col·

1224 467 1285 505 cum
1300 451 1391 504 dirum
1407 453 1510 503 natura
1524 450 1610 516 petit,
1627 463 1646 500 a
1662 463 1717 515 quo
1733 454 1877 515 postremo
1900 452 2031 517 ebibitur,

1224 536 1364 589 aquasque
1377 521 1507 570 laudatas
1518 517 1611 584 perdit
1622 518 1817 584 pestilentibus
1828 522 1940 573 nrixtas.
1955 522 2032 590 Ergo

1225 593 1270 642 ubi
1283 591 1376 657 prima
1386 587 1553 640 convallium
1569 586 1623 638 iuit
1639 587 1765 649 occasio,
1786 588 1816 640 in
1827 590 1917 643 lacurn
1929 592 2031 645 sciun-

1226 659 1278 722 dit,
1288 657 1761 727 quempiuresGenesaranrrocant,
1775 658 1838 710 XVt
1853 661 2031 728 bipassuun

1225 728 1415 797 longitudinis,
1439 727 1476 780 Vl
1492 727 1532 777 M.
1551 725 1719 789 latitudinis,
1740 731 1866 780 amoenis
1886 733 2032 783 wormac·

1226 804 1301 867 ptum
1314 796 1440 866 oppidis:
1457 795 1492 847 ab
1505 795 1622 857 oriente,
1633 794 1749 857 iuliade,
1760 804 1789 847 ct
1800 798 1907 864 Hippo:
1922 814 1940 851 a
1950 805 2032 852 meri·

1226 865 1433 928 die,'l'arichea,
1444 881 1498 933 quo
1508 866 1619 916 nomiae
1630 865 1720 931 aliqui
1730 872 1758 916 et
1771 866 1862 918 lacum
1875 869 2030 935 appellante

1227 938 1263 989 ab
1275 935 1419 987 occidente
1430 934 1587 997 Tiberiade,
1598 934 1678 1001 aquis
1690 933 1790 986 calidis
1801 936 1915 989 salubri.

1259 1004 1431 1072 Asphaltites
1442 1003 1511 1056 nihil
1527 1012 1637 1072 praeter
1653 1003 1776 1055 bitumen
1791 1006 1894 1073 gignit:
1916 1007 2031 1062 undeet

1225 1088 1335 1125 nonren.
1363 1072 1478 1124 Nullum
1489 1089 1589 1140 corpus
1601 1072 1763 1126 animalium
1777 1077 1890 1142 recipit:
1901 1081 1975 1129 tauri
1985 1094 2031 1131 ea·

1226 1143 1348 1209 melique
1358 1141 1478 1194 tluitant.
1498 1143 1564 1196 inde
1575 1142 1659 1205 tama,
1671 1141 1742 1194 nibil
1751 1144 1781 1195 in
1792 1159 1827 1197 eo
1838 1160 1898 1198 mer
1919 1147 1936 1197 '.
1957 1147 2030 1199 Lon-

1225 1211 1353 1281 gitudine
1364 1211 1475 1263 excedit
1485 1219 1593 1263 centum
1606 1212 1644 1264 Μ.
1655 1227 1798 1279 passuum,
1810 1213 1895 1267 latitu
1915 1217 1959 1270 ine
1969 1231 2028 1269 ma·

1224 1281 1301 1334 xima
1316 1280 1396 1334 XXV
1414 1280 1528 1348 implet,
1547 1281 1662 1333 minima
1672 1297 1730 1334 sex.
1766 1282 1908 1352 Prospicit
1919 1300 1981 1338 eum
1993 1287 2030 1340 ab

1225 1350 1335 1403 oriemc
1346 1347 1450 1404 Arabia
1459 1350 1625 1412 Nomadum,
1645 1366 1663 1402 a
1673 1352 1790 1406 meridie
1801 1353 1976 1419 Machaerus,
1986 1371 2030 1409 se·

1225 1419 1316 1473 cunda
1328 1419 1466 1488 quondam
1478 1434 1529 1471 arx
1537 1419 1665 1484 iudaeae,
1675 1420 1711 1472 ab
1722 1422 1939 1491 Hierosolymis.
1974 1425 2029 1478 Ec·

1224 1489 1287 1541 dem
1298 1490 1386 1542 tatere
1398 1496 1442 1542 est
1452 1488 1557 1541 calidus
1567 1488 1632 1541 iona
1641 1491 1766 1545 medicae
1782 1493 1956 1547 salubritatis
1968 1494 2030 1547 Cal·

1223 1556 1336 1623 lirrhoo,
1357 1573 1490 1626 aquarum
1511 1558 1631 1626 gloriam
1646 1559 1709 1626 ipse
1728 1563 1840 1614 nourine
1859 1562 2027 1630 praeterens.

1225 1628 1267 1681 Ab
1279 1626 1428 1680 occidente
1443 1627 1530 1680 litora
1545 1628 1646 1680 Esseni
1662 1628 1788 1698 tugiunt,
1810 1646 1897 1699 usque
1914 1648 2027 1700 quano·
2063 1650 2076 1693 χ

1225 1705 1301 1749 cent:
1314 1711 1381 1759 gens
1391 1696 1462 1759 sols,
1477 1704 1505 1749 et
1514 1698 1544 1749 in
1554 1705 1615 1750 toto
1627 1699 1695 1750 orbe
1706 1707 1817 1766 praeter
1827 1709 1936 1754 ceteras
1947 1705 2029 1766 naha,

1225 1763 1284 1814 sine
1294 1762 1472 1827 ullalcminu,
1484 1768 1675 1820 omnivenera
1685 1768 1823 1833 abdicata,
1832 1770 1892 1823 sine
1900 1774 2029 1838 pecunia,

1225 1833 1302 1884 socia
1313 1832 1475 1898 palmarum.
1495 1834 1527 1885 iu
1537 1834 1611 1887 diem
1622 1852 1656 1889 ex
1668 1851 1758 1906 aequo
1769 1853 1954 1892 convenarum
1967 1848 2029 1893 tur·

1224 1902 1262 1954 ba
1270 1904 1435 1965 renascitur,
1446 1902 1524 1972 large
1530 1903 1782 1973 frequentantibus,
1793 1923 1864 1975 quos
1874 1909 2029 1963 vitalessns

1225 1971 1260 2024 ad
1271 1985 1363 2024 mores
1375 1986 1471 2025 eorum
1481 1972 1613 2027 tortuose
1622 1973 1724 2028 fluctus
1734 1979 1835 2044 agitat.
1870 1978 1914 2030 tta
1925 1992 1976 2045 per
1985 1994 2030 2033 sn-

1225 2041 1351 2094 cuiorum
1362 2042 1452 2094 mittin
1463 2043 1640 2105 (incredibile
1653 2044 1740 2108 dictu)
1757 2061 1827 2114 gens
1846 2054 1961 2101 aeterna
1979 2055 2032 2113 est,

1224 2111 1253 2162 in
1264 2127 1319 2178 qun
1330 2127 1410 2165 nemo
1421 2113 1553 2163 nascitur.
1590 2115 1660 2165 Tum
1678 2114 1818 2168 foecunda
1830 2116 1890 2169 iltis
1909 2117 2030 2171 aliorum

1224 2179 1300 2233 vitae
1319 2181 1494 2248 poenitentia
1513 2189 1565 2234 est.
1601 2182 1740 2237 lnirahos
1752 2186 2029 2255 Engaddaoppidurn

1224 2249 1289 2312 luit,
1299 2250 1451 2303 secundum
1462 2252 1497 2303 ab
1508 2252 1717 2320 Hierosolymis
1726 2253 1885 2319 fertilitate,
1896 2257 2030 2325 palmeto-

1224 2333 1339 2386 rumque
1359 2320 1537 2372 nernoribus:
1564 2336 1636 2374 nunc
1655 2321 1776 2376 alterum
1797 2326 1920 2379 bustum.
1961 2325 2030 2379 inde

1224 2387 1342 2441 Masada
1360 2389 1506 2442 castellum
1528 2390 1557 2442 in
1578 2407 1659 2459 rupe,
1681 2399 1710 2446 et
1729 2393 1818 2462 ipsum
1838 2395 1914 2448 baud
1931 2394 2029 2464 procul

1222 2454 1388 2524 Asphaltite.
1426 2460 1462 2510 Et
1473 2458 1607 2512 hactenus
1619 2462 1723 2515 iudaea
1734 2471 1785 2516 est.

1257 2525 1329 2579 XVl.
1348 2527 1475 2594 iungitur
1485 2528 1511 2578 ci
1523 2528 2029 2602 latereSyrinellncapolitanaregin,

1222 2610 1240 2648 a
1251 2609 1366 2648 nurnero
1378 2597 1583 2663 oppidorum,in
1594 2617 1649 2667 qno
1660 2617 1714 2653 non
1727 2603 1925 2658 omnescadem
1934 2602 2030 2656 obser·

1222 2671 1298 2717 rant.
1345 2665 1460 2717 Plurimi
1480 2673 1573 2721 tamen
1592 2671 1759 2724 Danaascum
1782 2689 1817 2726 ex
1837 2682 1920 2741 epoto
1941 2674 2029 2741 riguis

1223 2750 1303 2788 anrne
1314 2732 1508 2802 chrysermus
1518 2736 1653 2792 fertilem:
1665 2740 1896 2810 Philadelpbiam,
1903 2741 2031 2809 Rhapha·

1223 2819 1296 2868 nam,
1317 2806 1413 2857 omnia
1431 2806 1460 2857 in
1480 2807 1610 2860 Arabiam
1629 2811 1799 2864 recedentia.
1836 2811 2029 2880 Scythopntin,

1222 2871 1357 2943 (anteaN
1379 2890 1439 2927 sam
1456 2874 1696 2941 aLiberoPatre,
1714 2880 1824 2947 sepulta
1845 2884 1953 2934 nutrice
1973 2878 2030 2948 ibi)

1223 2944 1336 3010 Scythis
1371 2943 1485 2996 eductis.
1523 2944 1644 3007 Gadara,
1656 2948 1835 3000 liieronrince
1845 2949 2030 3014 praefluente,

1223 3019 1251 3064 et
1261 3016 1314 3063 iarn
1326 3012 1432 3064 dietum
1445 3011 1570 3075 Hippon:
1593 3014 1679 3075 Dion,
1691 3016 1798 3066 Pellam
1810 3018 1892 3081 aquis
1904 3018 2030 3082 divitem,

1223 3079 1529 3141 Gulasanr,Canatham.
1538 3081 1728 3134 intercursant
1740 3084 1907 3152 cinguntque
1919 3085 1968 3136 has
1981 3103 2030 3138 ur·
2123 3097 2126 3103 ’
2160 3160 2162 3169 1

1221 3151 1270 3201 bes
1281 3149 1458 3211 tetrarchiae,
1466 3152 1609 3218 regionum
1620 3152 1711 3204 instar
1719 3153 1857 3220 singulas,
1865 3162 1894 3205 et
1902 3154 1931 3205 in
1942 3169 2031 3222 regna

1222 3218 1443 3283 contribuuntur,
1463 3219 1656 3285 Trachonitis,
1677 3221 1798 3286 Paneas,
1819 3223 1847 3274 in
1860 3237 1914 3290 qua
1926 3224 2028 3277 Caesa·

1220 3303 1271 3410 ξι
1281 3304 1342 3339 cum
1353 3288 1516 3356 supradicto
1528 3291 1620 3345 tonte:
1641 3292 1730 3355 Abila,
1741 3294 1826 3356 Area,
1837 3293 2029 3361 Ammloessa,

1249 3359 1310 3411 abe.

1256 3426 1344 3481 xvir.
1363 3428 1620 3484 Hincrcdeundum
1631 3430 1718 3484 estad
1733 3446 1821 3494 oram,
1842 3436 1926 3499 atque
1935 3429 2026 3486 Phoe·

1221 3499 1311 3551 niceo.
1346 3496 1414 3548 Fuit
1425 3499 1558 3565 oppidum
1570 3501 1752 3563 crocodilon,
1771 3509 1816 3554 est
1831 3500 1946 3555 flumen:
1968 3516 2026 3556 are·

1221 3569 1313 3619 moria
1322 3565 1441 3629 urbium,
1451 3567 1567 3631 Dorum,
1578 3569 1763 3637 Sycnnrinum.
1801 3571 2028 3624 Promontorium

1222 3634 1389 3696 Carmelum,
1410 3642 1439 3687 et
1459 3636 1490 3686 in
1509 3645 1604 3692 oronte
1624 3639 1768 3705 oppidum,
1787 3640 1886 3694 ecdem
1907 3640 2027 3704 nomine,

1221 3704 1363 3772 quondan:
1375 3703 1518 3756 Ecbatana
1528 3707 1641 3759 dictum.
1677 3709 1760 3759 lunia
1769 3707 1872 3773 Getta,
1882 3710 1979 3762 lebba:
1992 3712 2028 3761 ri·

1223 3790 1274 3825 rus
1285 3772 1400 3840 Pagida,
1410 3774 1470 3826 sire
1481 3775 1582 3838 Belus,
1593 3776 1659 3828 vitri
1670 3776 1778 3829 fertiles
1789 3793 1888 3832 arenas
1899 3794 1983 3847 parvo
1994 3779 2028 3830 li·

1222 3843 1418 3895 torimisceus.
1454 3844 1517 3909 lpse
1535 3861 1550 3897 e
1571 3845 1672 3912 palude
1690 3846 1829 3901 Cenderla
1848 3864 1866 3901 a
1885 3848 2026 3901 radicibus

364 3917 419 3970 lem
429 3916 605 3983 praeiacente
615 3929 700 3976 saxo,
720 3917 748 3966 in
764 3929 818 3980 quo
833 3914 1007 3966 vinculorum
1019 3916 1170 3969 Androme·
1222 3912 1343 3964 Carmeli
1354 3910 1475 3978 profluit.
1494 3914 1576 3966 luata
1587 3914 1951 3972 coloniaClaudiiCaesaris
1961 3918 2027 3970 Pto·

365 3986 419 4037 dae
429 3984 500 4037 resti
523 3986 551 4033 ia
561 3983 719 4036 ostendunt.
758 3983 867 4035 Colitur
883 3982 1081 4036 illiciabulosa
1091 3985 1168 4036 Ceto.
1222 3980 1560 4049 lemnis,quaequondam
1571 3986 1634 4037 Ace.
1654 3985 1791 4052 Oppidum
1801 3988 1936 4055 Ecdippa.
1956 3988 2025 4040 Pro·

363 3999 604 4121 tnncnpnhonta:
626 4050 767 4102 Stratonis
784 4051 886 4114 turris,
906 4052 1004 4105 eadem
1022 4053 1170 4118 Caesarea,
1221 4052 1390 4103 montorium
1403 4051 1509 4103 Album.
1547 4055 1642 4121 Tyrus
1652 4054 1792 4121 quondam
1802 4057 1903 4119 insula,
1916 4057 2024 4124 praeal-

365 4127 400 4178 ah
412 4121 523 4177 Herode
533 4136 564 4173 re
584 4117 735 4172 ecosdita:
758 4134 830 4171 nunc
841 4119 951 4171 colonia
962 4123 1052 4187 prima
1062 4122 1169 4185 Floria,
1221 4126 1252 4172 to
1264 4120 1529 4187 mariseptingentis
1538 4123 1664 4189 passibus
1677 4123 2024 4187 divisa,nuncveroAlex·

364 4135 886 4260 aVespasianadmperatorededucta:
907 4188 984 4241 Finis
995 4190 1169 4244 Palaestines
1221 4189 1304 4241 andri
1320 4191 1506 4257 oppugnantis
1525 4193 1655 4258 operibus
1676 4195 1833 4260 continens,
1855 4196 1921 4247 olim
1943 4202 2025 4262 partu

365 4270 477 4316 centurn
497 4260 640 4329 octoginta
660 4272 757 4311 norem
774 4257 842 4311 mill.
858 4270 997 4325 passuum,
1015 4273 1033 4311 a
1050 4260 1169 4313 confinio
1221 4260 1306 4320 clara,
1319 4260 1431 4311 urbibus
1443 4260 1559 4326 genitis,
1579 4262 1674 4330 Lepti,
1695 4266 1789 4330 Utica,
1810 4265 1898 4319 etilla
1909 4264 2025 4317 Romani

364 4329 498 4382 Arabiae:
510 4331 609 4383 deinde
620 4327 766 4381 Phoenice.
777 4329 853 4379 intus
864 4333 956 4380 autem
968 4328 1112 4382 Samariae
1123 4346 1170 4398 op·
1221 4328 1333 4396 imperii
1343 4329 1466 4391 nenium,
1487 4337 1622 4384 terrarum
1635 4335 1711 4387 orbis
1728 4336 1822 4399 arido,
1843 4333 2024 4403 Carthagine:

367 4396 1169 4467 pide:Neapolis,quodanteaMamorthadicebatur:Se·
1223 4400 1307 4450 etium
1318 4396 1443 4451 Gadibus
1463 4408 1544 4453 extra
1559 4405 1653 4455 orbem
1671 4405 1799 4456 conditis.
1836 4405 1916 4457 Nunc
1936 4403 2026 4455 nornis

365 4467 455 4526 baete,
466 4466 495 4516 in
506 4475 609 4530 monte,
619 4475 648 4521 et
658 4469 759 4522 altiore
769 4467 896 4520 Gamala.
1220 4468 1279 4520 eius
1290 4468 1420 4521 nobilitas
1431 4469 1578 4539 conchylio
1589 4479 1672 4539 atque
1684 4487 1806 4540 purpura
1816 4481 1935 4524 eonstat.
1965 4474 2025 4524 Cir·

399 4532 461 4587 XV·
480 4531 569 4599 Supra
589 4536 747 4590 idumaeam
765 4545 794 4591 et
805 4537 960 4591 Samariam
969 4536 1073 4591 iudaea
1083 4538 1168 4605 longe
1220 4539 1311 4589 cuitus
1323 4538 1391 4590 th
1400 4539 1439 4590 M.
1451 4553 1582 4605 passuum
1595 4551 1646 4601 est,
1665 4542 1740 4592 intra
1749 4541 1899 4606 Palaetyro
1911 4537 2026 4595 inclusa.

366 4605 480 4668 lateque
489 4600 626 4653 irraditur.
662 4604 800 4659 Perseius
812 4607 1026 4675 Syriaeiuncta‚
1038 4607 1169 4660 Galilaea
1220 4607 1360 4675 Oppidum
1371 4608 1459 4673 ipsum
1473 4610 1552 4660 xliii
1564 4610 1656 4660 stadia
1667 4610 1782 4661 obtinet.
1817 4607 1885 4659 inde
1896 4606 2026 4675 Sarepta,

365 4678 494 4752 recatpr:
514 4669 634 4724 Arabiae
649 4686 715 4752 vero
732 4676 898 4743 etAegypto
916 4677 1043 4745 proxima
1053 4676 1167 4760 Peraea,
1219 4682 1248 4727 et
1260 4674 1396 4726 Ornithon
1408 4677 1522 4758 oppida:
1544 4684 1572 4728 et
1588 4676 1674 4728 Sidon
1695 4675 1799 4729 artifex
1814 4675 1890 4756 vitri,
1911 4675 2022 4762 Theba·

364 4737 1168 4882 itibdltt‘lbtitlttainsatiabilitate:
1218 4744 2025 4883 illtltilt‘lttlbtbm..tantillitati

368 4876 479 4930 archias
499 4877 610 4938 decem,
632 4877 822 4943 quodieemus
840 4881 948 4936 ordine:
972 4885 1166 4937 Hiericuntem
1218 4882 1385 4950 porrigitur,
1406 4895 1461 4947 qua
1480 4881 1564 4933 Coele
1586 4880 1668 4949 Syria
1688 4885 1911 4950 cognominatur.
1948 4886 2024 4938 Huic

383 4947 492 5000 muratis
511 4947 660 5009 consitam,
694 4945 816 4999 lontibus
836 4949 983 5016 irriguam:
1010 4956 1166 5016 Emmaum,
1218 4966 1279 5019 par,
1291 4951 1496 5002 interveniente
1506 4949 1588 5011 valle,
1609 4966 1688 5003 urens
1699 4954 1834 5005 adversus
1844 4952 2023 5008 Antilibanus

362 4963 1168 5086 [yddamloppicamAcrabatcnam,Gophniticam,Tha·
1219 5019 1382 5072 obtenditur
1402 5019 1541 5086 quondam
1561 5035 1641 5071 nruro
1661 5023 1834 5075 coniunctus.
1869 5023 1939 5076 Post
1961 5039 2024 5076 cum

363 5085 514 5148 mniticanr,
523 5084 791 5152 liethteptepbenen,
802 5086 914 5149 Orinen,
923 5090 1168 5156 inquaiuereHie·
1218 5090 1355 5141 introrsus
1366 5088 1569 5155 Decapolitana
1580 5090 1657 5158 regio
1670 5098 1721 5153 est,
1733 5092 1948 5161 praedictaeque
1960 5108 2022 5144 crrnr

363 5154 519 5220 rosotynra,
532 5155 614 5220 lange
626 5154 780 5207 clarissima
793 5156 902 5207 urbium
913 5157 1039 5223 orientis,
1060 5176 1114 5212 non
1126 5162 1168 5213 lu·
1219 5174 1254 5211 ea
1264 5156 1447 5219 tetrarchiae,
1457 5165 1486 5210 et
1497 5158 1674 5215 Palaestinae
1685 5168 1747 5214 tota
1757 5161 1870 5215 laxitas.
1888 5164 1924 5216 At
1935 5165 1963 5214 in
1974 5178 2024 5215 ora

364 5224 451 5275 daeae
464 5221 560 5274 modo:
576 5223 731 5277 Heredium
742 5240 805 5277 cum
815 5222 917 5292 oppido
927 5226 1033 5280 illustri
1042 5229 1168 5282 eiusdem
1220 5227 1370 5279 etiamnum
1381 5228 1507 5280 subiecta
1517 5228 1634 5291 Libano,
1656 5228 1754 5282 iturius
1765 5231 1912 5301 Magoras:
1933 5232 2021 5298 Bery-

364 5291 493 5347 nnminis.
1219 5305 1264 5348 tus
1276 5295 1402 5357 colonia,
1425 5313 1495 5364 quae
1506 5297 1586 5350 Felix
1603 5299 1675 5352 lulla
1695 5301 1863 5367 appellatur.
1900 5301 2023 5354 Leontos

400 5359 529 5416 iordanis
539 5358 628 5411 amnis
637 5362 840 5417 oritureionte
850 5361 988 5428 Paneade,
1009 5367 1169 5435 quieogno·
1220 5365 1365 5434 oppidum:
1385 5364 1487 5418 durren
1499 5366 1607 5434 Lycos:
1631 5369 2024 5438 Palaebyblcs:tiumenAdo·

365 5447 429 5484 men
443 5429 520 5483 dedit
531 5432 693 5492 Caesareae,
708 5432 741 5486 de
753 5448 808 5500 qua
819 5432 955 5485 dicemus:
976 5436 1066 5486 amnis
1076 5452 1168 5490 amoe-
1219 5438 1271 5488 nis.
1306 5434 1434 5503 Oppida:
1452 5435 1571 5503 Byblos,
1580 5437 1695 5508 Botrys,
1707 5441 1744 5494 Gi
1763 5448 1838 5504 arta,
1847 5440 1964 5499 Trieris,
1974 5440 2026 5490 Ga·

364 5516 426 5564 nus,
445 5507 620 5569 etquatenus
631 5498 835 5555 locorumsltus
847 5501 972 5569 patitur,
991 5504 1167 5571 ambitiosus,
1219 5505 1327 5558 lamna:
1351 5503 1491 5570 tripolis,
1512 5520 1596 5573 quam
1606 5509 1686 5575 Tyrii
1702 5518 1732 5564 et
1746 5457 1859 5565 Sidonii
1878 5516 1907 5562 et
1926 5506 2026 5560 Aradii

363 5570 718 5639 accobsquesepraebeas,
736 5570 1166 5643 relutimitusAspbaltitenla·
1219 5575 1353 5628 obtinent.
1389 5572 1535 5640 Orthosia,
1562 5577 1733 5636 Eleutheros
1749 5580 1860 5636 flumen.
1896 5575 2024 5645 Oppida:
