4356 6014
343 275 402 339 ¹80
476 270 508 333 C.
536 270 680 332 ruint!
704 264 908 330 SECUNDI
945 264 1110 328 NATUR.
1147 264 1334 328 ursiuli.
1375 263 1456 324 ulit.
1484 261 1580 323 xlv.
1620 261 1855 323 CAP.23.28.

339 427 417 492 gato,
435 421 512 476 cuius
522 423 643 477 iactatus
655 418 708 482 his,
718 432 790 486 quae
799 415 969 481 duraverint,
978 421 1086 470 tantum
1092 429 1137 472 re·
1186 415 1278 471 bimus
1288 416 1365 469 inter
1373 415 1489 467 arbores
1502 409 1585 466 feras.
1595 409 1802 480 Vitia,praeter
1812 425 1896 479 sopra
1908 410 1991 478 diua,

340 491 456 545 tustatis
467 492 591 545 adiicere
600 489 729 550 sentitur,
741 493 875 554 quantum
883 487 1039 541 habuerint.

375 561 475 615 xxiii.
493 563 530 613 Et
549 560 679 628 quoniam
697 557 831 626 religione
842 558 900 609 rita
911 562 1031 619 constat,
1051 555 1136 624 proli·

338 631 407 684 bare
418 630 474 683 diis
483 629 623 681 nefastum
632 626 751 679 habetur
766 626 839 689 vine,
859 633 969 694 praeter
981 628 1136 693 imputatne

339 701 414 762 ritis,
435 698 552 750 fulmine
569 702 675 758 tactae,
696 710 833 763 quamque
843 695 922 748 iuxta
931 694 1051 749 hominis
1061 711 1136 749 mors

338 769 441 837 laqueo
452 764 626 833 pependerit,
636 772 685 818 aut
693 764 848 817 vulneratis
859 765 977 831 pedibus
988 764 1135 818 conculca·

338 846 377 900 ιι,
398 844 426 889 ιι
438 835 512 902 quod
523 833 691 887 circumcisis
705 834 826 886 vinaceis
838 834 1011 901 profluxerit,
1031 841 1080 888 aut
1089 850 1135 886 su-

338 921 424 973 perne
445 902 564 956 deciduo
584 903 767 956 immundicie
787 904 868 970 lapsu
894 904 989 971 aliquo
1018 904 1136 972 polluta.

336 976 409 1029 rtem
420 972 539 1035 Graeca,
561 974 691 1040 quoniam
704 987 803 1039 aquam
823 971 952 1026 habeant.
988 975 1064 1028 Vitis
1075 974 1137 1040 ipsa

337 1058 448 1111 quoque
460 1042 607 1104 manditur,
628 1042 751 1094 decoctis
762 1043 889 1095 caulibus
899 1044 1023 1106 summis,
1046 1044 1096 1112 qui
1108 1050 1137 1096 st

336 1113 505 1165 condiuntur
515 1112 543 1163 in
554 1117 634 1164 aceto
647 1126 679 1162 ac
690 1111 790 1163 muria.

370 1181 472 1236 xxiv.
491 1182 594 1235 Verum
606 1187 635 1232 et
646 1179 681 1232 de
690 1185 827 1248 apparatu
838 1181 896 1233 vini
907 1181 1013 1234 dixisse
1033 1195 1133 1234 conre-

335 1252 406 1314 niat,
417 1265 479 1303 cunt
490 1249 591 1302 Graeci
602 1248 731 1315 priuatim
745 1265 779 1301 ea
789 1257 938 1318 praecepta
949 1250 1135 1314 condiderint,

334 1328 479 1387 artemque
499 1318 625 1382 fecerint,
646 1319 720 1370 sicut
731 1319 918 1385 Euphronius,
938 1328 968 1372 ιι
978 1322 1134 1373 Aristoma-

334 1389 402 1444 chus
421 1396 450 1441 et
461 1387 644 1450 Commiades,
664 1394 694 1442 ct
705 1388 844 1442 Hicesius.
879 1389 973 1442 Africa
982 1404 1073 1458 gypso
1085 1389 1135 1440 mi·

334 1461 407 1528 tigat
418 1457 664 1523 asperitatem,nec
673 1473 730 1510 non
740 1458 882 1527 aliquibus
890 1460 934 1510 sui
942 1459 1068 1528 partibus
1079 1459 1135 1512 cul·

324 1545 375 1595 ce.
410 1527 528 1579 Graecia
539 1526 652 1596 argilla,
662 1532 711 1580 ιιιι
722 1541 870 1591 marmore,
881 1534 930 1580 aut
941 1530 1007 1592 sale,
1018 1535 1068 1582 aut
1077 1544 1134 1580 ma·

333 1599 368 1659 ri,
390 1595 535 1649 lenitatem
555 1597 674 1649 excitat:
695 1597 797 1651 ltaliae
816 1611 881 1663 pars
893 1598 1135 1665 aliquarabulana

331 1667 406 1734 pice:
418 1680 451 1717 ac
460 1665 555 1717 resina
565 1665 681 1719 condire
691 1673 784 1718 musta
795 1666 911 1744 vulgare
922 1672 965 1712 est
975 1668 1012 1722 el,
1023 1667 1135 1727 provin·

333 1735 437 1801 chaque
448 1733 582 1787 finitimis.
602 1735 801 1799 Nonnusquaru
811 1730 979 1796 priorisvini
989 1729 1067 1783 faece
1074 1744 1134 1781 ace·

330 1811 396 1857 tore
414 1801 558 1855 condiunt.
593 1801 718 1853 Necnon
731 1806 805 1853 etex
816 1800 877 1866 ipso
888 1806 980 1852 musto
994 1799 1062 1850 fiunt
1073 1813 1127 1850 nse·

331 1873 484 1927 dicamina:
501 1871 675 1939 decoquitur,
685 1877 718 1924 ut
730 1869 872 1922 dulcescat
882 1870 1012 1936 portione
1022 1868 1133 1920 virium.

330 1944 391 1999 Nec
402 1944 503 1996 durare
511 1942 587 1994 ultra
595 1955 716 1993 annuum
725 1939 848 2006 spatium
854 1939 912 1990 tale
922 1939 1059 2004 proditur.
1071 1937 1132 1989 All·

332 2015 432 2081 quibus
442 2014 472 2065 in
483 2011 553 2064 locis
564 2011 722 2077 decoquunt
733 2008 769 2060 ad
780 2020 862 2075 sapas
869 2014 970 2070 musta,
978 2007 1132 2075 infusisque

332 2083 376 2135 his
386 2082 521 2136 ferociam
532 2080 674 2148 frangunt.
710 2080 748 2131 Et
761 2077 789 2128 in
801 2075 854 2128 hoc
864 2083 959 2130 tannen
970 2090 1082 2145 genere,
1104 2082 1133 2129 et

331 2152 445 2205 inomni
456 2151 513 2203 alio
524 2149 738 2202 subministrant
749 2161 817 2198 rasa
826 2146 888 2215 ipsa
899 2148 1082 2200 condimentis
1094 2146 1134 2214 pl·

330 2224 387 2274 cis:
399 2221 479 2273 cuius
489 2219 636 2273 faciendae
647 2218 721 2270 ratio
729 2217 857 2289 proximo
866 2216 974 2270 dicetur
981 2216 1131 2268 volumine.

363 2289 452 2345 XXV.
471 2290 608 2342 Arborum
620 2300 705 2339 succo
720 2288 891 2339 manantium
902 2287 990 2354 picem
1000 2287 1133 2340 resinam·

330 2376 392 2429 que,
413 2360 486 2412 aliae
498 2364 576 2412 ortae
587 2358 618 2409 in
628 2356 759 2418 Oriente,
781 2356 854 2408 aliae
865 2357 894 2408 in
906 2357 1020 2423 Europa
1029 2355 1132 2409 ferunt.

330 2433 409 2493 Quae
429 2429 548 2481 interest
567 2428 651 2488 Asia,
672 2426 802 2495 utrinque
822 2425 954 2493 quandum
971 2424 1064 2479 babet.
1100 2426 1132 2477 ln

329 2498 446 2551 Oriente
474 2497 606 2564 optimam
632 2495 878 2563 tenuissimumque
899 2494 1051 2549 terebinthi
1070 2493 1132 2547 fun·

329 2566 415 2621 dunt:
436 2566 537 2620 deinde
556 2564 676 2627 lentisci,
698 2564 780 2632 quam
802 2572 832 2618 et
842 2565 997 2619 mastichen
1016 2571 1131 2619 uocant:

328 2643 429 2705 postea
435 2635 568 2704 cupressi,
575 2634 739 2688 acerrimam
749 2650 858 2703 sapore.
870 2635 1019 2704 Liquidum
1028 2650 1133 2697 omnes,

329 2711 359 2760 et
372 2711 483 2759 tanturn
497 2705 635 2759 resinam:
657 2705 823 2759 crassiorem
834 2720 900 2758 sero
914 2711 944 2758 et
954 2704 991 2757 ad
1001 2705 1076 2772 pices
1090 2704 1131 2756 fu-

332 2775 444 2827 ciendas
456 2776 563 2828 cedrus.
593 2775 714 2828 Arabica
723 2778 817 2829 resina
827 2776 893 2828 alba
903 2781 955 2839 est,
965 2776 1025 2827 acri
1036 2774 1131 2838 odore,

329 2844 453 2898 difficilis
465 2845 605 2914 coquenti.
634 2844 739 2897 ludaoa
749 2844 891 2908 callosior,
907 2852 935 2898 et
945 2842 1132 2898 terebinthina

330 2930 441 3033 quoqpe
452 2914 615 2967 odoratior:
637 2912 755 2981 Syriaca
764 2915 853 2967 Attici
872 2912 1131 2967 mallissimilitudl·

328 2999 391 3035 nem
422 2984 495 3035 abet.
515 2983 620 3050 cypria
630 2982 888 3036 anteceditomnes:
904 2990 1053 3037 astantem
1064 2983 1131 3035 mel·

328 3051 375 3103 leo
387 3051 492 3112 colore,
503 3065 629 3103 ιιιιοιι.
649 3051 824 3119 Colophonio
835 3061 948 3119 praeter
959 3059 1067 3106 ceteras
1077 3052 1131 3104 ful·

327 3119 545 3181 ratsiteratur,
565 3119 691 3182 aibant,
712 3122 825 3189 gravior
846 3121 946 3176 odore:
969 3121 1005 3173 ob
1026 3122 1055 3174 id
1075 3138 1131 3174 non

327 3194 443 3241 utuntur
454 3204 489 3242 ea
498 3188 687 3256 unguentarii.
715 3192 745 3242 ln
758 3189 824 3242 Asia
834 3205 903 3257 quae
912 3193 945 3243 lit
956 3207 971 3244 e
981 3192 1068 3260 picea,
1080 3192 1129 3244 ud·

327 3258 441 3311 modum
452 3258 579 3322 candida,
590 3273 691 3327 spagas
700 3267 825 3313 vocatur.
861 3261 965 3314 Resinu
977 3261 1066 3314 oninis
1077 3261 1131 3312 dis·

291 3324 300 3345 ⁹
329 3328 450 3381 solvitur
466 3328 539 3381 oleo.
575 3328 693 3391 Quidam
705 3334 734 3381 ct
748 3335 826 3382 creta
836 3330 994 3399 figlinarum
1007 3331 1059 3383 hoc
1069 3332 1131 3383 fieri

259 3427 264 3438 ·
327 3397 509 3450 arbitrantur.
546 3396 690 3464 Pudetquc
702 3398 838 3462 confiteri,
856 3402 1004 3453 niaximum
1017 3402 1071 3453 iam
1083 3400 1129 3453 ho·

327 3482 426 3519 norem
434 3468 494 3519 eius
502 3482 564 3520 esse
575 3469 603 3519 in
615 3466 897 3522 evellendisrirorum
906 3473 1015 3538 corpori
1024 3471 1094 3537 pilis.

363 3536 447 3590 Ratio
466 3545 560 3587 autem
582 3536 730 3589 condiendi
752 3546 851 3601 musta,
872 3540 999 3606 inprime
1012 3539 1130 3601 fervore,

328 3604 375 3673 qui
390 3619 490 3657 novem
503 3606 600 3658 diebus
620 3606 832 3674 cumplurimum
845 3610 996 3678 peragitur,
1016 3623 1129 3674 aspersu

326 3674 407 3744 picis,
428 3680 460 3725 ιιι
479 3676 549 3728 odor
568 3677 633 3727 vino
654 3678 806 3742 contingat,
828 3687 856 3729 ct
865 3679 974 3745 saporis
994 3677 1128 3745 quaedam

327 3743 463 3797 acnnrina.
482 3743 679 3797 Vehementius
690 3744 719 3795 id
730 3746 791 3796 lieri
800 3747 972 3799 arbitrantur
983 3747 1069 3799 crudo
1082 3749 1131 3799 ilo·

328 3830 359 3868 re
369 3814 487 3875 rosinae,
500 3814 671 3880 excitarique
682 3812 836 3867 lenitatem.
859 3815 883 3866 Ε
894 3815 1004 3868 diverso
1016 3817 1129 3883 crapula

329 3885 467 3950 compesci
486 3883 628 3935 feritatem
652 3883 780 3945 nimiam,
801 3882 947 3951 frangique
965 3887 1056 3936 sirus:
1081 3892 1129 3937 aut

327 3955 376 4008 ubi
388 3954 468 4022 pigra
479 3953 580 4006 lenitus
593 3958 713 4018 torpeat,
734 3952 810 4004 virus
821 3952 895 4004 addi.
932 3953 1063 4022 Liguriae
1073 3969 1130 4005 nra·

326 4022 694 4091 simecircumpadanisque
706 4024 803 4074 nrustis
814 4023 943 4090 crapulae
954 4024 1062 4075 utilitas
1075 4024 1129 4075 dis·

328 4095 453 4149 cernitur
474 4092 526 4147 hoc
546 4090 650 4144 modo:
681 4089 856 4160 Pugnacibus
877 4094 976 4147 mustis
998 4093 1129 4161 crapulae

327 4164 391 4234 plus
408 4165 525 4230 inditur,
544 4162 653 4216 lenibus
672 4160 790 4230 parcius.
827 4163 954 4234 Suntqui
966 4171 1129 4231 exutroquc

329 4234 438 4285 condiri
450 4236 550 4287 relint:
572 4248 624 4286 nec
642 4248 697 4285 non
711 4231 778 4293 alia,
788 4247 860 4299 qnae
871 4241 915 4287 est
925 4234 1019 4297 musti,
1029 4235 1090 4300 pice
1101 4241 1130 4286 ct

329 4308 439 4353 natura.
460 4304 621 4371 vitiumque
632 4309 724 4354 musto
735 4302 898 4369 quibusdum
910 4304 1017 4355 inlotis
1029 4304 1129 4355 iterum

331 4376 432 4435 sponte
453 4369 572 4425 fervere:
593 4388 649 4441 qua
659 4372 821 4426 calamitate
832 4371 940 4439 deperit
951 4388 1042 4439 sapor,
1064 4388 1128 4440 vap·

329 4452 434 4504 puequc
456 4442 558 4504 accipit
577 4456 686 4503 nomen,
709 4444 871 4510 probrosum
884 4441 1130 4506 etiambominunr,

330 4521 391 4557 cum
404 4505 590 4587 'degenerarit
610 4510 727 4563 unimus.
763 4513 842 4565 Aceti
854 4513 926 4565 enim
939 4512 1079 4594 nequitiae
1090 4514 1130 4562 in·

330 4582 374 4626 est
385 4580 474 4625 vanus
484 4590 600 4643 magnos
612 4580 648 4631 ad
668 4595 748 4645 usus,
768 4590 796 4636 et
806 4585 865 4634 sine
876 4582 955 4649 queis
965 4588 1024 4633 rita
1034 4581 1130 4632 mitior

331 4643 459 4763 deginon
471 4646 570 4710 possit.
970 4701 979 4717 ⁶

388 4719 465 4764 ctero
476 4713 602 4763 vinorum
615 4715 805 4769 medicaminis
816 4725 896 4770 tanta
906 4733 974 4771 cora
984 4729 1035 4782 est,
1050 4722 1082 4769 ιιι
1093 4719 1129 4769 ci·

331 4796 396 4833 nere
407 4780 479 4847 apud
493 4780 637 4850 quosdam,
658 4799 707 4835 ceu
720 4801 807 4854 gypso
818 4789 896 4852 alibi,
907 4796 936 4840 et
947 4790 1045 4854 quibus
1055 4787 1128 4839 dixi·

329 4865 389 4903 mus
408 4849 506 4914 modis,
525 4851 726 4905 instaurentur.
762 4855 816 4906 Sed
839 4860 958 4909 cinerem
970 4872 985 4909 e
998 4858 1130 4908 vitissar·

329 4919 439 4981 mentis,
460 4928 510 4973 aut
531 4935 633 4988 quercu
654 4919 824 4987 praeferunt.
861 4926 935 4987 Quin
954 4926 1128 4978 etmarinnns

329 5005 427 5059 uquam
440 4988 565 5043 eiusdem
576 4991 615 5042 rei
627 4993 722 5060 gratia
732 5006 766 5045 cx
777 4994 835 5045 alto
850 4997 907 5061 pcti
919 4995 1023 5058 iubent,
1037 5011 1130 5048 serva·

329 5062 406 5129 rique
418 5058 453 5111 ab
466 5061 645 5128 aequinoctio
657 5068 806 5123 temnant
817 5072 893 5115 certe
905 5072 987 5119 nocte
997 5066 1129 5128 solstitio,

328 5138 357 5182 ct
374 5128 511 5198 Aquilone
532 5129 617 5182 flante
636 5128 750 5194 hauriri,
772 5131 815 5185 vel
833 5133 859 5183 si
871 5133 949 5187 circa
958 5134 1126 5188 vindemiam

327 5198 481 5263 hauriatur,
492 5198 619 5267 decoqui.

363 5269 414 5322 Pis
434 5268 556 5322 initalia
574 5267 610 5321 ad
631 5269 771 5320 rmarino
784 5268 927 5324 condendo
937 5274 1056 5326 maxime
1067 5289 1130 5342 pro·

325 5338 409 5391 batur
419 5339 529 5392 Brutia.
564 5338 612 5391 eit
627 5339 748 5405 cpiccae
759 5341 870 5392 resina:
892 5343 921 5392 in
933 5343 1071 5409 llispania
1082 5359 1130 5397 au·

325 5413 382 5459 tem
395 5409 564 5476 spinnstris,
584 5407 697 5461 minime
708 5407 832 5460 laudata.
867 5410 920 5461 Est
940 5412 1013 5461 enim
1035 5415 1129 5465 resina

1189 501 1257 539 acor
1268 491 1317 538 aut
1327 483 1464 537 fumidum
1475 481 1565 534 sirus:
1579 482 1659 549 ⁴picis
1670 490 1775 545 autem,
1792 481 1902 534 adustio
1913 501 1920 534 ι
1942 497 1991 536 ex-

1190 558 1376 625 perimentum
1387 567 1465 616 vero,
1484 551 1510 603 si
1521 551 1679 618 fragmenta
1692 551 1869 616 subluceant,
1889 568 1922 605 ac
1938 554 1989 606 suh

1189 627 1272 679 dente
1283 627 1439 679 lentescant
1450 636 1534 674 acore
1544 620 1675 672 iucundo.
1702 621 1770 673 Asia
1780 622 1867 687 picem
1877 621 1988 675 idaeam

1190 696 1310 749 maxime
1322 694 1432 762 probat,
1453 689 1573 744 Graecia
1583 689 1728 752 Piericam,
1749 689 1885 758 Virgilius
1896 691 1987 759 Nary-

1188 767 1269 818 ciam.
1306 763 1510 831 Diligentiores
1527 759 1682 813 admiscent
1701 761 1809 829 nigram
1828 760 1989 825 mastichen,

1188 850 1260 903 quae
1271 834 1301 885 iu
1310 834 1401 885 Ponto
1418 830 1564 884 bituminis
1575 829 1674 881 similis
1684 830 1823 898 gignitum
1843 836 1872 881 et
1882 830 1933 882 iris
1946 846 1990 882 ra·

1188 905 1286 967 dicem,
1307 904 1463 968 oleumque.
1500 901 1674 953 Nemceram
1694 899 1893 967 accipientibus
1912 899 1987 952 rasis

1187 980 1361 1042 compertum
1375 978 1420 1024 est
1434 970 1499 1023 rina
1509 984 1646 1023 acescere.
1683 967 1738 1023 Sed
1750 967 1902 1021 transferre
1913 971 1941 1021 in
1953 983 1990 1023 ιι
2008 1036 2010 1039 ¹

1186 1059 1263 1106 rasa,
1273 1043 1303 1095 in
1313 1041 1416 1110 quibus
1426 1049 1537 1094 acetum
1547 1039 1642 1102 fuerit,
1658 1038 1765 1101 utilius,
1776 1054 1855 1107 quam
1866 1039 1895 1089 in
1906 1053 1948 1102 ea,
1958 1040 1988 1090 in
2008 1042 2011 1051 ‘

1188 1114 1287 1181 quibus
1298 1111 1378 1164 dulce
1389 1116 1438 1163 aut
1448 1110 1577 1163 mulsum.
1614 1111 1683 1161 cato
1700 1109 1787 1171 iubet,
1806 1108 1870 1160 rina
1878 1108 1989 1161 concin-

1186 1184 1249 1235 nari
1268 1181 1334 1247 (hoc
1344 1182 1415 1235 enim
1434 1183 1523 1233 utitur
1532 1179 1632 1240 verbo)
1654 1179 1754 1230 cineris
1766 1177 1855 1230 lisinii
1866 1192 1928 1229 cum
1940 1177 1987 1230 de·

1185 1252 1264 1305 fruto
1275 1252 1348 1304 cocti
1358 1256 1438 1317 parte
1451 1248 1678 1319 quadragesima,
1700 1248 1728 1300 in
1740 1249 1865 1301 culeum:
1886 1247 1932 1299 rel
1942 1261 1986 1299 sa·

1185 1320 1412 1390 lissesquilibra3
1432 1320 1544 1372 interim
1562 1326 1591 1371 et
1610 1323 1833 1370 tusomarmore.
1866 1315 1946 1369 Facit
1957 1324 1987 1370 et

1185 1389 1329 1459 sulphuris
1339 1389 1632 1453 mentionem,resinae
1643 1402 1711 1439 vero
1720 1390 1749 1439 in
1757 1385 1921 1439 nouissimis.
1934 1384 1985 1439 Su·

1185 1475 1237 1528 per
1256 1461 1350 1513 omnia
1369 1459 1436 1513 addi
1455 1462 1656 1515 niaturescente
1676 1457 1733 1508 iam
1753 1456 1821 1508 rino
1840 1457 1985 1509 iubetmu·

1186 1537 1270 1591 stum,
1291 1530 1426 1598 quodille
1446 1528 1580 1581 tortivum
1591 1525 1725 1594 appellat,
1742 1542 1793 1578 nos
1804 1525 1987 1594 intelligimus

1186 1599 1339 1651 novissime
1349 1600 1520 1660 expressum.
1552 1597 1590 1647 Et
1600 1596 1745 1647 adiicimus
1756 1594 1883 1663 tingendi
1895 1594 1988 1661 gratia

1187 1666 1307 1723 colores,
1326 1670 1358 1715 ut
1377 1666 1547 1730 pigmentum
1566 1665 1681 1730 aliquod
1697 1667 1762 1728 vini,
1783 1665 1918 1733 atqueita
1929 1667 1987 1732 pin·

1186 1731 1271 1800 guius
1282 1731 1353 1783 ficri.
1383 1734 1441 1783 Tot
1452 1732 1591 1785 veneficiis
1601 1734 1715 1800 placere
1726 1737 1851 1802 cogitur:
1866 1740 1895 1785 et
1905 1735 1986 1786 mira·

1186 1814 1250 1852 ntur
1260 1802 1372 1852 noxium
1384 1815 1454 1854 esse.
1491 1802 1521 1852 ln
1534 1802 1633 1853 vitium
1645 1803 1805 1855 inclinantis
1816 1803 1987 1869 experimen·

1185 1878 1246 1923 tum
1259 1877 1311 1932 est,
1323 1871 1444 1923 luminae
1454 1870 1599 1937 plumbeae
1609 1876 1733 1924 mutatus
1743 1877 1771 1924 in
1783 1887 1816 1925 eo
1829 1873 1915 1924 colos.

1188 1938 1321 1992 ÷XXVL
1339 1940 1485 2007 Proprium
1502 1947 1595 1993 autem
1617 1941 1907 2011 interliqnoresrino,
1926 1956 1985 2005 mag
1999 1972 2033 1997 ,,.
2047 1966 2070 1979 ·-
2113 1948 2125 1987 ι

1186 2024 1306 2075 cescerc,
1327 2017 1376 2062 aut
1391 2010 1420 2061 in
1432 2016 1540 2062 acetum
1552 2011 1638 2062 vertit
1660 2018 1824 2079 exstantque
1835 2004 1987 2065 medicinas

1178 2076 1335 2132 'volumina
1364 2080 1401 2131 lit
1411 2078 1478 2131 faex
1488 2080 1546 2131 vini
1557 2080 1664 2133 siccata
1675 2082 1773 2148 recipit
1784 2082 1872 2148 ignes,
1884 2097 1916 2134 ac
1926 2082 1986 2133 sine

1185 2148 1318 2201 alimento
1329 2163 1381 2215 per
1389 2166 1420 2201 se
1432 2147 1542 2214 flagrat.
1562 2150 1638 2201 Cinis
1650 2151 1710 2201 eins
1720 2152 1788 2203 nitri
1800 2158 1926 2203 naturam
1938 2150 1986 2202 ha·

1185 2218 1240 2280 bet,
1251 2219 1417 2288 easdemque
1426 2221 1508 2281 uires,
1520 2218 1573 2270 hoc
1583 2219 1710 2286 amplius,
1722 2235 1775 2289 quo
1787 2221 1916 2289 pinguior
1926 2235 1988 2273 seu·

1185 2289 1262 2339 titur.

1219 2357 1332 2412 xxvii.
1350 2357 1400 2408 Ma
1420 2372 1455 2409 na
1466 2362 1495 2409 et
1516 2356 1634 2409 collecto
1646 2357 1700 2409 iam
1714 2358 1777 2410 rino
1789 2359 1945 2412 differentia
1957 2358 1985 2411 ln

1184 2427 1265 2481 cella.
1293 2427 1375 2479 Circa
1385 2372 1468 2495 Adpes
1479 2426 1583 2495 ligneis
1593 2428 1666 2480 vasis
1677 2428 1809 2490 condunt,
1818 2429 1985 2497 circulisquc

1184 2497 1313 2565 cingunt,
1333 2503 1418 2565 utque
1439 2497 1524 2549 etiarn
1536 2494 1626 2550 hicme
1638 2498 1732 2567 gelida
1742 2499 1852 2567 ignibus
1863 2500 1984 2567 rigorem

1183 2572 1288 2619 arcent.
1325 2568 1427 2619 Mirum
1440 2566 1530 2631 dictu,
1550 2568 1599 2619 aed
1612 2568 1760 2636 aliquando
1771 2569 1873 2620 risum:
1893 2569 1984 2634 ruptis

1183 2635 1513 2706 vasisstetcreglaciatae
1523 2637 1619 2699 moles,
1626 2638 1705 2704 prodi
1726 2638 1984 2705 iimodo,quoniam

1183 2706 1242 2758 uini
1252 2715 1353 2758 natura
1363 2722 1416 2758 non
1427 2706 1559 2775 gelascit,
1571 2707 1643 2759 alias
1653 2707 1688 2758 ad
1700 2654 1790 2775 fgrigus
1802 2716 1914 2775 stupens
1925 2713 1984 2759 tan·

1183 2781 1253 2827 tum.
1288 2777 1419 2828 Mitiores
1431 2777 1533 2844 plagae
1544 2774 1627 2828 doliis
1638 2776 1770 2840 condunt,
1790 2777 1986 2845 infodiuntque

1183 2851 1359 2908 terractota,
1381 2853 1430 2897 aut
1449 2846 1484 2896 ad
1507 2845 1662 2910 portionem
1673 2845 1749 2895 situs.
1785 2845 1856 2898 item
1878 2847 1984 2898 caelum

1183 2916 1330 2981 praebent:
1341 2914 1409 2965 alibi
1421 2928 1487 2967 tero
1497 2914 1639 2978 impositis
1650 2913 1733 2964 tectis
1743 2921 1854 2965 arcent:
1871 2916 1986 2967 tradun-

1181 2989 1282 3051 turque
1294 2991 1323 3035 et
1336 2981 1404 3035 hoec
1415 2987 1576 3049 praecepta:
1597 2981 1685 3033 Latos
1696 2981 1784 3033 cellae
1794 2983 1925 3045 vinariae,
1935 2991 1986 3036 aut

1182 3060 1260 3104 certe
1273 3051 1412 3104 fenestras
1429 3051 1539 3103 obrerti
1553 3050 1581 3099 in
1598 3050 1760 3117 Aquilonem
1778 3058 1918 3117 oportere,
1940 3055 1985 3104 rel

1182 3125 1277 3190 utique
1297 3122 1327 3173 in
1346 3128 1475 3173 exortum
1485 3122 1727 3241 aequinoctialem.
1763 3119 1944 3188 sterquilinia
1957 3131 1987 3174 ιι

1182 3193 1311 3244 arborum
1323 3190 1433 3244 radices
1444 3206 1529 3261 procu
1551 3190 1813 3257 abesse,omniaque
1824 3191 1919 3241 odoris
1931 3193 1985 3243 evi·

1184 3261 1273 3327 tandi,
1293 3261 1429 3314 facillimo
1441 3261 1470 3313 in
1484 3261 1547 3312 rina
1556 3263 1690 3311 transitu:
1712 3262 1779 3312 ficos
1793 3260 1888 3327 ntique
1901 3269 1930 3311 et
1941 3277 1985 3312 ca·

1182 3332 1303 3398 prihcos.
1341 3331 1434 3383 [loliis
1446 3330 1532 3384 etiam
1543 3329 1691 3383 intervalla
1702 3330 1770 3393 dari,
1791 3346 1825 3383 ne
1835 3332 1910 3382 inter
1922 3345 1984 3381 sese

1182 3404 1252 3454 ritla
1280 3407 1413 3468 serpant,
1446 3401 1612 3468 contagione
1635 3398 1692 3451 rini
1713 3414 1821 3467 semper
1842 3400 1982 3452 ocissima.

1181 3474 1255 3535 Quin
1266 3477 1295 3524 ct
1306 3471 1410 3539 figuras
1421 3471 1535 3523 referre.
1567 3468 1729 3522 Ventruosa
1742 3485 1774 3520 ac
1784 3468 1880 3537 patula
1891 3470 1983 3520 minna

1181 3541 1270 3593 utilia.
1294 3540 1387 3592 Picari
1398 3546 1529 3606 oportere
1539 3541 1665 3604 protinus
1676 3553 1693 3587 a
1704 3539 1788 3589 canis
1799 3545 1873 3603 ortu,
1885 3547 1983 3605 postea

1181 3607 1311 3677 perfundi
1323 3610 1431 3660 naarina
1443 3622 1516 3673 aqua
1526 3613 1574 3657 aut
1585 3608 1672 3658 salsa:
1684 3606 1748 3658 dein
1760 3609 1853 3659 cinere
1863 3622 1982 3660 sarmen-

1181 3680 1204 3731 ti
1216 3676 1337 3745 aspergi,
1348 3676 1392 3728 rcl
1403 3675 1514 3744 argilla,
1525 3675 1652 3726 abstersa
1665 3675 1779 3743 myrrha
1789 3676 1886 3741 suffiri,
1896 3678 1982 3744 ipsas·

1199 3764 1234 3799 ue
1244 3747 1356 3812 saepius
1368 3745 1464 3797 cellas.
1477 3744 1691 3797 imbecillarina
1702 3745 1831 3798 demissis
1842 3747 1982 3799 interram

1181 3764 1264 3869 doliis
1275 3814 1422 3876 servanda,
1434 3813 1527 3866 salida
1537 3813 1682 3880 expositis.
1710 3815 1856 3883 Nunquam
1867 3816 1983 3884 implen-

1181 3886 1229 3938 da:
1250 3892 1279 3939 et
1298 3881 1373 3953 quod
1390 3886 1519 3951 supersit,
1537 3898 1620 3951 passo
1641 3890 1690 3935 aut
1706 3884 1817 3938 defruto
1829 3901 1982 3955 perungen-

1182 3956 1257 4019 dum,
1268 3955 1394 4007 admixto
1405 3970 1495 4015 croco,
1505 3953 1565 4021 pice
1575 3953 1673 4014 reteri,
1686 3969 1747 4005 cunr
1759 3971 1843 4023 sapas
1854 3958 1894 4008 sic
1905 3970 1982 4022 oper·

1182 4025 1248 4077 cula
1266 4024 1404 4077 doliorum
1418 4024 1590 4087 medicanda,
1610 4023 1709 4076 addita
1720 4025 1854 4078 mastiche
1867 4041 1899 4078 ac
1911 4026 1980 4094 pice.

1183 4097 1287 4147 Bruma
1303 4094 1406 4161 aperiri
1421 4100 1525 4156 retant,
1545 4095 1599 4146 nisi
1609 4108 1707 4145 sereno
1723 4095 1776 4147 dic.
1811 4096 1980 4150 Vetanttiu·

1181 4170 1242 4217 stro
1258 4164 1352 4227 flante,
1369 4164 1482 4216 Lunare
1499 4165 1590 4232 plena.
1626 4163 1693 4216 Flos
1708 4166 1766 4216 rini
1777 4164 1911 4218 candidus
1923 4179 1983 4232 pro·

1181 4237 1277 4288 batur:
1300 4235 1401 4288 rubens
1422 4234 1504 4287 triste
1515 4234 1624 4302 signum
1636 4239 1687 4298 est,
1708 4237 1731 4287 si
1742 4250 1796 4289 non
1806 4235 1829 4286 is
1839 4236 1896 4287 uini
1907 4235 1983 4287 colos

1181 4306 1228 4357 sit.
1263 4303 1332 4358 item
1354 4320 1423 4358 rasa
1442 4305 1646 4367 incalescentia,
1667 4305 1833 4373 operculave
1843 4305 1983 4357 sudantia.

1182 4372 1263 4437 Quod
1276 4374 1408 4427 celeriter
1419 4376 1521 4428 florere
1532 4376 1665 4445 coeperit,
1685 4375 1854 4440 odoremque
1864 4372 1985 4436 trahere,

1181 4459 1238 4496 non
1259 4442 1320 4496 fore
1341 4443 1489 4499 diutinum.
1525 4446 1590 4511 lpsa
1604 4458 1712 4512 quoquc
1723 4443 1834 4495 defruta
1846 4456 1878 4491 ac
1889 4455 1984 4506 sapas,

1182 4528 1244 4565 cunt
1264 4514 1304 4564 ait
1323 4514 1429 4566 caeluni
1450 4515 1510 4565 sinc
1530 4513 1618 4575 Luna,
1639 4513 1753 4569 hoccst,
1772 4507 1984 4561 insideriseius

1182 4583 1270 4644 coitu,
1286 4598 1375 4649 neque
1391 4583 1447 4634 alio
1461 4582 1505 4633 dic
1515 4586 1594 4648 coqui
1607 4582 1714 4634 iubent:
1736 4584 1883 4644 praeterea
1893 4578 1984 4645 pium·

1181 4653 1240 4703 beis
1251 4652 1333 4713 vasis,
1353 4665 1409 4701 non
1419 4652 1518 4712 nereis,
1542 4650 1708 4715 nucibusque
1719 4642 1894 4713 iuglandibus
1905 4646 1983 4700 addi·

1182 4721 1233 4771 tis:
1255 4734 1302 4771 eas
1319 4721 1391 4772 enim
1405 4718 1510 4769 fumum
1524 4719 1660 4783 excipere.
1688 4715 1857 4783 Campaniae
1869 4718 1982 4770 nobilis·

1181 4789 1253 4840 sima
1264 4788 1391 4855 expositu
1402 4788 1452 4838 sub
1465 4786 1512 4837 dio
1524 4786 1552 4836 in
1564 4787 1640 4838 cadis
1652 4786 1794 4840 verberari
1805 4784 1881 4849 Sole,
1892 4787 1982 4849 Luna,

1181 4857 1280 4919 imbre,
1291 4858 1389 4918 ventis,
1402 4856 1574 4924 aptissimum
1585 4855 1705 4908 uidetur.

1216 4925 1343 4980 xxviii.
1363 4926 1401 4977 Ac
1420 4927 1444 4976 si
1465 4926 1527 4994 quis
1544 4925 1707 4995 diligentius
1726 4931 1845 4991 reputet,
1863 4925 1982 4978 innulla

1180 5002 1260 5064 parte
1280 4995 1428 5061 operosior
1447 4996 1506 5046 rita
1526 5002 1577 5058 est,
1598 5012 1648 5047 ccu
1659 5012 1712 5046 non
1723 4995 1935 5048 saluberrimum
1946 4995 1983 5047 ad

1181 5073 1277 5132 potum
1299 5080 1387 5131 aquae
1407 5066 1543 5134 liquorem
1560 5072 1659 5118 natura
1678 5064 1796 5127 dederit,
1815 5081 1870 5133 quo
1890 5072 1982 5118 cetera

1182 5134 1275 5186 omnia
1295 5135 1450 5187 animantia
1470 5141 1594 5187 utuntur.
1629 5139 1665 5189 At
1679 5150 1730 5187 nos
1741 5134 1835 5187 vinum
1847 5135 1942 5188 bibere
1952 5141 1981 5186 ct

1180 5205 1305 5256 iumenta
1325 5206 1463 5273 cogimus:
1485 5211 1618 5272 tantoque
1639 5220 1732 5271 opere,
1753 5204 1980 5256 tantoiaborect

1180 5274 1322 5342 impendio
1345 5282 1465 5335 constat,
1486 5272 1560 5341 quod
1581 5273 1706 5328 homines
1728 5281 1928 5335 mentemutet,
1948 5286 1981 5324 ac

1181 5343 1305 5397 furorem
1316 5344 1421 5411 gignat,
1429 5343 1552 5395 millibus
1563 5344 1697 5397 scelerum
1710 5344 1773 5397 huic
1785 5342 1901 5397 deditis:
1920 5348 1980 5395 tun·

1181 5420 1212 5466 ιι
1223 5413 1370 5467 dulcedine
1375 5450 1383 5479 ,
1394 5420 1425 5465 ut
1438 5427 1540 5480 niagno
1551 5429 1615 5479 pars
1626 5430 1680 5467 non
1691 5415 1767 5467 aliud
1777 5414 1852 5465 ritae
1864 5409 1980 5481 praemi·

325 5474 422 5528 harum
434 5493 530 5531 antara
540 5486 568 5531 et
577 5478 665 5541 arida,
676 5485 705 5530 et
718 5479 796 5547 gravi
808 5477 903 5531 odore.
930 5476 1127 5533 Differentiam
1180 5484 1387 5553 umintelligat.
1424 5482 1496 5545 Quin
1513 5483 1597 5535 immo
1610 5490 1641 5537 ut
1656 5486 1718 5553 plus
1729 5484 1880 5551 capiamus,
1898 5496 1979 5533 sacco

307 5544 517 5615 rationemque
529 5548 648 5602 faciendi
659 5549 788 5616 proximo
798 5548 940 5602 volumine
952 5546 1126 5603 demonstra·
1179 5552 1333 5623 frangimus
1352 5554 1441 5607 sires:
1463 5559 1490 5606 ct
1510 5553 1566 5606 alia
1580 5554 1757 5607 irritamenta
1771 5551 1979 5618 excogitantur:
