4374 6014
321 235 384 300 378
441 234 474 296 C.
501 230 649 293 PLlNll
677 227 887 331 secono!
913 220 1079 290 NA'TUR.
1101 225 1295 289 Hlarus.
1330 222 1410 291 ΗΒ·
1432 222 1609 286 xxxin.
1639 226 1732 287 CAP.
1753 232 1866 295 :tt-to.

324 394 373 441 tur
388 384 546 449 inaereum
562 396 620 442 ras,
642 385 670 432 et
685 378 838 431 mundatur
854 377 940 432 nitro.
975 377 1052 431 Facu
1068 378 1128 431 eius
1179 377 1209 432 id
1219 378 1313 447 expeti
1324 375 1610 445 mastatAethlopum
1620 380 1924 450 populiatetosqueeo
1934 385 1987 439 tin·

322 456 491 523 intelligitur
501 449 735 519 plumbosissima,
747 463 872 516 quaeque
883 446 1007 499 subsedit
1017 448 1045 498 in
1056 463 1129 500 rum.
1179 450 1210 518 gi
1220 463 1359 517 proceres,
1370 447 1497 516 huncque
1507 447 1548 499 ibi
1558 447 1674 501 deorum
1685 452 1849 504 simulacris
1862 453 1985 506 colorem

325 522 617 589 tario,abiiciturque.
655 517 1127 585 Deinvas,inqnoturbidatraus·
1181 535 1251 572 esse.
1288 519 1466 587 Quapropter
1486 516 1650 585 diligentius
1671 534 1872 589 persequemur
1891 522 1987 576 nuruis

325 594 392 651 fusa
402 600 475 654 scrut,
496 598 623 658 opertum
635 588 722 640 linteo
733 595 903 654 pernoctem
915 586 1089 653 relinquitur,
1101 592 1130 638 et

239 700 248 711 .
349 670 442 717 ostero
455 661 500 713 die
511 658 584 727 quod
595 656 711 719 innatat,
722 656 883 717 effunditur,
895 658 1065 724 spongiaque
1077 656 1129 707 tol·

324 681 408 789 fitur.
444 731 526 791 Quod
538 729 577 781 ibi
589 727 723 790 subsedit,
735 725 787 777 ilos
798 727 974 791 intelligitur,
986 740 1019 776 ac
1029 727 1129 778 linteo·

327 799 538 866 lointerposito
558 799 588 849 in
609 795 675 849 Sole
697 798 826 858 siccatur,
839 811 894 846 non
913 801 945 846 ut
960 800 1129 861 perarescat.

327 874 490 941 Rerumque
513 868 542 918 in
561 866 697 917 mortario
710 868 819 926 teritur,
839 870 868 916 et
878 866 905 914 in
918 864 1047 932 pastillos
1064 864 1131 914 diri-

329 941 414 995 ditur.
450 942 521 991 Ante
532 936 627 987 omnia
638 942 730 987 autem
743 933 841 987 urendi
853 932 951 984 nundus
960 934 1131 985 necessarius

330 1018 383 1074 est,
404 1024 438 1060 ne
459 1007 600 1075 plumbum
616 1005 673 1056 liat.
710 1003 832 1065 Quidam
852 1018 908 1053 non
929 1005 994 1054 iimo
1015 1007 1132 1053 utuntur

330 1080 492 1146 coquentes,
512 1074 562 1129 sed
579 1073 670 1140 adipe.
706 1074 761 1124 Alii
777 1075 875 1124 tritum
893 1072 922 1122 in
935 1086 1007 1139 aqua
1024 1071 1132 1139 triplici

328 1149 418 1202 linteo
429 1151 552 1207 saccant,
565 1143 726 1207 faecemque
738 1142 881 1203 abiiciunt,
902 1140 988 1208 idque
999 1143 1073 1208 quod
1086 1141 1133 1192 de·

330 1216 422 1277 fluxit,
437 1214 644 1276 transfundunt,
664 1212 798 1279 quidquid
809 1208 934 1263 subsidat
944 1210 1131 1279 colligentes:

331 1288 494 1355 emplastris
522 1299 613 1350 unque
623 1288 652 1335 et
663 1281 789 1348 collyriis
800 1282 925 1333 miscent.

366 1356 483 1409 XXXV.
503 1302 629 1406 goarium
641 1353 670 1402 in
688 1358 805 1417 argento
817 1350 919 1402 Graeci
927 1354 1029 1400 vocant
1039 1346 1133 1417 helcy·

330 1442 402 1479 sma.
438 1424 489 1478 Vis
501 1424 560 1476 eius
582 1419 755 1488 adstringere
776 1425 804 1472 et
822 1419 991 1489 refrigerare
1007 1434 1134 1487 corpora.

329 1494 452 1548 Additur
462 1490 629 1559 emplastris,
648 1498 679 1540 ut
690 1488 884 1557 urolybdaena,
899 1491 933 1543 de
945 1504 999 1558 qua
1011 1490 1134 1542 dicemus

330 1564 363 1616 in
371 1564 496 1631 plumbo,
507 1560 686 1614 cicatricibus
696 1559 815 1612 maxime
826 1559 1012 1628 glutinandis:
1034 1565 1062 1611 et
1074 1574 1135 1610 con·

330 1641 378 1685 tra
399 1638 559 1692 tenesmos,
582 1630 832 1698 dysenteriasque,
853 1629 946 1680 infusa
966 1629 1134 1699 clysteribus

332 1717 394 1755 cum
407 1707 516 1768 myrteo
527 1700 599 1753 oleo.
634 1698 745 1751 Addunt
755 1705 784 1751 et
795 1700 823 1750 in
836 1699 1048 1761 medicamenta,
1065 1714 1135 1765 quae

330 1778 434 1823 rocam
446 1770 559 1837 liparas,
580 1770 615 1821 ad
627 1769 816 1821 excrescentia
824 1767 976 1831 hulsetum,
988 1776 1037 1821 aut
1046 1783 1081 1821 ex
1092 1775 1134 1820 at·

330 1843 399 1892 trito
413 1840 496 1899 facta,
508 1845 556 1889 aut
568 1839 696 1904 incapite
709 1841 856 1891 manantia.

369 1909 414 1958 Fit
427 1910 454 1960 in
467 1908 565 1960 iisdem
582 1907 704 1959 metallis
721 1914 751 1959 et
768 1923 837 1975 quae
853 1909 970 1958 vocatur
985 1919 1082 1971 spuma
1093 1920 1136 1956 ar·

331 1978 419 2049 genti.
455 1977 566 2030 Genera
587 1979 647 2028 eius
668 1977 742 2027 tria:
771 1980 876 2042 optima
896 1990 977 2043 quam
998 1973 1134 2041 chrysitin

331 2052 446 2098 cocant:
466 2046 600 2107 secunda,
611 2061 691 2112 qnam
703 2047 858 2112 argyritin:
876 2047 969 2105 tertia,
989 2058 1069 2110 quam
1081 2058 1136 2095 mo·

332 2114 466 2183 lybditin.
502 2116 539 2165 Et
551 2114 714 2181 plerumque
728 2128 822 2163 omnes
834 2110 862 2161 hi
873 2112 982 2163 colores
993 2113 1022 2162 in
1033 2110 1135 2163 iisdem

334 2185 440 2237 tubulis
464 2184 647 2236 inveniuntur.
686 2181 887 2233 Probatissima
896 2188 938 2233 est
949 2181 1049 2242 Attica,
1070 2197 1134 2247 pro-

332 2256 409 2307 xima
420 2252 626 2320 Hispaniensis.
664 2251 802 2317 chrysitis
819 2265 853 2304 ex
870 2266 941 2301 rena
955 2250 1018 2318 ipsa
1029 2251 1071 2313 fit,
1090 2266 1135 2301 ar·

332 2324 439 2393 gyritis
451 2339 486 2374 ex
497 2328 625 2389 argento,
636 2320 799 2386 molybditis
812 2319 916 2384 plumbi
928 2319 1017 2384 ipsius
1029 2320 1136 2380 fusura,

335 2409 405 2461 quae
418 2394 448 2443 iit
464 2391 598 2453 Puteolis,
620 2396 649 2442 et
661 2388 725 2439 inde
740 2387 824 2440 habet
834 2402 944 2438 nomen.
980 2387 1075 2451 anis
1087 2401 1135 2438 au·

333 2473 392 2517 tem
412 2461 445 2512 tit
457 2467 573 2515 sacoma
583 2475 635 2511 sua
647 2457 762 2509 nrateria
778 2472 813 2508 ex
829 2455 966 2522 superiori
982 2456 1074 2508 catino
1092 2456 1137 2509 de·

334 2530 425 2585 fluens
436 2532 464 2583 in
476 2528 656 2593 inferiorem,
680 2533 708 2579 et
719 2541 753 2578 ex
766 2540 799 2578 eo
811 2526 924 2577 sublata
933 2525 1072 2577 veruculis
1083 2526 1137 2577 fer·

334 2603 400 2664 reis,
420 2607 503 2666 atque
514 2599 542 2650 in
553 2600 616 2665 ipsa
631 2598 744 2649 ssanrma
765 2595 924 2658 convoluta,
944 2601 975 2645 ut
985 2597 1023 2647 sit
1034 2594 1137 2646 modici

334 2669 475 2740 ponderis.
514 2671 563 2720 Est
578 2673 687 2728 autem,
699 2674 729 2716 ut
751 2680 785 2717 ex
803 2666 916 2718 nomine
938 2663 947 2715 i
968 2679 999 2715 so
1018 2664 1137 2731 intelligi

332 2746 438 2809 potest,
460 2736 640 2791 fervescentis
653 2735 789 2788 materiae
799 2750 906 2804 spuma.
970 2734 1038 2785 istut
1051 2750 1068 2785 a
1078 2749 1138 2785 sco·

333 2811 387 2872 ria,
400 2822 455 2877 quo
477 2811 568 2875 potest
590 2819 688 2871 spuma
707 2822 724 2856 a
745 2805 823 2857 faece
843 2804 957 2856 datare.
1011 2804 1136 2855 Alterum

355 2877 480 2946 urgentis
492 2891 523 2927 sc
534 2874 678 2936 materiae,
699 2873 818 2925 alterum
831 2878 967 2941 purgatae
978 2874 1073 2924 vitium
1085 2880 1136 2923 est.

332 2895 454 3010 Ruinam
480 2943 535 2995 duo
556 2957 659 3010 genera
677 2940 781 2993 faciunt
800 2957 925 3008 spumae,
947 2956 1018 3007 quae
1039 2947 1138 2992 uocant

332 3013 503 3081 sterelytida
514 3019 542 3062 et
554 3025 728 3077 peumenem:
747 3014 859 3061 tertium
872 3009 1094 3077 molybdaenam,
1110 3012 1137 3060 in

333 3085 448 3154 plumbo
460 3080 614 3131 dicendam.
651 3080 755 3144 Spuma
768 3086 800 3129 ut
815 3081 853 3129 sit
867 3079 960 3138 utilis,
981 3079 1079 3130 iterum
1091 3094 1138 3129 cn·

334 3153 440 3223 quitur,
461 3148 613 3203 confractis
629 3147 735 3200 tubulis
754 3147 788 3199 ad
805 3145 1026 3214 magnitudinem
1042 3149 1138 3199 anulo·

333 3237 410 3277 rum:
430 3223 472 3275 ita
483 3235 598 3271 accensa
613 3216 744 3279 follibus,
766 3215 801 3270 ad
817 3216 987 3284 separandos
1003 3217 1137 3269 carbones

334 3292 521 3361 cineremque,
528 3289 653 3342 abluitur
663 3294 744 3339 aceto
756 3292 803 3338 aut
812 3286 1031 3351 rino,simulque
1040 3288 1138 3339 restiu-

333 3365 437 3432 guitur.
475 3358 557 3423 Quod
575 3361 600 3412 si
618 3360 654 3409 sit
670 3356 819 3424 argyritis,
839 3363 870 3408 ut
887 3354 990 3407 candor
1004 3355 1030 3407 ei
1048 3356 1139 3420 detur,

332 3430 526 3499 pinguitudine
538 3429 621 3481 fabae
632 3425 785 3489 confracta,
807 3428 836 3477 in
848 3426 927 3478 fictili
938 3427 1018 3493 coqui
1028 3426 1140 3479 iubetur

335 3517 370 3553 ex
383 3515 464 3567 aqua,
486 3496 582 3550 addito
593 3498 622 3546 in
639 3496 765 3547 linteolis
781 3496 877 3548 tritico
895 3502 924 3549 et
934 3493 1039 3547 hordeo
1050 3497 1138 3557 noris,

334 3571 425 3621 donee
446 3582 481 3617 ea
498 3572 658 3634 purgentur.
696 3562 799 3617 Postea
814 3580 864 3618 sex
881 3565 978 3618 diebus
993 3571 1088 3619 terunt
1107 3564 1137 3616 in

333 3635 485 3696 mortariis,
506 3641 550 3685 ter
571 3634 617 3685 die
637 3632 782 3686 abluentes
793 3648 865 3699 aqua
887 3634 1002 3702 frigida:
1026 3641 1055 3686 et
1077 3649 1139 3686 cum

336 3704 474 3761 desinant,
498 3701 600 3761 calida,
620 3699 717 3753 addito
728 3703 788 3753 sale
799 3701 898 3766 fossili,
922 3704 949 3754 in
962 3703 1061 3754 libram
1072 3717 1137 3768 spu-

334 3788 399 3825 ruae
411 3769 506 3821 obolo.
542 3767 699 3821 Novissime
720 3771 766 3821 die
778 3770 901 3822 condunt
911 3772 939 3822 in
950 3771 1079 3837 plumbeo
1091 3787 1137 3821 ra·

335 3857 376 3893 se.
413 3839 467 3891 Alii
479 3852 538 3888 cum
551 3838 617 3891 faba
630 3837 748 3889 candida
758 3854 792 3890 ac
803 3838 912 3904 ptisana
925 3848 1054 3905 coquunt,
1072 3845 1099 3890 et
1110 3840 1138 3890 in

336 3908 403 3965 Sole
414 3907 527 3961 siccant.
564 3907 619 3958 Alii
630 3907 657 3958 ln
671 3907 737 3959 lana
748 3906 867 3960 eandida
877 3922 937 3959 enm
950 3906 1031 3969 faba,
1052 3906 1139 3960 donec

334 3980 428 4033 lanam
440 3994 495 4029 non
514 3976 671 4045 denigrent.
707 3979 785 4029 Tunc
803 3976 890 4028 salem
909 3976 1031 4029 fossilem
1043 3976 1139 4029 adiici·

334 4057 394 4111 unt,
403 4046 521 4100 subinde
533 4063 607 4116 aqua
618 4052 735 4110 mutata,
751 4047 914 4113 siccantque
925 4044 1021 4099 diebus
1033 4046 1083 4100 XL
1096 4064 1140 4100 ca·

332 4119 478 4174 lidissimis
489 4118 614 4171 aestatis.
652 4116 773 4168 Necnon
785 4117 812 4167 in
823 4123 919 4169 uentre
930 4117 1013 4171 suillo
1026 4117 1053 4168 in
1066 4133 1139 4187 aqua

335 4192 465 4256 coquunt,
479 4188 758 4254 oxemtamquenitro
771 4186 881 4249 fricant,
899 4194 929 4238 et
939 4196 971 4239 ut
982 4204 1075 4254 supra,
1096 4195 1137 4239 te·

333 4266 400 4311 runt
410 4259 438 4309 in
450 4258 593 4309 mortariis
609 4272 671 4309 cum
688 4256 756 4309 sale.
792 4254 863 4307 Sunt
880 4258 924 4324 qui
942 4273 996 4307 uun
1009 4264 1138 4323 coquant,

334 4327 383 4379 sed
396 4342 456 4379 cum
467 4326 526 4378 sule
538 4333 641 4387 terant,
660 4333 688 4377 et
698 4326 811 4377 adiecta
821 4341 893 4391 aqua
905 4326 1029 4378 abluant.
1067 4326 1138 4378 Usus

334 4397 395 4445 eius
414 4394 448 4446 ad
466 4394 595 4460 collyria,
617 4400 645 4444 et
663 4395 714 4447 litu
730 4394 764 4446 ad
783 4395 961 4446 muliebrium
977 4395 1138 4448 cicatricum

334 4462 487 4516 foeditates
497 4462 645 4523 tollendas,
666 4464 853 4531 maculasque,
876 4472 903 4515 et
916 4463 1084 4517 abluendum
1096 4479 1139 4515 ca·

333 4532 442 4605 pillum.
460 4527 510 4581 Vis
521 4539 613 4584 autem
625 4532 740 4596 siccare,
752 4534 872 4595 mollire,
882 4533 1059 4601 refrigerare,
1072 4541 1138 4585 tem·

333 4613 443 4667 perure,
464 4611 593 4664 purgare,
615 4602 727 4668 explere
748 4600 872 4662 hulcera,
895 4610 1018 4655 tumores
1039 4602 1137 4653 lenire.

334 4668 507 4731 'talibusque
519 4668 677 4733 emplastris
697 4685 781 4736 supra
801 4671 883 4723 dictis
902 4671 980 4739 ignes
1000 4671 1083 4723 etiam
1095 4687 1137 4721 sa·

336 4751 398 4789 cros
408 4733 488 4814 tollit
500 4750 561 4789 cunr
574 4745 650 4798 ruta,
672 4749 833 4807 myrtoque,
857 4746 885 4792 et
902 4747 997 4793 aceto:
1016 4742 1137 4807 itemque

334 4817 485 4871 perniones
497 4818 557 4855 cum
570 4807 669 4870 myrtis
681 4817 711 4860 et
722 4824 795 4861 cera.

371 4872 502 4925 XXXVl.
514 4870 656 4924 lnr'cnitur
666 4877 695 4927 in
706 4878 874 4944 argentariis
887 4878 1010 4929 metallis
1020 4876 1137 4945 minium

335 4956 455 5009 qunque,
466 4945 494 4990 et
505 4956 575 4992 nunc
588 4943 660 4993 inter
671 4945 812 5011 pigmenta
823 4962 942 5015 magnae
954 4948 1138 5008 auctoritatis,

336 5018 366 5065 et
376 5006 513 5078 quondam
526 5008 599 5075 apud
613 5010 752 5064 Romanos
764 5030 818 5067 non
829 5017 919 5068 solum
930 5020 1076 5077 maximae,
1088 5015 1137 5069 sed

337 5081 425 5133 etiam
444 5092 549 5135 sacrae.
586 5078 735 5131 Enumerat
752 5091 881 5137 auctores
890 5086 1017 5148 Verrius,
1038 5086 1137 5153 quibus

336 5149 452 5204 credere
474 5144 510 5199 sit
530 5161 652 5207 neeesse,
673 5147 746 5199 loris
766 5152 852 5217 ipsius
874 5156 1019 5213 simulacri
1035 5154 1136 5209 faciem

336 5216 434 5271 (liebus
447 5217 528 5271 felitis
540 5215 625 5266 minin
637 5215 708 5266 illini
722 5218 845 5283 sollium,
866 5227 948 5277 trium
970 5223 1137 5292 hamumque

337 5300 470 5353 corpora:
488 5288 531 5339 sie
541 5285 687 5337 Camillum
699 5288 891 5355 triumphasse.
957 5294 1052 5345 aerati
1074 5288 1138 5346 ῑοῃρ

335 5357 421 5413 etism
433 5373 504 5408 nunc
513 5354 580 5406 addi
592 5358 620 5407 in
636 5361 778 5423 unguenta
790 5371 893 5413 coenae
904 5361 1089 5427 triumphalis,
1110 5368 1139 5415 et

335 5427 525 5479 occursoribus
536 5426 562 5476 in
574 5425 670 5491 primis
683 5426 773 5477 lorem
786 5424 957 5479 miniandum
969 5429 1066 5483 locari.
1088 5434 1139 5484 Cu·

333 5495 378 5547 ius
398 5496 442 5549 rei
453 5509 562 5549 causam
575 5496 702 5565 equidem
721 5494 821 5549 miror:
840 5509 996 5567 quanquam
1008 5504 1036 5552 et
1056 5500 1139 5556 hodie

1181 588 1269 640 deco.

1216 655 1359 708 xxxvii.
1377 653 1588 725 Theophrastus
1604 654 1653 708 XC
1671 657 1750 709 annis
1765 665 1831 712 aute
1848 659 1989 712 Praxibu-

1181 727 1240 778 lum
1252 725 1459 778 Atheniensium
1476 728 1670 791 magistratum
1690 728 1776 793 (quod
1794 735 1907 796 ternpus
1925 732 1989 782 exit

1182 797 1211 847 iu
1222 795 1304 846 Urbis
1325 802 1439 846 nostrae
1451 795 1585 846 ccxcix
1596 799 1711 856 annunt)
1732 796 1821 847 tradit
1842 799 1991 851 inventura

1184 864 1299 925 minium
1319 864 1438 915 oCallia
1452 861 1637 926 Atheniense,
1656 864 1737 915 initio
1746 874 1878 931 sperante
1888 883 1989 919 surum

1183 949 1267 1054 posse
1289 932 1406 999 excoqui
1426 948 1510 985 arena
1533 934 1650 986 rubente
1669 934 1699 984 in
1715 935 1839 987 metallis
1859 940 1988 1003 argenti:
2038 982 2043 987 .

1203 1020 1254 1056 ane
1265 1001 1351 1054 fuisse
1364 1002 1498 1067 originem
1510 998 1580 1055 cius.
1617 1004 1742 1069 Reperiri
1759 1010 1852 1056 autem
1863 1005 1916 1057 iam
1928 1014 1988 1058 tum
2049 1007 2054 1016 '

1182 1075 1212 1125 in
1232 1072 1379 1138 Hispania,
1399 1069 1448 1123 sed
1471 1071 1569 1128 durum
1590 1078 1619 1124 et
1640 1088 1804 1124 menarum:
1824 1075 1891 1125 item
1913 1075 1987 1142 apud

1185 1140 1305 1195 Colchos
1316 1143 1343 1192 in
1355 1155 1423 1207 rupe
1434 1141 1552 1208 quadam
1565 1143 1714 1205 inaccessa,
1720 1157 1755 1197 ex
1765 1157 1821 1211 qua
1831 1143 1987 1198 iaculantes

1187 1213 1363 1264 decuterent:
1381 1212 1410 1261 id
1422 1226 1484 1262 esse
1494 1210 1666 1265 adulterum:
1680 1214 1818 1278 optimum
1827 1228 1894 1266 rero
1903 1230 1988 1281 supra

1186 1279 1325 1348 Ephesum
1348 1279 1483 1331 Cilbianis
1501 1280 1586 1346 agris.
1630 1283 1749 1333 hrenum
1770 1283 1845 1334 coeci
1865 1284 1987 1336 colorem

1186 1350 1304 1403 habere:
1322 1347 1393 1401 hanc
1414 1352 1477 1412 teri,
1499 1350 1563 1400 dein
1586 1350 1678 1401 lavari
1699 1342 1834 1405 farin'rsm:
1864 1359 1894 1404 et
1913 1354 1987 1420 quod

1186 1419 1328 1483 subsidat,
1348 1420 1449 1471 iterum
1471 1417 1570 1470 laras-i.
1605 1419 1801 1473 Differentiam
1824 1421 1895 1473 artis
1916 1437 1987 1487 esse,

1188 1489 1263 1559 quod
1279 1489 1329 1540 alii
1346 1489 1457 1538 minium
1474 1488 1581 1539 faciunt
1596 1488 1686 1555 prima
1701 1490 1810 1547 lotura:
1830 1491 1903 1558 apud
1916 1492 1987 1544 alios

1185 1560 1216 1613 id
1227 1574 1288 1611 esse
1299 1558 1424 1618 dilutius,
1435 1556 1575 1623 sequentis
1587 1565 1680 1611 autern
1692 1559 1803 1612 loturae
1813 1561 1958 1627 optimum.

1221 1626 1375 1680 xxxvru.
1393 1628 1596 1679 Auctoritatem
1613 1628 1701 1679 colori
1718 1629 1803 1680 fuisse
1816 1646 1872 1681 non
1890 1631 1986 1682 miror.

1187 1700 1244 1751 lam
1265 1698 1339 1750 enim
1359 1696 1489 1748 Troianis
1510 1699 1682 1762 temporibus
1703 1701 1815 1751 rubrica
1831 1702 1859 1750 in
1881 1697 1986 1751 honore

1187 1775 1258 1830 erat,
1279 1768 1403 1818 Homero
1415 1772 1497 1829 teste,
1517 1766 1562 1834 qui
1574 1783 1656 1819 nares
1667 1782 1701 1820 ea
1711 1769 1894 1830 conrmendut,
1914 1767 1987 1820 alias

1188 1840 1262 1891 circa
1284 1836 1406 1901 picturas
1424 1837 1623 1904 pigmentaque
1641 1852 1728 1889 rarus.
1765 1838 1867 1890 Milton
1886 1844 1989 1888 rocam

1188 1905 1300 1957 Graeci:
1321 1905 1730 1971 nriniumquidam,cinnabari.
1764 1905 1988 1959 Undenstuser·
2011 1916 2066 1947 ιω
2100 1918 2118 1945 ῡ

1187 1991 1252 2038 ror,
1271 1963 1368 2035 lindico
1381 1976 1539 2027 cinnabaris
1551 1975 1669 2035 nomine.
1706 1975 1753 2028 Sic
1763 1977 1836 2029 enim
1846 1974 1988 2042 appellant

1187 2043 1231 2095 illi
1241 2044 1347 2108 sarriens
1360 2043 1490 2107 draconis
1504 2045 1568 2096 elisi
1582 2045 1793 2112 elephantorum
1809 2045 1988 2097 morientium
2009 2035 2041 2085 ⁴·

1189 2113 1320 2179 pondere,
1343 2114 1482 2179 perruixto
1498 2114 1645 2180 utriusque
1657 2115 1787 2167 uninralls
1796 2116 1939 2182 sanguine,
1957 2121 1990 2165 ut

1189 2182 1318 2233 diximus.
1354 2182 1451 2248 Neque
1461 2182 1534 2233 alius
1546 2191 1590 2249 est
1601 2185 1687 2242 color,
1699 2185 1745 2250 qui
1756 2187 1783 2233 in
1793 2186 1913 2250 picturis
1927 2197 1989 2249 pro·

1188 2250 1247 2318 pris
1267 2250 1429 2316 sanguinem
1455 2249 1565 2301 reddat.
1601 2251 1654 2302 lile
1674 2251 1832 2303 cinnabaris
1851 2253 1991 2303 antidotis

1188 2319 1452 2386 medicamentisque
1461 2318 1608 2369 utilissima
1623 2326 1674 2371 est.
1709 2322 1745 2371 At
1754 2317 1867 2371 hercule
1877 2320 1991 2380 medici,

1190 2389 1253 2455 quia
1264 2387 1430 2439 cinnabarin
1443 2395 1554 2451 uocant,
1574 2402 1624 2454 pro
1645 2403 1678 2440 aa
1689 2394 1803 2439 utuntur
1821 2386 1874 2440 hoc
1888 2388 1990 2451 nrinio,

1189 2456 1262 2525 quod
1274 2472 1408 2509 cenenum
1420 2473 1480 2509 esse
1491 2458 1576 2525 paulo
1588 2473 1650 2509 mox
1662 2456 1830 2511 docebimus.

1222 2523 1355 2578 ΧΧΧΙΧ.
1376 2528 1524 2579 cinnabari
1536 2533 1664 2590 veteres,
1684 2541 1754 2594 quae
1765 2528 1851 2578 etiam
1860 2541 1934 2577 nunc
1943 2541 1991 2579 ro·

1190 2602 1255 2648 cant
1265 2595 1501 2658 monochromata,
1511 2597 1671 2664 pingebant.
1695 2597 1888 2649 Pinxeruntet
1899 2593 1989 2661 Ephe·

1189 2666 1232 2717 sin
1244 2666 1339 2727 minio,
1363 2665 1436 2733 quod
1449 2666 1614 2718 derelictum
1625 2673 1678 2730 est,
1700 2667 1765 2735 quia
1776 2666 1884 2716 curatio
1896 2665 1989 2731 magni

1190 2735 1283 2801 operis
1295 2741 1365 2786 erat.
1402 2733 1553 2787 Praeterea
1563 2743 1710 2802 utromque
1723 2736 1804 2786 nimis
1820 2748 1883 2786 acre
1895 2734 1989 2786 existi·

1189 2810 1289 2856 matur.
1325 2804 1392 2854 ideo
1409 2805 1546 2857 transiere
1566 2804 1602 2859 ad
1616 2806 1764 2865 rubricam,
1784 2812 1813 2856 et
1827 2803 1989 2869 sinopidem,

1190 2873 1335 2940 dequibus
1346 2871 1403 2923 suis
1416 2873 1487 2925 locis
1498 2874 1598 2992 diqgm.
1645 2873 1807 2927 cinnabaris
1817 2867 2037 2946 adulteratus,
2081 2862 2087 2871 ⁴

1558 2942 1635 2994 orbis
1646 2941 1728 2995 tritis.
1765 2941 1888 2995 Pretium
1899 2942 1986 2994 since
2023 2956 2026 2965 ·

1189 2942 1323 3011 sanguine
1335 2942 1463 3007 caprino,
1483 2949 1532 2994 aut

1188 3026 1245 3073 rae,
1257 3012 1359 3065 nummi
1372 3011 1576 3079 quinquaginta.

1224 3079 1285 3131 XL.
1305 3082 1372 3132 lnba
1392 3082 1505 3132 asinium
1526 3081 1603 3133 nesci
1623 3085 1652 3132 et
1672 3081 1702 3131 in
1716 3081 1865 3133 Carmania
1883 3079 1987 3132 trudit:

1190 3148 1358 3218 Timagenes
1369 3157 1397 3203 et
1409 3153 1436 3201 in
1448 3149 1606 3216 Aethiopia.
1654 3148 1709 3203 Sed
1720 3159 1820 3205 neutro
1832 3165 1867 3203 ex
1877 3150 1939 3203 loco
1950 3150 1989 3199 in·

1190 3217 1302 3271 rebitur
1314 3219 1348 3270 nd
1360 3236 1420 3286 nos,
1432 3236 1491 3290 grec
1503 3219 1562 3281 fere
1573 3219 1695 3287 aliunde,
1707 3235 1787 3286 quam
1799 3236 1835 3273 ex
1844 3219 1990 3289 Hispania.

1191 3288 1411 3342 Celeberrimum
1432 3306 1467 3342 ex
1488 3290 1671 3355 Sisaponensi
1691 3293 1808 3357 regione
1827 3288 1991 3349 iollaetica,

1191 3358 1320 3413 miniario
1332 3359 1448 3413 metallo
1466 3358 1650 3426 vectigalibus
1661 3361 1758 3447 pupuli
1769 3359 1886 3411 Romani
1897 3394 1905 3420 ,
1927 3358 1988 3408 nui·

1192 3427 1246 3480 lius
1258 3429 1298 3481 rei
1313 3427 1647 3496 diligentiorecustodia.
1684 3429 1747 3480 bon
1764 3428 1832 3481 lieet
1842 3429 1871 3480 id
1881 3428 1921 3479 ibi
1930 3440 1991 3491 per·

1190 3498 1273 3550 ficere
1283 3501 1462 3567 excoquique.
1499 3499 1613 3551 Ronmm
1630 3496 1770 3564 perfertur
1785 3512 1856 3549 rena
1870 3496 1991 3563 signata,

1192 3566 1228 3618 ad
1251 3566 1323 3619 dena
1343 3568 1432 3620 millia
1450 3567 1512 3620 fere
1527 3567 1621 3634 pondu
1637 3582 1739 3618 annua.
1776 3566 1881 3619 Romae
1896 3571 1992 3617 autem

1191 3634 1311 3687 iuratur:
1327 3636 1354 3687 in
1367 3636 1520 3697 vendendo,
1533 3638 1623 3703 pretio
1634 3642 1740 3689 statuta
1750 3635 1820 3700 lege,
1833 3632 1992 3685 comodum

1177 3704 1340 3757 ‘excederet
1362 3706 1409 3755 ll·
1426 3705 1453 3757 S.
1474 3706 1552 3757 Lxx
1572 3707 1601 3756 in
1618 3706 1710 3759 libros·
1747 3703 1800 3756 Sed
1810 3701 1992 3754 adulteratur

1192 3774 1287 3824 uiuitis
1298 3773 1397 3836 orodis,
1410 3772 1482 3825 unde
1493 3776 1598 3839 praeda
1608 3774 1745 3826 societati.

1225 3840 1352 3907 Namque
1363 3847 1407 3893 est
1418 3841 1537 3895 alterum
1548 3861 1633 3912 genus
1643 3846 1671 3896 iu
1683 3842 1809 3895 omnibus
1819 3839 1878 3894 fere
1889 3855 1991 3907 argen-

1191 3910 1280 3973 tariis,
1301 3910 1424 3980 itemque
1435 3911 1599 3979 plumbariis
1610 3915 1741 3978 metallis,
1760 3910 1834 3980 quod
1845 3911 1878 3962 ut
1890 3918 1991 3963 exusto

1191 3979 1282 4047 lapide
1293 3983 1371 4034 renis
1389 3982 1537 4051 permixto,
1557 3999 1611 4036 non
1629 3984 1741 4046 exilio,
1761 3984 1839 4035 cuius
1854 3981 1991 4032 vomicam

1191 4058 1338 4118 argentum
1354 4054 1443 4105 rivum
1465 4053 1678 4120 appellavimus,
1691 4055 1725 4118 (is
1747 4056 1820 4106 enim
1840 4058 1871 4105 et
1890 4050 1947 4117 ipsc
1959 4050 1990 4100 ia

1191 4128 1335 4187 argentum
1348 4124 1511 4191 excoquitur
1521 4128 1539 4186 ε)
1560 4124 1611 4174 sed
1631 4140 1668 4175 ex
1687 4123 1752 4175 aliis
1770 4121 1851 4174 simul
1863 4118 1991 4188 repertis.

1191 4189 1309 4243 Steriles
1329 4193 1413 4245 etiarn
1434 4193 1539 4258 plumbi
1556 4191 1799 4260 deprehenduntur
1818 4204 1868 4243 suo
1890 4187 1992 4249 colore,

1191 4275 1242 4311 nec
1253 4260 1305 4312 nisi
1316 4261 1344 4311 in
1356 4260 1516 4312 fornacibus
1527 4262 1707 4317 rubescentes
1720 4263 1866 4328 exustique
1876 4257 1993 4311 tundon·

1191 4335 1237 4381 tur
1248 4332 1276 4380 iu
1288 4330 1417 4382 farinam.
1436 4331 1473 4382 Et
1484 4329 1536 4383 hoe
1547 4339 1589 4384 est
1600 4331 1796 4387 secundarium
1807 4330 1921 4382 crinium
1933 4341 1992 4392 per·

1192 4413 1273 4466 quam
1294 4399 1391 4467 paucis
1412 4401 1647 4462 notum,multum
1669 4401 1742 4453 infra
1762 4399 1905 4451 naturales
1927 4395 1991 4446 illas

1191 4482 1298 4521 menas.
1332 4468 1396 4519 Hoc
1416 4484 1484 4536 ergo
1506 4470 1685 4523 adulteratur
1701 4469 1815 4522 minium
1830 4470 1859 4520 in
1875 4462 1993 4521 officinis

1191 4539 1344 4593 sociorum:
1374 4538 1440 4589 item
1463 4539 1571 4605 Syrico.
1609 4540 1735 4600 Quonam
1757 4537 1841 4590 niodo
1862 4536 1992 4603 Syricum

1192 4607 1248 4667 fiat,
1268 4622 1319 4658 suo
1341 4604 1404 4659 loco
1422 4607 1554 4661 dicemus.
1590 4606 1699 4660 Sublini
1711 4614 1803 4658 autem
1822 4606 1923 4670 Syrico
1943 4604 1994 4655 mi·

1191 4675 1266 4725 nium
1288 4676 1446 4741 compendii
1467 4678 1539 4728 ratio
1556 4677 1739 4729 denronstrat.
1769 4673 1814 4722 Ὲι
1829 4671 1885 4723 alio
1905 4673 1994 4727 modo

1190 4745 1365 4811 pingentium
1386 4744 1462 4796 furto
1483 4752 1668 4812 opportunum
1689 4749 1740 4804 est,
1757 4741 1853 4809 plenos
1873 4741 1995 4795 subinde

1193 4812 1364 4866 abluentium
1385 4813 1539 4878 penicillos.
1574 4813 1648 4865 Sidit
1665 4818 1756 4863 autem
1778 4809 1805 4860 iu
1826 4824 1908 4876 aqua,
1928 4826 1995 4864 coo·

1190 4889 1302 4949 statque
1313 4881 1482 4935 furantibus.
1518 4882 1632 4935 Sincera
1648 4882 1722 4932 cocci
1740 4880 1816 4930 nitor
1826 4894 1887 4932 esse
1899 4880 1994 4932 debet.

1190 4950 1353 5005 Secundarii
1364 4956 1456 5002 autem
1467 4951 1599 5019 splendor
1610 4954 1637 5003 in
1651 4948 1803 5017 parietibus
1815 4950 1901 5001 sentit
1912 4949 1995 5016 uligi-

1191 5037 1262 5074 nem.
1298 5022 1464 5085 quanquam
1480 5021 1534 5075 hnc
1551 5021 1650 5087 rubigo
1663 5018 1800 5086 quaedam
1816 5019 1927 5071 metalli
1938 5025 1993 5071 est.

1190 5089 1421 5158 sisaponensibus
1432 5099 1527 5145 autem
1540 5090 1674 5141 miniariis
1684 5105 1752 5143 suae
1762 5104 1848 5141 venue
1859 5104 1945 5143 arena
1954 5088 1993 5139 si·

1189 5176 1224 5213 ne
1243 5165 1359 5228 argento
1376 5162 1542 5228 excoquitur
1558 5160 1620 5211 auri
1639 5160 1734 5213 medo.
1770 5157 1910 5211 Probatur
1920 5171 1992 5211 auro

1191 5230 1341 5283 condentur
1360 5227 1487 5283 iocatum
1507 5229 1655 5297 nigrescit:
1674 5229 1811 5281 sincerum
1825 5228 1927 5281 retinet
1947 5241 1994 5281 co·

1191 5300 1288 5352 iorem.
1322 5299 1436 5352 Invenio
1457 5306 1487 5353 et
1505 5298 1581 5350 calce
1597 5298 1761 5353 adulterari.
1801 5298 1835 5328 ⁴⁶
1851 5295 1934 5328 “⁸²¹²
1945 5308 1991 5344 's-

1190 5370 1267 5423 tione
1279 5368 1346 5421 ferri
1356 5369 1504 5424 candentis
1515 5369 1629 5432 lamina,
1648 5370 1672 5420 si
1693 5383 1742 5419 non

1191 5437 1322 5505 prehendi
1335 5438 1421 5491 illico.
1457 5437 1534 5491 Solis
1546 5444 1629 5505 atque
1639 5437 1718 5489 Luna

1191 5523 1253 5562 cas:
1271 5507 1446 5576 remedium,
1463 5514 1495 5560 ut
1505 5507 1610 5579 parieti
1622 5506 1710 5563 sicem

2151 5284 2168 5543 ,
