4356 6014
308 311 339 373 c.
376 309 528 373 earnm
563 308 774 371 sueonos
809 309 970 373 aaran
1005 292 1688 382 asaron-iis.x1acnr.ns·ea
1770 322 1828 383 roa

169 463 315 526 sacerdos,
335 461 560 531 deoquepertmn
571 460 663 529 ponit:
683 460 820 530 reliquum
836 468 976 519 mermtor

168 536 196 589 lu
206 548 313 586 massas
323 534 429 586 condit.
464 532 516 584 Est
525 538 554 584 et
565 532 621 584 ulla
631 529 717 597 farne,
726 547 789 582 curn
800 530 866 584 Sole
877 532 974 597 dividi,

169 612 317 670 ternasque
334 607 429 670 partes
450 602 527 653 lieri:
548 601 612 654 dein
630 608 707 653 sorte
716 602 827 670 gemina
838 601 973 655 discerni:

170 673 296 742 quodque
309 670 369 724 Soli
379 671 497 725 cesserit
506 670 677 738 relinquiae
686 669 974 741 sponteconllagrare.

202 741 358 808 Praecipua
373 742 483 794 bonitas
495 741 680 809 virgultarum
700 742 877 794 tenuissimis
887 742 974 809 parti·

169 811 228 874 bus,
240 810 276 863 ad
289 809 491 878 longitudinem
502 812 596 878 palmi.
626 809 755 863 Secunda
764 812 898 879 praenimis
910 812 972 865 bre·

168 884 244 933 aiore
256 894 393 943 mensura,
411 886 495 948 atque
508 882 550 933 itu
560 879 668 933 ordine.
707 879 888 943 vilissimum,
899 880 974 949 qood

168 949 307 1004 radicibus
317 952 482 1018 marimum,
501 950 633 1018 quoniam
643 950 684 1002 ibi
694 950 839 1003 minimum
851 951 974 1014 corticis,

167 1021 194 1073 in
205 1034 261 1088 quo
281 1033 390 1071 summa
399 1021 517 1087 gratiae.
553 1020 616 1082 Qua
627 1018 662 1071 de
675 1034 761 1071 causa
776 1020 975 1088 praeferuntur

168 1089 324 1153 cacumina,
344 1089 391 1141 ubi
401 1088 538 1156 plurimus
549 1095 655 1141 cortex.
687 1088 779 1156 lpsum
792 1104 857 1141 vero
868 1089 974 1156 lignum

168 1162 196 1212 iu
206 1158 322 1211 fastidio
334 1165 509 1224 sarapropter
520 1158 630 1239 origani
641 1158 837 1210 acrimoniam:
847 1157 975 1224 xylocin-

168 1242 326 1282 namomum
338 1234 463 1278 vocatur.
499 1226 624 1279 Pretium
636 1227 719 1278 estin
730 1226 819 1279 libras
830 1226 892 1279 XX.
905 1225 973 1288 Qui·

168 1301 232 1352 dam
251 1298 373 1350 manassi
394 1295 450 1347 duo
469 1310 572 1363 genera
589 1295 742 1359 tradidere,
763 1295 918 1359 candidius,
936 1294 975 1346 ni·

168 1365 976 1504 cluanirairdtrititiatldll,lle

546 1471 554 1498 ‚
963 1462 973 1475 .

168 1505 262 1560 lerant
271 1505 398 1557 candido.
426 1505 587 1557 Certissima
598 1510 693 1559 tamen
704 1507 871 1567 aestimatio,
891 1520 925 1557 ne
935 1506 974 1556 sit

168 1577 306 1638 scabram,
323 1582 407 1643 atque
428 1583 462 1625 ut
481 1574 632 1628 intersere
652 1576 751 1626 tritum
769 1573 849 1627 tarde
860 1573 974 1627 irietur.

167 1646 326 1701 Damnatur
336 1646 362 1696 ln
375 1645 470 1711 primis
480 1646 576 1709 molle,
587 1651 635 1696 aut
645 1646 690 1696 eui
701 1644 780 1697 labat
790 1651 897 1698 cortex.

203 1718 248 1770 lus
258 1716 319 1768 eius
330 1730 346 1765 a
356 1714 557 1767 Gebaaitarum
572 1729 638 1782 rege
655 1714 718 1767 solo
730 1716 928 1783 proficiscitur:
951 1712 975 1764 is

168 1787 261 1839 edicto
272 1790 396 1838 mercatu
407 1784 512 1837 vendit.
549 1783 643 1836 Ριειιιι
653 1785 790 1852 quondam
812 1785 890 1837 fuere
899 1784 927 1835 in
939 1782 974 1834 li-

166 1857 232 1908 bras
243 1854 386 1909 denarium
398 1854 495 1906 millia.
531 1857 648 1908 Auctam
664 1855 692 1906 id
705 1861 784 1922 parte
794 1853 910 1906 dimidia
922 1858 975 1917 est,

166 1928 295 1987 incensis,
306 1932 337 1976 ut
348 1924 450 1991 ferunt,
460 1926 539 1977 silrls
549 1927 592 1978 ira
602 1926 791 1979 barbarorum.
821 1923 852 1977 ld
864 1924 974 1976 aecide-

165 1997 205 2048 rit
216 1996 251 2047 ob
263 1994 442 2062 iniquitatem
454 1996 690 2064 praepotentium,
701 2010 736 2047 nn
748 1994 893 2058 tartaron
904 1992 975 2045 satis

165 2070 287 2118 consuat.
297 2066 415 2118 Austros
427 2067 467 2118 ibi
477 2072 534 2117 tarn
546 2065 676 2119 ardentes
687 2064 764 2129 hare,
777 2073 810 2117 ut
820 2064 975 2118 aestatibus

164 2136 251 2188 silvas
261 2135 423 2196 accendant,
434 2136 587 2187 invenimus
599 2134 671 2202 apud
683 2144 811 2187 auctores
850 2135 974 2186 Coronas

164 2221 199 2258 ex
213 2206 343 2257 miramo
353 2203 508 2256 interrasili
518 2220 586 2256 auro
597 2205 725 2266 inclusas,
735 2205 840 2272 primus
852 2204 973 2255 omnium

162 2273 192 2326 ia
214 2275 328 2341 templis
340 2274 472 2341 Capitolii
491 2280 575 2343 atque
593 2274 673 2327 Pacis
693 2272 797 2327 dicavit
817 2273 975 2340 inoperatur

162 2340 355 2411 Vespasianus
366 2345 515 2411 Augustus.
526 2343 657 2397 lladicem
669 2345 730 2395 eius
739 2343 832 2410 magni
843 2341 974 2409 ponderis

161 2413 284 2465 vidimus
296 2415 324 2465 in
336 2412 437 2466 Palatii
448 2413 562 2481 templo,
572 2413 644 2481 quod
657 2412 838 2466 leceratllimr
844 2413 974 2479 Augusto

161 2482 267 2534 coniux
278 2484 411 2549 Augusta,
432 2498 536 2534 aureae
553 2488 669 2548 paterae
680 2481 855 2547 impositamr
875 2495 910 2531 ex
921 2494 975 2546 qua

160 2556 264 2669 guttae
286 2550 380 2601 editae
401 2550 481 2600 annis
499 2552 626 2600 omnibus
639 2550 666 2599 in
687 2564 774 2615 grana
793 2548 975 2609 ducebantur,

182 2634 256 2671 onec
268 2619 297 2668 ld
309 2617 453 2667 delubrum
462 2617 591 2665 incendio
603 2626 776 2665 missumtum
791 2626 844 2665 est.

197 2684 302 2738 XLlll.
320 2682 425 2733 Prutex
435 2690 463 2734 et
475 2683 552 2733 casia
563 2687 613 2741 est,
624 2683 758 2748 iuxtaque
768 2682 889 2733 cinnami
899 2695 973 2733 cam·

156 2769 216 2822 pas
239 2750 380 2803 nascitur:
400 2750 450 2802 scd
471 2753 498 2802 in
521 2751 663 2803 montibus
675 2751 811 2803 crassiore
822 2759 974 2812 sarmento,

157 2820 243 2875 tenui
254 2827 318 2872 cute
327 2821 430 2882 rcrius,
450 2834 532 2886 quam
544 2820 664 2884 cortice,
687 2834 768 2888 quem
780 2827 880 2873 contra
890 2827 974 2887 atque

159 2893 192 2944 iu
203 2889 335 2942 cinnamo
345 2888 434 2942 levari
445 2895 474 2941 et
485 2889 622 2941 exinaniri
631 2891 752 2955 pretium
765 2896 816 2941 est.
836 2889 973 2956 Amplitu-

161 2962 199 3015 do
210 2959 305 3012 frutici
317 2960 399 3010 trium
412 2959 577 3010 cubitorum.
613 2959 813 3027 Colortriplex.
840 2960 907 3011 Cum
921 2958 973 3025 pri·

162 3045 240 3082 muru
253 3027 369 3090 mnicat,
391 3027 525 3079 candidus
574 3026 631 3080 dali
646 3042 792 3080 mensura:
815 3026 879 3081 dein
890 3028 972 3080 rahe·

163 3101 219 3152 scit
230 3096 328 3151 addito
338 3097 490 3163 semipede:
498 3097 528 3148 nl
542 3112 575 3148 ra
586 3097 732 3164 nigricans.
752 3097 833 3149 llaec
843 3111 908 3164 pars
918 3111 974 3149 ma·

162 3172 242 3221 xirrm
262 3166 400 3227 laudatur,
421 3180 454 3218 ac
474 3164 577 3217 deinde
589 3168 729 3233 proxima:
749 3167 973 3219 damnaturrero

164 3236 293 3291 candida.
330 3236 486 3289 Consecant
496 3235 623 3287 surculos
639 3235 923 3305 longitudiuebiudm
935 3235 974 3288 di·

165 3309 304 3377 gitcrum:
324 3319 390 3357 mox
409 3311 561 3373 praesuunt
578 3306 739 3358 recentibus
758 3305 843 3358 coriis
854 3305 973 3373 quadru-

97 3434 102 3439 ,
165 3376 269 3445 pedum
280 3375 315 3429 ob
326 3375 355 3428 ld
366 3376 625 3438 interenitararn,ut
636 3376 670 3428 iis
681 3376 903 3445 putrescentibus
914 3391 974 3429 rer·

164 3446 260 3500 miculi
273 3446 290 3497 li
348 3460 376 3497 m
388 3445 515 3509 erodant,
536 3452 565 3497 et
585 3452 719 3499 excusent
735 3445 868 3497 comicum
881 3452 972 3498 tutum

166 3516 297 3568 amadeus
308 3517 361 3568 ine.
398 3515 537 3567 Probatur
549 3530 646 3567 recens
665 3518 794 3577 maxime,
816 3522 845 3567 ct
856 3515 973 3581 quaesit

167 3585 263 3636 odoris
281 3585 448 3645 mollissimi,
468 3592 606 3652 gustuque
625 3600 706 3653 quam
725 3584 845 3638 maxime
865 3584 973 3638 inmens

165 3657 267 3721 patius,
287 3670 368 3722 quam
387 3653 466 3707 lenta
488 3653 698 3722 teporclenitcr
713 3654 852 3715 mordens,
877 3654 972 3707 colore

95 3770 105 3785 ,
164 3722 972 3825 purpurac,quaequeplurimaminimumponderisiaciat,

96 3794 106 3832 ἲ
164 3794 244 3847 hreni
255 3794 413 3846 tunicarum
434 3794 535 3857 fistula,
556 3800 585 3844 et
595 3809 649 3846 non
661 3793 763 3862 fragili.
799 3792 972 3863 Luctusque·

166 3871 230 3917 eant
241 3865 325 3916 talem
335 3864 456 3916 barbaro
467 3863 586 3915 nomiae.
615 3863 677 3916 Alia
686 3872 730 3917 est
739 3860 927 3929 balsamodes,
936 3864 971 3916 ab

166 3934 254 3987 odore
275 3934 361 3985 simili
383 3932 533 4001 appellata,
553 3931 601 3984 sed
622 3948 730 4015 maara,
746 3920 865 4016 ideoque
876 3933 973 3985 utilior

165 4003 290 4063 medicis,
302 4004 375 4054 sieut
386 4003 468 4071 nigra
478 4019 514 4054 un
554 4004 633 4055 entis.
654 4002 749 4057 Pretra
760 4003 830 4056 nulli
841 4002 971 4056 diversio·

165 4087 205 4124 re
224 4074 354 4140 optimae
366 4073 394 4122 in
405 4071 493 4123 libras
528 4108 536 4133 ,
547 4071 580 4123 1..
592 4073 695 4127 ceteris
706 4074 740 4133 Χ,
752 4070 786 4125 V.

202 4144 254 4194 llis
263 4141 398 4194 addidere
409 4155 569 4210 mangones,
582 4157 663 4211 quam
676 4140 851 4209 daphnoiden
862 4145 971 4206 vocant,

163 4213 359 4263 isacinnamon
372 4212 611 4279 cognominatam:
634 4213 810 4279 pretiumque
825 4210 972 4295 giaciunt

164 4279 201 4344 X,
213 4282 290 4332 CCC.
326 4278 504 4333 Adulteratur
514 4288 635 4349 styrace,
650 4288 680 4333 et
690 4277 973 4348 proptersrmilitudi·

165 4365 232 4401 nens
242 4349 386 4411 corticum,
397 4351 470 4403 lauri
481 4352 652 4403 tenuissimis
663 4349 791 4402 surculis.
819 4350 893 4413 Quin
905 4357 933 4401 et
944 4351 971 4399 in

165 4424 267 4469 ncistm
280 4417 347 4470 orbe
358 4422 473 4472 seritur:
486 4427 668 4487 extremoque
679 4420 706 4470 in
717 4420 842 4489 margine
854 4419 973 4539 langiarii,

165 4502 224 4556 qua
233 4485 346 4542 Rhenus
355 4489 443 4552 alluit,
454 4489 522 4540 sirit
531 4492 560 4540 in
569 4488 698 4540 alveariis
709 4504 725 4539 a
745 4504 790 4539 uni
801 4495 872 4540 sata.
911 4489 973 4539 olor
985 4542 989 4549 ,

165 4557 248 4610 abest
257 4556 307 4610 ille
315 4559 438 4611 torridos
448 4558 524 4621 Sole,
535 4564 565 4611 et
576 4560 610 4613 ob
620 4557 649 4608 id
660 4504 744 4609 simui
757 4554 829 4608 idem
841 4558 920 4609 odor.

136 4634 153 4663 ἑ
200 4625 300 4678 XLlV.
320 4628 363 4679 Ex
375 4628 496 4678 conhnio
519 4627 611 4678 casias
626 4626 817 4692 cinnamique,
838 4632 971 4689 stranea-

166 4708 240 4746 mum
251 4710 286 4747 ac
296 4702 387 4761 tarum
398 4695 548 4757 invehitur,
559 4692 608 4748 scd
620 4709 671 4762 pcc
681 4693 841 4748 Nabataeos
854 4689 973 4762 'l'foglo-

162 4748 259 4831 dilus,
290 4765 318 4816 ul
327 4764 474 4818 considere
485 4778 520 4816 ex
530 4764 688 4816 Nabataeis.

204 4833 254 4886 xl.
283 4835 342 4886 ,Εο
355 4841 548 4902 comportatur
559 4840 586 4885 et
595 4831 809 4895 serichatum,at
818 4832 972 4900 gabalium,

167 4918 238 4971 quae
248 4903 363 4957 intrare
375 4906 540 4955 consumunt
550 4903 664 4965 Arabes,
682 4908 781 4954 nostro
792 4902 853 4954 orbi
864 4905 970 4953 tantum

165 4971 327 5026 nominibus
346 4975 467 5042 cognita,
487 4971 536 5025 scd
555 4988 617 5024 curn
637 4972 765 5024 munaum
785 4972 916 5040 casiaque
926 4982 972 5022 ιιιι-

164 5045 284 5096 scentia.
310 5040 440 5095 Pervenit
451 5050 543 5094 tamen
555 5040 708 5110 aliquando
718 5038 893 5102 serichatum,
905 5046 933 5093 et
943 5040 971 5092 ln

163 5118 309 5180 unguenta
317 5111 434 5167 additur
443 5113 477 5164 ab
487 5112 634 5181 aliquibus.
660 5106 874 5163 Permutatur'ln
887 5110 972 5165 taras

162 5181 302 5304 x’XLVh
320 5250 539 5318 Myrobalanum
559 5247 753 5319 Troglodytis,
775 5254 804 5300 et
823 5244 974 5309 Thebaidi,

163 5326 193 5371 et
206 5321 334 5381 Arabiae,
356 5334 427 5389 quae
447 5320 579 5372 iudaeam
601 5321 635 5371 ab
653 5320 778 5387 Aegypto
790 5317 973 5381 disterminat,

163 5404 313 5443 commune
324 5399 375 5452 est,
395 5403 511 5442 nascens
524 5394 676 5457 numento,
693 5394 727 5440 ut
736 5388 797 5453 ipso
808 5388 920 5437 nomina
929 5396 974 5453 ap-

161 5466 257 5578 taret.
293 5462 357 5524 Quo
374 5460 442 5512 item
453 5456 593 5510 indicatur
605 5464 633 5511 et
644 5456 771 5529 glandem
784 5470 845 5513 esse
856 5455 975 5515 arbona

181 5526 347 5599 eliotroplo,
369 5543 449 5597 quam
462 5526 583 5580 dicemus
596 5531 670 5582 inter
679 5525 787 5590 herbas,
803 5523 886 5578 simili
898 5520 976 5576 folio.

160 5592 288 5652 Proetus
297 5597 492 5667 magnitudine
502 5597 646 5652 atellanae
655 5597 742 5651 nucis.
767 5594 808 5647 Er
820 5593 901 5647 hiala
910 5592 977 5647 Ara·

1025 464 1592 536 blaussceasbyrlacaappellstur,etest
1601 468 1727 521 eandida.
1757 471 1828 523 Con·

1026 534 1364 607 traini'hebaidenigra.
1392 536 1553 591 Praefertur
1563 539 1614 590 illa
1622 539 1750 592 bonitate
1762 541 1830 604 olel,

1026 604 1100 673 quod
1119 605 1300 672 exprimitur:
1320 606 1371 659 sed
1390 608 1472 675 copia
1484 606 1636 661 Thebaica.
1671 609 1748 662 luter
1762 608 1830 661 hacc

1026 673 1231 742 'ringmdyeica
1241 675 1372 728 vilissima
1393 686 1445 730 est.
1457 676 1528 729 Sunt
1539 678 1585 746 qui
1594 674 1782 746 Aethiopicam
1793 679 1829 730 iis

1026 742 1194 812 praeierant,
1221 744 1333 798 landem
1342 747 1517 813 nigram,uec
1526 751 1664 815 pinguem,
1675 749 1830 816 nucleoque

1025 759 1325 881 gracill,sed5iquure,
1345 818 1391 882 qui
1403 817 1576 884 exprimitur,
1597 816 1762 881 odoratiori,
1783 832 1830 870 aa·

1025 889 1148 936 scentcm
1161 883 1189 933 in
1202 885 1408 950 campestribus.
1424 886 1589 955 Aegyptiam
1602 886 1773 956 pinguiorem
1785 902 1828 940 es·

1023 968 1066 1016 se,
1082 958 1112 1006 et
1123 952 1262 1004 crassiore
1274 953 1377 1006 cortice
1387 955 1544 1007 rubentem:
1566 964 1595 1008 et
1606 957 1731 1023 quamvis
1741 957 1769 1007 in
1781 970 1830 1024 pa·

1025 1021 1161 1073 lustribus
1172 1028 1316 1085 nascatur,
1338 1022 1493 1077 breuiorem
1509 1026 1719 1093 siccioremque.
1755 1024 1831 1077 Edi·

1025 1104 1107 1141 verso
1120 1090 1263 1141 Arabicam
1281 1090 1398 1143 viridem
1419 1108 1452 1145 ac
1466 1095 1638 1159 tenuiorem,
1660 1102 1688 1148 et
1699 1095 1830 1163 quoniam

1026 1159 1065 1210 sit
1075 1163 1231 1220 montuosa,
1242 1156 1412 1225 spissiorem.
1424 1162 1519 1226 lange
1530 1172 1621 1217 autem
1632 1164 1765 1231 optimam
1778 1164 1828 1217 Pe·

1026 1235 1143 1290 tracum,
1164 1244 1197 1281 ex
1209 1243 1263 1296 quo
1276 1227 1397 1279 diximus
1409 1228 1526 1296 oppido,
1547 1233 1629 1298 nigro
1641 1235 1756 1297 cortice,
1779 1248 1828 1285 nu·

1025 1297 1086 1350 cleo
1107 1296 1234 1349 candido.
1271 1297 1452 1367 Unguentarii
1471 1302 1564 1351 autem
1586 1309 1692 1354 tantum
1710 1303 1830 1356 corticem

1024 1373 1171 1434 premunt:
1182 1365 1281 1419 medici
1292 1368 1414 1433 nucleos,
1424 1367 1573 1421 tundentes
1584 1368 1673 1424 affusa
1682 1371 1722 1426 eis
1733 1371 1830 1441 paula·

1025 1438 1076 1489 tim
1088 1434 1269 1503 culidaaqna.

1061 1505 1174 1559 XLVll.
1194 1506 1382 1573 Myrobalano
1397 1507 1425 1558 in
1443 1509 1589 1573 unguentis
1609 1508 1727 1561 similem
1738 1510 1830 1576 proxi·

1025 1650 1103 1698 tura
1124 1649 1208 1714 ipsos,
1229 1644 1337 1708 viridis,
1360 1646 1445 1699 odore
1458 1646 1525 1698 mali
1537 1646 1657 1710 cotonei,
1668 1646 1743 1699 nullo
1754 1648 1830 1702 intur

1027 1714 1116 1784 ligno.
1153 1714 1303 1785 Colligitur
1323 1725 1414 1769 autem
1428 1717 1510 1783 paulo
1523 1723 1599 1781 ante,
1620 1732 1703 1786 quam
1715 1716 1831 1784 incipiat

1024 1791 1226 1838 maturescere.
1255 1783 1336 1848 Quod
1348 1786 1373 1838 si
1384 1786 1564 1853 relinquatur,
1577 1784 1831 1854 phoenicobalanus

1026 1861 1153 1915 uocatur,
1163 1861 1192 1908 et
1202 1855 1346 1923 nigrescit,
1361 1862 1558 1925 vescentesque
1568 1856 1698 1910 inebriat.
1733 1859 1830 1925 Myro·

1025 1924 1129 1977 balano
1141 1924 1261 1991 pretium
1273 1927 1303 1976 in
1312 1924 1400 1977 libras
1410 1925 1437 1977 X
1446 1926 1513 1978 bini.
1528 1922 1672 1982 lastitores
1684 1931 1714 1981 et
1723 1926 1830 1981 faecem

1026 2009 1065 2046 un
1106 1995 1164 2046 enti
1176 1992 1229 2045 hoc
1240 1996 1350 2048 nonrine
1360 1994 1511 2064 appellant.

1092 2060 1189 2117 LVlll.
1209 2062 1337 2117 Calamus
1348 2080 1458 2134 quoquc
1473 2063 1607 2118 odoratus
1621 2066 1651 2119 ln
1666 2067 1769 2120 Arabia
1785 2082 1832 2120 na·

1027 2148 1116 2196 scens,
1127 2134 1281 2186 communis
1291 2134 1366 2187 indis
1376 2143 1459 2203 atquc
1470 2132 1569 2202 Syriae
1579 2144 1631 2201 cst,
1642 2136 1672 2188 ln
1683 2150 1737 2203 qua
1745 2138 1832 2190 rincit

1029 2218 1134 2266 omnes,
1146 2219 1165 2255 a
1175 2210 1272 2256 nostro
1286 2206 1356 2256 arari
1368 2213 1476 2257 centum
1490 2204 1628 2259 bstadils.
1659 2206 1738 2259 later
1748 2206 1832 2260 Liba·

1027 2287 1093 2324 num
1103 2280 1238 2347 montem,
1260 2273 1401 2342 aliumque
1415 2274 1580 2342 ignobilem,
1599 2290 1655 2328 non
1666 2280 1708 2339 (ut
1719 2276 1832 2344 quidam

1028 2342 1234 2410 existimavere)
1244 2343 1443 2407 Antilibanum,
1455 2344 1482 2394 in
1495 2345 1620 2398 comalio
1631 2346 1743 2398 modica
1752 2346 1833 2399 iuxta

1025 2413 1128 2471 lucum,
1149 2412 1228 2465 cuius
1240 2411 1376 2479 palustria
1386 2421 1494 2466 aestate
1504 2415 1653 2476 siccantur,
1672 2416 1786 2468 tricenis
1797 2417 1832 2469 ab

1026 2479 1171 2532 custodiis
1183 2481 1306 2533 calamus
1317 2489 1346 2534 et
1356 2482 1453 2533 iuncus
1464 2480 1574 2534 odorati
1585 2485 1746 2551 gignuntur.
1758 2484 1831 2537 Saue

1026 2550 1101 2601 enim
1112 2548 1235 2600 dicantus
1247 2556 1275 2600 et
1287 2550 1321 2602 de
1332 2551 1427 2612 iunco,
1445 2552 1570 2618 quamuis
1581 2553 1639 2602 alio
1650 2549 1742 2603 herbis
1754 2551 1830 2604 dica·

1027 2621 1057 2667 to
1069 2614 1220 2678 volumine,
1233 2616 1362 2682 quonlam
1374 2624 1466 2668 tamen
1476 2616 1731 2685 hicunguentorum
1743 2627 1830 2672 mate·

1026 2685 1225 2736 riatractatur.
1237 2683 1388 2752 lt'ihllergo
1396 2688 1518 2738 aceteris
1528 2687 1571 2737 sui
1582 2686 1832 2752 generisdilleruut

1028 2752 1176 2819 adspectu:
1197 2750 1248 2805 sed
1261 2753 1385 2805 calamus
1395 2755 1583 2820 praestantior
1594 2754 1689 2817 odore,
1707 2758 1802 2808 statim
1815 2773 1831 2810 e

1025 2821 1179 2891 longinquo
1192 2822 1299 2885 inritat,
1320 2821 1436 2873 mollior
1445 2828 1538 2886 tactu,
1556 2823 1771 2895 meliorquequl
1783 2830 1832 2877 mi·

1025 2906 1077 2943 nus
1098 2890 1223 2959 fragilisr
1244 2899 1272 2943 et
1290 2893 1336 2959 qui
1352 2890 1477 2943 assulme
1495 2892 1599 2958 potius,
1621 2908 1703 2961 quam
1715 2893 1831 2963 raphani

1024 2959 1109 3012 modo
1130 2958 1278 3028 frangitur.
1313 2960 1390 3013 Inest
1403 2960 1515 3013 fistulae
1531 2977 1674 3027 araneum,
1696 2964 1771 3032 quod
1782 2980 1829 3017 ro·

1025 3035 1089 3082 cant
1100 3027 1206 3082 florem.
1224 3028 1417 3082 Praestantior
1428 3036 1480 3092 est,
1492 3033 1534 3082 cui
1547 3034 1730 3084 numerosius.
1751 3034 1830 3085 lleli·

1024 3113 1080 3166 qua
1091 3099 1230 3166 probatio,
1241 3104 1272 3150 ut
1283 3100 1364 3166 niger
1374 3099 1420 3150 sit.
1437 3100 1592 3152 Damastor
1604 3101 1702 3154 aliubi.
1718 3102 1830 3165 Melior,

1024 3184 1079 3236 quo
1090 3168 1202 3221 brevior
1211 3168 1392 3234 crassiorque,
1405 3174 1433 3219 et
1444 3168 1536 3221 lentus
1548 3171 1576 3220 in
1588 3168 1649 3223 iren
1670 3170 1751 3223 endo.
1777 3174 1829 3224 Ca·

1024 3239 1099 3290 lamo
1110 3236 1229 3305 pretium
1241 3236 1268 3287 in
1278 3236 1376 3300 libras,
1386 3238 1434 3298 xi,
1444 3239 1536 3302 iunco,
1547 3237 1608 3291 XV.
1645 3186 1829 3309 {raduntque

1024 3310 1135 3375 iuncum
1147 3305 1296 3361 odoratum
1308 3313 1337 3360 et
1346 3308 1375 3358 in
1386 3307 1536 3375 Campania
1544 3307 1675 3360 inueniri.

1059 3376 1160 3429 XLlX.
1170 3377 1358 3435 Discessimus
1370 3391 1386 3427 a
1398 3381 1480 3429 terris
1490 3379 1629 3430 Oceanum
1642 3379 1830 3445 spectantsssus

1025 3445 1061 3499 ad
1075 3460 1213 3500 convexas
1224 3446 1253 3498 lu
1263 3450 1360 3499 nostra
1369 3445 1467 3499 maria.
1479 3446 1556 3516 Ergo
1566 3444 1731 3516 Aethiopiae
1741 3450 1830 3501 subie-

1025 3524 1072 3569 cta
1092 3514 1187 3571 Africa
1205 3516 1399 3568 Hammoniaci
1420 3516 1563 3568 lacrimam
1582 3516 1675 3569 stillat
1690 3519 1718 3569 in
1735 3520 1829 3571 arenis

1024 3586 1097 3638 suis:
1119 3586 1193 3649 (inde
1206 3585 1317 3638 nomine
1329 3586 1413 3637 etiarn
1425 3585 1589 3638 ilammonis
1605 3588 1734 3652 oraculo,
1751 3588 1830 3640 iuxta

1025 3657 1098 3724 quod
1111 3656 1235 3776 gignitur
1245 3656 1354 3719 arborz)
1376 3670 1457 3723 quam
1468 3657 1611 3723 metopion
1623 3668 1739 3721 vocant,
1760 3658 1828 3709 resi-

1025 3740 1077 3778 nae
1087 3741 1132 3777 mo
1153 3740 1170 3776 o
1184 3731 1234 3777 aut
1243 3724 1357 3793 gummi.
1395 3722 1575 3777 Generosius
1587 3724 1657 3778 duo:
1673 3726 1829 3789 thrauston,

1024 3794 1142 3848 maseuli
1152 3794 1241 3846 thuris
1251 3792 1444 3856 similitudine,
1465 3793 1538 3862 quod
1550 3796 1670 3848 maxime
1680 3797 1829 3863 probatur:

1024 3865 1143 3917 alterum
1164 3867 1262 3932 pingue
1274 3869 1302 3914 ct
1313 3862 1483 3926 resinarum,
1504 3864 1577 3931 quod
1588 3864 1725 3933 phyrama
1736 3865 1829 3933 appel·

1024 3934 1094 3987 lant.
1130 3932 1312 3985 Adulteratur
1321 3930 1422 3995 arenis,
1439 3932 1516 3984 velut
1526 3934 1665 3987 nascendo
1677 3932 1828 4002 apprehen·

1023 4004 1072 4055 sis.
1107 4002 1200 4071 lgitur
1228 4017 1291 4054 uam
1304 4002 1424 4057 minimis
1435 4002 1523 4068 glebis
1535 4005 1680 4070 probatur,
1703 4012 1826 4070 utquam

1024 4073 1187 4141 purissimis.
1223 4070 1323 4125 retium
1336 4071 1435 4139 optimi
1446 4073 1475 4123 iu
1487 4072 1581 4134 libras,
1593 4087 1670 4124 asses
1681 4070 1741 4122 Xl..

1060 4142 1093 4193 L.
1110 4140 1257 4210 Sphagnos
1269 4139 1344 4193 inira
1361 4156 1409 4194 eos
1428 4140 1500 4193 situs
1513 4143 1540 4191 in
1552 4140 1705 4208 Cyrenaica
1716 4139 1828 4205 procin-

1025 4212 1069 4264 eiu
1080 4210 1200 4263 araxime
1212 4210 1356 4278 probatur,
1366 4210 1415 4260 alii
1426 4210 1516 4275 bryon
1527 4215 1634 4260 cocant.
1670 4206 1825 4260 Secundum

1024 4282 1117 4332 locum
1127 4280 1238 4333 obtinet
1250 4280 1377 4349 Cyprius,
1388 4279 1502 4330 tertium
1516 4275 1690 4329 Phoenicius.
1725 4275 1828 4330 Fertur

1025 4358 1053 4403 et
1064 4351 1093 4399 in
1103 4351 1233 4416 Aegypto
1244 4348 1334 4399 nasci:
1347 4346 1411 4416 quin
1423 4352 1451 4397 et
1461 4345 1489 4397 in
1502 4345 1607 4398 Gallia:
1620 4360 1670 4397 aec
1681 4344 1825 4400 dubitare·

1025 4418 1089 4470 rim.
1121 4416 1191 4468 Sunt
1203 4418 1275 4469 enim
1288 4415 1340 4467 hoc
1351 4414 1463 4467 nomine
1473 4415 1533 4467 cani
1543 4415 1672 4475 arborum
1683 4416 1751 4481 villi,
1761 4432 1828 4486 qua·
1912 4450 1916 4459 .

1024 4487 1066 4541 les
1077 4487 1105 4537 ia
1117 4499 1219 4552 quercu
1230 4485 1352 4536 maxime
1363 4483 1503 4546 videmus,
1522 4482 1569 4535 sed
1590 4484 1675 4539 odore
1686 4496 1828 4554 praestan·

1024 4564 1076 4609 tes.
1108 4555 1184 4606 Laus
1196 4554 1285 4620 prima
1295 4552 1501 4605 candidissimis
1512 4559 1595 4621 atque
1606 4550 1764 4609 altissimis:
1785 4571 1827 4610 se·

1025 4623 1115 4676 cunda
1128 4622 1235 4685 rutilis,
1257 4622 1335 4674 arilia
1346 4622 1441 4691 nigris.
1477 4623 1514 4675 Et
1528 4621 1555 4674 ln
1577 4623 1677 4677 insulis
1687 4626 1827 4696 petrisque

1027 4695 1084 4747 nati
1095 4693 1299 4763 improbantur:
1322 4706 1471 4761 omnesque
1482 4692 1582 4762 quibus
1595 4694 1765 4763 palmarum,
1787 4703 1827 4749 at·

1025 4760 1407 4902 qufflogqffpssldsdhodegpto
1418 4836 1461 4884 est
1472 4832 1557 4885 arbor
1566 4831 1669 4903 zlzlphi
1681 4832 1768 4898 loliis,
1782 4848 1827 4886 se·
1896 4794 1899 4803 Ι

1025 4900 1259 4964 minaeoriandri,
1278 4901 1409 4965 candido,
1430 4900 1556 4955 odorato.
1592 4904 1729 4973 coquitur
1738 4901 1790 4954 hoc
1800 4901 1829 4953 ln

1025 4974 1096 5035 olco,
1107 4972 1292 5039 premiturque
1304 4978 1412 5037 postea,
1424 4970 1496 5039 quod
1509 4974 1617 5092 cyprus
1628 4979 1751 5025 uocatur.
1763 4971 1828 5024 Pre-

1025 5046 1093 5093 tium
1105 5043 1131 5092 ei
1142 5043 1171 5092 in
1183 5039 1278 5102 libras,
1288 5040 1323 5100 X,
1335 5041 1369 5092 V.
1395 5040 1538 5108 Optimum
1569 5041 1669 5094 abetur
1680 5058 1695 5095 e
1708 5038 1827 5107 Canopi·

1026 5126 1059 5161 ca
1075 5110 1104 5161 in
1120 5109 1188 5175 ripis
1200 5107 1258 5158 Nili
1276 5116 1361 5160 nata:
1380 5110 1529 5162 secundum
1541 5111 1675 5163 Ascalone
1692 5110 1829 5160 iudaeae:

1025 5180 1139 5231 tertium
1147 5178 1240 5245 cypro
1251 5175 1350 5241 insula,
1361 5178 1456 5230 odoris
1467 5178 1614 5231 suavitate.
1625 5178 1746 5242 Quidam
1758 5178 1829 5230 banc

1026 5263 1086 5300 esse
1098 5246 1194 5297 dicunt
1203 5247 1418 5314 arborem,quae
1429 5247 1456 5298 in
1465 5248 1698 5317 ltaliallgustrunr
1706 5253 1827 5300 vocetur.
1849 5276 1856 5289 .

1049 5316 1120 5368 'l.ll.
1139 5316 1168 5366 ln
1180 5315 1277 5367 eodem
1297 5320 1391 5368 tractu
1407 5315 1567 5384 aspalathos
1586 5319 1724 5376 nascitur,
1746 5313 1829 5380 spina

1026 5378 1158 5449 candida,
1175 5385 1365 5452 magnardine
1376 5384 1483 5437 arboris
1494 5386 1634 5446 modicae,
1654 5382 1723 5433 llore
1734 5395 1828 5436 rosae.

1028 5454 1116 5507 Radix
1127 5454 1275 5522 unguenti·
1287 5454 1435 5504 acnastsnr,
1470 5454 1605 5516 Tradunt,
1622 5454 1649 5502 lo
1662 5461 1828 5519 quocunque

1027 5524 1129 5577 lrutice
1150 5538 1219 5577 eur*
1452 5522 1541 5584 ‘estin
1561 5517 1686 5577 eandem,
1707 5530 1780 5582 quae
1792 5521 1831 5574 sit

1027 5591 1175 5664 aspalathi.
1508 5589 1652 5642 mutere:
1682 5584 1735 5635 aed
1756 5589 1831 5647 sim

1026 1590 1158 1695 mumque
1168 1589 1248 1627 usum
1261 1573 1346 1628 habet
1356 1576 1449 1646 palnra
1465 1577 1494 1628 ln
1505 1581 1646 1645 Aegypto,
1667 1591 1735 1643 quae
1746 1593 1828 1632 roca·
1913 1584 1919 1593 “
1935 1580 1940 1589 “
1984 1608 1990 1621 ·
