4368 6008
370 306 431 368 286
496 301 527 361 C.
563 300 714 363 PLlNll
746 274 956 360 ss'cultut
988 298 1157 360 Nauna.
1192 298 1382 362 sistus.
1416 297 1666 362 blmxxltl.
1701 296 1800 358 CAP.
1822 301 1941 364 ttae.

405 450 531 508 LXXIV.
551 450 642 504 Nuces
652 450 759 518 pineae,
771 463 841 515 quse
851 447 970 501 resinam
982 446 1094 512 habent,
1104 455 1168 502 con·

369 532 452 576 tuaac
463 523 578 585 leviter,
597 520 700 572 additis
712 520 739 569 in
750 517 875 584 singulas
894 518 1023 570 sextariis
1033 518 1167 585 aquaead

371 591 516 644 dimidium
538 589 679 652 decoctae,
700 587 843 654 sanguinis
860 587 1046 639 exscreationi
1058 589 1167 641 meden-

370 661 475 723 tur,ita
484 666 516 710 ut
526 655 621 726 cyathi
632 655 691 709 bini
701 655 833 708 bibuntur
843 671 878 708 ex
890 671 932 708 eo.
945 656 1088 708 corsicae
1100 658 1166 723 pino

369 732 399 783 in
411 730 473 781 rino
484 728 628 779 decoctum
639 732 738 777 contra
749 725 870 777 tormina
879 729 970 777 datur.
1006 725 1105 778 Nuclei
1114 742 1167 777 nu-

370 800 412 852 cis
423 801 519 865 pineae
530 795 605 846 sitim
617 794 727 858 sedant,
747 801 776 846 et
785 795 964 845 acrimoniam
976 793 1112 845 stomachi
1123 809 1166 847 ru·

369 869 525 932 alanosque,
532 872 561 917 et
572 868 727 916 contrarios
738 863 868 915 humores
879 861 1065 915 consistentes
1074 863 1128 915 ibi:
1139 871 1168 916 et

367 935 557 989 inllrmitatcm
578 935 675 984 sirium
697 933 842 994 roborant,
864 930 987 995 renibus,
1010 938 1039 983 et
1060 932 1168 986 resicae

369 1006 464 1057 utiles.
500 1002 607 1055 Fauces
618 1003 747 1054 rideatur
757 1015 932 1068 exasperare,
944 1006 973 1052 et
984 1001 1092 1052 tussim.
1118 1003 1167 1054 Bi·

303 1120 308 1125 .
367 1074 423 1127 lem
436 1073 543 1140 pellunt
554 1072 613 1141 poti
625 1086 659 1125 ex
669 1070 750 1138 aqua,
762 1078 810 1121 aut
821 1072 951 1133 rino,aut
961 1076 1110 1136 passe,aut
1119 1072 1166 1122 ba-

367 1144 493 1196 ianorum
506 1142 632 1194 decocto.
668 1140 805 1193 Miscetur
815 1139 857 1191 his
868 1144 965 1193 centra
976 1139 1165 1193 vehementio-

367 1229 414 1266 rcs
425 1211 562 1265 stomachi
584 1210 710 1262 rosiones
729 1209 884 1261 cucumeris
904 1224 1008 1272 semen,
1029 1216 1058 1261 et
1069 1224 1166 1261 succus

366 1281 535 1350 porcilacae.
571 1281 639 1332 ltem
650 1278 685 1329 ad
697 1278 808 1332 vesicae
819 1277 933 1332 hulcsra
942 1285 970 1331 et
981 1293 1078 1343 renes,
1096 1292 1165 1345 quc·

366 1353 441 1404 niam
453 1360 482 1402 et
493 1352 599 1402 urinam
611 1350 695 1401 dent.
994 1360 996 1367 ’

402 1420 515 1473 LXXV.
525 1418 699 1487 Amygdalae
710 1432 823 1471 amarae
831 1417 956 1470 radicum
965 1416 1165 1471 decoctumeu·

366 1498 422 1543 tem
444 1490 472 1540 in
492 1488 564 1541 facie
581 1488 705 1556 corrigit,
716 1520 719 1529 ·
729 1487 907 1555 coloremque
918 1487 1076 1541 hilariorem
1087 1487 1165 1540 facit.

365 1559 458 1611 Nuces
470 1560 548 1622 ipsae
560 1570 685 1608 somnum
698 1555 816 1621 faciunt,
826 1564 855 1608 et
865 1557 1037 1609 ariditatem.
1049 1557 1164 1609 Urinam

366 1635 395 1680 et
408 1642 515 1680 menses
527 1627 610 1678 cient.
647 1627 753 1692 Capitis
764 1624 856 1678 dolori
866 1625 1022 1689 illinuntur,
1034 1628 1165 1680 maxime·

366 1697 456 1763 quein
469 1693 556 1748 febri:
575 1697 599 1747 si
612 1697 647 1747 nb
664 1695 815 1759 ebrietate,
836 1710 870 1748 ex
881 1702 960 1749 aceto
972 1704 1001 1750 et
1011 1706 1126 1749 rosaceo
1137 1704 1166 1749 et

366 1764 599 1833 nquaesextariu.
636 1764 674 1816 Et
684 1766 849 1831 sanguinem
859 1765 974 1828 metunt,
996 1765 1164 1834 cuntamylo

364 1842 395 1888 ct
405 1840 507 1887 menta.
533 1833 718 1902 Lethargicis,
729 1841 759 1887 et
770 1834 959 1887 comitialibus
970 1842 1094 1903 prosunt.
1115 1838 1164 1887 Ca·

363 1905 423 1972 pite
433 1911 568 1971 peruncto
579 1904 757 1971 epinyctidas
768 1911 881 1955 sanam:
893 1920 909 1957 e
921 1905 986 1957 rino
1000 1912 1092 1956 retere
1103 1901 1164 1955 hul-

365 1974 639 2040 ceruputresccntia.
676 1974 780 2025 Canum
798 1987 906 2025 stersus
923 1989 983 2025 cum
1000 1973 1101 2025 melles
1127 1974 1165 2024 Et

363 2041 487 2095 furfures
497 2057 531 2094 ex
542 2041 626 2105 facie,
646 2049 712 2095 ante
729 2041 789 2094 fotu
809 2050 981 2110 praeparata.
1018 2045 1087 2094 item
1099 2043 1164 2094 ioci·

363 2113 440 2164 neris
461 2117 599 2164 sirenum
618 2113 732 2166 dolores
749 2125 813 2165 exa
832 2127 869 2164 ua
878 2119 975 2179 potuer
995 2117 1024 2164 et
1035 2126 1118 2178 saepe
1130 2127 1165 2164 ex

366 2181 515 2249 ecligmate
527 2197 588 2233 cum
600 2182 693 2241 resine
703 2179 823 2234 terebint
845 2182 900 2232 ina
911 2180 1066 2233 Calculosis
1077 2181 1166 2232 etdif-

364 2250 430 2302 facili
443 2250 541 2302 urinae
551 2251 579 2301 in
592 2265 688 2317 passo:
702 2257 730 2301 ct
740 2250 774 2301 sd
785 2250 955 2318 purgandam
964 2251 1166 2317 cutenrinaqna

364 2319 456 2373 mulsa
466 2319 560 2383 tritae,
579 2326 646 2371 sunt
663 2318 799 2373 efficaces.
835 2320 955 2372 Prosunt
965 2319 1115 2387 ecligmate
1127 2320 1164 2371 io·

364 2389 464 2450 cineri,
475 2389 555 2451 tussi,
563 2396 592 2441 ct
604 2390 745 2451 enimcum
757 2388 928 2457 elelisphaco
939 2389 1048 2442 modice
1058 2389 1163 2440 addito.

362 2459 394 2511 in
405 2457 488 2511 molle
499 2458 620 2510 sumitur
631 2460 708 2511 auch
718 2459 862 2511 avellanae
873 2457 1044 2527 magnitudo.
1073 2459 1165 2522 Aiunt,

364 2526 456 2596 quiuis
467 2526 526 2579 fere
537 2528 704 2594 praesumtis
715 2527 881 2581 ebrietatem
902 2544 959 2580 nun
969 2528 1074 2581 sentire
1085 2536 1165 2596 poto·

361 2610 423 2648 res:
435 2594 594 2664 vulpesque,
606 2596 628 2647 si
643 2597 752 2649 ederint
763 2612 820 2660 eas,
832 2612 883 2651 nec
896 2601 1038 2666 contingat
1048 2612 1063 2650 e
1075 2599 1164 2649 ricino

363 2679 463 2732 aquam
476 2665 609 2729 lambere,
621 2666 702 2717 mori.
715 2665 809 2719 Minus
820 2667 950 2720 valentin
961 2667 1092 2720 remediis
1104 2666 1164 2718 dul·

363 2749 418 2798 ces,
429 2741 459 2787 et
471 2732 523 2786 bac
532 2743 624 2789 tumes
635 2742 764 2804 purgant,
780 2741 809 2789 et
819 2739 927 2789 urinam
939 2737 1024 2790 cient.
1059 2737 1163 2790 Recen-

363 2811 406 2857 tes
417 2803 589 2856 stomachum
602 2804 728 2872 implent.

397 2871 524 2925 LXXVl.
543 2873 667 2925 Nutibus
688 2873 804 2928 Graecis
828 2890 888 2927 cum
905 2875 1041 2929 absinthii
1057 2878 1163 2928 semine

363 2957 399 2996 ex
410 2947 490 2996 aceto
501 2943 610 3005 sumtis,
621 2943 733 2995 morbus
745 2945 841 3012 regius
853 2946 946 2998 sanari
957 2945 1074 2998 dicitur:
1095 2946 1162 2999 item

361 3011 444 3064 illitis
465 3025 515 3077 per
531 3027 561 3064 se
575 3014 645 3063 vitia
659 3011 744 3076 sedis,
765 3022 794 3069 et
810 3014 940 3080 privatim
955 3014 1162 3084 condylomata.

361 3083 433 3133 item
444 3080 539 3140 tussis,
550 3088 578 3132 rt
589 3083 732 3148 sanguinis
744 3083 871 3133 reiectio.

396 3145 537 3199 LXXVll.
557 3148 649 3201 Nuces
661 3149 805 3216 iuglandes
817 3148 916 3202 Graeci
929 3166 946 3201 a
956 3148 1055 3216 capitis
1067 3163 1161 3216 grave·

362 3217 428 3269 dine
444 3215 628 3283 appellavere.
664 3217 775 3269 Etenim
793 3217 923 3269 arborum
944 3218 1064 3286 ipsarum
1082 3220 1162 3271 folio·

362 3301 478 3356 rumque
499 3285 572 3339 vires
592 3285 620 3337 in
642 3287 785 3340 cerebrum
802 3294 960 3354 penetrant:
980 3286 1033 3341 hoc
1054 3282 1162 3342 minore

360 3362 510 3421 tormento,
522 3363 551 3410 et
561 3356 590 3407 in
600 3356 678 3421 cibis,
688 3357 780 3410 nuclei
791 3357 904 3410 fuciunt.
932 3356 1002 3411 Sunt
1015 3366 1108 3413 nutem
1120 3374 1162 3412 re·

361 3433 456 3480 centes
466 3426 653 3488 iucundiores,
674 3426 764 3479 siccae
776 3428 1000 3495 unguinosiores,
1020 3435 1049 3480 et
1060 3436 1163 3481 stoma·

361 3494 414 3545 cho
424 3495 549 3557 inutiles,
571 3493 699 3547 difficiles
711 3505 855 3559 concocta,
876 3498 1000 3551 dolorem
1012 3500 1112 3565 capitis
1122 3498 1160 3549 in·

360 3559 493 3625 ferentes,
505 3564 686 3615 tussientibus
699 3562 838 3628 inimicae,
850 3574 879 3618 ct
891 3569 1036 3620 ronrituris
1047 3569 1160 3620 ieiunis:

361 3637 443 3696 aptae
453 3631 481 3680 in
492 3636 616 3682 tenesmo
628 3632 704 3685 solo:
716 3633 830 3687 trahunt
841 3637 913 3688 enim
925 3637 1061 3705 pituitam.
1090 3639 1160 3690 Eae·

361 3697 424 3749 dens
446 3707 624 3763 praesumtae
644 3715 751 3754 renena
771 3701 916 3756 hebetante
943 3710 1010 3758 item
1032 3707 1160 3774 anginam

360 3782 421 3818 cum
434 3772 498 3818 ruta
508 3773 537 3819 et
547 3765 620 3819 oleo.
653 3770 723 3821 ltem
735 3769 919 3824 adversantur
929 3777 1033 3841 caepis,
1046 3775 1161 3825 leniunt·

360 3851 413 3902 que
430 3850 524 3887 earum
545 3849 684 3902 saporem.
720 3838 836 3891 durium
850 3841 1061 3893 inflammationi
1072 3844 1160 3911 impu·

359 3900 463 3957 ndntur
473 3920 533 3956 cum
545 3903 637 3957 meilis
648 3908 759 3975 exiguo.
794 3907 862 3960 item
875 3925 936 3961 cum
948 3919 1013 3962 ruta
1024 3913 1160 3974 unanimis,

360 3982 388 4025 et
401 3974 514 4027 luxatis.
551 3975 619 4026 cnm
632 3989 718 4043 caepa
728 3981 819 4028 autem
833 3985 861 4030 et
872 3979 931 4032 sale
942 3986 971 4032 et
982 3978 1074 4042 melle,
1085 3982 1161 4032 canis

357 4042 534 4113 hominisque
545 4046 659 4097 morsui.
689 4044 834 4100 Putamine
845 4048 921 4099 nume
932 4048 1081 4117 iuglandis,
1093 4049 1161 4103 dens

359 4128 443 4166 carus
464 4114 593 4166 inuritur.
630 4112 767 4168 Putamen
782 4119 956 4170 combustum
973 4119 1122 4185 tritumque
1133 4119 1160 4172 in

359 4183 422 4237 oleo
433 4190 483 4237 aut
493 4185 566 4245 rino,
588 4183 737 4239 infantium
748 4187 840 4253 eapite
855 4194 997 4254 peruncto,
1018 4189 1108 4241 nutrit
1118 4205 1161 4241 ca·

357 4253 469 4320 pillum:
489 4261 518 4307 et
534 4254 570 4306 ad
581 4254 723 4323 alopecias
735 4271 769 4310 eo
781 4257 822 4308 sic
833 4263 956 4309 utuntur.
993 4258 1054 4321 Quo
1065 4259 1160 4326 plures

358 4324 628 4392 nucesqulsedcrit,
651 4324 824 4378 huclacilius
842 4329 934 4379 tineas
954 4327 1043 4394 pellit.
1082 4329 1160 4391 Quae

357 4398 519 4506 perveteres
531 4403 595 4445 sunt
606 4409 699 4459 nuces,
704 4396 873 4466 gangraenis
883 4403 913 4449 et
922 4398 1098 4450 carbunculis
1105 4412 1160 4450 me·

378 4464 471 4539 entur:
484 4459 550 4512 item
563 4463 717 4530 sugillatis:
729 4464 1159 4535 cortexiuglandium,llehenum

357 4532 436 4587 ‘¹2¹⁰’
448 4530 477 4578 et
487 4526 679 4593 dysentericis.
701 4533 784 4587 Folia
793 4536 863 4587 trita
873 4551 934 4588 euna
946 4544 1037 4600 aceto,
1049 4537 1158 4588 aurium

359 4592 460 4675 dolqri.
496 4596 526 4647 ln
539 4602 705 4653 sanctuariis
715 4601 893 4657 Mithridatis
904 4606 1017 4657 maximi
1027 4606 1103 4673 regis
1113 4606 1159 4658 de·

357 4660 435 4742 ricta,
443 4661 647 4732 eal’onpeius
658 4671 766 4724 invenit
776 4674 803 4723 in
816 4674 949 4740 peculiari
956 4676 1157 4728 commentario

357 4743 446 4795 rpstus
458 4745 540 4782 manu
553 4739 783 4802 corapositionem
794 4743 924 4804 antidoti,
940 4744 1072 4795 eduabus
1083 4744 1158 4795 nuci·

357 4797 409 4880 ΒΨ
420 4799 512 4880 Ιῑθθὶξ,
535 4801 601 4854 ltem
612 4806 671 4858 licis
685 4810 818 4872 totidem,
839 4819 868 4862 ot
878 4820 957 4865 rutae
970 4810 1048 4863 foliis
1058 4812 1157 4879 rigintl

357 4867 443 4919 ⁸¹¹¹¹¹¹¹
458 4868 542 4930 “stim
562 4869 660 4926 addito
676 4876 745 4930 salis
761 4894 863 4947 granm
884 4888 912 4934 et
924 4881 971 4948 qui
983 4879 1035 4933 huc
1046 4881 1157 4934 ieiunus

357 4942 461 4998 sumat,
473 4937 578 4989 nullum
588 4955 722 4995 venenum
735 4948 892 5000 nociturum
905 4950 956 5003 ille
968 4950 1022 5003 die.
1052 4952 1157 5003 contra

357 5005 463 5058 rabiosi
474 5018 585 5073 quoque
598 5011 675 5061 canis
687 5028 816 5080 morsum,
827 5019 919 5072 nuclei
930 5035 947 5071 a
957 5019 1054 5072 ieiuno
1066 5017 1154 5070 heml-

355 5091 392 5194 qe
412 5075 636 5195 eotssmanducntf
653 5079 777 5149 ililthue
796 5089 937 5151 praesenti
956 5088 1078 5142 remedio
1093 5105 1155 5143 esse

377 5159 438 5196 rcun
454 5160 494 5195 ur.

393 5204 543 5266 LXXVilf·
567 5212 658 5267 Nuces
678 5218 944 5291 mdlanaeesptns
967 5226 1092 5281 dolorem
1115 5227 1154 5279 fa·

331 5288 345 5304 ·
355 5282 620 5345 ciunt,inilationem
632 5288 783 5341 stomachi:
796 5299 825 5343 et
836 5296 1154 5364 pinguitudinicorperis

355 5351 514 5414 conferunt,
536 5351 598 5421 plus
609 5369 691 5423 quam
703 5357 742 5409 stt
753 5361 913 5414 verisimile.
950 5366 1056 5418 Testae
1068 5374 1096 5418 et
1108 5367 1153 5418 de·

353 5420 502 5475 stillationi
513 5423 668 5478 medentur.
704 5427 789 5479 'l'ussi
801 5444 910 5497 quoque
920 5434 1007 5485 reteri
1019 5436 1114 5498 tritae,
1124 5442 1152 5488 et

352 5490 382 5540 in
393 5504 466 5559 aqua
476 5492 567 5546 mulsa
575 5501 668 5562 potae.
693 5496 813 5560 Quidam
824 5498 963 5551 adiiciunt
974 5517 1062 5570 grana
1073 5505 1153 5571 pipe-

351 5558 400 5624 ris,
410 5560 458 5613 alii
471 5577 486 5615 e
498 5577 582 5631 passo
594 5566 699 5619 bibunt.
736 5566 861 5623 Pistacls
871 5566 983 5622 eosdem
995 5585 1061 5624 usus
1071 5581 1100 5625 et
1112 5573 1151 5626 ef·

1221 450 1314 505 fectus
1325 450 1438 516 habent,
1457 465 1527 519 quos
1538 449 1613 518 pinei
1624 449 1727 513 nuclei,
1743 455 1910 519 praeterque
1920 452 1956 506 ad
1967 468 2026 509 ser·

1221 523 1345 591 pentium
1357 523 1440 587 ictus,
1449 522 1508 573 sire
1520 520 1646 581 edantur,
1656 523 1715 573 sire
1725 520 1865 575 bibantur.

1257 595 1412 645 castaneae
1422 587 1600 645 vehementer
1614 591 1716 643 sistunt
1726 591 1865 644 stomachi
1876 599 1906 645 et
1916 596 2027 648 reatris

1221 660 1462 725 duxioneaalrum
1474 660 1558 723 cient,
1564 659 1728 729 sanguinem
1736 663 1948 717 exscreantibus
1960 679 2026 732 pru·

1220 738 1292 788 suat.
1303 746 1400 784 earnes
1410 730 1496 782 alunt.

1254 815 1380 868 LXXlX.
1399 816 1523 882 Siliquae
1534 820 1670 878 recentes,
1691 815 1835 869 stomacho
1846 817 1969 881 inutiles,
1981 819 2025 875 al,-

1219 900 1282 936 rum
1295 886 1414 937 solvunt.
1450 884 1573 938 Eaedem
1588 886 1711 937 siccatae
1728 887 1839 949 sistunt,
1859 885 2023 941 stomacho·

1220 970 1274 1022 que
1285 955 1412 1007 utiliores
1423 954 1503 1005 liunt.
1539 955 1651 1006 Urinam
1668 955 1751 1006 cient.
1787 956 1919 1022 Syriacas
1931 958 1959 1009 ln
1973 958 2026 1009 do·

1220 1024 1280 1075 lure
1299 1024 1437 1075 stunrachi
1453 1030 1546 1074 ternas
1560 1025 1588 1075 in
1606 1038 1694 1090 aquae
1713 1026 1847 1077 sextariis
1862 1024 2025 1093 decoquunt

1220 1093 1330 1160 quidam
1342 1093 1378 1144 ud
1390 1093 1545 1155 dimidium,
1567 1107 1683 1160 eumque
1701 1107 1815 1145 succum
1826 1093 1933 1146 bibunt.
1968 1094 2022 1146 Su·

1220 1165 1273 1214 dor
1283 1163 1379 1230 ricgae
1391 1163 1468 1215 corni
1480 1162 1590 1215 arboris
1600 1162 1706 1214 lamina
1716 1162 1812 1215 ferrea
1822 1163 1959 1216 madente
1969 1181 2020 1218 ex·

1219 1241 1327 1299 ceptus,
1349 1247 1404 1283 non
1415 1231 1593 1300 contingente
1604 1232 1689 1298 ligno,
1711 1232 1841 1299 illitaque
1850 1232 1918 1284 inde
1929 1231 2021 1287 ferru-

1218 1317 1264 1369 go,
1280 1301 1444 1369 incipientes
1455 1300 1579 1354 lichenas
1589 1308 1677 1352 sanat.
1713 1303 1837 1353 hrbutus
1847 1301 1907 1353 sire
1918 1304 2020 1366 unedo,

1218 1371 1338 1423 fructum
1351 1370 1408 1424 fert
1419 1370 1559 1423 difficilem
1572 1372 1757 1434 concoctioni,
1764 1377 1793 1424 et
1803 1369 1949 1426 stomacho
1958 1373 2020 1426 inu·

1218 1441 1305 1494 tilem.
1376 1460 1381 1467 ·

1252 1526 1365 1579 LXXX.
1384 1525 1494 1578 Laurus
1504 1519 1731 1580 excalfactoriam
1742 1530 1872 1587 naturum
1886 1518 1979 1592 habet,
1989 1539 2020 1584 et

1217 1597 1306 1658 foliis,
1316 1604 1345 1648 et
1355 1597 1466 1659 cortice,
1488 1601 1516 1648 et
1525 1597 1632 1648 baccis:
1653 1595 1751 1662 itaque
1762 1595 1906 1650 decoctum
1919 1614 1953 1652 ex
1965 1600 2019 1666 his,

1218 1667 1337 1718 maxime
1349 1679 1364 1716 e
1374 1664 1461 1729 foliis,
1479 1665 1612 1733 prodesse
1625 1663 1715 1715 rulris
1726 1671 1755 1716 et
1765 1667 1866 1719 vesicis
1878 1670 2018 1723 convenit.

1217 1736 1293 1787 lllita
1304 1749 1369 1786 vero
1379 1750 1536 1802 vesparum,
1547 1736 1776 1801 crabronumque,
1797 1744 1825 1788 et
1836 1739 1940 1804 apium,
1952 1740 2017 1791 item

1217 1806 1388 1871 serpentium
1400 1805 1512 1857 verrenis
1523 1806 1668 1865 resistunt,
1687 1804 1808 1858 maxime
1819 1807 1903 1874 sepis,
1925 1806 2017 1875 dipsa·

1218 1874 1269 1936 dis,
1280 1882 1309 1926 et
1320 1874 1442 1941 viperae.
1459 1874 1580 1927 Prosunt
1591 1882 1620 1925 et
1630 1874 1769 1925 mensibus
1780 1872 1945 1928 feminarum
1956 1893 2017 1930 cum

1218 1945 1281 1996 olco
1294 1951 1383 1995 cocta
1420 1945 1487 1996 Cum
1499 1943 1614 2010 polenta
1630 1951 1733 2005 autem,
1754 1958 1824 2009 quac
1844 1952 1941 1998 tenera
1954 1956 2018 1998 aunt

1218 2013 1294 2075 trita,
1314 2012 1349 2065 ud
1369 2010 1604 2065 inflammationes
1625 2012 1783 2064 oculorum:
1806 2030 1867 2067 cum
1887 2022 1959 2077 ruta,
1979 2022 2018 2068 te·

1218 2084 1315 2134 stium:
1339 2097 1400 2134 cunr
1411 2097 1534 2144 rosaceo,
1554 2080 1655 2149 capitis
1665 2080 1785 2145 dolores,
1805 2091 1853 2135 aut
1864 2099 1925 2136 cum
1938 2084 2018 2138 irino.

1218 2152 1291 2215 Quin
1310 2158 1339 2204 et
1351 2153 1581 2204 consoranducata
1592 2156 1675 2217 atque
1689 2149 1826 2205 devorata
1836 2168 1886 2221 per
1896 2154 2019 2207 triduum

1218 2230 1308 2283 terna,
1321 2221 1470 2275 liberante
1481 2222 1559 2275 tussi.
1571 2219 1675 2271 Eadem
1688 2228 1804 2287 prosunt
1814 2223 1943 2290 suspiriis
1951 2225 2019 2276 trita

1219 2306 1280 2343 cunr
1292 2290 1382 2343 melle.
1420 2293 1523 2343 Cortex
1534 2290 1638 2342 radicis
1650 2289 1788 2342 carendus
1799 2292 1932 2361 gravidis.
1957 2294 2019 2360 lpss

1220 2361 1298 2411 radix
1310 2361 1433 2412 calculos
1444 2361 1558 2428 rumpit,
1574 2360 1690 2411 iocineri
1702 2361 1815 2427 prodest
1825 2363 1915 2415 tribus
1928 2363 2017 2415 obolis

1217 2430 1245 2480 in
1256 2430 1321 2481 rino
1333 2428 1452 2482 odorato
1464 2438 1539 2497 puta
1550 2429 1633 2481 Folia
1645 2436 1711 2496 pota
1723 2431 1885 2485 vomitiones
1897 2440 2017 2485 merent.

1216 2498 1325 2551 linccae
1342 2514 1450 2552 aienses
1464 2499 1578 2552 trahunt
1594 2499 1737 2567 appositae
1752 2503 1843 2565 tritae,
1862 2501 1907 2553 vel
1924 2508 2017 2569 potae.
2074 2524 2078 2529 ·

1219 2570 1331 2621 'l'ussim
1343 2576 1467 2622 veterem
1480 2576 1508 2622 et
1519 2568 1721 2637 orthopnoeam
1740 2578 1841 2622 sanant
1856 2570 1950 2633 binae,
1971 2569 2017 2623 de·

1217 2644 1309 2691 tracto
1320 2640 1425 2691 cortice
1435 2640 1464 2690 in
1475 2641 1538 2690 rino
1550 2646 1643 2706 potae.
1657 2637 1687 2691 Si
1698 2644 1727 2691 et
1737 2636 1826 2693 febris
1836 2640 1882 2703 sit,
1893 2655 1926 2693 ex
1936 2654 2017 2707 aqua,

1217 2715 1265 2760 aut
1276 2707 1425 2776 ecligmate
1436 2724 1470 2760 ex
1481 2724 1553 2776 aqua
1562 2710 1660 2769 mulsa,
1673 2714 1721 2760 nut
1734 2723 1769 2762 ex
1779 2725 1861 2777 passo
1872 2710 2016 2762 decoctae.

1217 2777 1338 2829 Prosunt
1350 2784 1378 2829 et
1389 2775 1534 2845 phthisicis
1546 2777 1643 2830 eodem
1656 2776 1753 2839 niodo,
1776 2786 1804 2831 et
1816 2780 1943 2831 omnibus
1955 2776 2016 2830 thu-

1217 2847 1290 2899 racia
1306 2846 1522 2900 rheumatismis.
1558 2847 1628 2899 Nam
1649 2854 1678 2900 et
1695 2857 1873 2916 concoquunt
1888 2849 2016 2916 pituitam

1217 2923 1246 2969 et
1255 2915 1414 2969 extrahunt.
1426 2917 1563 2968 Adversus
1574 2916 1735 2984 scorpiones
1748 2924 1902 2985 quaternae
1913 2921 2016 2972 exrino

1215 2986 1356 3039 bibuntur.
1392 2985 1577 3051 Epinyctidns
1588 3001 1622 3038 ex
1632 2986 1696 3037 oleo
1708 2985 1808 3050 illitae,
1819 2997 1848 3039 et
1859 2988 2016 3057 lentigines,

1216 3061 1245 3107 ct
1255 3054 1368 3107 hulcera
1379 3055 1529 3113 manantia,
1540 3060 1568 3104 et
1579 3051 1691 3106 hulcera
1702 3058 1767 3118 oris,
1779 3063 1808 3107 et
1820 3055 1952 3110 furfurea
1965 3058 2018 3110 Cu·

1216 3127 1252 3176 tis
1264 3124 1436 3190 pruriginem
1448 3137 1546 3173 succus
1558 3122 1704 3173 baccarum
1717 3122 1859 3187 emendat,
1881 3132 1911 3177 et
1921 3125 2017 3194 phthi-

1214 3194 1309 3246 riasin.
1345 3191 1457 3243 Aurium
1469 3191 1560 3242 dolori
1573 3197 1602 3243 et
1612 3193 1745 3258 gravitati
1760 3193 1932 3259 instillatur,
1953 3210 2017 3248 cum

1213 3262 1278 3313 rino
1290 3266 1385 3315 uetere
1395 3267 1424 3313 et
1433 3274 1557 3312 rosaceo.
1595 3258 1748 3313 Perunctos
1761 3277 1793 3314 eo
1805 3261 1919 3331 fugiunt
1930 3280 2014 3317 rene·

1213 3338 1281 3384 nata
1290 3332 1391 3383 omnia
1427 3328 1544 3382 Prodest
1555 3336 1651 3381 contra
1661 3330 1732 3383 ictus
1744 3339 1772 3383 ct
1783 3340 1876 3397 potus,
1896 3334 2016 3386 maxime

1213 3408 1305 3453 autem
1319 3401 1378 3453 eius
1389 3396 1573 3466 laurus,quae
1584 3399 1713 3452 tenuiora
1723 3399 1807 3453 habet
1819 3401 1896 3454 fulin.
1908 3404 2016 3457 saccae

1214 3485 1275 3523 cum
1283 3470 1348 3522 rino
1360 3469 1547 3537 serpentibus,
1557 3475 1586 3520 et
1596 3469 1799 3536 scorpionibus,
1809 3478 1837 3523 et
1849 3472 1960 3524 araneis
1973 3487 2016 3524 re·

1214 3539 1325 3591 sistunt.
1360 3539 1403 3590 lix
1414 3538 1476 3591 oleo
1489 3545 1517 3591 et
1532 3545 1612 3591 aceto
1629 3537 1780 3591 illinuntur
1790 3548 1818 3591 et
1830 3540 1912 3601 lieni,
1934 3547 1962 3592 et
1973 3541 2014 3593 io·

1214 3609 1316 3661 cineri:
1342 3608 1509 3677 gangraenis
1530 3621 1592 3660 cum
1612 3606 1704 3660 melle.
1742 3608 1777 3660 lit
1799 3610 1826 3660 in
1847 3609 2014 3678 fatigatione

1213 3678 1299 3731 etiam
1310 3684 1360 3728 aut
1372 3675 1554 3743 perfrictione
1564 3692 1646 3729 succo
1658 3692 1692 3729 eo
1704 3679 1828 3746 perungi,
1850 3679 1925 3730 nitro
1936 3680 2013 3733 odie·

1213 3754 1269 3807 cto,
1281 3747 1404 3813 prodest.
1424 3744 1494 3798 Sunt
1504 3747 1551 3814 qui
1563 3746 1702 3799 celeritati
1715 3755 1809 3814 partus
1821 3747 1937 3800 multum
1950 3764 2013 3801 con·

1213 3815 1288 3868 ferre
1300 3822 1396 3880 putent
1408 3814 1538 3877 radicem,
1550 3816 1691 3868 acetabuli
1704 3831 1831 3869 mensura
1842 3818 1869 3868 in
1881 3833 1954 3885 aqua
1965 3832 2014 3886 po·

1212 3891 1284 3937 tani:
1296 3883 1436 3935 eliicaciua
1447 3890 1597 3949 recentem,
1609 3901 1690 3953 quam
1704 3886 1819 3938 aridam.
1836 3887 1954 3948 Quidam
1965 3887 2013 3938 ad·

1213 3968 1308 4005 sersus
1320 3952 1495 4019 scorpionum
1516 3955 1602 4017 ictus,
1621 3956 1716 4009 decem
1734 3955 1833 4009 baccas
1845 3956 1906 4009 dari
1917 3956 2012 4011 iubent

1212 4023 1302 4090 potui.
1339 4023 1408 4075 ltem
1421 4029 1449 4074 et
1461 4024 1490 4075 ln
1502 4025 1626 4078 remedio
1637 4041 1708 4077 uvae
1720 4026 1853 4087 iacentis,
1875 4025 2010 4093 quadran·

1213 4099 1270 4145 tem
1283 4090 1546 4158 pondobsccarum,
1557 4092 1734 4160 foliorumve,
1755 4096 1871 4163 decoqui
1883 4099 1910 4147 in
1921 4110 2012 4162 aquae

1213 4161 1343 4214 sextariis
1355 4162 1445 4213 tribus
1456 4162 1491 4214 ad
1504 4166 1613 4223 tertias,
1631 4178 1747 4230 eamque
1758 4164 1875 4216 calidam
1886 4166 2010 4232 gargari-

1212 4247 1292 4284 zare:
1304 4240 1332 4284 et
1342 4232 1368 4283 in
1381 4232 1481 4299 capitis
1493 4231 1598 4293 dolore,
1607 4232 1709 4300 impari
1720 4250 1834 4287 numero
1843 4235 2010 4288 baccascum

1213 4301 1276 4354 oleo
1288 4308 1440 4363 conterere,
1451 4309 1479 4354 et
1491 4301 1637 4354 calfacere.

1247 4387 1358 4438 Laurus
1369 4385 1521 4452 Delphicae
1538 4384 1608 4438 folia
1625 4388 1692 4439 trita
1708 4386 1868 4455 olfactaque
1884 4383 2012 4445 subinde,

1212 4457 1389 4522 pestilentiae
1411 4456 1542 4522 contagia
1563 4454 1724 4521 prohibent:
1746 4465 1824 4509 tanto
1840 4456 1929 4522 magis
1946 4454 2012 4506 siet

1212 4532 1338 4577 urantur.
1349 4525 1447 4577 Oleum
1461 4540 1495 4576 ex
1508 4524 1654 4591 Delphica,
1666 4527 1700 4577 ed
1714 4535 1817 4587 cerata,
1830 4538 2011 4592 acopumque,

1211 4593 1246 4646 ad
1258 4595 1454 4661 perfrictiones
1465 4593 1663 4654 discutiendas,
1675 4610 1774 4647 nereos
1785 4595 1931 4656 laxandos,
1942 4593 2012 4645 lete·

1211 4664 1250 4714 ris
1264 4663 1386 4725 dolores,
1398 4663 1543 4730 febresque
1554 4662 1673 4729 frigidas
1683 4664 1754 4714 utile
1767 4673 1819 4714 est.
1836 4664 1906 4714 item
1918 4663 1953 4716 ad
1966 4677 2013 4714 au·

1211 4732 1282 4783 rium
1303 4731 1440 4792 dolorem,
1461 4732 1488 4781 in
1509 4732 1574 4783 nrali
1590 4731 1687 4782 Punici
1706 4731 1808 4783 cortice
1829 4730 2009 4794 tepefactum.

1209 4802 1290 4855 Folia
1310 4800 1426 4852 decocta
1441 4800 1477 4849 ad
1493 4803 1593 4852 tertias
1609 4805 1702 4867 partes
1721 4811 1821 4866 aquae,
1841 4812 1924 4850 uram
1937 4799 2012 4853 echf-

1208 4871 1275 4923 bcnt
1295 4868 1533 4938 gargarizatione:
1554 4877 1622 4935 potu
1640 4867 1696 4918 alr-i
1717 4866 1839 4927 dolores,
1860 4866 2010 4921 intestino·

1209 4952 1334 5004 rurique.
1370 4936 1533 4988 'l'enerrima
1553 4951 1586 4989 ex
1605 4934 1647 4988 his
1659 4936 1728 4988 trita
1741 4936 1770 4987 in
1787 4935 1863 4999 rino,
1884 4936 2012 5007 papulas,

1208 5007 1394 5074 pruritusque,
1404 5004 1477 5057 illita
1489 5006 1623 5057 nomibus.
2054 5016 2059 5029 ¹

1243 5088 1372 5143 Proxime
1382 5089 1476 5143 valent
1487 5095 1581 5142 cetera
1592 5089 1663 5142 lauri
1694 5102 1786 5142 encra
1821 5087 1934 5143 Laurus
1946 5089 2010 5147 als·

1206 5159 1354 5225 pandrina,
1366 5160 1425 5211 sire
1435 5159 1529 5222 ldaen,
1541 5166 1638 5226 partus
1649 5104 1755 5211 cedem
1765 5150 2008 5222 troarnensi·

1207 5236 1236 5281 ta
1247 5228 1330 5281 trium
1343 5229 1522 5281 denariorum
1534 5228 1665 5296 pondere,
1683 5229 1712 5280 in
1722 5228 1780 5280 vini
1792 5228 1885 5283 dulcis
1951 5174 2008 5284 dns

1207 5299 1304 5351 tribus.
1340 5296 1483 5350 Secundae
1494 5298 1577 5350 etiarn
1589 5298 1679 5367 pellit,
1690 5313 1864 5367 mensesque.
1924 5299 2008 5353 odem

1206 5369 1289 5422 arodo
1311 5374 1379 5436 puta
1398 5364 1587 5433 Daphnoides,
1607 5368 1677 5434 (sice
1697 5366 1740 5419 hls
1758 5369 1915 5423 nominibus
1935 5383 2046 5438 quasa.

1206 5437 1338 5497 diximus)
1348 5436 1487 5489 silvestris
1500 5434 1595 5489 laurus
1606 5437 1735 5505 prodestr
1753 5438 1847 5493 alvum
1858 5437 1951 5501 solvit,
1962 5438 2008 5492 rel

1206 5508 1309 5560 recenti
1322 5505 1401 5568 fullo,
1415 5505 1460 5558 rel
1472 5506 1561 5569 arido,
1580 5505 1720 5561 drachmis
1731 5507 1824 5564 tribus
1836 5523 1898 5562 cuns
1908 5506 1968 5561 sals
1977 5508 2008 5561 in

1205 5575 1576 5646 lqdrcmelltemanducsts.
1613 5577 1736 5633 Pituitss
1747 5577 1888 5634 mantin
1908 5576 2008 5631 fulltmr
