4374 6014
307 296 339 359 C.
361 292 512 357 PLlNll
540 293 745 357 sacuam
771 293 937 357 Nerua.
966 294 1156 359 disson.
1188 293 1279 442 119.
1300 296 1459 360 xxxii.
1486 298 1577 362 CAP.
1596 302 1717 364 22-26.
1777 300 1841 365 36⁷

190 455 235 501 tas
257 445 370 500 cohibet
388 446 599 510 incrementum,
623 455 653 500 et
673 448 792 500 tristitia
811 448 992 517 nihirmappe·

190 525 255 571 tunt
277 518 364 570 cibos.
412 515 528 568 Variaot
548 519 708 580 coloribus,
740 519 804 570 ruia
823 520 992 585 Hispaniae,

193 587 273 640 lusca
294 587 427 654 illyrico,
458 587 539 653 nigra
564 593 593 636 et
616 602 699 638 carne
719 595 747 638 et
771 594 846 639 testa
867 589 991 640 Circeiis.

193 656 347 722 Praecipua
367 669 432 705 vero
453 652 590 706 habentur
606 657 633 707 io
655 671 816 724 quacunque
831 659 992 725 gentespis·

193 742 234 788 an,
255 740 305 777 nec
324 723 414 775 salira
427 739 479 775 sua
496 723 615 787 lubrica,
636 726 818 777 crussitudine
830 728 992 793 potiusspe·

194 793 304 858 ctanda,
324 808 405 860 quam
425 792 585 845 latitudine:
606 809 695 862 neque
712 796 740 845 in
761 796 924 862 totocopta
947 812 991 850 rac·

193 880 246 931 que
267 865 295 914 iu
319 863 455 924 arenosis,
474 860 524 913 sed
545 862 636 914 solido
658 864 738 925 rado,
757 866 895 931 spondylo
915 865 991 916 brer-i

193 940 278 1000 atquc
295 947 348 983 nan
366 944 491 992 carnoso,
513 947 564 984 nec
585 932 662 984 libris
681 934 826 994 lacinioso,
847 949 880 985 ac
891 942 952 986 tota
963 935 991 985 in

193 1003 267 1055 alra.
302 999 415 1053 Addunt
425 999 574 1067 peritiores
587 1009 691 1065 notam,
703 1004 841 1055 ambiente
853 1017 991 1069 purpureo

193 1073 269 1124 crine
291 1070 389 1129 libras,
409 1084 497 1135 eoque
519 1078 681 1137 argumento
703 1087 839 1141 generosa
860 1076 991 1138 interpre-

193 1147 299 1202 tantur,
311 1137 513 1204 calliblephara
523 1141 707 1205 appellantes.
733 1141 863 1193 Gaudent
873 1148 900 1192 et
912 1156 991 1208 pere·

192 1210 359 1330 grinatiune,
369 1206 572 1276 transferrique
583 1209 612 1261 iu
623 1211 732 1278 ignotas
741 1226 835 1280 aquas.
855 1209 901 1261 Sic
907 1212 993 1261 lirun·

213 1279 306 1330 isiaua
320 1279 349 1328 io
366 1279 473 1330 Averno
494 1286 647 1344 conrpasta,
668 1288 697 1332 et
710 1295 789 1331 suum
802 1280 923 1332 retinere
933 1294 992 1331 suc·

193 1364 265 1410 cum,
276 1355 332 1400 eta
345 1348 465 1399 Lucrino
477 1347 611 1415 adoptare
620 1350 775 1403 creduntur.
795 1350 874 1401 llaec
884 1351 941 1400 sint
951 1349 992 1399 di-

193 1417 421 1484 ctadecorpare.

1044 459 1094 508 aut
1103 450 1188 505 melle
1198 452 1291 504 Attica
1304 452 1468 519 incipientes
1478 451 1645 505 suffusiones
1657 452 1785 507 discutit:
1801 451 1843 504 in·

1045 523 1111 591 uugi
1122 530 1166 573 ter
1186 528 1298 588 oportet
1314 522 1482 573 intermissis
1505 521 1611 572 diebus.
1646 523 1750 575 Eadem
1767 524 1842 576 ratio

1044 591 1189 658 albugines
1210 591 1352 642 oculorum
1375 591 1458 642 tollit.
1494 590 1647 642 Mullorum
1670 592 1731 643 cibo
1752 594 1842 644 acient

1045 661 1189 714 oculorum
1200 657 1325 710 hebetari
1338 660 1458 711 tradunt.
1478 661 1569 726 Lepus
1580 662 1702 712 uterinus
1714 662 1773 727 ipse
1784 660 1843 727 qui·

1045 731 1106 782 dem
1118 734 1273 780 venenatus
1285 735 1337 789 est,
1359 727 1407 779 red
1419 729 1488 779 ciuis
1500 732 1560 779 rius
1571 730 1598 779 in
1612 729 1754 796 palpebris
1766 730 1838 794 pilos

1045 799 1167 859 inutiles,
1179 797 1289 849 erubos
1300 794 1421 848 cohibet.
1457 799 1494 848 Et
1506 800 1540 849 ad
1552 796 1624 848 hunc
1633 812 1711 847 usum
1723 799 1839 849 utilissi-

1044 872 1082 920 mi
1094 868 1214 921 nriaimi:
1235 868 1303 918 item
1324 866 1480 932 pectunculi
1502 868 1570 917 salsi
1587 868 1646 917 triti
1657 882 1718 918 cum
1734 866 1841 918 cedria:

1044 946 1176 997 etranae,
1202 950 1270 1001 quas
1288 935 1424 1001 diopetas,
1446 943 1474 986 et
1487 937 1635 987 calamitas
1647 942 1760 986 rorant:
1781 950 1843 985 san·

1044 1008 1107 1075 guis
1119 1020 1213 1058 earum
1233 1019 1294 1056 cum
1318 1005 1433 1055 lacrima
1454 1005 1519 1055 ritis
1529 1007 1554 1057 si
1565 1006 1662 1057 evulso
1674 1005 1732 1071 pilo
1745 1003 1840 1069 palpe-

1046 1077 1103 1128 bris
1116 1076 1252 1126 illinatur.
1288 1074 1437 1125 Oculorum
1451 1080 1584 1125 tunionem
1599 1075 1782 1138 ruboremque
1800 1088 1843 1131 se·

1045 1146 1109 1212 piue
1119 1148 1216 1195 cortex
1227 1158 1289 1194 cum
1302 1142 1375 1194 lacte
1388 1143 1535 1195 mulierum
1547 1143 1635 1194 illitus
1647 1142 1741 1194 sedat:
1753 1148 1782 1192 et
1793 1155 1843 1208 per

1044 1229 1075 1265 se
1097 1213 1246 1265 scabritias
1268 1212 1403 1263 enrendat.
1438 1213 1579 1265 invertunt
1601 1212 1696 1279 itaque
1716 1225 1800 1279 genas
1812 1210 1843 1261 id

1045 1290 1170 1349 agentes,
1181 1287 1209 1333 et
1219 1281 1446 1333 medicamentum
1456 1282 1586 1333 auferunt
1597 1288 1660 1349 post
1671 1281 1844 1347 paulum,ro·

1046 1366 1182 1420 succoque
1192 1352 1335 1418 inungunt,
1347 1358 1376 1402 et
1386 1364 1456 1417 pane
1467 1352 1600 1418 imposito
1613 1351 1748 1417 mitigant.
1785 1348 1841 1400 Eu·

1047 1422 1109 1473 dem
1128 1421 1232 1472 cortice
1244 1428 1273 1471 et
1285 1421 1447 1487 nyctalopes
1458 1428 1600 1481 curantur,
1620 1423 1648 1471 in
1659 1418 1776 1470 farinam
1789 1420 1840 1470 tri·

228 1487 362 1540 Dicemus
381 1492 410 1538 et
426 1486 461 1540 dc
476 1486 648 1549 nationibus,
667 1501 701 1539 ne
721 1485 888 1539 fraudentur
901 1486 993 1554 gloria
1040 1498 1076 1542 to
1087 1497 1116 1542 ct
1127 1505 1161 1541 ex
1172 1496 1253 1542 aceto
1264 1489 1348 1541 illito.
1368 1488 1498 1541 Extrahit
1509 1497 1537 1541 et
1549 1505 1679 1558 squamas
1689 1489 1750 1541 eius
1763 1489 1842 1541 cinis.

193 1572 245 1609 aua
255 1556 354 1608 litera:
376 1555 425 1607 sed
436 1556 560 1608 dicemus
570 1557 662 1607 aliena
673 1556 777 1625 lingua,
789 1572 913 1625 quaeque
924 1557 993 1620 peri·

194 1625 304 1678 tissima
321 1624 403 1676 huius
419 1641 551 1678 censurae
568 1627 596 1676 in
613 1634 709 1677 nostro
732 1641 802 1676 aero
824 1624 885 1675 t'uit.
922 1624 993 1674 Sunt

194 1708 261 1760 ergo
272 1694 395 1744 Muciani
406 1697 500 1755 rerba,
523 1709 595 1761 quae
604 1694 747 1744 sublicium
760 1709 765 1742 :
781 1695 921 1759 Cyzicena
934 1708 990 1741 ora·

192 1763 256 1815 iura
269 1762 413 1823 Lucrinis,
433 1763 556 1812 dulciora
576 1760 764 1820 Britannicis,
786 1761 918 1811 suaviora
934 1761 991 1809 Me·

193 1832 276 1894 dulis,
288 1831 397 1883 nemora
409 1831 542 1897 Leptiris,
561 1828 686 1896 pleniora
697 1828 879 1888 Lucensibus,
899 1827 993 1878 siccio-

192 1916 225 1953 ra
236 1899 466 1967 Coryphantenis,
478 1899 617 1950 teneriora
629 1898 743 1959 istricis,
760 1896 924 1948 candidiora
936 1896 992 1946 Cir·

194 1970 356 2022 colentibus.
391 1967 445 2020 Sed
457 1967 500 2019 his
511 1983 599 2034 neque
611 1966 746 2027 dulciora,
767 1982 856 2034 neque
872 1966 992 2017 tenerio-

99 2056 107 2067 ’
193 2052 227 2091 ru
236 2054 297 2090 esse
308 2036 366 2090 ulla
375 2044 547 2104 cunipertum
558 2042 610 2088 est.
646 2037 676 2087 ln
688 2036 783 2086 indico
795 2035 865 2086 mari
877 2036 993 2088 Alexan·

194 2107 238 2160 dri
251 2121 342 2158 rerum
354 2113 482 2158 auctores
493 2105 602 2172 pedalia
613 2105 732 2155 inveniri
748 2104 904 2170 prodidere.
935 2105 993 2154 Nec

193 2192 248 2228 non
259 2176 333 2227 inter
343 2191 393 2227 nos
402 2175 510 2241 nepotis
517 2174 659 2225 cuiusdam
669 2172 994 2225 nomenclatortridacna

195 2245 363 2314 appellarit:
386 2250 482 2296 tantae
493 2242 686 2312 amplitudinis
696 2242 818 2309 intelligi
829 2243 953 2309 cupiens,
962 2248 993 2293 ut

193 2322 239 2371 ter
249 2313 400 2368 mordenda
411 2321 513 2368 essent.

231 2385 289 2436 ilos
303 2400 398 2438 eorum
412 2384 519 2437 medica
535 2381 587 2433 hoc
598 2384 625 2431 in
638 2381 701 2431 loco
712 2385 771 2430 tota
788 2379 904 2430 dicetur.
932 2379 995 2430 Sto·

193 2454 321 2506 nrachum
341 2454 570 2504 unirereliciunts
590 2448 712 2502 fastidiis
724 2449 877 2500 medentur.
912 2447 994 2499 Addi-

195 2523 292 2591 diique
310 2522 419 2572 luxuria
430 2521 516 2588 frigus
532 2519 640 2572 obrutis
652 2519 724 2579 nive,
742 2532 849 2569 summa
860 2518 992 2568 montium

195 2598 225 2644 ct
236 2590 319 2641 maris
329 2590 386 2640 ima
395 2591 522 2642 uriacens.
558 2587 692 2640 Molliunt
701 2585 791 2637 airum
802 2586 913 2639 leniter.
942 2588 994 2637 iia·

195 2661 258 2712 dem
271 2674 382 2728 quoque
393 2665 473 2710 cocta
483 2673 543 2709 cum
555 2657 655 2716 mulso,
667 2664 802 2720 tenesmo,
813 2657 859 2723 qui
875 2657 936 2707 sine
948 2670 993 2707 ea·

195 2728 389 2781 hulceratione
400 2731 444 2790 sit,
465 2728 595 2779 liberant.
631 2725 794 2778 vesicarum
806 2724 918 2777 hulcera
929 2740 994 2791 quu-

194 2814 250 2865 que
262 2803 423 2917 repurgant.
444 2797 563 2849 Coctain
574 2793 751 2848 conchissuis
760 2796 801 2847 uti
810 2795 993 2846 clausarene·

193 2867 337 2927 rint‚mire
364 2866 575 2919 istillationibus
588 2871 711 2933 prosunt.
727 2866 992 2916 'l'estaeostrsnrum

195 2936 266 2989 cinis
276 2951 357 2988 uram
369 2935 627 2998 sedut,ettonsillas
640 2934 768 2986 admixto
777 2933 869 2985 aselle.
886 2932 992 2985 Eodem

193 3005 278 3058 modo
290 3005 444 3127 parotidas,
459 3020 555 3071 panos,
567 3016 803 3070 mammarumque
813 3003 939 3063 duritias,
949 3014 992 3052 ca·

194 3076 284 3194 pitulo
313 3072 991 3141 ulceraeraqua:cutemquemulierumextendit.

210 3144 368 3213 nspergitur
376 3153 404 3198 et
413 3145 557 3196 ambustis.
576 3141 886 3206 Etdentiiricioplaeet.
902 3140 992 3189 Pruri-

192 3216 270 3267 tlbus
282 3230 392 3282 quoque
404 3213 629 3280 eteruptionihus
642 3209 759 3277 pituitae
769 3224 804 3259 ex
815 3206 993 3257 acetomede·

191 3291 247 3335 tur.
269 3283 375 3334 Crndae
386 3282 409 3332 si
420 3281 580 3343 tundantur,
592 3287 715 3331 strumas
725 3282 834 3336 sanant,
845 3281 873 3327 et
884 3275 993 3341 pernio-

191 3367 242 3405 nes
254 3351 364 3418 pedum.
384 3351 523 3416 l'ur'purae
532 3352 856 3415 quoquecootrareuena
867 3351 991 3412 prosunt.

228 3421 315 3472 xxti.
335 3417 376 3471 1o.
396 3419 431 3469 Et
443 3418 533 3485 algam
547 3416 632 3466 maris
644 3412 787 3467 theriace'ri
801 3429 873 3477 esse,
894 3414 993 3466 Nican-

192 3489 243 3541 der
257 3487 355 3539 tradit.
391 3487 475 3539 Plura
490 3487 549 3537 eius
564 3499 677 3552 genera,
698 3486 738 3536 uti
758 3484 890 3536 diximus:
908 3483 992 3550 longo

191 3557 264 3610 lolio
276 3564 304 3609 et
316 3557 424 3618 latiore,
440 3557 565 3618 rubente,
581 3555 672 3606 aliare
683 3554 783 3620 crispo.
821 3552 992 3605 Laudatissi·

191 3642 248 3688 rna,
259 3641 329 3692 quae
339 3630 365 3676 in
375 3629 456 3678 Creta
467 3625 562 3676 insula
570 3624 648 3676 iuxta
658 3632 759 3676 terram
771 3624 799 3674 in
812 3623 898 3691 petris
906 3622 992 3673 nasei·

193 3704 252 3748 tur:
270 3694 409 3763 tingendis
431 3695 515 3745 etiam
530 3694 603 3746 lanis
623 3693 798 3744 itacolorem
815 3692 940 3759 alligans,
959 3698 992 3742 ut

195 3764 249 3816 elui
261 3773 358 3830 postea
376 3778 429 3814 non
440 3765 537 3830 possit.
573 3766 596 3815 E
608 3763 672 3814 rino
684 3763 761 3815 iubet
773 3775 832 3813 earn
844 3761 915 3812 dari.

231 3832 329 3884 xxur.
348 3834 492 3899 alopecias
514 3831 604 3899 replet
624 3832 801 3899 hippocampi
814 3832 893 3893 cinis,
916 3831 990 3881 nitro

194 3910 224 3953 et
234 3901 315 3969 adipe
326 3902 409 3954 suillo
423 3904 533 3965 mistus,
554 3909 603 3953 aut
613 3904 735 3953 atticenus
747 3916 779 3953 ex
793 3910 881 3952 aceto.
911 3900 992 3951 Prae-

194 3978 293 4038 parant
304 3980 396 4023 autem
408 3973 547 4036 sepiarum
560 3977 670 4021 crustae
682 3970 773 4021 farina
781 3970 991 4021 medicamentis

194 4048 293 4101 cutem,
315 4047 344 4091 et
357 4038 441 4091 muris
452 4040 553 4090 marini
563 4039 631 4089 cinis
643 4052 703 4088 cum
722 4039 799 4089 oleo:
820 4040 886 4089 item
900 4039 990 4089 echini

193 4124 255 4162 cum
268 4108 399 4159 carnibus
417 4107 475 4157 suis
498 4109 626 4158 cremati:
649 4107 687 4157 iel
705 4107 860 4170 scorpionis
881 4108 990 4157 marini.

190 4178 332 4231 Ranarum
345 4190 455 4242 quoque
467 4176 559 4237 trium,
572 4175 596 4224 si
607 4175 689 4225 rivae
704 4174 731 4223 in
749 4174 805 4224 olla
816 4188 990 4226 concremen-

190 4257 249 4310 tur,
260 4247 329 4297 cinis
341 4260 401 4295 cum
420 4243 513 4296 melle:
532 4243 630 4294 melius
641 4243 774 4308 cumpice
788 4240 904 4308 liquida.
941 4244 991 4294 Ca·

189 4318 289 4386 pilltnn
306 4315 453 4379 denigrant
473 4312 669 4380 sanguisugae,
690 4326 760 4379 quae
780 4311 808 4361 in
825 4312 906 4376 nigro
924 4312 990 4363 rino

189 4387 292 4438 diebus
304 4382 353 4434 LX
365 4389 569 4447 computruere.
597 4382 650 4432 Alii
661 4381 688 4432 in
699 4380 773 4433 aceti
783 4381 914 4432 sextariis
924 4380 991 4434 duo·

189 4457 244 4508 bus
260 4453 490 4521 sanguisugarum
512 4453 662 4502 sextarium
675 4452 702 4502 iu
722 4465 787 4501 rasa
808 4449 936 4515 plumbeo
950 4451 990 4501 iu·

188 4525 259 4576 bent
273 4530 433 4591 putrescere
449 4521 566 4573 totidem
579 4520 683 4581 diebus,
706 4534 768 4570 mos
782 4518 855 4569 illini
872 4520 900 4570 in
914 4520 989 4571 Sole.

191 4593 339 4645 Sor-nutius
351 4598 458 4643 tantam
472 4591 526 4642 rint
539 4589 608 4641 banc
620 4591 714 4650 tradit,
732 4598 762 4639 ut
776 4589 827 4638 nisi
838 4589 929 4640 oleum
941 4604 989 4639 ore

191 4663 353 4713 contineant
363 4663 408 4729 qui
420 4661 539 4728 tingunt,
561 4659 657 4710 dentes
673 4674 782 4725 quoque
800 4673 896 4710 eomrm
916 4659 990 4710 deni·

191 4733 270 4797 grari
281 4731 365 4783 dicat.
394 4731 499 4799 Capitis
512 4728 679 4788 lrulreribus,
691 4729 822 4778 muricum
834 4728 876 4779 rel
889 4742 990 4794 purpu-

191 4814 285 4852 rarum
297 4808 387 4853 testae
399 4802 468 4851 cinis
485 4814 546 4851 cum
566 4799 646 4850 melle
657 4799 766 4850 utiliter
777 4796 908 4848 illinitur:
928 4813 990 4848 ron·

193 4866 361 4936 chyliurum,
372 4871 416 4921 rel
427 4870 449 4922 si
460 4885 515 4920 non
527 4874 650 4929 urantur,
665 4869 716 4920 lari
738 4882 753 4917 a
766 4882 798 4918 ex
811 4883 894 4932 aqua:
912 4866 991 4917 dola·

189 4938 279 5001 ribus,
289 4946 445 4991 castoreum
462 4954 523 4991 cum
537 4938 696 5007 peucedano
750 4951 872 4988 rosaceo.

229 5009 328 5063 XXlV.
347 5011 476 5062 Omnium
487 5009 604 5075 piscium
618 5006 795 5059 lluriatilium
810 5007 989 5058 nrarinorum·

189 5092 246 5146 qus
266 5080 351 5146 adeps
368 5077 536 5148 liquefactus
550 5078 616 5130 Sole
637 5077 760 5128 admixto
779 5077 868 5137 melle,
892 5075 987 5129 oculo·

186 5162 253 5200 runs
264 5149 386 5201 claritati
399 5147 544 5215 plurimum
554 5146 675 5198 confert:
688 5147 752 5198 item
762 5154 917 5197 castoreum
927 5160 987 5196 cum

187 5217 283 5269 melle.
320 5217 487 5283 callionymi
510 5217 547 5268 tel
570 5218 713 5268 cicatrices
732 5222 820 5275 sanat,
839 5222 868 5266 et
890 5229 988 5265 «zaroes

189 5285 335 5337 oculorium
348 5300 531 5351 supervacuas
543 5288 687 5338 consumit.
724 5285 797 5336 Nulli
810 5283 862 5335 hoc
873 5285 987 5349 piscium

189 5354 343 5420 copiosius,
362 5362 392 5404 ut
413 5354 584 5404 existimarit
602 5354 756 5407 Menander
775 5369 884 5420 quoquc
904 5354 931 5402 in
943 5366 988 5403 co·

186 5422 318 5474 ntocdiis.
356 5421 431 5473 idem
450 5421 536 5488 piscis
555 5430 582 5473 et
604 5438 791 5489 uranoscopos
812 5428 935 5483 rocntur,
952 5424 999 5472 ab·

184 5491 271 5542 oculo
284 5504 364 5560 quem
377 5490 506 5556 incapite
589 5496 609 5545 t.
645 5494 681 5544 [it
695 5492 816 5543 coracini
833 5490 870 5543 tel
883 5490 988 5543 excitat

183 5560 287 5612 risum.
323 5561 359 5613 ut
380 5558 480 5612 nunde*
612 5561 875 5616 ⁸²·rullcumulco
893 5569 988 5615 retere

1046 1559 1195 1609 Cicatrices
1207 1558 1348 1608 oculorum
1361 1574 1421 1609 cum
1434 1558 1516 1609 melle
1525 1567 1615 1621 sanat,
1637 1558 1769 1626 pterygia
1780 1571 1843 1608 cum

1044 1626 1104 1677 sale
1115 1632 1143 1678 et
1156 1625 1267 1677 cadmia
1278 1625 1396 1694 singulis
1408 1626 1554 1677 drachmis.
1574 1628 1712 1678 Emendat
1723 1634 1751 1678 et
1762 1625 1841 1677 albu-

1045 1695 1123 1761 gines
1135 1694 1277 1744 oculorum
1290 1696 1485 1745 iumentorum.
1513 1697 1596 1746 diurrt
1608 1702 1637 1747 ct
1649 1696 1770 1747 ossiculo
1781 1695 1842 1746 eiua

1045 1779 1140 1830 genas,
1150 1763 1173 1812 si
1186 1770 1319 1823 terantur,
1329 1764 1430 1813 sanari.
1454 1761 1553 1813 Echini
1565 1779 1600 1815 ex
1612 1771 1692 1815 aceto
1704 1764 1843 1830 epinycti-

1046 1833 1095 1883 das
1108 1832 1220 1882 tollunt.
1257 1831 1381 1882 Eundem
1399 1832 1523 1883 coniburi
1538 1848 1598 1884 curu
1617 1834 1749 1898 viperinis
1761 1830 1842 1898 pelli·

1045 1899 1096 1950 bus
1107 1902 1246 1965 ranisque,
1257 1907 1285 1951 et
1296 1900 1417 1952 cinerem
1429 1903 1540 1968 aspergi
1553 1903 1659 1969 potioni
1672 1902 1768 1953 iubent
1778 1902 1841 1952 Ma-

1045 1969 1082 2035 gi,
1093 1969 1252 2020 claritatem
1264 1968 1342 2020 risus
1353 1970 1556 2034 promittentes.
1593 1970 1843 2037 lchthyocollaap·
1903 1982 1932 2005 =⁴
2022 1974 2026 1983 '

1045 2038 1165 2106 pellatur
1175 2036 1271 2103 piscis,
1282 2037 1325 2087 cui
1336 2038 1505 2104 glutinosum
1517 2048 1561 2089 est
1574 2040 1692 2090 corium:
1714 2039 1842 2104 idemque

1046 2123 1144 2160 nonreu
1161 2106 1270 2175 glutino
1289 2107 1357 2157 eius.
1395 2107 1457 2159 lioc
1468 2108 1645 2175 epinyctidas
1655 2108 1742 2158 tollit.
1779 2107 1844 2168 uui·

1046 2177 1110 2228 dam
1122 2192 1156 2229 ex
1169 2182 1272 2237 rentre,
1284 2191 1338 2229 non
1351 2190 1365 2226 e
1377 2177 1465 2239 corio,
1487 2177 1548 2228 deri
1559 2177 1656 2229 dicunt
1668 2170 1841 2243 ichthyoc‘ul·

1047 2246 1110 2308 lani,
1127 2251 1157 2295 ut
1166 2245 1302 2314 glutinum
1314 2245 1461 2297 taurinum.
1491 2246 1633 2297 Laudatur
1644 2246 1769 2307 Pontica,
1781 2261 1843 2297 can·
1917 2262 1923 2291 r

1046 2314 1121 2377 dida,
1134 2323 1162 2365 et
1174 2328 1271 2366 carens
1283 2315 1358 2364 renis
1370 2315 1555 2382 squamisque,
1571 2322 1600 2368 et
1611 2331 1684 2383 quae
1696 2315 1842 2367 celerrime

1046 2383 1184 2450 liquescit.
1220 2382 1382 2435 Madcscere
1403 2391 1495 2435 autem
1507 2383 1590 2435 debet
1600 2387 1710 2434 concisa
1721 2383 1748 2432 in
1760 2396 1843 2449 aqua,

1047 2461 1096 2504 aut
1107 2455 1134 2504 in
1145 2458 1224 2502 aceto
1235 2457 1317 2502 nocte
1327 2466 1359 2501 ac
1371 2452 1429 2502 die:
1450 2466 1516 2502 nrox
1526 2452 1606 2503 tundi
1619 2451 1733 2501 urarinis
1745 2450 1843 2517 lapidi·

1047 2524 1109 2583 bus,
1120 2527 1150 2571 ut
1163 2518 1273 2570 facilius
1286 2518 1430 2586 liquescat.
1454 2520 1555 2570 Utilem
1568 2535 1628 2571 eam
1641 2520 1669 2569 ln
1682 2518 1780 2583 capitis
1791 2518 1841 2569 do·

1047 2588 1312 2649 loribnsallirmant,
1325 2587 1542 2640 ettetanothris.
1563 2586 1843 2639 Ranaedeaterocu·

1046 2661 1089 2712 lus
1102 2658 1332 2720 dextrariorum
1345 2656 1442 2709 laesus
1451 2657 1578 2724 suspensi
1588 2673 1604 2709 e
1616 2656 1689 2708 collo
1700 2656 1788 2706 nativi
1798 2670 1844 2709 co·

1046 2730 1113 2780 loris
1130 2743 1229 2795 panno,
1248 2726 1430 2794 lippitudines
1449 2734 1558 2780 sanant.
1594 2724 1710 2788 Quodsi
1724 2724 1843 2789 percol-

1046 2806 1103 2849 tum
1119 2813 1202 2849 ranae
1214 2802 1356 2860 eruantur,
1371 2796 1529 2863 albuginem
1541 2810 1660 2862 quoque,
1677 2793 1785 2860 alligati
1803 2794 1841 2844 si·
1884 2820 1890 2829 -

1047 2868 1150 2918 militer
1161 2867 1188 2917 in
1202 2865 1345 2934 putamine
1355 2868 1408 2917 ori.
1443 2865 1578 2931 Reliquae
1590 2878 1685 2915 carnes
1696 2862 1843 2929 impositae

1045 2936 1255 3004 sugillationem
1268 2935 1390 3003 rapiunt.
1426 2935 1524 2986 Cancri
1537 2935 1621 2985 etiam
1634 2931 1733 2983 oculos
1744 2931 1843 2983 adalli-

1046 3014 1127 3073 gatos
1139 3005 1213 3057 collo
1224 3006 1328 3057 mederi
1342 3004 1498 3070 lippitudini
1510 3003 1611 3054 dicunt.
1644 3003 1692 3052 list
1704 3015 1790 3067 parra
1801 3016 1844 3053 ra·

1046 3090 1080 3126 nn
1093 3078 1119 3124 in
1131 3075 1304 3126 arundinetis
1317 3080 1345 3125 et
1362 3072 1455 3123 herbis
1468 3073 1587 3121 nraxlme
1597 3070 1702 3131 virens,
1721 3078 1800 3122 nruta
1810 3086 1844 3122 ac

1044 3147 1104 3195 sine
1117 3159 1193 3202 esoce,
1215 3142 1320 3201 viridis,
1340 3143 1364 3189 si
1375 3139 1448 3191 tacte
1460 3138 1614 3199 hauriatur,
1635 3146 1747 3191 ventres
1757 3139 1843 3192 boum

1046 3210 1214 3261 distendens.
1251 3209 1341 3259 liuius
1359 3209 1485 3274 corporis
1505 3208 1648 3258 herrorem
1658 3208 1780 3275 specillis
1792 3209 1842 3262 de·

1045 3294 1137 3330 rasum
1161 3276 1318 3328 claritatem
1341 3277 1430 3327 oculis
1455 3277 1573 3328 inunctis
1596 3284 1710 3328 narrant
1729 3277 1842 3331 afferre:

1044 3349 1174 3415 ipsasque
1194 3360 1292 3398 carnes
1312 3345 1457 3396 doloribus
1478 3347 1620 3396 oculorum
1643 3353 1842 3413 superponunt.

1045 3417 1136 3468 Ranas
1156 3415 1240 3467 ctiam
1262 3413 1418 3481 quindecim
1440 3414 1580 3466 coniectas
1596 3414 1623 3464 in
1641 3414 1727 3467 lictllc
1739 3431 1842 3466 norunt

1044 3486 1131 3537 iuncis
1142 3488 1284 3552 conligunt
1305 3484 1432 3552 quidam:
1454 3500 1592 3551 succoque
1605 3499 1709 3549 earum,
1730 3484 1779 3550 qui
1799 3485 1844 3535 ita

1046 3554 1194 3616 effluxerit,
1205 3555 1360 3605 admiscent
1371 3554 1435 3605 ritis
1447 3555 1527 3605 albae
1537 3554 1689 3614 lacrimam,
1707 3562 1791 3619 atque
1801 3555 1843 3606 ita

1044 3625 1191 3694 palpebras
1203 3624 1360 3685 emendant,
1369 3623 1514 3675 inutilibus
1525 3623 1590 3688 pilis
1601 3621 1730 3684 exemtis,
1738 3636 1789 3673 acu
1802 3622 1843 3673 in·

1044 3697 1186 3747 stillantes
1197 3693 1269 3745 hunc
1283 3708 1393 3744 succum
1410 3693 1438 3743 in
1451 3692 1571 3761 vestigia
1581 3691 1748 3743 errrlsorum.
1783 3691 1843 3743 Mc·

1042 3782 1093 3835 ges
1114 3763 1279 3831 psilothrum
1299 3762 1490 3829 palpebrarum
1510 3761 1632 3814 iaciebat
1647 3761 1674 3810 in
1685 3767 1766 3813 aceto
1779 3775 1843 3813 ene·

1043 3850 1109 3887 caus
1121 3839 1319 3901 putrescentes,
1341 3836 1369 3884 el
1379 3831 1413 3882 ad
1426 3830 1480 3882 hoc
1489 3833 1623 3884 utebatur
1634 3830 1728 3880 multis
1740 3829 1840 3881 ratiis·

1044 3919 1151 3971 queper
1163 3903 1328 3970 aquationes
1338 3901 1463 3953 autumni
1473 3901 1659 3953 nascentibus.
1679 3899 1753 3951 idem
1765 3912 1842 3963 prac-

1043 3982 1120 4024 stnre
1140 3973 1369 4039 sanguisugarum
1392 3971 1461 4021 cinis
1480 3986 1514 4022 er
1526 3977 1606 4021 aceto
1619 3967 1707 4018 illitus
1719 3972 1841 4031 putatur.

1044 4043 1173 4092 Comburi
1185 4057 1232 4092 eas
1244 4046 1357 4105 oportet
1369 4040 1395 4089 in
1408 4055 1478 4090 novo
1491 4054 1563 4090 case.
1593 4038 1668 4089 idem
1681 4037 1791 4084 taeniae
1803 4034 1841 4084 ie·

1044 4125 1094 4161 eur
1103 4110 1234 4159 siccatum
1245 4108 1369 4175 pondere
1380 4108 1406 4157 Χ
1422 4106 1536 4169 lV,cum
1548 4106 1610 4157 oleo
1621 4102 1732 4155 cedrino
1745 4116 1842 4169 perun·

1044 4180 1096 4229 ctis
1109 4178 1170 4242 pilis
1182 4192 1280 4227 norem
1293 4176 1439 4227 mensibus.

1079 4246 1166 4298 XXV.
1185 4247 1302 4296 duribus
1323 4244 1504 4294 utilissimum
1524 4240 1619 4293 batiae
1640 4240 1722 4308 piscis
1743 4238 1781 4290 fel
1798 4254 1840 4292 re·

1043 4332 1118 4376 cens,
1140 4315 1188 4364 aed
1203 4322 1231 4365 et
1246 4315 1429 4365 inveteratum
1452 4313 1530 4363 rino:
1555 4309 1619 4360 item
1632 4306 1740 4371 bacchi,
1758 4323 1841 4375 quem

1043 4384 1154 4451 quidam
1168 4396 1289 4450 rrryaona
1306 4387 1419 4433 rorant:
1441 4383 1507 4432 item
1519 4378 1679 4447 callionymi
1690 4393 1750 4429 cum
1763 4393 1840 4428 rosa-

1043 4470 1094 4505 ceo
1112 4453 1250 4503 inlusum:
1273 4452 1316 4504 rel
1338 4456 1493 4502 castoreum
1516 4463 1576 4499 cunr
1590 4447 1737 4515 papaveris
1749 4461 1840 4498 succo.

1043 4526 1151 4577 Vocant
1162 4530 1190 4574 et
1201 4523 1229 4572 in
1240 4521 1310 4572 mari
1322 4519 1474 4588 pediculos,
1498 4532 1600 4584 eosque
1612 4518 1696 4570 tritus
1708 4516 1842 4568 instillari

1043 4608 1079 4645 ex
1090 4600 1170 4644 aceto
1182 4592 1296 4642 auribus
1307 4592 1412 4642 iubent.
1431 4590 1467 4641 Et
1479 4603 1528 4653 per
1538 4602 1568 4638 se
1577 4585 1726 4654 conchylio
1736 4584 1842 4638 infecta

1043 4661 1108 4712 lana
1120 4675 1287 4729 magnopere
1299 4659 1422 4727 prodest.
1442 4658 1557 4720 Quidam
1570 4664 1649 4708 aceto
1660 4663 1689 4707 et
1700 4655 1773 4705 nitro
1785 4669 1842 4705 ma·

1043 4731 1192 4783 defaciuot.
1205 4729 1330 4797 Suntque
1341 4730 1387 4795 qul
1398 4730 1545 4793 praecipue
1557 4733 1655 4777 contra
1665 4724 1758 4775 omnia
1768 4725 1842 4776 auri·

1042 4816 1088 4851 um
1101 4801 1168 4851 ritia
1180 4798 1292 4851 laudent
1299 4799 1360 4867 gari
1371 4797 1534 4849 excellentis
1546 4794 1687 4864 cyathum,
1698 4793 1789 4845 mellis
1803 4793 1844 4844 di·

1042 4869 1129 4921 midio
1150 4871 1279 4935 amplius,
1298 4869 1370 4920 aceti
1393 4865 1526 4933 cyathum
1543 4864 1570 4915 in
1584 4865 1671 4917 calice
1682 4878 1751 4915 noro
1764 4863 1842 4914 lenta

1043 4954 1130 5005 pruna
1140 4938 1304 5004 decoquere,
1324 4935 1443 4988 subinde
1453 4949 1550 5002 spuma
1560 4935 1657 5002 pennis
1670 4932 1790 4994 detersa,
1811 4937 1841 4981 et

1042 5016 1188 5075 postquam
1202 5007 1317 5059 desierit
1327 5018 1470 5072 spumare,
1485 5005 1606 5070 tepidum
1619 5001 1774 5055 infundere.
1811 4996 1841 5049 Si

1042 5083 1167 5129 tumeant
1183 5092 1275 5139 aures,
1294 5074 1438 5127 coriandri
1448 5087 1530 5125 succo
1542 5077 1618 5139 prius
1630 5069 1796 5138 mitigandas
1807 5066 1841 5118 ii-

1044 5147 1105 5198 dem
1118 5146 1304 5213 praecipiunt.
1340 5145 1481 5196 Ranarum
1501 5144 1586 5209 adeps
1598 5141 1760 5199 instillatus,
1781 5141 1840 5184 sta·

1042 5216 1213 5268 timdolores
1233 5215 1320 5267 tollit.
1356 5216 1522 5265 Cuocrrrrum
1546 5210 1720 5263 fluviatilium
1742 5218 1840 5284 succus

1042 5301 1102 5338 cum
1115 5284 1207 5337 terina
1216 5283 1375 5338 hordeacea
1387 5284 1494 5333 aurium
1506 5280 1667 5333 vulneribus
1684 5273 1842 5325 efficacissr.

1042 5370 1086 5406 me
1097 5355 1219 5421 prodest.
1256 5353 1403 5406 Parotides
1421 5353 1554 5403 muricum
1575 5354 1664 5400 testae
1676 5343 1767 5393 cinere
1778 5354 1840 5391 eum

1042 5425 1133 5486 nielle,
1153 5424 1199 5476 rel
1209 5422 1417 5491 conchyliorum
1430 5437 1463 5475 er
1476 5421 1565 5471 mulso
1579 5419 1718 5492 curantur.

1076 5493 1175 5546 xxvi.
1194 5493 1327 5545 flentium
1339 5493 1451 5543 dolores
1471 5489 1605 5541 sedantur
1617 5481 1725 5531 ossibus
1742 5478 1827 5531 druco

1042 5566 1085 5615 nis
1104 5562 1206 5616 nrurlui
1222 5564 1385 5616 scarllicatis
1402 5558 1538 5629 gingivis:
1562 5549 1675 5604 ccrcbtu
1697 5548 1839 5603 caniculae
