4368 6008
332 243 396 307 rsa
482 240 514 303 c.
551 220 936 300 rnrnrr'sac'unnr
968 228 1133 295 sarua
1168 225 1356 288 staron.
1402 222 1585 297 araas.
1631 226 1721 288 cnr.
1750 228 1878 291 sem.

335 406 404 449 raro
424 398 453 446 et
469 397 567 446 contra
579 386 740 457 purulentas
752 384 959 438 exscreationes
971 382 1063 436 siccae
1073 382 1138 438 dra·

336 463 433 518 chmas
444 461 524 525 duas,
546 457 685 526 sulphuris
704 470 787 506 unam
800 462 827 506 et
838 454 983 507 dimidiam
993 453 1065 505 sumi
1076 467 1139 504 cen·

337 540 414 588 aeut:
434 538 463 585 ot
486 537 584 583 contra
600 531 739 587 cruentas,
760 538 854 576 rantes
874 531 931 578 tres
943 525 971 575 in
982 523 1047 575 vino
1059 521 1140 574 deco·

337 612 411 657 ctos.
447 602 539 653 Datur
551 606 580 649 et
592 596 779 662 dysentericis
790 609 852 645 cum
865 609 948 646 casco
959 595 988 645 in
999 593 1063 644 rino
1075 605 1140 643 con·

339 675 417 735 trita.
453 669 598 721 Dederuut
609 672 638 716 et
650 678 712 715 cunr
722 664 860 716 bitumine
871 664 1014 715 infriatam
1029 660 1140 729 potioni

338 748 455 813 propter
465 735 629 789 anhelitum.
666 736 708 786 lix
728 735 787 785 alto
800 733 886 800 lapsis
897 734 1008 784 sentinis
1021 738 1079 782 tres
1092 745 1140 780 un·

260 802 265 807 ⁰
339 813 407 866 cias.
443 808 507 860 olei
518 805 590 856 libre
600 802 714 870 viniquo
725 805 849 855 sextario
860 803 981 854 illinitur
1000 814 1062 851 cunt
1075 799 1139 851 olco

340 883 426 933 coctis
438 876 523 939 foliis,
534 874 662 941 partibus
674 889 742 941 qnos
754 872 843 941 frigus
854 872 1004 924 adusserit.
1041 869 1071 921 Si
1082 868 1139 919 uri·

339 964 404 1001 nam
414 952 516 1008 moret,
536 952 568 995 ut
579 943 750 1012 Hippocrati
760 942 989 1003 :ructuantium
1000 945 1043 990 est
1054 951 1138 1006 quos·

338 1019 402 1071 dam
414 1018 481 1069 dare
492 1013 570 1067 velut
580 1011 753 1066 inhibentem
765 1012 960 1079 potuissetis
969 1010 1140 1060 incontinen-

338 1086 408 1140 tiam
421 1088 527 1137 urinae.
554 1083 657 1135 Psoras
670 1091 698 1135 et
710 1082 802 1149 lepras
810 1095 870 1132 cum
883 1080 966 1131 melle
977 1084 1007 1130 et
1018 1076 1140 1128 alumine

338 1158 414 1210 illita
425 1154 564 1210 entendat.
602 1154 673 1204 item
684 1151 847 1217 vitiligines,
859 1162 998 1209 verrucas,
1010 1154 1141 1207 structas,

340 1233 369 1281 et
389 1224 503 1288 similia,
525 1238 587 1273 cum
605 1221 739 1289 strychno
756 1228 784 1272 et
794 1219 876 1287 adipe
886 1217 971 1269 suillo
985 1232 1018 1269 ac
1027 1216 1141 1266 taurino

339 1310 418 1349 sero.
437 1297 505 1346 item
518 1292 609 1359 ignem
622 1305 730 1343 sacrum
743 1304 778 1342 ex
789 1294 869 1341 aceto
881 1292 909 1341 et
919 1287 993 1348 olen,
1003 1284 1048 1338 vel
1058 1284 1141 1352 palnt-

340 1362 458 1418 mithio:
480 1360 678 1414 carbunculum
690 1374 725 1413 ex
743 1364 834 1411 aceto.
870 1355 1005 1409 Nonnulli
1025 1354 1140 1421 laserpi-

340 1436 411 1487 tium
424 1447 479 1485 una
488 1431 561 1483 illini
572 1431 677 1493 iubent,
688 1429 815 1495 sineque
827 1426 1004 1495 epinyctidas
1015 1425 1141 1491 pustulas

342 1510 448 1557 curant.
469 1503 616 1567 imponunt
625 1505 654 1551 et
664 1502 789 1550 mammis
802 1497 977 1564 turgentibus
988 1495 1142 1556 decoctam,

342 1580 371 1627 et
392 1572 513 1639 pituitae
532 1568 724 1636 eruptionibus
744 1583 805 1619 cum
828 1582 899 1618 cera.
937 1567 1064 1619 'restium
1078 1577 1142 1615 vero

343 1640 484 1710 epiphoris
501 1654 562 1691 cum
574 1640 659 1691 ramis
669 1638 782 1689 laureae
792 1638 902 1700 teneris,
923 1635 994 1688 adeo
1010 1631 1142 1702 peculiari

344 1715 372 1763 in
384 1708 534 1765 uisceribus
546 1706 587 1759 his
600 1707 710 1770 effectu,
728 1714 759 1758 ut
777 1708 899 1759 silcestri
911 1713 976 1757 ruta
986 1721 1046 1756 cum
1059 1718 1142 1755 uxuri-

344 1781 392 1848 gia
411 1778 499 1831 veteri
519 1778 608 1828 illitos
628 1779 748 1830 ramices
769 1780 860 1828 sanari
876 1776 1006 1844 prodant.
1042 1774 1144 1823 Fracta

344 1864 453 1917 qnoque
481 1848 605 1900 membra
626 1847 733 1899 semine
760 1848 829 1899 trito
857 1861 919 1897 cunr
946 1859 1010 1897 cera
1029 1842 1143 1909 imposi-

344 1931 383 1970 to.
421 1916 510 1969 iiadix
531 1922 612 1967 rutae
623 1916 785 1982 sanguinem
798 1913 889 1967 oculis
899 1913 1043 1973 suffusum,
1063 1920 1091 1963 et
1102 1919 1144 1962 to·

343 1996 374 2039 to
395 1999 513 2052 corpore
535 1988 681 2037 cicatrices
702 1990 752 2036 aut
765 1985 891 2036 maculas
911 1984 985 2047 illita
998 1981 1142 2033 emendat.

342 2056 386 2108 Ex
403 2056 519 2121 reliquis
528 2069 598 2123 quae
609 2054 766 2117 traduntur,
778 2054 878 2105 mirum
890 2059 942 2114 est,
961 2066 1022 2103 cum
1034 2049 1142 2102 ferren-

343 2134 399 2179 tem
415 2131 496 2177 rutae
513 2130 640 2175 naturam
657 2125 885 2185 esseconreniat,
908 2120 1072 2173 fasciculum
1084 2120 1143 2171 eins

343 2197 373 2248 in
390 2207 506 2247 rosaceo
525 2192 670 2244 decoctum
688 2191 786 2244 addita
800 2195 882 2244 uncia
893 2192 984 2251 aloes,
1005 2188 1145 2256 perunctis

291 2314 293 2317 ,
344 2263 477 2317 sudorem
488 2262 649 2330 reprimere.
686 2261 809 2329 itemque
821 2262 1017 2329 generationes
1031 2257 1145 2326 impedi·

345 2334 372 2387 ri
385 2333 440 2386 huc
449 2334 526 2386 cibo:
544 2330 609 2385 ideo
621 2334 649 2382 in
661 2331 796 2399 profluvio
808 2330 925 2397 genitali
937 2329 1029 2393 datur,
1048 2335 1077 2381 et
1095 2327 1146 2380 Vu-

308 2420 312 2429 ·
345 2404 551 2457 neremcrebro
573 2417 623 2469 per
638 2400 746 2453 somnia
764 2400 990 2467 imaginantibus.
1026 2397 1144 2450 Praeca-

345 2471 466 2526 rcndum
490 2476 533 2525 est
551 2471 683 2540 gravidis,
701 2470 863 2523 abstineant
884 2469 936 2521 hoc
957 2469 1032 2520 cibo:
1052 2466 1147 2520 necari

346 2545 419 2595 enim
431 2547 528 2609 partus
539 2541 657 2594 invenio.
694 2539 799 2592 Eadem
816 2553 849 2591 ex
861 2538 988 2589 omnibus
999 2538 1067 2587 sati:
1078 2551 1144 2604 qua·

347 2612 500 2677 drupedum
521 2625 632 2678 quoque
652 2610 755 2661 morbis
766 2610 795 2659 in
816 2608 1002 2659 maximousu
1014 2613 1065 2668 est,
1086 2606 1146 2657 sire

348 2678 461 2735 difficile
482 2679 666 2746 spirantibus,
686 2681 746 2731 sire
764 2685 861 2730 contra
879 2676 1069 2729 maleficorum
1086 2674 1146 2726 sni·

346 2750 461 2802 mallum
481 2751 565 2811 ictus,
584 2748 678 2801 infusa
689 2763 738 2814 per
748 2763 828 2799 nares
844 2762 878 2799 ex
892 2747 971 2799 rino:
988 2751 1038 2798 aut
1048 2744 1073 2796 si
1083 2758 1147 2795 san·

265 2826 270 2835 ‘
347 2821 428 2888 guisu
452 2836 468 2870 a
480 2818 649 2879 exhauserit,
661 2832 695 2868 ex
707 2823 799 2869 aceto:
816 2823 844 2868 ct
854 2830 1018 2883 quocunque
1029 2817 1058 2867 in
1068 2813 1145 2864 simi·

346 2888 367 2940 li
378 2904 440 2940 mor
478 2903 538 2938 rum
547 2902 660 2955 genere,
672 2888 739 2938 utin
752 2884 870 2949 homine,
886 2891 1050 2952 temperata.

381 2958 443 3010 Lll.
462 2958 648 3009 mentastrum
668 2955 804 3006 silvestris
825 2962 920 3008 nierita
941 2963 993 3017 est,
1012 2951 1146 3005 differens

275 3050 281 3065 ·
346 3030 440 3092 specie
457 3025 598 3086 foliorum,
615 3032 761 3091 quaesunt
773 3024 965 3092 liguraocinti,
983 3023 1090 3091 pulegii
1103 3037 1147 3074 co·

344 3095 417 3146 iore.
454 3094 571 3158 Propter
585 3093 658 3160 quod
676 3095 788 3159 quidam
800 3096 927 3147 silcestre
946 3095 1085 3162 pulegium
1099 3107 1145 3145 ιο·

348 3168 421 3215 cant.
440 3162 478 3214 lis
487 3161 721 3213 ccnrstunducafis
730 3171 758 3215 et
769 3165 907 3231 impositis
915 3164 1008 3214 sanari
1019 3160 1148 3229 elephan-

345 3232 438 3293 tiasin,
451 3230 548 3298 Magni
560 3231 684 3299 Pompeii
698 3239 799 3296 aetate,
812 3234 930 3285 fortuito
946 3233 1090 3285 cuiusdam
1102 3244 1147 3283 ex·

345 3302 500 3371 perimente
520 3301 780 3369 propterpudorcm
797 3302 869 3355 facie
889 3303 962 3353 illita
973 3308 1146 3371 compertum

346 3378 399 3425 est.
436 3369 541 3422 Eadem
557 3372 703 3423 illinuntur
716 3371 904 3440 bibunturque
915 3371 1048 3423 adsersus
1059 3370 1147 3422 scolo-

346 3439 474 3509 pendras,
488 3448 516 3492 et
527 3441 696 3508 serpentium
704 3441 786 3505 ictus,
803 3439 940 3494 drachmis
951 3440 1058 3492 duabus
1070 3443 1097 3491 in
1107 3439 1147 3490 ti·

346 3510 375 3561 ni
386 3508 495 3576 cyathis
507 3511 623 3562 duobus.
659 3509 797 3565 Adversus
807 3512 986 3580 scorpionum
1000 3511 1074 3562 ictus
1084 3524 1147 3560 cum

347 3580 416 3641 sale,
434 3578 506 3640 oleo,
528 3586 557 3631 ct
578 3587 667 3632 aceto.
705 3582 774 3633 item
795 3582 926 3633 adversus
946 3579 1147 3647 scolopendras

346 3650 392 3700 ius
407 3647 528 3701 decocti:
548 3648 681 3701 adsersus
698 3653 791 3701 omnia
801 3664 908 3702 verreria
919 3657 1065 3701 serrantur
1077 3648 1147 3700 folia

346 3718 435 3780 arida,
451 3718 485 3769 ad
498 3719 606 3771 farinae
617 3718 738 3769 niodum.
757 3718 932 3771 substratum
944 3719 989 3771 rel
1001 3733 1146 3771 accensum

348 3787 427 3856 fugat
447 3789 530 3839 etiam
552 3788 723 3853 scorpiones.
758 3787 858 3839 Potum
880 3787 999 3838 feminas
1019 3793 1148 3853 purgata

348 3864 447 3924 partu:
478 3855 527 3907 sed
549 3862 646 3921 partus
669 3860 757 3907 necat.
795 3857 902 3923 lluptis,
926 3856 1076 3919 convulsis,
1095 3856 1146 3908 sed

348 3926 472 3996 parcius:
493 3922 690 3991 orthopnoicis,
711 3925 888 3988 torminibus,
908 3924 1037 3987 choleris,
1058 3924 1148 3978 effica-

348 3997 504 4049 cissimum:
520 3995 587 4046 item
604 3993 714 4056 lumbis,
731 3996 865 4063 podagris
877 3995 1043 4062 impositum.
1081 3988 1165 4046 Suc?

346 4065 521 4118 cusauribus
538 4064 703 4117 verminosis
714 4063 875 4116 instillatur.
913 4067 943 4118 ln
960 4066 1035 4130 regio
1047 4064 1146 4116 morbo

344 4135 460 4188 bibitur.
485 4134 607 4189 Strumis
618 4133 748 4186 illinitur.
776 4133 1019 4187 SomniaVeneris
1032 4132 1147 4187 inhibet.

346 4206 451 4257 Tincas
464 4206 544 4269 pellit
556 4219 591 4258 ex
601 4211 681 4256 aceto
693 4211 796 4271 potum.
815 4203 1100 4271 contraporrigincm
1112 4218 1147 4257 ex

346 4280 429 4325 aceto
440 4272 596 4327 infunditur
607 4276 693 4342 rapiti
703 4277 731 4327 in
745 4273 818 4326 Sole.

381 4340 451 4392 Liii.
470 4344 585 4396 Mentae
597 4344 771 4411 ipsiusodor
783 4345 904 4395 animum
925 4343 1038 4404 excitat,
1059 4344 1089 4395 et
1105 4357 1148 4395 sa·

367 4420 399 4459 or
410 4409 571 4466 aviditatem
583 4415 611 4465 in
622 4415 698 4474 cibis,
709 4414 773 4467 ideo
785 4416 998 4466 embammatum
1011 4412 1148 4466 mixturae

361 4476 504 4530 amiliarls.
540 4482 604 4548 ipsa
616 4498 752 4546 acescere,
769 4491 818 4535 aut
831 4487 915 4544 coire,
928 4483 1092 4548 densarique
1104 4482 1148 4533 lac

317 4561 325 4573 ·
346 4560 401 4596 non
413 4548 527 4612 patitur.
555 4549 648 4611 Quare
659 4555 737 4606 lactis
750 4554 911 4620 potionibus
923 4551 1044 4615 additur,
1057 4567 1090 4604 ne
1099 4549 1149 4602 hu·

346 4616 392 4665 ius
402 4617 541 4684 coagulati
555 4626 622 4683 potu
632 4623 851 4691 strangulentur.
876 4623 968 4674 Datur
977 4622 1004 4672 in
1015 4635 1088 4687 aqua
1098 4626 1148 4671 aut

347 4683 452 4734 mtrlso:
472 4684 568 4736 eaden:
582 4689 608 4738 ri
621 4692 750 4743 resistere
764 4692 939 4760 generationi
953 4690 1083 4751 ereditur,
1103 4705 1147 4740 co-

346 4749 469 4834 hibendp
484 4755 621 4820 genitalia
631 4759 750 4815 denseri.
785 4763 879 4829 Aeque
890 4762 1014 4812 niaribus
1026 4776 1058 4813 ac
1069 4760 1147 4811 fenti·

345 4822 390 4903 nis
399 4822 477 4872 sistit
487 4825 664 4889 sanguinem:
686 4835 715 4881 et
730 4833 912 4896 purgationes
924 4830 1089 4883 feminarum
1102 4831 1145 4880 in·

346 4887 438 4942 hebet:
460 4906 521 4942 cnm
534 4894 629 4960 amylo
642 4911 675 4948 ex
686 4910 758 4964 aqua
770 4906 844 4964 pota,
856 4900 1042 4952 coeliacorum
1057 4901 1144 4967 impe·

345 4968 402 5011 tus.
427 4959 572 5029 Syriation
584 4970 612 5012 et
624 4968 745 5017 sonticas
757 4968 855 5021 vulsae
868 4971 975 5021 curarit
990 4970 1046 5022 illa.
1075 4969 1145 5021 loei-

346 5042 442 5081 rterum
454 5030 525 5082 sitia
536 5032 625 5082 ternis
638 5034 729 5085 obolis
742 5051 775 5086 cr
789 5039 877 5089 mulso
888 5039 972 5090 datis.
1001 5041 1069 5092 item
1081 5055 1144 5091 san·

345 5097 455 5168 guinem
479 5100 686 5153 asscreantibus
703 5106 730 5154 in
750 5108 941 5159 sorbitionem.
978 5108 1100 5162 fluitem
1115 5108 1144 5160 in

344 5172 437 5237 capite
449 5169 597 5221 infantium
612 5172 681 5224 :nire
692 5179 781 5224 sanat.
815 5178 941 5229 arterias
951 5176 1078 5230 heacidae
1089 5179 1143 5229 sie.

344 5246 400 5303 cat,
415 5238 623 5292 siccasadstrin
645 5241 673 5290 't.
712 5240 829 5295 Pituitas
842 5252 989 5313 corruptas
1005 5254 1105 5317 purgat
1116 5248 1145 5299 in

345 5308 436 5361 mulso
456 5318 486 5362 et
506 5324 587 5377 aqua.
650 5309 694 5362 oci
713 5324 812 5362 succus
830 5317 882 5366 sub
901 5319 1053 5370 certamine
1066 5318 1144 5370 utilis

346 5375 499 5441 dumtaxat,
510 5379 557 5447 qui
569 5385 598 5432 et
608 5383 802 5450 gargarizatur
812 5396 867 5435 usa
883 5390 1015 5446 tumente,
1035 5387 1146 5441 adiecta

343 5451 409 5499 ruta
419 5456 448 5500 et
458 5449 604 5503 coriandro
615 5466 649 5504 ex
660 5452 739 5505 lactc.
775 5451 856 5503 Utilis
867 5457 895 5504 et
906 5459 1004 5504 contra
1014 5457 1145 5509 tonsillas

343 5517 553 5574 cumulamine:
572 5521 685 5594 linguae
697 5536 887 5593 asperaccum
897 5521 988 5575 melle.
1026 5521 1143 5581 adcon·

1189 376 1270 431 vulsa
1280 376 1354 429 intres
1366 388 1417 444 per
1426 388 1469 440 se,
1480 374 1609 442 vitiisque
1621 375 1769 444 pulmonis.
1805 378 1951 450 Singultus
1966 392 1995 436 et

1190 446 1358 500 vomitiones
1377 446 1453 496 sistit
1463 459 1526 496 cum
1537 458 1620 497 succo
1632 451 1750 515 granati,
1770 457 1800 502 ut
1812 451 1992 504 Democritus

1191 522 1338 569 monstrat.
1376 514 1509 568 Recentis
1535 529 1634 571 succus
1664 521 1770 569 narium
1802 521 1873 573 vitia
1893 524 1995 589 spiritu

1190 586 1342 638 subductus
1364 583 1503 637 emendat.
1539 584 1605 650 lpsa
1624 584 1692 638 trita
1712 587 1847 654 choleras,
1868 592 1898 643 in
1912 600 1994 645 aceto

1191 654 1302 724 quidem
1312 659 1388 720 potu.
1407 652 1559 721 Sanguinis
1566 652 1703 708 fluxiones
1711 658 1795 710 intus.
1813 659 1994 714 licumetiam

1191 726 1324 791 impositu
1336 737 1397 775 cum
1409 725 1536 788 polenta:
1548 725 1612 776 etsi
1623 740 1759 781 menturae
1772 728 1929 783 tendantur.
1960 733 1996 784 ii·

1192 794 1290 847 linitur
1300 798 1330 845 et
1345 793 1517 859 temporibus
1528 794 1555 843 in
1577 796 1675 860 capitis
1687 797 1792 849 dolore.
1828 797 1954 852 Sumitur
1966 807 1996 853 et

1190 869 1288 915 contra
1307 860 1516 928 scolopendras,
1538 869 1567 914 et
1589 865 1750 931 scorpiones
1765 868 1897 932 marinos,
1918 870 1996 923 etad

1192 937 1344 999 serpentes.
1381 929 1531 998 Epiphoris
1541 931 1671 997 illinitur,
1682 942 1712 987 et
1723 935 1850 988 omnibus
1860 940 1890 988 in
1902 939 1994 1006 capite

1191 1001 1397 1068 eruptionibus:
1418 1001 1485 1052 item
1502 1000 1577 1053 sedis
1597 1003 1684 1056 vitiis.
1720 1006 1915 1075 intertrigines
1926 1023 1994 1077 quo·

1193 1086 1257 1138 que,
1267 1069 1311 1122 rel
1324 1070 1348 1120 si
1359 1075 1488 1141 teneatur
1499 1077 1613 1136 tantum,
1625 1071 1763 1139 probibet.
1799 1076 1920 1129 Auribus
1933 1093 1995 1132 cum

1193 1139 1285 1191 mulso
1295 1138 1460 1191 instillatur.
1485 1142 1571 1193 lliunt
1582 1146 1610 1194 et
1621 1143 1689 1194 lieni
1701 1142 1808 1196 mederi
1820 1160 1881 1199 eam
1892 1149 1920 1199 in
1932 1147 1994 1201 hor·

1192 1217 1223 1260 to
1233 1213 1384 1277 gustatam,
1394 1208 1437 1261 ita
1446 1224 1482 1262 ne
1493 1211 1628 1265 vellatur:
1644 1213 1669 1264 si
1679 1212 1703 1264 is
1714 1215 1759 1281 qui
1770 1215 1907 1280 mordeat,
1918 1218 1995 1270 dicat

1193 1294 1224 1331 se
1234 1278 1301 1330 lieni
1312 1277 1426 1341 mederi,
1436 1292 1485 1346 per
1495 1279 1554 1334 dies
1564 1281 1612 1334 lX.
1641 1282 1807 1351 aridaeque
1830 1302 1863 1339 ue
1874 1286 1993 1340 farinam

1193 1349 1284 1401 tribus
1298 1347 1396 1416 digitis
1405 1349 1614 1416 apprehensam,
1628 1359 1657 1404 et
1667 1300 1940 1411 staurachiqdnlorem
1953 1372 1994 1411 se·

1194 1419 1261 1471 dare
1284 1418 1314 1469 in
1335 1432 1420 1485 aqua:
1441 1426 1469 1471 et
1489 1421 1619 1474 similiter
1636 1438 1778 1489 aspersam
1796 1426 1824 1478 in
1842 1426 1993 1495 potionem,

1193 1487 1299 1541 ventris
1311 1487 1443 1539 anirnalia
1453 1491 1602 1557 expellere.

1229 1556 1301 1610 LIV.
1316 1557 1422 1625 Magna
1431 1557 1550 1614 societas
1561 1575 1623 1612 curn
1633 1560 1687 1614 hac
1698 1561 1733 1615 ad
1744 1563 1909 1618 recreandos
1920 1565 1995 1619 defe-

1194 1633 1253 1681 ctos
1264 1626 1357 1678 animo
1367 1628 1489 1696 pulegio,
1500 1644 1561 1681 cum
1572 1631 1691 1684 surculis
1701 1633 1759 1684 suis
1769 1635 1797 1685 in
1807 1634 1946 1703 ampullas
1955 1635 1994 1686 vi·

1195 1697 1355 1750 treasaoeti
1370 1698 1494 1765 utrisque
1516 1700 1639 1753 deiectis.
1668 1703 1732 1765 Qua
1742 1702 1777 1756 de
1789 1719 1875 1756 causa
1884 1705 1995 1772 dignior

1194 1784 1210 1820 e
1220 1766 1333 1834 pulegio
1345 1780 1448 1818 corona
1457 1769 1587 1834 Varroni,
1598 1786 1679 1839 quam
1691 1774 1793 1838 erosis,
1802 1774 1936 1827 cubiculis
1947 1790 1995 1827 no·

1194 1836 1261 1890 stris
1272 1837 1452 1901 pronuntiata
1462 1844 1513 1890 est.
1547 1840 1618 1892 Nam
1630 1848 1659 1893 et
1671 1842 1770 1912 capitis
1782 1843 1895 1896 dolores
1907 1845 1995 1913 impo-

1194 1908 1250 1959 sita
1262 1906 1365 1957 dicitur
1375 1907 1477 1960 levare.
1497 1909 1573 1970 Quin
1585 1918 1614 1963 et
1625 1909 1733 1965 olfactu
1745 1914 1838 1981 capita
1849 1916 1921 1966 tueri
1933 1928 1995 1967 coa·

1195 1984 1240 2030 tra
1250 1976 1386 2044 frigorum
1397 1982 1545 2045 aestusque
1557 1979 1698 2046 iniuriam,
1714 1990 1742 2035 et
1753 1986 1787 2035 ab
1800 1985 1848 2036 siti
1859 1983 1995 2037 traditur:

1194 2061 1284 2114 neque
1297 2051 1427 2097 aestuare
1437 2061 1497 2121 cos,
1516 2050 1564 2115 qui
1575 2051 1645 2103 duos
1656 2068 1671 2103 e
1683 2053 1796 2121 pulegio
1807 2053 1934 2107 surculos
1944 2055 1993 2105 im·

1196 2117 1303 2183 positos
1317 2116 1432 2167 auribus
1447 2116 1476 2167 in
1486 2118 1551 2169 Sole
1568 2117 1699 2174 habeant.
1736 2123 1860 2177 illinitur
1870 2124 1955 2176 ctiam
1966 2124 1995 2175 in

1195 2185 1339 2238 doloribus
1351 2199 1413 2236 cum
1425 2187 1540 2252 polenta
1552 2196 1581 2240 ct
1592 2199 1681 2244 aceto.
1718 2191 1834 2245 Fcnrina
1846 2192 1994 2247 eliieacior.

1196 2254 1248 2306 Est
1258 2261 1350 2306 autem
1362 2253 1432 2306 hacc
1445 2255 1516 2308 flore
1531 2271 1678 2328 purpureo.
1714 2261 1778 2315 Mas
1791 2263 1937 2315 candidum
1949 2262 1996 2315 ha·

1195 2325 1251 2377 bet.
1289 2323 1415 2376 Nauscas
1433 2339 1494 2376 cum
1510 2327 1570 2381 sale
1587 2337 1616 2381 et
1635 2333 1748 2397 polenta
1763 2333 1792 2383 in
1808 2333 1996 2403 frigidasque

1196 2400 1264 2461 pota
1283 2391 1399 2446 inhibet.
1435 2394 1482 2447 Sic
1502 2404 1531 2448 et
1548 2401 1670 2467 pectoris
1687 2416 1721 2453 ac
1740 2405 1845 2457 ventris
1860 2402 1994 2455 dolorem.

1197 2461 1337 2517 stomachi
1358 2469 1452 2516 autem
1468 2471 1661 2534 exaquaitem
1677 2474 1803 2526 rosiones
1813 2473 1895 2535 sistit,
1909 2478 1937 2525 et
1950 2488 2007 2523 ro·.

1196 2534 1327 2584 mitiones
1344 2548 1405 2585 cum
1417 2542 1497 2588 aceto
1514 2544 1542 2589 et
1553 2539 1673 2605 polenta.
1711 2541 1907 2596 intestinorum
1924 2541 1996 2593 vitia

1197 2600 1281 2653 nteile
1293 2601 1409 2683 decpcla
1420 2610 1450 2656 et
1460 2607 1535 2658 nitro
1547 2618 1636 2660 sanat.
1663 2610 1775 2664 Urinam
1785 2610 1866 2681 pellit
1875 2626 1908 2664 ex
1918 2612 1995 2662 rino:

1198 2676 1226 2722 et
1236 2673 1260 2720 si
1271 2684 1437 2722 ammineum
1448 2674 1495 2735 sit,
1511 2681 1541 2726 et
1553 2677 1684 2740 calculos,
1701 2688 1730 2733 et
1741 2682 1890 2734 interiores
1901 2694 1996 2734 omnes

1198 2739 1319 2792 dolores.
1354 2741 1397 2792 Ex
1417 2742 1500 2796 melle
1516 2752 1545 2796 et
1564 2753 1645 2799 aceto
1659 2748 1740 2802 sedat
1752 2757 1903 2813 menstrua,
1916 2755 1945 2803 et
1955 2764 1997 2802 se·

1198 2808 1312 2861 eundae.
1339 2808 1445 2862 Valvas
1456 2826 1605 2866 conversas
1616 2819 1740 2884 corrigit.
1767 2820 1997 2887 Defunctospar·

1196 2883 1244 2930 tus
1255 2879 1341 2931 eiicit.
1377 2879 1475 2932 Samen
1487 2883 1740 2938 obmutescentibus
1751 2887 1857 2940 olfactu
1870 2889 1998 2941 admove·

1198 2952 1253 2999 tur.
1274 2948 1466 3000 Comitialibus
1478 2949 1506 2999 in
1518 2957 1596 3003 aceto
1607 2952 1703 3019 cyathi
1714 2970 1844 3007 mensura
1854 2957 1946 3009 datur.
1966 2955 2001 3011 Si

1198 3032 1288 3084 aquae
1303 3017 1457 3068 insalubres
1477 3019 1613 3072 bibendae
1633 3025 1696 3085 sint,
1715 3023 1810 3075 tritum
1826 3027 2000 3092 aspergitur.

1197 3085 1384 3139 salsitudines
1395 3087 1528 3154 corporis,
1549 3090 1574 3140 si
1585 3104 1645 3143 cum
1657 3092 1870 3157 rino'tradatur,
1887 3096 2000 3147 minuit.

1197 3156 1351 3210 Nerrorum
1362 3170 1454 3218 cause,
1474 3162 1541 3209 etin
1551 3161 1741 3215 contractione
1752 3179 1815 3216 cum
1825 3164 1884 3216 sale
1896 3170 1925 3215 et
1936 3180 1999 3216 ace·

1197 3234 1237 3291 to,
1253 3234 1281 3279 et
1296 3225 1379 3279 atelle
1389 3224 1561 3280 contueatur
1569 3231 1598 3281 in
1609 3229 1801 3299 opisthotono.
1837 3233 1997 3286 Bibiturnd

1197 3297 1367 3363 serpentium
1379 3296 1452 3347 ictus
1462 3295 1621 3351 decoctum:
1640 3299 1674 3353 ad
1687 3305 1866 3373 scorpionum
1877 3308 1905 3355 et
1917 3302 1947 3355 in
1957 3302 1998 3353 ri·

1197 3380 1234 3417 no
1245 3366 1353 3429 tritum,
1364 3366 1485 3418 maxime
1495 3368 1570 3437 quod
1579 3370 1609 3420 in
1622 3370 1702 3423 siccis
1721 3375 1852 3426 nascitur.
1886 3370 1928 3423 hd
1938 3374 1997 3424 oris

1198 3433 1451 3499 exbuicerationes,
1461 3435 1496 3491 ad
1510 3440 1607 3491 tussim
1618 3440 1715 3494 eiiicax
1727 3442 1851 3496 habetur.
1877 3439 1945 3493 Flos
1954 3453 1999 3492 re·

1178 3549 1179 3552 ,
1198 3504 1287 3556 centis
1301 3503 1449 3568 incensus,
1470 3508 1575 3573 pulices
1591 3518 1673 3564 necat
1693 3511 1788 3565 odore.
1822 3513 1997 3563 Xenocrates

1199 3573 1303 3641 pulegii
1317 3589 1424 3626 ramum
1438 3576 1503 3628 lana
1514 3580 1677 3644 involutum,
1699 3583 1727 3633 in
1737 3576 1865 3635 tertianis
1877 3586 1943 3633 ante
1954 3592 1998 3631 ac·

1199 3645 1353 3695 cessionem
1375 3642 1565 3699 olfactandum
1583 3649 1652 3714 dari,
1673 3657 1722 3703 aut
1738 3649 1873 3720 stragulis
1889 3648 1997 3711 subiici,

1199 3719 1228 3765 ct
1239 3714 1281 3764 itu
1290 3712 1423 3765 collocari
1434 3729 1557 3783 aegrum,
1572 3721 1648 3773 inter
1658 3721 1783 3774 remedia
1794 3719 1890 3772 tradit.

1234 3781 1294 3833 LV.
1315 3781 1445 3862 Siieestri
1455 3785 1489 3835 ad
1501 3787 1598 3839 endem
1612 3791 1653 3841 vis
1664 3789 1803 3843 efficacior
1813 3795 1864 3854 est,
1875 3788 1948 3858 quod
1958 3787 1995 3840 sl·

1198 3851 1263 3904 mile
1279 3858 1321 3902 est
1333 3865 1457 3920 origano,
1468 3854 1621 3910 minoribus
1632 3858 1719 3923 loliis,
1731 3875 1812 3927 quam
1823 3860 1954 3912 sutirum:
1969 3863 1998 3911 ct

1199 3920 1389 3988 aquibnsdam
1402 3920 1557 3977 dictamnus
1569 3936 1691 3981 vocatur.
1729 3930 1880 3982 Gustatum
1891 3944 1909 3980 a
1936 3940 1998 3979 eco-

1198 4006 1229 4072 re
1241 3991 1396 4071 caprisque,
1407 3990 1532 4046 balatum
1545 3998 1676 4050 concitat.
1695 3998 1773 4051 Unde
1784 3999 1896 4069 quidam
1907 3943 1995 4048 grae·

1200 4074 1225 4111 cs
1236 4061 1320 4112 ittera
1337 4063 1783 4121 mutatablechnnaiocarerunt.
1819 4068 1929 4121 Natura
1939 4071 1998 4116 tarn

1199 4129 1309 4183 fervens
1331 4137 1382 4193 est,
1404 4132 1438 4183 ut'
1457 4132 1544 4186 illitas
1566 4145 1660 4203 partes
1671 4137 1841 4191 exhulcerct.
1877 4137 1958 4188 Tussi
1970 4135 1999 4185 in

1200 4199 1381 4267 perfrictione
1394 4200 1490 4254 fricari
1500 4210 1567 4258 ante
1578 4206 1678 4259 balnea
1688 4211 1828 4260 convenit:
1839 4211 1867 4259 et
1878 4212 1943 4258 ante
1954 4218 1999 4256 ac·

1199 4270 1355 4322 cessionum
1368 4268 1522 4337 horrorem,
1540 4277 1691 4339 conuulsis,
1704 4284 1733 4329 et
1745 4277 1919 4329 torminibus.
1947 4272 2000 4324 l'o·

1199 4337 1295 4408 dagris
1315 4341 1384 4391 mire
1404 4341 1527 4407 prodest.
1562 4347 1784 4413 Hepaticiscum
1797 4345 1880 4398 melle
1902 4342 2000 4396 etsalc

1199 4408 1346 4461 bibendum
1360 4409 1454 4463 datur:
1475 4412 1638 4480 pulmonum
1651 4418 1717 4468 sitia
1728 4412 1912 4469 exscreabilia
1921 4410 2000 4462 facit.

1199 4478 1240 4530 rid
1252 4479 1352 4530 lienem
1362 4495 1423 4532 cunt
1434 4483 1494 4534 sale
1503 4484 1572 4536 utile
1583 4490 1635 4547 est,
1657 4493 1685 4537 et
1696 4488 1812 4547 restem,
1823 4491 1852 4538 et
1861 4481 2001 4549 suspiriis,

1200 4554 1228 4599 et
1238 4548 1444 4602 inflationibus:
1466 4550 1612 4605 decoctum
1623 4570 1705 4605 succo
1718 4554 1882 4622 aequaliter,
1902 4560 1931 4606 ct
1942 4551 2001 4603 rul-

1197 4632 1248 4668 ras
1260 4619 1389 4685 corrigit:
1406 4629 1435 4671 et
1447 4628 1546 4672 contra
1556 4621 1768 4690 scolopendram
1781 4626 1943 4672 terrestrem
1955 4619 2004 4675 rel

1199 4688 1348 4740 nrarlnam:
1369 4688 1435 4740 item
1455 4691 1630 4758 scorpiones:
1649 4687 1923 4757 privatimqueralet
1935 4704 2002 4742 con·

1198 4764 1243 4808 tra
1253 4754 1373 4808 hominis
1384 4770 1515 4811 morsum.
1533 4759 1625 4811 Radix
1636 4766 1735 4811 contra
1744 4757 1930 4810 increscentia
1941 4757 2001 4811 hul·

1198 4840 1262 4878 cera
1281 4840 1377 4878 recens
1400 4829 1603 4892 potentissima.
1637 4828 1722 4882 Arida
1737 4841 1804 4880 nero
1822 4827 2000 4881 cicatricibus

1198 4893 1327 4948 decorem
1338 4893 1431 4946 affert.

1232 4961 1305 5015 LVl.
1323 4963 1393 5014 item
1406 4965 1520 5036 pulegio
1530 4974 1573 5020 est
1591 4973 1765 5037 nepetaeque
1785 4967 1914 5018 societas.
1943 4965 1998 5020 De·

1200 5039 1280 5085 cocta
1291 5035 1361 5086 enirn
1373 5033 1402 5085 in
1413 5049 1486 5104 aqua
1496 5036 1532 5090 ad
1545 5036 1643 5091 tertias
1653 5037 1810 5091 discutiunt
1820 5035 1936 5105 frigora,
1942 5050 1999 5086 mu·

1196 5103 1352 5172 lierumque
1364 5108 1514 5161 nienstmis
1524 5116 1650 5177 prosunt.
1678 5110 1716 5163 Et
1726 5112 1833 5162 aestate
1844 5102 1942 5159 sedant
1952 5119 1998 5157 ca·

1198 5173 1283 5227 lores.
1319 5173 1429 5244 Nepete
1439 5192 1549 5246 quoque
1559 5179 1633 5231 vires
1644 5184 1743 5232 contra
1752 5181 1894 5247 serpentes
1905 5172 1999 5226 habet·

1197 5243 1315 5297 Fumum
1327 5258 1361 5299 ex
1372 5260 1407 5296 ea
1417 5245 1599 5315 nidoremque
1609 5247 1734 5317 lugiunt,
1745 5262 1827 5316 quam
1838 5252 1868 5298 et
1876 5244 2001 5296 subster-

1197 5329 1264 5368 nere
1273 5316 1302 5367 in
1312 5320 1388 5367 metu
1399 5315 1598 5369 obdormituris
1609 5319 1681 5372 utile
1692 5326 1744 5371 est.
1763 5320 1841 5371 Tusa
1851 5311 2000 5382 aegilopiis

1197 5383 1396 5452 imponitur,et
1406 5388 1505 5455 capitis
1512 5386 1657 5440 doloribus
1665 5403 1762 5443 recens
1773 5402 1835 5440 cunt
1844 5383 1929 5438 tertia
1939 5394 2000 5448 par·

1197 5461 1226 5507 te
1254 5456 1315 5508 anis
1326 5460 1483 5522 temperata
1495 5464 1575 5511 aceto
1588 5457 1716 5511 illinitur.
1753 5455 1859 5511 Succus
1879 5453 1940 5507 eius
1956 5451 1999 5502 in·

1196 5540 1209 5579 s
1258 5533 1321 5582 atus
1340 5526 1455 5582 naribus
1466 5528 1588 5598 supinis,
1608 5526 1777 5599 profluvium
1796 5519 1940 5594 sanguinis
1960 5520 1999 5571 st·
