4340 6018
360 341 419 401 162
487 338 521 400 C.
548 335 704 402 PLlrill
738 336 949 426 sacuam
981 333 1150 396 NATUR.
1178 335 1369 400 illsroa
1402 337 1493 401 lau.
1516 336 1602 398 x11.
1638 339 1731 399 CAP.
1754 339 1875 398 2⁰·30.

358 489 476 559 Nigrum
497 504 563 544 rere
585 490 650 544 etin
668 486 739 540 olias
761 485 952 548 convolutum,
970 482 1156 539 hadrobolon.
1209 492 1278 552 tate,
1298 492 1422 558 etgustu
1441 486 1563 539 maxime
1573 485 1696 540 siccante
1707 501 1754 548 os,
1772 500 1875 607 sqqsore
1885 488 2017 546 iucundo.
2118 526 2123 531 -

357 561 428 613 Esse
438 566 531 612 autem
543 560 625 611 debet
635 554 842 618 translucidum,
854 555 946 608 simile
956 570 1046 619 cerae,
1055 555 1155 608 odera·
1211 556 1334 611 Pretium
1354 556 1585 626 spicaeinlibras
1598 556 1633 618 X,
1645 557 1674 607 c.
1710 554 1786 607 Folii
1815 557 2018 615 irisereanno·

357 639 427 693 tum,
448 635 556 681 etcum
578 628 705 684 fricatur,
724 623 834 691 pingue,
854 624 938 693 gustu
949 640 1073 678 amarum
1085 625 1157 678 citra
1209 642 1289 680 nam:
1309 629 1345 679 ab
1355 625 1540 695 amplitudine
1551 624 1790 693 hadrosphaerum
1800 633 1919 679 vocatur
1929 632 2017 684 maie·

356 713 475 753 acorem.
505 700 536 749 ln
546 696 632 746 sacris
641 692 705 743 rino
717 693 868 758 perfusum,
879 695 1031 747 odoratius.
1060 696 1156 748 Nasci·
1209 694 2017 767 ribuufoliis,x,L.Quodminerefolioeat,mesosphac·

357 764 603 822 turetinarabia,
626 760 767 829 indiaque,
790 768 819 815 et
829 764 935 828 Media,
956 765 1155 836 acllabylone.
1209 765 1684 834 rumappellaturmmiturll,LX.
1714 764 1954 821 Laudatissimum
1966 770 2015 822 mi·

356 836 449 902 Aliqui
460 834 612 899 peraticum
623 839 725 883 nocant
735 847 770 884 ex
780 832 1043 887 lllediaadrectum.
1073 835 1153 887 Faci·
1208 835 1405 903 crosphaerum
1427 851 1443 888 e
1463 835 1586 888 minimis
1607 833 1723 887 folium:
1754 836 1875 902 pretium
1901 839 1961 891 eius
1979 840 2014 904 X,

356 906 411 959 lius
422 903 513 953 hocet
534 901 697 964 crustosius,
716 904 909 971 amariusque:
932 910 961 957 at
973 904 1095 957 indicum
1107 904 1156 956 hu·
1208 905 1322 961 LXXV.
1358 905 1461 959 Odoris
1471 906 1565 973 gratia
1580 904 1719 957 omnibus:
1738 905 1830 958 maior
1846 907 2015 963 recentibus.

355 971 688 1038 midiusetgummosum.
718 972 900 1026 Adulteratur
911 975 1062 1043 amygdala
1076 988 1155 1027 nuce.
1208 976 1302 1028 Nardo
1314 975 1394 1028 color
1404 976 1452 1043 qui
1464 975 1661 1027 inveteraverit
1696 974 1815 1043 nigriori
1834 977 1945 1030 melior.
1985 981 2014 1032 ln

356 1045 456 1095 cetera
467 1040 527 1091 eius
538 1056 643 1108 genera
653 1042 758 1095 cortice
769 1051 798 1096 at
809 1044 958 1097 scordasti.
986 1045 1029 1096 lta
1039 1054 1156 1096 recator
1207 1052 1304 1097 nostre
1317 1047 1385 1098 orbe
1395 1044 1520 1113 proxime
1531 1011 1827 1111 laudaturlsmiacum,
1847 1061 1913 1100 mox
1924 1048 2015 1102 Galli·

248 1140 255 1197 3
355 1112 439 1166 arbor
455 1110 566 1163 aemulo
578 1111 692 1179 gummi.
729 1111 783 1165 Sed
804 1110 1049 1181 deprehenduntur
1069 1112 1154 1180 (quod
1208 1129 1279 1177 cum,
1300 1115 1387 1166 tertio
1403 1115 1467 1167 loco
1479 1115 1632 1176 creticum,
1654 1114 1728 1181 quod
1744 1115 1834 1183 aliqui
1849 1121 1958 1184 agrium
1968 1137 2050 1185 req.

354 1181 444 1237 semel
461 1181 566 1233 dixisse
581 1187 610 1234 et
625 1185 653 1233 in
669 1189 777 1235 ceteros
788 1183 889 1236 odores
903 1185 973 1235 satis
984 1182 1036 1252 sit)
1058 1184 1154 1247 odore,
1208 1192 1283 1248 cant,
1294 1175 1421 1252 aliiphu,
1442 1183 1511 1237 folio
1524 1170 1651 1246 olusatri,
1673 1185 1754 1237 caule
1765 1186 1890 1250 cubitali,
1902 1190 2014 1256 genicu-

354 1254 458 1315 oclore,
480 1250 612 1317 pondere,
672 1258 725 1316 stu,
746 1253 820 1320 igne.
856 1253 1154 1305 liactrianonitorsic·
1208 1254 1276 1317 lato,
1286 1254 1314 1306 in
1324 1270 1449 1322 purpura
1460 1254 1609 1318 albicante,
1621 1254 1717 1307 radice
1727 1254 1841 1324 obliqua
1852 1255 2016 1327 villosaque,

353 1338 412 1386 cus,
431 1322 566 1389 multique
580 1338 629 1373 can
651 1321 691 1372 idi
702 1338 815 1389 ungues.
834 1323 984 1376 Praeterea
994 1337 1074 1374 suurn
1087 1336 1155 1389 pon·
1207 1325 1376 1377 etimitante
1387 1325 1479 1377 arium
1490 1325 1583 1391 pedes.
1608 1322 1761 1376 Bacchnris
1771 1332 1889 1378 vocatur
1898 1328 2015 1380 nardum

353 1392 414 1455 dus,
433 1393 507 1459 qued
518 1392 632 1460 gravius
645 1407 705 1445 esse
718 1399 766 1443 aut
777 1391 866 1446 levius
876 1407 931 1444 non
942 1392 1051 1448 debeat.
1087 1392 1154 1445 Pre·
1207 1394 1359 1459 rusticum,
1378 1394 1414 1447 de
1425 1409 1478 1462 quo
1488 1394 1611 1447 dicemus
1622 1394 1696 1446 inter
1708 1393 1801 1447 flores.
1838 1394 1910 1448 Sunt
1921 1405 2013 1451 autem

351 1464 421 1515 tium
431 1461 541 1515 sincero
552 1462 580 1513 in
591 1462 678 1514 libras
692 1460 811 1514 Xterni.
1068 1498 1071 1505 ·
1208 1480 1241 1517 ea
1252 1464 1347 1516 omnia
1357 1463 1469 1527 herbae,
1480 1465 1736 1531 praeter-indicum.
1771 1465 1863 1517 lixtis
1874 1465 2046 1529 Gallicum*
2108 1460 2121 1469 “

385 1531 447 1583 XX.
467 1531 575 1584 Gentes
595 1546 680 1598 supra
700 1530 896 1585 dictasPersis
917 1532 1040 1600 attingit,
1061 1531 1155 1596 Rubro
1208 1541 1309 1585 etcum
1325 1533 1419 1587 radice
1436 1534 1563 1596 vellitur,
1583 1533 1708 1585 abluitur
1728 1534 1849 1588 uerino.
1885 1535 2015 1589 siccatur

348 1601 422 1669 atari
442 1596 582 1670 (quodibi
593 1600 736 1652 Persicum
753 1602 924 1665 vocavimus)
944 1601 1065 1668 longeio
1078 1609 1156 1652 terra
1207 1603 1237 1654 in
1249 1604 1356 1666 umbra,
1368 1604 1501 1671 alligatur
1510 1603 1653 1655 immanita
1663 1604 1719 1655 inc
1739 1610 1810 1666 arta,
1831 1606 2013 1660 nonmultum

353 1675 569 1739 aestusagente,
581 1669 652 1721 mira
664 1670 795 1721 arborum
806 1678 915 1723 natura.
952 1671 1078 1737 Namque
1090 1685 1156 1722 ero·
1208 1672 1244 1724 ab
1254 1671 1350 1726 indico
1363 1671 1504 1735 differens,
1521 1671 1637 1740 Syriaco
1650 1679 1742 1725 tamen
1752 1673 1852 1727 levius.
1887 1674 2013 1728 Pretium

353 1756 402 1794 sac
414 1740 483 1803 sale,
503 1740 621 1791 invectis
632 1738 830 1807 derelictisque
845 1741 962 1803 similes,
983 1741 1058 1793 sicco
1071 1740 1155 1792 litore
1207 1743 1243 1804 X,
1256 1741 1301 1794 lll.
1333 1743 1363 1795 ln
1376 1741 1419 1794 his
1432 1742 1562 1809 prabatio
1575 1757 1637 1806 una,
1649 1758 1682 1793 ne
1692 1741 1749 1794 sint
1762 1741 1885 1811 fragilia,
1896 1752 1925 1798 et
1935 1746 2014 1797 arida

352 1809 494 1865 radicibus
513 1808 592 1877 nudis
607 1809 775 1878 polyporum
791 1812 875 1863 modo
890 1809 1034 1878 amplexae
1044 1810 1155 1862 steriles
1208 1812 1316 1879 potius,
1337 1811 1602 1878 quamsicca,folia.
1639 1812 1707 1862 cmn
1719 1811 2012 1867 Gallicanardosem·
2029 1838 2043 1863 ,ι

353 1896 452 1934 arenas
472 1886 644 1946 spectantur.
671 1880 794 1932 Eaedem
806 1882 877 1933 mari
886 1881 1051 1933 adveniente
1063 1878 1153 1931 flucti-
1208 1896 1258 1948 per
1268 1881 1391 1933 nascitur
1403 1881 1498 1945 herba,
1509 1897 1580 1948 quae
1591 1880 1712 1941 hirculus
1721 1888 1846 1945 vocatur,
1863 1888 2015 1951 agrarita·
2093 1898 2096 1905 ’

352 1950 405 2002 bus
425 1949 562 2016 pulsatae,
583 1947 718 2001 resistunt
738 1950 905 2003 immobiles.
941 1949 1015 2011 Quin
1032 1956 1061 2002 et
1072 1950 1154 2016 pleno
1208 1958 1237 2003 te
1249 1951 1344 2002 odoris
1357 1958 1385 2003 et
1402 1951 1596 2014 similitudine,
1617 1967 1672 2019 qua
1687 1952 1806 2003 araxime
1829 1952 2015 2006 adulteratur.

152 1990 180 2051 :¹
227 2022 305 2087 ···3‘'²⁴
352 2026 433 2073 aestu
444 2019 893 2088 operiunturtutae:apparetque
904 2034 995 2072 rerum
1008 2033 1154 2086 argumen·
1207 2021 1320 2084 Distat,
1336 2011 1415 2088 quod
1427 2021 1487 2073 sine
1500 2022 1638 2073 cauliculo
1651 2027 1708 2084 cst,
1729 2027 1757 2073 et
1768 2021 1841 2089 quod
1859 2023 2014 2076 minoribus

353 2089 390 2141 tis
402 2089 557 2158 asperitate
569 2103 703 2155 aquarum
713 2087 779 2140 illas
789 2090 837 2142 ali.
873 2088 1040 2157 Magnitudo
1051 2087 1153 2140 mirac·
1209 2091 1428 2160 foliis,quodque
1440 2091 1542 2144 radicis
1550 2107 1638 2158 neque
1647 2105 1863 2160 amarae,neque
1871 2093 2015 2148 odoratae.

353 2158 558 2226 dacst‚species
569 2159 670 2210 similis
681 2159 931 2228 unedom,pomum
943 2158 1101 2228 amygdalis
1109 2172 1155 2210 ex·
1204 2160 1220 2207 i
1242 2160 1357 2214 xxvii.
1371 2161 1458 2213 Nardi
1469 2162 1524 2212 rim
1537 2162 1657 2214 habetet
1666 2176 1792 2229 asarum:
1805 2162 1879 2231 quod
1890 2170 1918 2216 et
1924 2163 2012 2231 ipsum

353 2240 408 2289 tra,
419 2230 495 2280 intus
507 2229 642 2279 contortis
654 2229 769 2280 nucleis.
844 2256 853 2266 -
1208 2230 1296 2297 aliqui
1307 2230 1437 2285 silvestre
1449 2232 1563 2284 nardum
1575 2231 1728 2299 appellant.
1745 2233 1795 2282 Est
1806 2240 1900 2284 autem
1914 2234 2014 2286 ederae

227 2338 282 2383 ‘1⁴³⁴
297 2310 317 2357 't
332 2314 348 2353 κ,
388 2300 463 2351 xxi.
482 2298 571 2365 Tylos
582 2298 676 2350 insula
694 2299 724 2349 in
737 2297 836 2350 eodem
846 2296 908 2350 sinu
919 2303 971 2361 est,
990 2297 1098 2365 repleta
1108 2296 1156 2348 sil·
1207 2299 1300 2364 foliis,
1321 2301 1534 2353 rotundioribus
1551 2309 1658 2353 tantum
1680 2301 1924 2370 mollioribusque,
1944 2301 2014 2356 flere

354 2370 466 2435 ris,qua
476 2367 740 2435 spectatorientem,
751 2383 859 2435 quaque
868 2373 897 2420 et
906 2368 969 2435 ipsa
979 2374 1058 2420 aestu
1069 2368 1154 2418 maris
1207 2385 1358 2438 purpureo,
1370 2371 1465 2422 radice
1478 2371 1582 2423 Gallici
1594 2372 1687 2423 nardi:
1700 2386 1793 2424 senten
1805 2373 1958 2435 acinosum,
1970 2388 2013 2424 sa-

297 2488 301 2497 ,
325 2437 541 2506 -,perfunditur.
572 2436 740 2504 Magnitudo
751 2437 868 2505 singulis
879 2438 1026 2490 arboribus
1037 2435 1154 2501 licifilos
1206 2442 1284 2507 poris
1296 2440 1381 2491 calidi
1392 2457 1425 2492 ac
1437 2440 1536 2491 vinosi.
1563 2442 1707 2493 hiantibus
1719 2441 1749 2492 in
1761 2439 1900 2493 umbrosis
1911 2441 1952 2492 bis
1964 2456 2012 2492 aa·

193 2548 197 2561 .
224 2528 246 2545 ==
280 2524 285 2527 ·
319 2506 1155 2577 '‘suavitateinenarrabilipomumlupinosimile,propter
1207 2525 1244 2562 no
1255 2507 1346 2562 floret.
1369 2509 1510 2577 Optimum
1522 2511 1551 2561 in
1564 2510 1664 2573 Ponto,
1677 2510 1872 2577 proximumin
1883 2510 2014 2579 Phrygia,

354 2580 533 2645 asperitatem
542 2578 680 2630 intactum
692 2574 821 2628 carnibus
831 2576 1004 2630 animalibus.
1022 2577 1154 2629 Eiusdem
1207 2582 1321 2632 tertium
1333 2578 1361 2630 iu
1373 2579 1497 2648 illyrico.
1527 2579 1654 2643 Foditur,
1666 2596 1727 2632 cum
1740 2580 1811 2633 solia
1823 2581 1933 2633 mittere
1945 2580 2012 2632 iuci-

354 2647 462 2702 insulae
482 2647 637 2701 excelsiora
657 2654 791 2713 suggestu
814 2647 958 2715 lanigerae
969 2647 1084 2699 arbores
1097 2647 1154 2698 alio
1208 2650 1262 2716 pit,
1284 2658 1311 2703 et
1324 2649 1351 2701 in
1363 2650 1577 2713 Solesiccatur,
1598 2651 1727 2703 celeriter
1737 2652 1822 2702 situm
1834 2649 1959 2714 trahens,
1980 2666 2014 2702 ac

353 2719 447 2786 modo,
459 2733 541 2785 quam
553 2717 658 2770 Sarum.
696 2716 751 2770 llis
763 2717 831 2768 folia
840 2716 1022 2770 infoecunda:
1035 2733 1114 2783 quac,
1126 2715 1154 2765 ni
1207 2734 1363 2772 senescens.
1374 2721 1489 2772 inventa
1501 2735 1589 2787 nuper
1600 2727 1629 2773 et
1639 2721 1666 2771 in
1677 2720 1801 2773 Thracia
1811 2719 1896 2775 herba
1906 2726 1956 2783 est,
1967 2735 2013 2772 cu·

353 2790 462 2840 minora
472 2794 574 2849 essent,
584 2789 681 2838 vitium
694 2793 825 2852 poterant
837 2786 933 2839 rideri.
960 2787 1067 2839 Ferunt
1078 2793 1155 2838 coto·
1208 2788 1252 2840 ius
1264 2788 1333 2841 folia
1344 2789 1414 2841 nihil
1424 2790 1459 2841 ab
1471 2790 1564 2842 indico
1575 2790 1663 2842 nardo
1676 2790 1789 2843 distant.

203 2884 217 2909 a
324 2858 401 2917 arrei
412 2858 481 2909 mali
491 2856 673 2924 amplitudine
683 2857 850 2918 cucurbitas,
860 2857 1102 2923 quaematuritate
1111 2872 1154 2906 ru·
1197 2864 1214 2893 »Ι
1242 2858 1370 2911 xxvlll.
1389 2859 1728 2923 hmomiurainusueat,
1749 2859 2014 2912 iudicaritelabru·

354 2934 419 2994 ptac
430 2927 581 2980 ostendunt
592 2926 733 2992 lanuginis
744 2926 823 2994 pilas,
834 2940 868 2979 ex
881 2925 981 2993 quibus
992 2932 1083 2978 vestes
1095 2940 1155 2992 pre·
1208 2942 1269 2979 sca:
1292 2935 1323 2977 ut
1335 2928 1386 2979 alii
1397 2928 1608 2990 existimavere,
1629 2928 1732 2980 frutice
1742 2924 1905 2996 myrtucse,
1926 2928 2012 2995 palmi

353 2998 427 3050 tioso
445 2998 531 3050 linteo
551 2996 665 3049 faciunt.
701 2997 821 3049 Arbores
832 3005 934 3048 vocant
944 2996 1154 3064 gossympinos:
1207 2996 1371 3048 altitudine:
1392 2998 1570 3063 carpiturque
1582 3012 1643 3048 cum
1656 2996 1758 3059 radice,
1770 2998 1963 3062 manipulatim
1975 2999 2015 3050 le·

354 3066 495 3118 fertiliore
506 3066 673 3132 etiaml'ylo
686 3067 803 3128 minore,
815 3079 885 3133 quae
896 3065 1017 3116 distatX
1029 3065 1067 3115 M.
1079 3080 1154 3130 pass.
1206 3067 1279 3117 niter
1289 3067 1473 3129 componitur,
1485 3066 1610 3131 protinus
1622 3064 1734 3131 fragile.
1771 3064 1919 3118 Laudatur
1930 3082 2014 3133 quam

390 3136 475 3186 xxii.
487 3136 563 3186 ¹luba
585 3136 658 3188 circa
678 3135 807 3188 fruticem
829 3135 975 3201 lanugines
987 3147 1048 3184 esse
1060 3133 1154 3195 tradit,
1207 3133 1325 3185 araxima
1335 3132 1432 3184 muniet
1441 3134 1507 3184 ntuli
1519 3132 1597 3185 foliis
1608 3135 1707 3197 simile,
1725 3149 1777 3185 nec
1785 3135 1906 3200 rugosis,
1917 3135 2016 3189 colore

355 3206 498 3271 linteaque
519 3203 665 3257 ealndicis
681 3203 897 3273 praestantiora.
931 3202 1154 3254 arabiaeauten
1205 3203 1278 3255 rufo.
1314 3201 1566 3255 Secundabonitas
1581 3203 1697 3272 pallide.
1733 3203 1909 3255 Herbaceum
1921 3203 2014 3270 peius,

356 3274 480 3337 arbores,
490 3289 524 3327 er
537 3274 636 3341 quibus
648 3282 740 3328 restes
751 3274 865 3335 faciant,
876 3286 963 3339 cynas
973 3272 1076 3334 vocari,
1086 3271 1154 3323 folio
1206 3271 1410 3341 pessimumque
1431 3272 1587 3335 candidum,
1608 3273 1682 3341 quod
1703 3279 1732 3324 ct
1751 3278 1893 3325 vetustate
1909 3275 2012 3328 evenit.

356 3344 467 3411 palmae
477 3344 573 3396 simili.
610 3343 656 3397 Sic
667 3345 749 3398 lndos
759 3358 828 3395 suae
838 3344 952 3395 arbores
962 3341 1095 3394 vestiunt.
1125 3341 1155 3392 ln
1207 3343 1330 3395 Pretium
1343 3358 1413 3395 uvae
1425 3343 1452 3394 in
1463 3343 1550 3395 libras
1563 3344 1598 3405 X,
1616 3344 1668 3394 Lx
1680 3343 1766 3395 friato
1777 3357 1844 3394 rere
1855 3356 1966 3395 amorne
1978 3344 2014 3408 X,

276 3450 280 3461 .
329 3414 438 3483 'Tylis
449 3420 542 3468 autem
556 3421 584 3467 et
595 3414 653 3481 alia
664 3416 748 3468 arbor
765 3412 847 3466 floret
859 3413 939 3466 albae
951 3411 1044 3477 violae
1053 3412 1157 3480 specie,
1206 3412 1335 3466 xcviii.
1369 3412 1500 3465 Nascitur
1510 3418 1538 3466 ct
1548 3414 1577 3466 in
1589 3414 1738 3466 Armeniae
1748 3418 1834 3481 parte,
1851 3427 1921 3480 quac
1934 3428 2015 3465 roca-

355 3484 404 3537 sed
416 3484 608 3553 magnitudine
620 3485 805 3554 quadruplici,
815 3485 876 3537 sine
887 3483 981 3547 odore,
993 3483 1067 3549 quod
1079 3483 1157 3533 mire·
1207 3490 1254 3535 tur
1265 3483 1364 3542 Otene,
1376 3489 1404 3534 et
1415 3483 1441 3533 in
1453 3483 1558 3547 Media,
1571 3491 1599 3535 et
1610 3484 1637 3534 in
1651 3482 1748 3534 Ponto.
1777 3482 2011 3536 Adulteraturfu-
2066 3498 2072 3504 ·

355 3568 418 3604 usur
428 3557 454 3604 in
466 3567 500 3603 eo
512 3557 615 3603 tractu.
1208 3554 1254 3604 liis
1266 3551 1388 3615 Punicis,
1405 3558 1433 3603 ct
1444 3554 1549 3621 gummi
1559 3553 1677 3621 liquido,
1693 3560 1726 3604 ut
1738 3551 1888 3605 cohaereat
1899 3552 2012 3604 centol-

389 3614 562 3672 xxlllfust
571 3628 600 3672 et
611 3622 668 3672 alia
679 3621 791 3684 similis,
812 3622 943 3673 foliosior
954 3628 1055 3682 tantem
1072 3620 1158 3672 rosei·
1208 3628 1309 3688 ratque
1321 3636 1352 3672 se
1362 3621 1389 3672 in
1400 3637 1471 3675 uvae
1483 3623 1603 3674 modum.
1624 3625 1675 3674 list
1686 3631 1714 3675 et
1726 3637 1797 3690 quae
1807 3627 1924 3673 rocatur
1934 3636 2010 3672 amo·

202 3736 235 3757 ,ι
309 3750 316 3763 .
355 3704 410 3812 que
421 3687 513 3740 floris:
536 3704 615 3757 quem
628 3697 713 3740 noctu
725 3691 920 3755 comprimens,
938 3691 1048 3756 aperire
1059 3689 1157 3755 incipit
1209 3693 1270 3753 nris,
1290 3691 1381 3741 minus
1391 3705 1495 3744 renna
1505 3700 1590 3759 atque
1603 3691 1713 3754 durior,
1736 3706 1769 3742 ac
1779 3691 1869 3742 minus
1880 3690 2010 3743 adorata:

377 3757 432 3810 olis
453 3765 564 3820 exortu,
586 3758 703 3809 moridie
726 3759 868 3823 expandit.
903 3758 1016 3811 incolae
1036 3757 1157 3809 dormite
1208 3776 1261 3829 quo
1275 3766 1400 3826 apparet,
1412 3761 1548 3813 autuiiud
1560 3777 1631 3823 esse,
1653 3768 1702 3812 aut
1713 3759 1812 3829 colligi
1823 3760 2009 3812 immaturum.

355 3843 417 3883 eum
428 3827 532 3880 dicunt.
567 3826 635 3879 Fert
646 3826 745 3879 eadem
754 3825 847 3878 insula
857 3834 887 3880 et
898 3829 1014 3895 palmas,
1025 3827 1157 3894 oleasque
1242 3829 1344 3882 xxix.
1363 3827 1518 3882 Similehis
1534 3837 1563 3882 et
1584 3831 1696 3882 nomine
1712 3836 1741 3882 et
1757 3829 2011 3883 fruticecardaruo·

355 3896 1071 3964 acrites,etcumreliquopomorumgenereticos.
1091 3896 1157 3959 lt'ul-
1207 3913 1297 3961 mum,
1317 3899 1421 3949 semina
1437 3897 1566 3966 oblongo.
1602 3899 1723 3951 Metitur
1734 3899 1833 3951 eodem
1850 3899 2011 3953 modoetia

354 3967 523 4035 liarborum
541 3966 612 4019 folia
627 3967 668 4018 ibi
688 3964 827 4018 decidunt.
863 3965 1038 4036 Rigaturque
1055 3966 1156 4034 gelidis
1206 3968 1317 4021 Arabia.
1354 3966 1676 4037 Quatuorciusgenera:
1699 3969 2012 4036 viridissimumaopin·

356 4039 488 4099 fontibus,
501 4044 530 4090 et
540 4036 643 4089 imbres
655 4036 766 4102 accipit.
1206 4052 1270 4106 goe,
1284 4036 1372 4088 acutis
1383 4037 1502 4106 augulis,
1515 4048 1662 4091 contumax
1673 4039 1795 4102 fricanti,
1808 4026 1880 4107 quo'd
1893 4040 2011 4092 maxime

389 4107 489 4161 XXIV.
509 4108 608 4160 Vicina
628 4105 673 4159 hia
684 4106 785 4157 Arabia
803 4103 914 4173 flagitat
925 4106 1061 4174 quandam
1074 4119 1155 4174 gene·
1207 4107 1352 4160 laudatur:
1372 4109 1529 4174 proximum
1541 4125 1556 4160 e
1568 4108 1630 4161 rufo
1643 4108 1805 4161 candicans:
1827 4112 1938 4162 tertium
1950 4110 2011 4160 bre·

353 4192 415 4230 ran:
427 4176 649 4230 distinctionem:
672 4176 802 4245 quoniam
823 4175 928 4227 fructus
943 4177 979 4228 iis
991 4182 1101 4228 constat
1110 4190 1155 4226 ra·
1207 4178 1268 4229 vius
1281 4184 1364 4243 atque
1375 4178 1492 4247 nigrius.
1513 4177 1595 4230 Peius
1608 4185 1702 4232 tamen
1714 4180 1822 4232 varium
1834 4186 1863 4232 et
1873 4178 1954 4231 facile
1963 4178 2012 4229 tri-

353 4249 424 4311 dice,
434 4246 547 4311 frutice,
558 4249 673 4309 cortice,
684 4260 776 4311 succe,
786 4247 911 4309 lacrima,
930 4247 1015 4314 ligno,
1035 4245 1156 4308 surculo,
1207 4254 1248 4309 tu,
1259 4247 1409 4313 odorisque
1419 4248 1513 4314 parvi:
1530 4249 1575 4316 qui
1588 4265 1679 4313 uerus,
1690 4250 1769 4302 coitu
1779 4250 1885 4301 vicinus
1896 4263 1956 4300 ease
1967 4246 2012 4298 de·

356 4315 433 4376 flore,
445 4316 523 4379 tolio,
535 4333 627 4383 pomo.
1207 4320 1265 4371 bet.
1295 4317 1360 4369 iioc
1370 4323 1399 4369 et
1409 4317 1483 4385 apud
1494 4319 1595 4372 Medos
1607 4320 1740 4373 nascitur.
1778 4318 1902 4372 Pretium
1913 4315 2011 4386 eptimi

391 4384 478 4438 XXV.
498 4386 588 4438 Radix
609 4393 638 4439 et
657 4386 755 4439 folium
767 4384 842 4439 indis
860 4391 904 4438 est
922 4383 1044 4438 maximo
1056 4385 1156 4451 pretia.
1207 4386 1379 4448 inlinrasil,
1390 4386 1546 4442 duodecim.

356 4451 525 4504 Radixcosti
536 4464 619 4522 gustu
631 4456 750 4520 fervens,
758 4457 846 4509 odore
858 4457 969 4517 exintio,
976 4455 1077 4506 frutice
1087 4455 1157 4506 alias
1244 4455 1332 4508 XXX.
1344 4458 1658 4527 cinnamomoproxima
1669 4458 1813 4526 gentilitas
1825 4455 2012 4523 erat,niprius

355 4519 462 4571 inutili.
497 4521 589 4575 Primo
608 4528 705 4578 statim
716 4527 835 4580 introitu
850 4527 938 4578 amnis
948 4525 1010 4577 indi
1019 4525 1049 4576 in
1059 4525 1157 4577 Patale
1207 4525 1327 4579 Arabiae
1335 4525 1451 4581 divitias
1461 4528 1579 4580 indicari
1589 4530 1759 4588 conveniret,
1770 4539 1930 4590 causasque,
1941 4540 2012 4591 quac

356 4589 458 4650 insula,
479 4587 533 4639 duo
553 4601 617 4643 sunt
632 4596 693 4645 eius
706 4610 822 4663 genera;
843 4596 963 4664 nigrum,
975 4600 1004 4647 et
1015 4595 1088 4662 quod
1100 4608 1156 4646 me·
1209 4610 1362 4666 cognomen
1374 4598 1417 4649 illi
1429 4596 1562 4650 feliciane
1576 4598 1675 4648 beatae
1693 4595 1805 4648 dedere.
1841 4591 2013 4659 Principalis

356 4659 421 4722 lius,
431 4657 587 4710 candicans.
623 4660 746 4714 Pretium
760 4668 788 4716 in
801 4665 887 4717 libras
897 4665 932 4727 X,
943 4664 991 4719 vl.
1208 4681 1275 4736 ergo
1286 4669 1314 4718 in
1324 4666 1375 4717 illa
1385 4666 1460 4728 thus,
1472 4674 1500 4719 et
1511 4664 1640 4733 myrrha:
1657 4662 1724 4715 haec
1735 4669 1763 4713 ct
1774 4676 1835 4713 cunr
1849 4661 2010 4731 Troglody-

391 4725 494 4780 Xle.
516 4728 557 4778 De
568 4728 636 4780 folia
647 4732 726 4782 nardi
740 4733 821 4798 plura
831 4735 885 4785 dici
897 4749 947 4799 par
957 4739 1047 4796 est,ut
1056 4731 1158 4800 princi·
1207 4737 1245 4787 tis
1256 4734 1420 4787 communis:
1442 4736 1535 4796 thura,
1555 4739 1666 4799 praeter
1676 4732 1814 4792 ambiam,
1825 4729 1919 4794 nullis,
1932 4747 1965 4783 ac
1976 4747 2013 4786 ne

358 4798 621 4865 paliinunguentis.
655 4800 759 4851 Frutex
769 4809 812 4852 est
822 4802 902 4868 gravi
912 4807 940 4853 et
952 4817 1046 4854 crassa
1056 4802 1159 4864 radice,
1207 4805 1326 4856 Arabiae
1341 4803 1451 4869 quidem
1462 4805 1615 4853 universae.
1651 4803 1681 4851 ln
1699 4799 2013 4854 medloeiusferesunt

358 4866 406 4919 sed
417 4866 497 4918 brevi
509 4881 543 4917 ac
553 4867 641 4934 nigra,
652 4867 811 4936 fragilique,
821 4871 948 4936 quamvis
960 4873 1061 4939 pingui,
1072 4872 1156 4923 situm
1207 4873 1376 4933 Atramitae,
1398 4885 1486 4953 pagus
1500 4870 1689 4932 Sabaeorum,
1708 4871 1735 4921 in
1748 4877 1842 4921 monte
1853 4871 1974 4934 excelso,
1994 4885 2013 4923 a

357 4933 512 4997 redolente,
528 4944 559 4988 ut
570 4938 675 5003 cyperi,
688 4952 786 5003 aspero
796 4952 904 5004 sapere,
914 4939 985 4992 folio
998 4932 1082 5008 pairo
1094 4940 1159 4992 den·
1208 4946 1338 5009 queneto
1359 4940 1547 4992 mansionibus
1560 4939 1647 4993 distat
1667 4940 1746 5008 regio
1757 4954 1851 4991 eorum
1864 4938 2011 5003 thurifera,

356 5019 452 5073 saque.
489 5006 677 5057 Cacuminain
691 5009 790 5058 aristus
811 5024 842 5059 se
861 5018 1007 5076 spargunt:
1027 5011 1092 5061 ideo
1112 5024 1157 5078 ge·
1207 5010 1282 5062 Saba
1293 5009 1444 5076 appellata,
1466 5009 1538 5076 quod
1559 5009 1829 5077 signiticarcGraeci
1847 5010 2009 5079 mysterium

357 5075 433 5127 mina
443 5074 510 5126 dote
522 5075 601 5126 nardi
615 5076 707 5143 spicas
718 5091 751 5129 ac
763 5075 834 5127 folia
844 5079 996 5131 celebrant.
1032 5080 1157 5132 Alterum
1208 5078 1313 5131 dicunt:
1334 5085 1443 5145 spectat
1454 5086 1532 5130 ortus
1544 5077 1619 5131 Solis
1630 5079 1745 5142 aestivi,
1764 5079 1886 5148 undique
1898 5081 2011 5147 rupibus

357 5145 418 5197 eius
431 5158 518 5213 genus
540 5144 614 5210 apud
626 5146 749 5213 Gangem
769 5161 894 5211 nascens,
914 5146 1063 5200 damnatur
1073 5149 1104 5199 in
1113 5154 1156 5199 to·
1207 5149 1291 5208 invia,
1302 5156 1330 5201 ct
1341 5147 1466 5201 adextra
1476 5149 1547 5199 ntari
1559 5149 1680 5216 scopulis
1692 5149 1843 5203 inaccesso.
1880 5149 1910 5202 ld
1921 5149 2011 5201 solnm

357 5221 425 5277 tum,
446 5213 612 5275 ozaenitidis
625 5216 744 5278 nomine,
756 5217 831 5267 ricus
842 5216 983 5270 redolens.
1011 5219 1158 5270 Adultera·
1208 5218 1325 5271 erebro
1340 5218 1461 5269 lacteum
1480 5218 1610 5270 traditur.
1647 5218 1785 5271 Silvarum
1802 5219 2011 5286 longitudoest,

357 5293 403 5338 tur
415 5290 443 5337 et
451 5283 646 5352 pseudonardo
659 5284 828 5353 herbaquuo
837 5286 941 5355 ubique
950 5291 1074 5339 nascitur
1085 5302 1158 5339 orus·
1206 5287 1321 5341 schoeni
1331 5287 1392 5349 XX,
1403 5287 1525 5341 latitudo
1537 5286 1680 5341 dimidium
1693 5287 1760 5342 eius.
1781 5287 1921 5342 Schoenus
1933 5293 2012 5355 patet

357 5356 433 5407 aiore
443 5361 527 5422 atque
539 5353 647 5409 laxiore
659 5355 743 5420 folio,
764 5362 792 5408 et
804 5355 899 5409 colore
912 5356 1043 5426 languido
1053 5358 1084 5407 in
1094 5373 1159 5410 can·
1208 5355 1404 5411 Eratostheni:
1416 5358 1535 5419 ratione,
1556 5358 1649 5409 stadia
1659 5358 1725 5419 XL,
1746 5356 1799 5411 hoc
1809 5364 1860 5422 ast,
1881 5370 2010 5426 passuum

357 5424 453 5477 uiuum
471 5430 612 5495 vergente.
648 5426 719 5478 item
729 5440 781 5477 sua
792 5425 887 5477 radica
899 5427 1040 5492 permixta
1052 5424 1156 5493 ponde-
1208 5430 1328 5496 quinque
1339 5424 2011 5497 millibus:aliquilililillstadiasingulisschoe·

357 5494 395 5546 ris
406 5508 499 5559 eausa
518 5502 548 5548 et
559 5495 672 5562 gummi,
693 5508 847 5564 spumaque
858 5495 977 5563 argenti,
998 5502 1048 5546 aut
1062 5496 1161 5559 stibio,
1207 5497 1250 5549 nis
1261 5498 1371 5549 dedere.
1383 5497 1558 5550 attolluntur
1568 5498 1655 5550 colles
1667 5497 1971 5564 alti,deeurruntqneet
1981 5496 2011 5546 in

356 5562 1156 5703 imitatrici:⁶t.'‘.bt..i⁵.ltil.ll¹,‘lalit·
1207 5566 2011 5705 animabitis:,iiiiiittltrt‘tti

641 5670 650 5700 r
879 5672 889 5703 t
1141 5660 1158 5696 .·
1339 5670 1348 5699 r
1734 5674 1746 5699 .·
2003 5668 2016 5680 ·
