4356 6014
335 291 393 349 tea
458 285 489 343 C.
525 281 672 342 PblNll
707 272 919 338 SECUNDl
945 269 1123 330 NATUR.
1158 269 1351 329 Histoe.
1388 270 1472 330 ΗΒ.
1496 267 1591 327 ΧΗ,
1621 242 1859 327 carlou-ao.

335 451 416 502 aqua,
433 434 678 501 doneccoqustur,
694 422 881 493 perfunditur.
916 420 1009 473 Huius
1020 434 1132 489 expres·

335 520 394 555 sum
410 504 523 570 pingue,
534 501 682 569 praecipua
692 495 783 545 resina
794 493 835 554 lit,
851 498 933 559 atque
944 505 1017 553 rara,
1027 504 1078 541 nec
1090 490 1132 540 ni·

336 576 359 624 si
373 573 469 640 paucis
479 574 508 623 in
518 571 587 622 locis
599 564 766 628 Subalpinae
777 561 883 623 ltaliae,
902 561 1067 612 conveniens
1078 574 1134 611 me·

335 643 413 694 dicis.
450 641 568 692 ltesinae
580 635 660 685 albae
673 632 799 698 congium
812 630 840 681 in
852 628 958 680 duobus
970 643 1060 698 aquae
1071 628 1131 695 plu·

336 712 399 763 riae
409 716 535 774 coquunt.
573 702 627 755 Alii
640 700 736 751 utilius
748 705 846 767 putant
861 700 921 751 sine
931 714 1003 764 aqua
1015 712 1133 763 coquere

336 783 412 833 lento
423 779 486 844 igne
497 780 557 827 tota
569 771 626 835 dic,
649 770 747 837 utique
758 784 823 823 rase
834 772 907 820 aeris
918 768 985 820 albi.
1012 768 1081 819 item
1094 774 1134 817 te·

336 843 516 899 rebirrtbinam
538 843 566 893 in
587 840 729 908 sartagine
749 837 916 900 refert-enti,
941 837 1011 888 hanc
1033 835 1134 889 ceteris

337 913 532 984 prat-terentes.
569 910 699 961 Proxima
711 923 743 961 cx
756 908 882 960 lentisco.

369 981 469 1034 xxiii.
489 978 552 1031 Non
563 980 759 1038 omittendum,
781 975 853 1043 apud
870 975 981 1028 eosdem
993 973 1133 1042 zopissam

335 1053 426 1103 vocari
449 1049 577 1103 derasam
596 1048 713 1100 naribus
725 1047 872 1098 maritimis
884 1045 972 1112 picem
987 1058 1134 1105 sumcere,

335 1121 402 1175 nihii
424 1136 478 1173 non
500 1120 661 1186 experiente
686 1118 760 1180 rita,
786 1116 875 1167 multo
895 1114 1077 1167 efficaciorem
1100 1112 1134 1163 ad

335 1180 439 1254 n'mnia,
460 1190 558 1256 quibus
578 1188 654 1308 pices
675 1190 839 1254 resinaeque
860 1191 983 1253 prosunt,
1003 1182 1134 1233 ridelicet

334 1261 444 1313 adiecto
455 1259 522 1311 salis
533 1258 576 1310 cal
608 1294 614 1307 .

369 1330 499 1397 Aperitur
510 1331 591 1396 picea
603 1343 618 1379 e
629 1332 708 1393 parte
719 1324 814 1386 solari,
834 1336 888 1373 non
902 1322 993 1389 plaga,
1012 1319 1061 1372 sed
1073 1319 1133 1369 rul-

334 1416 400 1452 nere
420 1398 507 1451 ablati
531 1396 653 1457 corticis,
676 1409 735 1445 cum
753 1392 901 1460 plurimum
913 1389 1034 1459 bipedali
1048 1387 1135 1449 biatu,

335 1477 391 1521 utu
405 1476 479 1520 terra
490 1468 583 1518 cubito
597 1478 657 1517 cum
669 1462 810 1513 minimum
833 1459 915 1509 absit.
951 1459 1011 1509 Nee
1025 1457 1135 1522 corpori

334 1541 387 1605 ipsi
402 1539 534 1604 parcitur,
544 1542 576 1585 ut
587 1535 613 1584 in
627 1532 735 1594 ceteris,
757 1531 887 1597 quoniam
900 1527 992 1578 astula
1001 1526 1028 1576 in
1043 1524 1134 1575 fructu

336 1617 385 1657 est.
425 1604 525 1656 Verum
547 1600 616 1653 baec
638 1611 730 1653 terrae
744 1596 1027 1665 proximalaudaturr
1050 1594 1135 1646 altior

336 1673 549 1727 amaritudinem
571 1670 661 1722 affert.
697 1668 799 1719 Postea
820 1665 919 1718 buntur
937 1665 1027 1716 omnis
1044 1680 1059 1716 e
1074 1667 1137 1715 tota

335 1743 450 1796 conlluit
460 1743 489 1793 in
501 1739 598 1791 hulcus
609 1756 615 1788 :
627 1739 692 1790 item
703 1738 731 1787 in
743 1737 818 1789 teda.
850 1736 916 1787 Cum
928 1734 955 1786 id
966 1749 1079 1786 manare
1091 1731 1137 1784 ‹le-

335 1815 395 1876 siit,
417 1810 503 1864 simili
523 1806 652 1859 modoex
672 1806 729 1857 alia
745 1812 825 1872 parte
834 1804 967 1873 aperitur,
989 1820 1022 1855 nc
1034 1802 1135 1855 deinde

335 1884 402 1935 alia.
437 1880 540 1931 Postea
550 1882 612 1928 tota
623 1876 707 1927 arbor
719 1875 881 1938 succiditur,
902 1880 929 1926 et
940 1873 1063 1925 medulla
1075 1873 1135 1924 eius

335 1953 436 2004 uritur.
475 1947 561 2000 Sicet
572 1944 600 1996 in
613 1945 696 2014 Syria
716 1943 873 1997 terebintho
889 1941 1038 1996 detrahunt
1051 1942 1135 1993 corti·

337 2037 391 2082 ces,
413 2020 450 2070 ibi
462 2016 570 2084 quidem
582 2024 610 2069 et
622 2032 637 2067 e
648 2015 741 2077 rantis,
761 2030 794 2066 ac
805 2013 955 2074 radicibus,
971 2028 1032 2063 cum
1043 2012 1137 2064 resina

337 2092 483 2143 damnetur
504 2102 537 2138 ex
559 2083 602 2137 his
622 2085 756 2151 partibus.
794 2086 823 2136 ln
840 2081 1007 2133 Macedonia
1023 2081 1135 2133 laricem

337 2157 488 2209 masculam
509 2162 606 2216 urunt,
629 2154 747 2205 feminae
766 2152 876 2203 radices
891 2159 1007 2202 tantum.
1044 2150 1136 2203 'ibeo-

338 2242 456 2295 pompus
466 2225 588 2292 scripsit,
606 2225 631 2273 in
643 2223 884 2289 Apolloniatarum
898 2236 965 2303 agro
978 2217 1135 2301 PQ-ms'

258 2292 271 2311 ⁴
337 2297 433 2366 spleni,
453 2310 507 2347 non
520 2293 684 2346 deteriorem
701 2290 897 2353 Macedonica,
916 2305 1047 2341 rnrenrrr.
1085 2288 1136 2341 Pix

338 2367 445 2433 optima
457 2364 559 2430 ubique
571 2377 603 2415 ex
616 2360 728 2428 apricis,
738 2360 885 2429 Aquilonis
896 2359 962 2410 situ.
987 2360 1029 2409 Ex
1041 2359 1137 2425 opacis

338 2435 487 2496 horridior,
497 2434 627 2498 virusque
640 2428 811 2497 praeferens.
847 2427 964 2497 Frigida
975 2426 1075 2491 hieme,
1091 2428 1136 2481 dc·

338 2505 434 2564 terior,
446 2519 479 2555 ae
489 2502 580 2552 minus
593 2501 716 2566 copiosa,
732 2506 760 2551 et
774 2498 895 2550 decolor.
932 2497 1051 2561 Quidam
1064 2495 1137 2548 arbi·

338 2581 447 2625 trantur
458 2571 486 2621 in
498 2570 651 2621 montuosis
672 2569 752 2635 copia
773 2565 1005 2633 praestantiorem
1019 2582 1051 2618 ac
1063 2564 1138 2618 colo·

337 2658 378 2706 re,
401 2648 429 2693 et
451 2638 604 2691 dulciorem
626 2636 697 2699 lieri,
718 2635 832 2687 odorem
851 2650 959 2702 quoque
974 2636 1136 2702 gratiorem,

339 2712 403 2764 dum
416 2708 511 2762 resina
520 2709 572 2759 sit:
590 2707 734 2759 decoctam
747 2711 841 2757 autem
853 2707 945 2757 minim
958 2705 1027 2772 picis
1039 2703 1136 2757 redde·

339 2779 517 2847 re,quoniam
528 2779 660 2829 inseram
673 2774 769 2828 abeat:
783 2774 923 2827 tenuiores
945 2790 978 2826 ue
989 2789 1051 2827 esse
1063 2775 1137 2842 ipsas

339 2850 468 2911 arbores,
486 2862 568 2914 quam
580 2845 608 2896 in
621 2843 726 2912 planis:
750 2844 798 2896 sed
811 2842 860 2895 bas
871 2850 899 2896 et
910 2790 974 2896 idas
985 2843 1137 2895 serenitate

339 2918 504 2971 steriliores.
541 2916 671 2967 Fructum
683 2913 817 2981 quaedam
830 2913 957 2981 proximo
969 2927 1040 2965 anno
1051 2913 1085 2964 ab
1098 2913 1136 2963 in-

341 2988 398 3039 cisu
410 2987 575 3053 largiuntur,
590 2984 664 3035 aliae
675 2982 809 3045 secundo,
820 2983 954 3050 quaedam
968 2982 1062 3034 tertio.
1084 2983 1136 3033 Er-

340 3057 433 3122 pletur
444 3060 537 3105 autem
550 3053 633 3120 plaga
645 3054 746 3114 resina,
768 3068 821 3102 non
835 3053 947 3116 cortice,
968 3067 1020 3104 nec
1030 3051 1137 3102 cicatri-

342 3139 382 3185 ce,
393 3138 463 3190 quse
474 3123 502 3171 in
516 3120 567 3172 bae
577 3121 676 3173 arbore
688 3136 741 3172 non
753 3122 818 3172 coit.

378 3192 452 3243 inter
469 3188 538 3240 baec
548 3204 651 3257 genera
672 3194 810 3258 proprium
832 3187 942 3257 quidam
960 3186 1053 3239 iecere
1073 3202 1136 3253 ssp-

340 3261 427 3330 pium,
445 3258 572 3327 quoniam
585 3274 618 3311 ex
633 3262 799 3327 cognatione
810 3274 902 3310 earum
913 3256 1026 3318 seritur,
1046 3257 1138 3324 qualis

301 3368 304 3372 Δ
341 3330 416 3381 dicta
428 3336 469 3380 cst
481 3331 507 3377 in
521 3326 638 3380 nucleis:
660 3333 771 3396 eiusque
784 3326 891 3378 arboris
910 3327 980 3378 imas
993 3335 1085 3395 partes
1098 3332 1138 3377 te.

341 3400 390 3451 das
402 3406 516 3450 rocant:
530 3413 590 3447 cum
602 3397 638 3449 sit
649 3395 701 3450 ilia
713 3399 795 3449 arbor
807 3396 843 3447 nil
856 3396 941 3461 aliud,
959 3412 1040 3465 quam
1050 3397 1139 3463 picea,

341 3468 466 3520 feritatis
477 3466 587 3532 paulum
601 3468 743 3536 mitigatae
754 3464 965 3533 satui'sapinus
978 3474 1070 3517 autem
1083 3480 1139 3517 nra·

267 3536 273 3547 '
341 3539 427 3597 terias
439 3551 580 3588 caesarum
592 3553 607 3587 e
617 3552 720 3605 genere
729 3538 776 3599 sit,
786 3534 870 3588 sicuti
881 3537 1050 3588 docebimus.

376 3606 477 3658 xxiv.
496 3605 632 3658 Materiae
643 3608 714 3657 enim
733 3621 816 3657 causa
834 3605 956 3672 reliquas
968 3604 1082 3655 arbores
1094 3619 1138 3653 na-

342 3685 405 3727 turu
417 3676 525 3743 genuit,
545 3674 821 3743 copiosissimamque
833 3673 980 3726 fraxinum.
1018 3671 1140 3724 Proccra

342 3745 410 3797 lraec
421 3761 454 3797 ac
466 3752 552 3797 teres:
565 3745 678 3812 pinnata
689 3751 717 3795 et
729 3746 789 3810 ipsa
801 3743 883 3794 folio:
898 3743 1069 3809 multumque
1080 3743 1138 3794 llo·

341 3816 410 3867 irreri
422 3815 581 3881 praeconio,
604 3819 633 3863 et
648 3811 764 3863 Achillis
783 3812 864 3863 hasta
883 3811 1040 3862 nobilitata.
1080 3811 1139 3862 Ma·

341 3885 427 3935 teries
439 3891 481 3935 cst
493 3883 526 3933 nd
538 3880 657 3947 plurima
669 3879 755 3932 utilis.
792 3880 834 3930 Ea
846 3880 967 3945 quidem,
987 3895 1059 3946 quae
1070 3880 1101 3930 iit
1110 3881 1139 3931 in

341 3952 390 4005 lda
400 3949 529 4012 Troadis,
540 3954 565 3999 in
579 3955 686 4000 tantum
699 3949 781 4000 cedro
793 3948 900 4009 similis,
912 3956 943 3999 ut
955 3956 1077 4001 ementes
1089 3947 1139 3999 ial-

341 4023 390 4084 lat,
413 4018 517 4072 cortice
529 4018 633 4069 ablato.
670 4016 771 4068 Graeci
784 4017 839 4067 duo
850 4032 953 4085 genera
964 4019 1024 4070 eius
1034 4018 1139 4071 iecere:

340 4092 464 4159 longam,
473 4085 601 4139 enodem:
617 4084 731 4138 aiteram
743 4086 864 4148 brerenr,
876 4085 1025 4149 duriorem,
1037 4086 1140 4139 fusciu-

341 4174 465 4227 remque,
486 4156 590 4208 laureis
601 4155 687 4207 foliis.
725 4154 879 4207 Bunreliam
892 4163 993 4208 r'ocsnt
1008 4155 1036 4207 in
1047 4157 1140 4209 Mace·

342 4230 426 4282 dunin
436 4226 644 4295 amplissimam,
655 4226 902 4292 lentissimamque.
938 4227 993 4280 Alii
1005 4227 1062 4279 situ
1073 4226 1140 4278 diri·

335 4313 412 4351 sere.
449 4299 637 4364 campestrem
659 4298 731 4349 enim
754 4312 814 4349 esse
831 4296 959 4363 crispam,
981 4302 1140 4349 nrnntanam

343 4366 468 4432 spissam.
481 4366 661 4421 Foliacarum
677 4366 806 4420 iumentis
817 4364 970 4427 mortifera,
982 4368 1084 4419 ceteris
1097 4384 1141 4419 ru·

344 4435 507 4487 minantium
520 4438 647 4498 innocua,
659 4436 760 4490 Gracci
772 4434 929 4504 prodidere.
946 4436 975 4486 ln
988 4437 1078 4497 ltalia,
1090 4452 1140 4488 nec

344 4503 475 4553 iumentis
497 4514 606 4557 nocent.
644 4506 747 4558 Corrtra
765 4513 908 4573 serpentes
924 4520 989 4556 rere
1000 4520 1140 4567 suceoex-

344 4586 441 4637 presso
452 4568 487 4620 ad
499 4578 604 4636 potum,
615 4580 644 4625 ct
655 4574 787 4643 imposita
799 4575 966 4635 hulceribus,
982 4574 1097 4643 opifera,
1109 4591 1141 4626 ac

345 4638 415 4690 nihil
427 4643 714 4706 aeque,reperiuntur.
727 4645 871 4711 'l‘sntaque
884 4652 927 4696 cst
938 4645 988 4707 ris,
1001 4650 1073 4695 utne
1086 4660 1140 4696 ma·

345 4707 455 4758 tutinus
466 4706 585 4773 quidem,
597 4708 788 4764 occidentesve
800 4714 919 4776 umbras,
933 4729 993 4765 cunr
1005 4721 1069 4765 sunt
1080 4713 1140 4764 lun-

344 4776 485 4844 gissinrne,
502 4789 617 4842 serpens
630 4776 739 4829 arboris
750 4780 809 4830 eius
821 4776 955 4848 attingat,
970 4783 1040 4834 adeo
1051 4781 1141 4849 ipsam

346 4846 440 4913 procul
452 4842 550 4911 fugiat.
587 4844 702 4910 Experti
714 4846 868 4913 prodimus:
892 4851 915 4901 si
936 4850 1036 4904 irorrde
1047 4866 1079 4903 ca
1091 4868 1140 4919 gy·

343 4928 431 4980 suque
452 4909 599 4964 claudatur
619 4914 627 4963 i
650 4914 691 4963 nis
711 4920 740 4965 ct
755 4930 876 4982 serpens,
899 4920 927 4969 in
942 4921 1021 4985 ignes
1038 4922 1140 4988 potius,

345 4996 425 5049 quam
437 4983 465 5032 in
478 4980 615 5032 fraxinum
626 4930 724 5048 Fugere
735 4993 899 5050 serpentem.
936 4989 1010 5040 lllira
1024 4998 1140 5041 statinae

343 5050 508 5119 benignitas,
530 5050 606 5115 prius
619 5064 700 5170 poam
712 5048 765 5103 hae
777 5056 921 5119 prodeant,
943 5058 1044 5111 llorere
1055 5060 1138 5111 irari-

344 5136 417 5181 num,
429 5136 478 5172 nec
489 5126 554 5171 ante
566 5134 616 5169 con
639 5120 691 5170 itas
703 5120 773 5173 iniis
784 5121 931 5176 dimittere.

361 5232 364 5239 .
382 5189 469 5242 XXV.
481 5191 510 5239 ln
523 5187 583 5251 tilia
594 5203 653 5240 nias
665 5196 693 5242 et
705 5188 807 5242 lentina
817 5192 949 5245 differunt
961 5199 1034 5245 omni
1048 5195 1140 5248 modo.

345 5256 470 5325 Namque
481 5265 509 5309 et
519 5259 649 5309 nratcries
661 5260 732 5309 marl
745 5258 822 5321 dura,
842 5264 992 5331 sudorque,
1009 5280 1042 5318 ac
1055 5264 1141 5315 nodo·

344 5343 384 5387 sa,
405 5335 433 5378 et
445 5325 602 5378 odoratior:
624 5334 720 5379 cortex
734 5343 841 5395 quoque
854 5334 983 5395 crassior,
1004 5349 1037 5386 ac
1049 5336 1141 5387 detra·

343 5403 401 5446 ctus
415 5394 581 5447 inflexibilis.
617 5396 675 5447 Nec
685 5411 777 5449 semen
789 5398 853 5460 fert,
873 5410 921 5452 aut
930 5399 1037 5465 liorem,
1058 5410 1089 5453 ut
1100 5402 1141 5456 fe·

343 5466 433 5525 nrina,
453 5480 522 5532 quae
534 5468 655 5515 crassior
666 5466 783 5528 arbore,
803 5470 919 5521 nraterie
931 5470 1049 5522 candide
1060 5487 1139 5547 prae·

342 5533 500 5601 cellensque
521 5539 571 5584 est.
607 5531 709 5586 Mirum
728 5536 755 5585 in
771 5534 825 5591 bac
839 5537 957 5598 albore,
981 5538 1099 5592 fructum
1123 5557 1141 5593 a

1185 419 1263 472 nullo
1277 419 1437 472 animalium
1456 419 1574 485 attingis
1597 416 1728 468 loliorum
1746 414 1915 480 corticisque
1927 432 1987 467 suc·

1186 505 1246 541 curn
1258 505 1319 542 esse
1331 489 1448 539 dulcem.
1485 486 1560 538 lnter
1575 487 1707 537 corticem
1727 484 1877 550 aciignum
1889 492 1987 536 tenues

1186 559 1297 611 tunicae
1310 558 1459 626 multiplici
1471 549 1774 621 membrana,e'quibns
1784 553 1896 604 uincula
1906 554 1986 607 tiliae

1188 635 1334 680 rorantur:
1356 627 1536 678 terruissimae
1548 639 1640 675 earum
1653 623 1796 690 philem,
1819 636 1984 674 coronarunt

1186 698 1325 749 lemniscis
1336 697 1469 757 celebres,
1479 695 1655 761 antiquorum
1667 693 1780 744 honore.
1798 690 1935 743 Materies
1947 699 1978 744 te

1186 767 1309 818 redirem
1320 782 1374 818 non
1387 765 1661 833 sentit,‘pr0ceritate
1673 776 1803 829 perquam
1816 760 1985 825 medicare·

1186 851 1246 887 rum
1258 836 1344 887 utilis.

1221 904 1318 957 XXVl.
1337 907 1409 956 Acer
1430 901 1553 956 eiusdem
1575 900 1634 952 fere
1652 899 1850 967 amplitudinis,
1870 914 1985 967 operum

1187 974 1329 1041 elegantia
1340 990 1372 1026 ac
1383 969 1623 1025 subtilitateQitro
1635 968 1796 1037 accumbunt.
1832 968 1917 1019 Plura
1925 970 1987 1020 eius

1187 1058 1299 1112 genera.
1334 1044 1432 1097 Album
1454 1040 1525 1110 quod
1548 1040 1685 1106 praecipui
1708 1038 1850 1100 candoris,
1869 1046 1987 1090 rncatur

1188 1113 1336 1175 Gallicum,
1347 1116 1375 1164 in
1387 1112 1590 1178 Transpadana
1601 1108 1692 1170 ltalia,
1702 1114 1834 1176 transque
1846 1108 1930 1173 Alpes
1941 1122 2023 1185 naup-

1188 1199 1277 1235 scens.
1315 1182 1538 1250 Alterun-rgenus
1549 1182 1641 1249 crispo
1653 1178 1824 1247 macularum
1845 1177 1968 1229 discursu
1979 1200 1985 1229 ι
1996 1198 2012 1229 a

1188 1254 1307 1319 quicum
1322 1252 1503 1304 excellentior
1514 1252 1580 1312 tuit,
1602 1266 1617 1300 s
1632 1249 1696 1300 simi
1710 1245 1815 1300 rtudrne
1826 1246 1929 1299 caudae
1939 1263 1986 1314 pa·

1188 1337 1287 1374 rursum
1301 1337 1400 1374 nomen
1411 1322 1527 1388 accepit,
1550 1323 1576 1370 in
1590 1318 1681 1381 istria,
1697 1317 1986 1385 libastiaqueprseci·

1188 1402 1280 1458 puum.
1297 1392 1319 1441 E
1332 1391 1424 1442 riliuri
1436 1403 1546 1459 genere,
1558 1389 1755 1457 crassivenium
1767 1395 1891 1437 rocatur.
1902 1386 2014 1441 (irae-s

1171 1520 1176 1525 ⁴
1188 1463 1214 1512 ci
1226 1464 1281 1511 situ
1293 1460 1459 1511 discernunt.
1496 1463 1656 1525 anestre
1672 1460 1743 1508 enim
1756 1457 1903 1507 candidum
1915 1473 1986 1517 esse,

1189 1544 1239 1580 nee
1250 1528 1379 1595 crispum,
1402 1528 1473 1595 quod
1495 1528 1589 1594 glinon
1606 1530 1725 1576 vocant:
1746 1531 1905 1576 montanum
1918 1540 1985 1576 rero

1188 1599 1314 1663 crispius,
1326 1597 1491 1664 duriusque:
1503 1597 1652 1649 etiamnum
1665 1595 1811 1647 enrascula
1823 1595 1940 1661 crispius
1951 1595 1985 1646 ud

1187 1668 1312 1719 lautiora
1323 1680 1415 1732 opera
1452 1667 1579 1717 Tertium
1592 1681 1679 1734 genus
1689 1664 1811 1785 pffffl'mn,
1831 1665 2024 1728 rubentemq-

1189 1736 1268 1788 llssili
1280 1736 1365 1804 ligno,
1376 1737 1481 1789 cortice
1494 1735 1595 1797 lirido,
1615 1743 1644 1787 et
1656 1750 1703 1786 sca
1723 1749 1763 1784 ro.
1800 1734 1866 1785 Hoc
1878 1734 1928 1784 ulii
1938 1749 1984 1802 ge·

1189 1807 1265 1860 neris
1285 1806 1390 1873 proprii
1410 1820 1471 1859 esse
1488 1806 1608 1869 malunt,
1629 1811 1658 1858 et
1667 1803 1766 1856 Latine
1784 1804 1928 1871 carpinum
1940 1819 1986 1872 ap·

1208 1875 1301 1929 allant.
1465 1924 1471 1933 ,

1189 1893 1205 1946 p
1224 1943 1337 1997 xxvlt.
1357 1943 1577 1996 Pulcherrimum
1589 1957 1654 1995 rern
1666 1949 1709 1993 cst
1722 1943 1865 2006 bruscum,
1886 1943 1987 1995 multo·

1172 2066 1175 2075 ,
1189 2015 1589 2083 queasccllcntiusetiamnum
1597 2012 1771 2064 molluscum.
1782 2015 1988 2065 'l'uberutrum

1189 2100 1242 2151 quc
1253 2084 1361 2135 arboris
1377 2084 1450 2137 eius:
1473 2084 1601 2135 bruscunr
1618 2083 1749 2133 intortius
1761 2084 1895 2150 crispum:
1916 2082 1986 2134 mol·

1189 2154 1598 2221 luscumsimpliciussparsum.
1613 2155 1647 2204 Et
1658 2152 1682 2202 si
1691 2152 1907 2220 magnitudinem
1914 2166 1989 2203 men·

1187 2238 1282 2275 sarum
1295 2231 1414 2290 caperet,
1427 2222 1592 2275 hauddubie
1604 2222 1793 2289 praeferretur
1805 2222 1884 2273 citro.
1909 2222 1988 2273 Nune

1190 2296 1265 2345 intra
1283 2293 1444 2359 pugillares,
1466 2294 1656 2359 lectorumque
1666 2291 1783 2353 silicius,
1802 2290 1989 2353 autlaminas,

1190 2377 1255 2413 raro
1265 2377 1317 2412 usu
1326 2368 1477 2428 spectatur.
1507 2362 1530 2412 Ε
1542 2362 1641 2413 brusco
1657 2360 1725 2411 dunt
1738 2368 1765 2413 et
1776 2375 1886 2413 mensae
1898 2362 1989 2428 nigre·

1191 2437 1311 2483 scentes.
1346 2433 1497 2498 Reperitur
1507 2438 1534 2483 et
1546 2431 1574 2483 in
1586 2431 1650 2483 alno
1661 2431 1753 2482 tuber:
1763 2436 1843 2482 tantu
1856 2429 1987 2491 deterius,

1190 2502 1421 2568 qnantoabucere
1433 2498 1513 2552 alnus
1524 2502 1584 2568 ipsa
1595 2500 1691 2552 distat.
1702 2501 1797 2552 Aceris
1809 2515 1899 2552 nrarcs
1911 2500 1988 2566 prius

1189 2570 1299 2622 florent.
1343 2570 1504 2622 Etiamnum
1525 2573 1552 2622 in
1573 2570 1655 2623 siccis
1680 2574 1763 2621 natae
1790 2568 1987 2637 praeferuntur

1191 2639 1337 2708 aquaticis,
1349 2644 1421 2692 sicut
1431 2648 1459 2694 et
1472 2640 1581 2692 fraxini.
1611 2638 1662 2691 Est
1672 2645 1701 2691 et
1713 2646 1790 2690 trans
1801 2639 1883 2708 Alpes
1896 2638 1989 2700 arbor,

1191 2709 1332 2761 simillima
1343 2712 1415 2762 aceri
1434 2711 1497 2762 albo
1509 2712 1635 2771 materia,
1656 2723 1728 2775 quae
1749 2717 1864 2761 rocatur
1873 2704 1989 2775 staphy-

1185 2777 1352 2849 lodendrop.
1391 2778 1457 2831 Fert
1469 2779 1594 2848 siliquas,
1615 2786 1643 2830 et
1659 2777 1685 2828 in
1698 2778 1734 2828 iis
1746 2779 1868 2841 nucleus,
1889 2790 1989 2842 sapore

1191 2849 1268 2899 nucis
1280 2865 1308 2899 ur
1316 2850 1433 2901 ellanae.

1225 2916 1350 2968 xxviii.
1370 2917 1400 2967 ln
1422 2917 1518 2982 primis
1536 2931 1601 2968 rero
1623 2916 1755 2968 materies
1767 2913 1905 2967 honorata
1913 2913 1989 2965 buxo

1190 2992 1241 3046 est,
1253 3000 1317 3034 raro
1326 2985 1466 3050 crispanti,
1476 3001 1527 3039 nec
1538 2984 1589 3035 nisi
1600 2984 1711 3036 radice:
1725 2993 1817 3036 cetero
1830 2986 1900 3036 lenis
1912 2984 1991 3052 quies

1190 3052 1450 3113 materiae,silentio
1464 3053 1624 3121 quodenset
1634 3052 1786 3114 duritie,ac
1797 3053 1906 3118 pallore
1918 3067 1990 3104 com·

1190 3120 1374 3172 mandabitis:
1404 3123 1431 3171 in
1454 3121 1513 3187 ipsa
1539 3136 1605 3173 rero
1627 3122 1728 3173 arbore
1750 3121 1870 3186 topiario
1894 3135 1989 3188 opere.

1190 3190 1258 3241 'l‘ria
1273 3189 1330 3240 eius
1353 3204 1469 3257 genera:
1492 3190 1642 3253 Gallicum,
1663 3190 1737 3258 quod
1749 3191 1775 3241 in
1787 3195 1875 3241 metas
1888 3189 1991 3241 enritti·

1190 3266 1248 3322 tur,
1268 3256 1533 3328 amplitudinemque
1551 3261 1748 3327 proceriorem.
1785 3258 1943 3311 Oleastrum
1960 3259 1989 3310 in

1191 3329 1267 3381 omni
1279 3344 1327 3379 usu
1340 3328 1628 3398 damnatunr,grarem
1640 3329 1762 3396 praefert
1772 3327 1896 3380 odorem.
1922 3330 1990 3381 Ter·

1190 3400 1259 3450 tium
1270 3414 1357 3466 genus
1369 3406 1494 3451 nostrate
1505 3406 1618 3450 rorant:
1641 3399 1777 3460 silvestre,
1787 3406 1818 3448 ut
1832 3397 1924 3460 credo,
1937 3396 1987 3449 mi·

1190 3470 1307 3537 tigntunr
1319 3476 1393 3519 satu:
1405 3469 1540 3529 diffusius,
1551 3474 1579 3520 et
1590 3467 1729 3520 densitate
1739 3470 1884 3533 parietum,
1897 3468 1990 3519 virens

1190 3553 1308 3604 semper,
1329 3538 1484 3590 actonsilc.
1520 3539 1615 3589 Buxos
1636 3537 1794 3604 Pyrenaeis,
1816 3551 1848 3586 ac
1865 3538 1989 3603 Cytoriis

1191 3607 1331 3657 montibus
1342 3608 1470 3673 plurima,
1483 3614 1510 3657 et
1521 3607 1688 3673 Berecyntio
1700 3614 1804 3657 tractu:
1817 3605 1989 3660 crassissima

1191 3676 1217 3726 in
1230 3676 1350 3735 Corsica,
1369 3674 1437 3726 tlnrc
1450 3690 1504 3725 non
1515 3676 1683 3741 spernendos
1705 3690 1775 3741 quae
1795 3688 1878 3727 causa
1889 3679 1987 3728 arrrari·

1191 3745 1297 3796 tudinis
1308 3743 1407 3795 mellis.
1436 3742 1534 3794 Samen
1546 3744 1623 3793 illius
1636 3746 1743 3795 cunctis
1754 3746 1938 3797 animantibus
1949 3747 1987 3797 in·

1191 3813 1286 3864 risum.
1323 3812 1401 3864 llaec
1412 3814 1438 3862 in
1450 3812 1571 3879 Olympo
1584 3813 1767 3866 Macedoniae
1776 3815 1918 3882 gracilior,
1937 3814 1987 3868 sed

1191 3883 1294 3934 brevis.
1330 3883 1411 3932 Amat
1420 3880 1531 3948 frigida,
1543 3883 1649 3949 aprica.
1684 3883 1715 3934 ln
1726 3886 1785 3950 igni
1795 3899 1903 3951 quoque
1915 3884 1988 3937 duri·

1191 3952 1240 4011 tia,
1251 3965 1322 4017 quse
1333 3950 1420 4002 ferro:
1442 3965 1492 4002 nec
1503 3948 1624 4014 ilamma,
1646 3968 1697 4004 nce
1707 3954 1827 4005 carbone
1838 3954 1910 4005 utili.

1225 4019 1325 4071 xxix.
1344 4020 1420 4071 lntcr
1430 4017 1480 4072 has
1491 4027 1574 4087 atque
1586 4020 1745 4089 frugiferas,
1756 4025 1871 4076 materie
1881 4024 1990 4074 sitium·

1192 4105 1244 4158 que
1254 4090 1386 4153 amicitia,
1410 4089 1547 4156 accipitur
1558 4092 1658 4143 ulmus.
1695 4093 1795 4145 Graeci
1809 4094 1864 4143 duo
1875 4093 1932 4145 eius
1941 4108 1988 4160 ge·

1192 4175 1384 4213 neranorere:
1405 4167 1592 4223 nrontuosanr,
1613 4178 1684 4230 quse
1702 4164 1740 4214 sit
1761 4163 1892 4231 amplior:
1915 4178 1987 4213 cam-

1192 4238 1322 4297 pestrcm,
1343 4245 1413 4296 quae
1424 4229 1569 4284 fruticosa.
1597 4231 1680 4285 ltalia
1691 4233 1796 4285 Atinias
1808 4238 1889 4284 sucat
1900 4232 1989 4284 excel·

1192 4299 1326 4359 sissimus,
1338 4307 1367 4351 ct
1378 4316 1411 4353 ex
1419 4300 1455 4352 iis
1465 4301 1589 4354 siccanas
1602 4302 1732 4368 praefert,
1740 4319 1810 4370 quse
1820 4318 1874 4353 non
1886 4301 1941 4352 sint
1954 4301 1989 4351 ri-

1192 4384 1271 4437 guae.
1311 4370 1434 4422 Alterum
1446 4386 1533 4439 genus
1545 4373 1676 4423 Gallicas.
1704 4373 1829 4424 Tertium
1841 4379 2027 4427 nostratem
2103 4403 2112 4411 ·

1193 4439 1322 4492 densiore
1343 4438 1423 4503 folin,
1446 4445 1474 4493 et
1489 4442 1524 4492 ab
1536 4442 1632 4493 endem
1653 4442 1780 4509 pediculo
1791 4440 1988 4491 numerosiore.

1193 4510 1328 4571 Quartum
1339 4510 1474 4563 silvestre.
1493 4512 1604 4563 Atiniae
1616 4528 1669 4563 nun
1683 4509 1776 4560 ierunt
1785 4523 1937 4559 samaram:
1950 4510 1989 4561 ita

1193 4588 1309 4629 rocntnr
1319 4579 1387 4630 ulmi
1400 4596 1506 4632 semen:
1519 4595 1670 4645 omnesque
1680 4578 1804 4630 radicum
1816 4575 1916 4642 plantis
1927 4593 1990 4646 pro·

1193 4648 1317 4699 ueniunt:
1340 4650 1463 4714 reliquae
1473 4651 1586 4700 seurine.

1227 4716 1316 4769 XXX.
1336 4716 1416 4767 Nunc
1433 4716 1618 4767 celeberrimis
1640 4713 1770 4766 arborum
1791 4712 1881 4776 dictis,
1903 4731 1988 4781 quae·

1193 4785 1256 4838 dam
1268 4785 1296 4835 in
1308 4785 1465 4836 uniuersum
1479 4785 1514 4834 dc
1525 4786 1632 4835 cunctis
1643 4781 1791 4834 indicanda
1800 4790 1875 4834 sunt.
1910 4784 1990 4837 Mon·

1193 4861 1236 4907 tes
1247 4860 1341 4905 uniant
1352 4853 1459 4914 cedrus,
1471 4853 1551 4912 larix,
1563 4850 1637 4915 teda,
1643 4860 1671 4904 et
1684 4858 1826 4913 ceterae,c
1837 4854 1938 4920 quibus
1948 4870 1991 4907 rc·

1194 4924 1254 4974 sinn
1265 4922 1396 4988 gignitur.
1418 4923 1486 4973 ltcm
1497 4921 1641 4988 aquifolia,
1652 4923 1749 4983 buxus,
1760 4921 1825 4984 ilex,
1836 4922 1986 4990 iuniperus,
1996 4932 2019 4971 4

1192 4989 1376 5057 terebinthus,
1387 4992 1514 5056 pupulus,
1532 5006 1625 5053 ornus,
1645 5006 1753 5054 cornus,
1765 4992 1901 5058 carpinus.
1938 4994 1987 5042 Est

1193 5061 1258 5113 etin
1270 5060 1413 5126 Apennino
1426 5059 1529 5120 frutex,
1547 5063 1592 5126 qui
1606 5068 1720 5112 iocatur
1731 5061 1851 5123 rotinus,
1872 5060 1907 5114 ad
1918 5061 1986 5112 lina·
1999 5067 2022 5097 J·

1193 5137 1287 5180 nrenta
1308 5127 1391 5179 modo
1411 5128 1551 5196 conchylii
1571 5130 1664 5182 colore
1676 5129 1802 5197 insignis.
1831 5132 1948 5183 Montes
1960 5139 1986 5183 et

1193 5198 1282 5250 ealles
1295 5197 1390 5266 diligit
1401 5198 1487 5259 abies,
1496 5197 1590 5260 robur,
1602 5207 1757 5264 castaneae,
1770 5201 1842 5263 tilia,
1853 5200 1918 5263 ilex,
1930 5216 1987 5252 cur·

1193 5282 1253 5318 nus.
1284 5268 1400 5334 Aquosis
1413 5267 1553 5320 montibus
1565 5270 1688 5335 gaudent
1699 5286 1772 5333 acer,
1785 5270 1919 5333 fraxinus,
1932 5286 1986 5320 sur·

1193 5338 1253 5397 bus,
1275 5337 1346 5403 tilia,
1363 5338 1484 5387 cerasus.
1521 5334 1583 5389 Non
1605 5347 1709 5391 tenrere
1722 5340 1749 5390 in
1765 5341 1902 5391 montibus
1914 5341 1987 5390 nisae

1193 5414 1257 5457 sunt
1268 5421 1379 5474 prunus,
1392 5406 1522 5468 Punicae,
1536 5406 1661 5469 oleastri,
1671 5408 1790 5476 iuglans,
1801 5424 1902 5469 morus,
1913 5424 1984 5458 sans·

1193 5474 1265 5528 buci.
1285 5474 1463 5527 Descendunt
1473 5483 1503 5528 et
1512 5477 1540 5527 in
1552 5476 1645 5544 plana,
1656 5494 1766 5542 cornus,
1779 5477 1900 5545 corylus,
1910 5492 1988 5543 quer·

1194 5559 1252 5607 eus,
1264 5560 1359 5608 ornus,
1370 5558 1444 5605 acer,
1455 5542 1588 5609 icarium,
1599 5546 1689 5617 fagus,
1699 5548 1836 5619 carpinus.
1863 5545 1987 5599 Subeunt
