4330 6014
343 324 387 387 ab
625 327 658 386 c.
701 322 846 387 PLlNll
889 314 1100 383 sacuam
1142 320 1307 383 Nerua
1351 320 1538 383 HISTOR.
1583 322 1665 384 biit.
1687 326 1711 383 Ι.

342 476 402 530 teia
413 475 557 545 Capitone,
567 479 651 531 cotta
662 472 823 537 Messalino,
841 473 874 525 L.
886 470 995 534 Pisone,
1015 471 1147 541 Pompeio
1232 473 1435 525 Excantare:
1463 450 1610 538 hesiodo,
1640 473 1805 536 Aristotele,
1834 472 2007 540 Democrito,

343 546 466 608 Lenaee,
477 547 614 611 Fabiano,
625 546 723 599 Sextio
735 544 769 597 Ni
791 557 832 605 ro,
844 541 926 594 Vibio
937 539 1020 593 Rufo.
1199 542 1326 595 Hierone
1336 539 1546 612 rege,Archyta,
1556 543 1656 596 Attalo
1665 542 1853 597 Philometore
1864 560 1941 613 rege,
1953 545 2009 600 Xe·

379 616 574 670 Exrsnurs:
597 614 736 675 Hesiodo,
756 613 781 663 Τ
803 609 965 679 euphraste,
984 608 1147 673 Aristotele,
1200 610 1350 678 evehente,
1368 598 1550 678 Amphiloche
1562 612 1713 677 Athenaeo,
1734 614 1880 681 Anaxipeli
1893 614 2008 680 Thasie,

343 685 517 749 Democrito,
532 685 627 737 Attalo
639 683 827 735 Philometore
840 695 916 750 rege,
935 678 1062 732 Hierone
1072 694 1147 748 rege,
1199 680 1369 749 Apollodoro
1381 681 1508 743 Lemnio,
1525 681 1712 749 Aristophane
1723 682 1845 747 Milesio,
1865 685 2005 753 Antigono

343 753 475 822 Archyta,
485 754 677 819 Xenophonte,
688 748 872 818 Amphilocho
882 746 1033 811 Athenaeo,
1042 749 1146 800 Anari-
1200 751 1333 819 cymaco,
1343 750 1498 818 Agathocle
1509 752 1590 815 Chio,
1601 753 1749 821 Apollonio
1758 753 1937 820 Pergameno,
1947 754 2008 806 Ari·

343 817 1147 890 poliThasio,ApolluduroLemnioAristuphaneMilesio,
1200 820 1317 873 standro
1334 821 1489 885 Athenaeo,
1508 821 1629 874 Bacchio
1640 822 1764 888 Milesio,
1783 822 1871 875 Biene
1882 820 2007 887 Solense,

342 892 482 960 Antigone
494 886 1147 957 cymaco,AgathocleChio,ApolleniePerga·
1199 888 1324 942 Chaerea
1344 887 1497 952 Athenaeo,
1518 889 1665 943 chaeriste
1685 892 1763 955 item,
1782 890 1908 945 Diodoro
1928 892 2006 945 Prie·

342 959 599 1025 mene,Aristandro
609 955 1147 1078 Athenaemllotrpeitem,BacehioMi·
1200 973 1280 1022 naeu,
1294 961 1384 1012 Dione
1395 959 1581 1027 colophonia,
1597 962 1721 1031 Epigene
1731 960 1853 1024 Rhodio,
1871 962 2007 1030 Evagene

341 1029 419 1091 leue,
431 1030 519 1080 illene
529 1027 656 1089 Solense,
667 1025 790 1079 chaerea
799 1029 834 1078 At
855 1028 977 1090 eniense,
998 1026 1145 1080 Chaeristo
1199 1029 1325 1092 Thasie,
1349 1028 1512 1097 Euphronio
1531 1030 1694 1095 Athenaeo,
1713 1031 1884 1084 Androtiene
1903 1033 1951 1098 qui
1972 1031 2008 1086 de

290 1157 291 1160 Ἴ
340 1098 415 1158 item,
428 1097 710 1163 Diodorol'ricnaeo,
721 1096 813 1150 Dione
825 1096 1009 1163 colophonis,
1021 1096 1145 1165 Epigene
1200 1100 1375 1168 agricultura
1396 1100 1520 1167 scripsit,
1541 1097 1707 1153 Aeschrieua
1717 1101 1795 1163 item,
1811 1100 1947 1169 Dionysio
1960 1105 2006 1168 qui

339 1165 458 1229 Rhodio,
474 1168 604 1234 Evageee
615 1164 730 1229 Thasie,
751 1165 914 1233 Euphronio
925 1164 1075 1228 Athenaeo,
1087 1168 1143 1219 Au·
1198 1170 1348 1238 Magonem
1359 1170 1514 1233 transtulit,
1532 1169 1682 1238 Diophane
1693 1170 1741 1239 qai
1752 1185 1786 1222 cs
1797 1170 1936 1239 Dionysio
1948 1174 2007 1237 epi-

339 1234 467 1287 drotiene
479 1235 571 1303 quide
583 1235 754 1303 agricultura
771 1236 899 1305 scripsit,
919 1234 1087 1289 Aeschrieue
1099 1235 1146 1302 qui
1198 1243 1291 1292 temen
1311 1239 1394 1302 fecit,
1413 1239 1577 1307 Asclepiade
1600 1239 1716 1301 medice,
1736 1239 1908 1292 Erasistrato
1929 1241 2008 1304 item,

339 1305 413 1369 item,
436 1305 633 1372 Dionysioqui
652 1305 802 1372 Magonem
822 1305 977 1368 transtulit,
997 1304 1144 1373 Diophane
1199 1309 1361 1361 commiade
1384 1308 1432 1376 qui
1452 1310 1487 1363 de
1507 1310 1654 1363 conditura
1665 1308 1734 1372 vini,
1754 1308 1946 1363 Aristomache
1958 1311 2007 1378 qui

338 1375 386 1441 qui
397 1388 432 1426 ex
451 1373 591 1441 Dionysio
614 1374 756 1439 epitomen
767 1376 842 1441 iecit,
852 1373 1015 1442 Asclepiade
1026 1373 1144 1439 medico,
1198 1380 1275 1442 item,
1287 1377 1404 1431 Hicesio
1417 1380 1462 1445 qui
1473 1381 1552 1444 item,
1574 1377 1745 1433 Themisone
1767 1378 1885 1441 medice,
1906 1380 2005 1432 Onesi·

338 1442 667 1512 Onesicrito,lubarege.
1198 1449 1441 1515 crito,lubarege.

263 1558 269 1573 ¹
358 1525 459 1590 Libffl
472 1523 553 1590 XV·
569 1527 1122 1675 ⁰⁰nsszlz'zt‘fforssqzwaefl'ugffe'a'
1197 1565 1299 1631 Libro
1312 1562 1408 1630 XVI.
1433 1572 1639 1631 continenter
1651 1567 1842 1629 tricesimum
1856 1509 2005 1629 carlorum

1525 1674 1673 1728 naturae.

336 1715 355 1765 l.
490 1680 549 1765 De
570 1711 642 1773 olea,
663 1712 795 1779 quamdiu
813 1713 885 1779 apud
897 1711 1021 1767 Graecos
1035 1718 1144 1765 tantum

536 1781 630 1833 fuerit.
641 1780 760 1841 Quando
771 1781 889 1849 primum
901 1783 1030 1847 initalia,
1042 1784 1144 1850 Hispa·
1199 1790 1219 1842 1.
1373 1750 1497 1839 Gentes
1507 1783 1568 1835 sine
1579 1783 1690 1836 arbore.

537 1853 594 1913 aia,
609 1849 704 1902 Africa
723 1866 784 1904 esse
804 1853 936 1920 coeperit.
1197 1858 1231 1908 ll.
1370 1853 1511 1905 Miracula
1522 1853 1552 1904 iu
1563 1851 1787 1920 septemtrionali
1796 1852 1913 1919 regions
1924 1850 2007 1903 arbo·

336 1924 369 1975 ll.
493 1925 573 1986 Quae
585 1927 704 1973 naturae
715 1921 815 1986 alitae,
835 1929 864 1976 et
873 1922 930 1974 elei
940 1922 1108 1989 incipientis.
1197 1928 1243 1979 ill.
1371 1924 1415 1975 De
1424 1922 1600 1991 glandiferis:
1621 1922 1664 1975 Da
1680 1922 1768 1976 ciriae
1787 1936 1901 1975 corona.

336 1991 382 2044 lll.
493 1992 537 2045 De
549 1992 628 2042 oleo:
649 1989 793 2052 Nationes,
809 1997 839 2043 et
853 1993 995 2046 bonitates
1017 1992 1081 2046 olei.
1405 2008 1475 2045 runa.

335 2059 383 2112 Ν.
493 2061 637 2113 olivarum
652 2074 756 2128 genera
764 2058 829 2113 XV.
1197 2066 1244 2120 lv.
1371 2063 1414 2114 De
1426 2076 1593 2114 coronarum
1604 2062 1722 2130 origine.

335 2131 369 2183 V.
491 2132 537 2185 De
560 2136 661 2181 natura
676 2129 741 2181 olei.
1197 2134 1232 2186 V.
1370 2132 1427 2196 Qui
1438 2131 1555 2183 frondea
1565 2130 1784 2183 ceronadonati.

332 2197 381 2250 Vl.
489 2197 1144 2263 culturaolearum:de·servandisoliris.Quo·
1197 2203 1245 2256 Vl.
1372 2202 1519 2254 claudium
1531 2215 1636 2270 genera
1648 2200 1721 2252 Xlll.
1794 2220 1801 2225 ·

543 2268 626 2320 niodo
648 2266 807 2321 faciendum
829 2270 978 2323 sitoleum.
1197 2274 1258 2328 Vll.
1372 2269 1500 2340 Deiage.

335 2336 394 2390 vu.
493 2338 554 2391 clei
572 2337 667 2389 fictitii
677 2352 781 2406 genera
791 2337 915 2391 xavnr.
1197 2344 1271 2397 Vlll.
1371 2339 1541 2407 Dereliquis
1552 2337 1713 2408 glandibus:
1734 2337 1770 2391 ds
1790 2337 1918 2393 carbone.

336 2406 409 2459 Vlll.
496 2408 674 2460 Deamurca.
1197 2412 1245 2464 lx.
1373 2410 1416 2462 De
1437 2409 1523 2478 galla.

335 2475 381 2531 ΙΧ.
493 2477 605 2530 Genera
620 2491 775 2543 pomerum,
786 2485 815 2532 et
836 2484 962 2532 naturae.
982 2477 1088 2531 Nucem
1101 2479 1142 2544 pi·
1197 2483 1232 2533 x.
1373 2481 1462 2544 Quam
1474 2478 1565 2531 multa
1576 2484 1690 2543 praeter
1700 2477 1830 2546 glandem
1841 2475 1934 2531 lerant
1944 2494 2005 2533 eac·

544 2562 659 2598 nearum
670 2561 776 2614 genera
789 2548 834 2601 Ν.
1406 2549 1469 2602 dem
1481 2549 1604 2602 arbores.

332 2614 367 2667 X.
493 2616 680 2668 Getoneorum
698 2621 804 2683 genera
818 2617 863 2670 Ν.
884 2617 1073 2672 struthiorum
1096 2631 1143 2684 gc·
1197 2620 1245 2672 ΧΙ.
1373 2619 1507 2688 cachrys.

543 2700 612 2737 nera
629 2683 675 2736 Ν.
1198 2689 1259 2741 Xll.
1376 2691 1505 2742 Caecum.

332 2753 379 2806 Xl.
493 2752 667 2808 Persicorum
678 2769 782 2823 genera
793 2756 837 2808 Ν.
1001 2780 1005 2787 ·
1199 2759 1272 2811 ΧΙΙΙ.
1373 2760 1531 2827 Agarieum.

333 2822 395 2876 xil.
496 2823 835 2892 PruaerumgeneraXll.
1198 2828 1272 2883 xiv.
1372 2831 1495 2893 Quarum
1515 2829 1646 2880 arborum
1665 2827 1783 2880 cortices
1804 2828 1833 2878 in
1854 2840 1914 2877 usu.

333 2891 407 2943 xm,
492 2890 535 2944 De
557 2907 664 2960 persea.
1176 2897 1256 2953 ‚XV.
1371 2898 1415 2950 De
1435 2897 1584 2950 scandulis.

333 2959 407 3012 xlv.
489 2960 628 3017 Malorum
639 2976 743 3027 genera
753 2962 840 3013 XXX.
859 2965 922 3025 Quo
936 2978 1062 3030 quaeque
1073 2968 1141 3015 tem·
1196 2965 1270 3018 XVI.
1367 2967 1411 3016 De
1423 2968 1498 3031 pino.

542 3044 611 3094 pers
622 3035 738 3082 externa
753 3044 837 3095 poma
847 3032 1010 3083 venerintiu
1022 3031 1143 3091 ltaliam,
1188 3032 1284 3085 'xvia
1366 3032 1410 3084 De
1432 3033 1567 3099 pinastro.

545 3094 666 3147 etunde.
716 3118 718 3123 ·
1195 3100 1295 3154 XVlll.
1367 3101 1467 3151 Picea:
1488 3099 1589 3151 abiete.

334 3161 396 3215 XV.
504 3164 583 3225 Quae
602 3162 759 3216 nothelme.
1196 3171 1271 3223 xlx,
1364 3167 1483 3219 Larice:
1502 3165 1594 3218 taeda.

334 3231 410 3284 XVl.
504 3230 644 3298 Pyrerum
666 3247 772 3301 genera
790 3232 860 3284 xha
1196 3239 1258 3291 xx.
1365 3239 1408 3290 Da
1430 3243 1507 3289 taxo.

335 3300 422 3356 XVll.
504 3299 548 3353 De
568 3303 715 3353 insitorum
734 3302 1140 3372 varietate,etlulgurumea·
1197 3307 1271 3361 xxi.
1368 3306 1475 3369 Quibus
1490 3303 1580 3357 medis
1592 3303 1642 3356 hat
1654 3303 1701 3371 pix
1720 3302 1837 3371 liquide.
1856 3306 2003 3369 Quomodo

544 3372 679 3439 piatione.
1407 3375 1532 3429 cedrium
1544 3375 1602 3426 liat.

335 3439 438 3493 xviri.
506 3438 550 3493 De
562 3442 652 3506 pomis‘
664 3440 816 3502 servandis,
827 3448 856 3492 et
867 3443 936 3495 uris.
1196 3446 1282 3499 xxti.
1368 3446 1476 3511 Quibus
1487 3445 1579 3497 medis
1589 3443 1682 3513 spissa
1692 3444 1740 3510 pix
1751 3445 1808 3496 liat.

334 3510 410 3562 xlx.
506 3509 636 3560 Ficorum
647 3524 752 3575 genera
762 3509 862 3562 xxix.
1196 3516 1297 3569 xxiii.
1364 3517 1473 3581 Quibus
1483 3515 1578 3567 resina
1590 3513 1712 3581 zopissa.

334 3576 397 3630 XX.
504 3579 549 3631 De
560 3577 620 3629 ficia
633 3577 775 3630 historica·
1196 3584 1297 3638 ΧΧΝ.
1363 3588 1488 3649 Quarum
1500 3585 1631 3635 arborum
1642 3581 1777 3635 materiae
1790 3585 1817 3634 in
1826 3583 1926 3650 pretio.
1940 3582 2004 3634 Fra·

334 3646 410 3699 XXI.
503 3645 548 3698 De
560 3646 778 3712 caprificatione.
1405 3654 1463 3705 xinl
1474 3667 1579 3721 genera
1589 3653 1636 3705 Ν.

334 3715 424 3768 xxii.
471 3728 476 3736 ’
503 3716 687 3782 Mespilorum
708 3717 870 3783 generalll.
1196 3722 1283 3777 XXV.
1368 3721 1624 3790 Tiliaegenerall.

334 3783 436 3840 XXlll.
503 3784 656 3838 Sorbnrum
676 3800 779 3853 genera
791 3786 837 3839 Ν.
1196 3791 1297 3845 XXVI.
1365 3792 1462 3843 Aceris
1474 3792 1622 3859 generali.

334 3852 438 3908 xxiv.
504 3854 787 3922 NucumgencraXl.
1196 3860 1309 3914 xxvii.
1365 3860 1707 3915 Bruscumzmelluecum:
1728 3857 2002 3929 Staphylodeudron.

334 3921 423 3977 XXV.
504 3924 702 3976 castanearum
712 3940 818 3993 genera
829 3924 925 3979 XVlll.
1195 3930 1322 3982 xxviii.
1366 3930 1441 3981 Buxi
1452 3945 1556 3998 genera
1568 3931 1616 3982 lll.

334 3993 437 4046 xxvi.
503 3992 635 4060 Siliquae.
1195 3999 1298 4053 xxix.
1367 4000 1510 4051 Ulmorum
1528 4014 1633 4067 genera
1642 4000 1689 4053 Ν.

334 4060 451 4115 xxvii.
503 4063 547 4115 lie
558 4062 684 4114 carnosis
695 4064 793 4130 pomis.
812 4065 856 4119 De
867 4065 960 4118 meris.
1195 4068 1284 4123 XXX.
1361 4069 1499 4121 Arborum
1517 4074 1617 4120 natura
1636 4083 1686 4134 per
1696 4068 1783 4121 situs:
1804 4069 1881 4132 Quae
1892 4078 2001 4124 menta·

335 4131 463 4185 xxviii.
505 4131 694 4185 Deuneduue.
1406 4155 1475 4191 nae:
1497 4153 1567 4205 quae
1578 4144 1759 4204 campestres.

334 4201 439 4255 XXlX.
505 4203 653 4254 Acinorum
667 4208 793 4255 naturae.
1194 4208 1296 4265 xxxi.
1360 4209 1439 4271 Quae
1458 4208 1616 4259 siccaneaes
1647 4222 1718 4275 quae
1742 4207 1906 4274 aquaticae:
1931 4225 2002 4277 quae

335 4271 424 4325 XXX.
506 4273 673 4324 cerasorum
684 4288 788 4340 genera
797 4272 843 4326 lx.
1362 4292 1532 4331 communes.

271 4354 278 4371 ,
336 4338 438 4390 XXXl.
504 4342 608 4394 cerna:
630 4341 747 4395 lentisci.
1194 4347 1310 4400 xxxta.
1362 4347 1470 4399 Divisio
1480 4361 1621 4416 generum.

336 4405 450 4458 xxxta
505 4407 657 4463 Succorum
668 4410 841 4466 differentiae
851 4412 926 4466 Xlll.
1195 4417 1324 4471 xxxam
1361 4418 1468 4479 Quibus
1480 4418 1550 4470 l'blia
1562 4432 1619 4471 nen
1630 4417 1770 4472 decidant.
1789 4415 1832 4471 De
1844 4415 2000 4471 rheclodea·

336 4474 463 4531 xxxiii.
504 4475 739 4546 Decoloretucei,
758 4484 887 4536 stodore.
1403 4487 1463 4540 deo.
1483 4488 1591 4551 Quibus
1613 4502 1668 4539 non
1685 4488 1780 4539 omnia
1798 4485 1870 4538 lolia
1889 4488 2000 4539 cadant.

336 4542 465 4598 xxxii&
504 4546 653 4599 Pomorum
663 4558 781 4603 naturae
792 4551 921 4606 diuersae.
1403 4558 1511 4619 Quibus
1525 4559 1553 4609 in
1566 4558 1637 4609 locis
1648 4558 1716 4609 nulli
1729 4557 1867 4607 arborum.

218 4656 221 4663 ·
334 4611 448 4667 XXXV·
501 4614 622 4681 Myrlssss·
662 4652 668 4667 ·
1193 4626 1322 4681 xxxiv.
1363 4626 1656 4679 Donaturafolierum
1668 4623 1834 4677 cadentium.

246 4710 263 4727 n
335 4680 464 4735 XXXV!-
503 4684 653 4747 Historias
668 4683 702 4736 aa
724 4692 825 4750 myrto.
1193 4694 1307 4747 xxxv.
1363 4695 1469 4756 Quium
1481 4692 1612 4744 tortorum
1623 4692 1821 4754 canicularem
1851 4705 1948 4741 uorem
1961 4691 2002 4743 to·

335 4750 478 4805 xxxvii.
503 4752 614 4806 Genera
625 4753 685 4820 ejus
696 4752 744 4804 xi.
1401 4763 1502 4813 lierum
1523 4761 1539 4809 li
1580 4774 1627 4812 rae
1648 4766 1800 4813 mutentur.
1830 4706 2000 4826 §epulorum

334 4820 488 4874 xxxvul.
506 4820 877 4876 Usueltomaeiaeests'oae.
1085 4842 1102 4869 ο
1400 4776 1577 4898 generali?

334 4889 462 4943 xxxix.
503 4891 627 4944 Laurus:
648 4892 908 4960 generaejulell.
1194 4898 1320 4952 xxxvl.
1362 4900 1439 4961 Quae
1452 4898 1521 4951 lolia
1530 4903 1675 4952 versentur
1685 4898 1811 4951 omnibus
1821 4897 1911 4948 annis.

334 4960 395 5012 xit.
501 4961 644 5015 Historica
655 4964 686 5015 de
696 4964 785 5016 lauro.
1194 4968 1336 5022 XXXVll.
1361 4969 1506 5021 Foliorum
1517 4985 1532 5020 a
1542 4968 1643 5037 palmis
1653 4982 1729 5031 cura,
1740 4974 1769 5019 et
1781 4982 1853 5019 usus.

371 5029 493 5081 Summa.
511 5031 575 5094 Res,
593 5039 622 5085 et
633 5031 777 5096 historiae,
788 5037 818 5085 et
829 5032 1039 5086 observationes
1049 5032 1139 5088 axx.
1194 5039 1350 5092 xxxviii.
1359 5038 1504 5091 Foliorum
1525 5038 1674 5091 mirabilia.

283 5112 289 5119 ·
370 5097 420 5148 Ex
438 5099 682 5153 Aucroaruus:
700 5100 868 5167 Fenestella,
889 5101 1024 5166 Fabiano,
1044 5103 1139 5171 Virgi-
1193 5108 1326 5161 xxxix.
1359 5108 1695 5161 ordonaturaeinsatis.

335 5167 386 5229 liu,
397 5167 480 5219 corn.
491 5169 651 5233 Valeriano,
661 5172 752 5235 celso,
768 5172 875 5226 catone
885 5171 1028 5233 censorie,
1044 5172 1144 5226 Saser-
1194 5178 1255 5232 XL.
1360 5180 1439 5243 Quae
1457 5179 1573 5233 arbores
1590 5190 1732 5247 nunquam
1749 5174 1875 5229 floreant.
1903 5177 2001 5245 Deje-

337 5237 380 5288 nis
402 5244 483 5304 patre
495 5238 604 5303 etlilio,
624 5240 757 5309 Serepha,
778 5243 817 5293 Μ.
830 5242 968 5303 Varrone,
986 5241 1022 5292 D.
1034 5242 1141 5307 Silano,
1402 5249 1517 5315 niperis.

337 5305 425 5359 Fabio
437 5307 558 5371 Pictore,
569 5311 675 5378 Trogo,
685 5311 811 5379 Hygino,
821 5311 923 5364 Elaeae
936 5310 1043 5373 Verrio,
1056 5312 1141 5366 crae·
1194 5315 1268 5370 XLI.
1360 5317 1404 5371 De
1416 5327 1550 5385 conceptu
1561 5317 1701 5371 arborum.
1731 5315 1772 5369 De
1782 5316 1986 5384 germinatione

339 5376 602 5441 eine,Atticelulie,
621 5380 762 5434 Massurie
777 5378 1038 5448 Sabine,'1'ergilla,
1059 5382 1142 5435 Cotta
1403 5387 1438 5440 dc
1450 5396 1541 5454 partu.

338 5445 501 5509 Messalino,
512 5447 675 5511 colunnella,
698 5450 732 5501 L.
746 5449 854 5515 l’isene,
876 5450 1008 5516 Pompeio
1019 5450 1141 5515 Lenaeo,
1194 5456 1282 5508 XLll.
1360 5457 1421 5519 Quo
1434 5458 1531 5510 ordine
1543 5457 1671 5510 floreant.

339 5514 378 5565 hl.
396 5517 478 5570 Accio
489 5517 599 5579 Plauto,
617 5516 726 5581 Flavio,
738 5521 874 5583 Dossene,
886 5519 1028 5584 Scaevola,
1050 5522 1141 5589 Aelio,
1195 5525 1291 5578 XLlll.
1355 5526 1417 5589 Quo
1429 5542 1553 5594 quaeque
1565 5533 1692 5594 tempera
1702 5525 1803 5580 lerant.
1823 5525 1864 5578 De
1878 5536 1971 5578 cerna.

338 5583 432 5639 Atteie
443 5586 587 5654 capitone,
598 5586 696 5643 Sextio
707 5587 900 5660 migraveram
911 5586 995 5642 ltule.
1194 5594 1293 5649 XLlV.
1356 5596 1511 5650 Annitcrae.
1531 5598 1561 5650 ln
1572 5597 1721 5652 triennium
1733 5596 1863 5651 terentes.
