4368 6008
361 331 425 393 alt
476 329 510 393 C.
543 327 693 391 Philiil
726 324 932 388 SECUNDl
968 324 1139 387 aarum
1177 324 1368 386 ataroth
1406 323 1491 384 hill.
1527 322 1661 385 XXVI.
1695 321 1786 383 CAP.
1813 321 1933 386 72-83.

365 482 449 551 giqne
467 494 502 533 eo
518 478 698 547 praecipiant.
733 476 771 528 Et
785 472 967 528 aristolochia
978 474 1164 544 perfrictioni-

365 553 419 604 bus
433 550 548 601 resistit.

403 619 516 670 Lxxrr.
534 614 712 669 Phrenetieos
727 626 841 665 soranus
854 618 946 675 sanat,
965 613 1010 680 qui
1028 610 1166 679 contingit

367 687 526 757 peucedano
536 699 571 736 ex
585 686 664 733 aceto
683 682 766 748 capiti
782 680 885 744 infuso,
906 681 1094 749 anagallidum
1106 696 1166 733 suc·

369 772 411 810 eo.
447 756 471 805 E
483 754 592 804 diverso
613 748 786 817 lethargicos
800 753 924 804 excitare
939 751 1019 803 labor
1036 758 1093 803 cst:
1113 748 1166 801 hoe

369 827 529 894 praestante
549 826 593 883 (ut
614 818 770 886 perhibent)
788 834 823 871 ex
844 828 923 872 aceto
949 821 1061 872 naribus
1081 820 1164 870 tactis

368 890 520 961 peucedani
530 902 620 940 succo.
649 888 753 939 Contra
763 890 884 940 insanias
894 890 1043 942 Vettonica
1052 889 1164 940 bibitur.

372 958 560 1014 carbunculos
571 957 674 1024 rumpit
685 972 810 1023 panaces.
848 958 933 1009 Sanat
946 957 1111 1010 Vettonieae
1122 957 1164 1008 fa·

368 1031 431 1083 rina
440 1043 475 1080 ex
485 1042 565 1095 aqua,
575 1031 623 1077 aut
634 1028 757 1078 brassica
767 1041 828 1077 cum
839 1025 927 1089 thure,
946 1025 1086 1093 frequenti
1097 1032 1164 1091 potu

367 1096 493 1151 calidae:
510 1096 554 1150 vei
565 1112 580 1147 e
592 1096 711 1147 carbone
723 1096 752 1146 iu
762 1103 910 1163 conspectu
921 1097 1067 1158 exstincto,
1084 1092 1164 1146 favii·

366 1169 396 1222 ia
406 1166 495 1233 digito
506 1165 618 1217 sublata
628 1172 657 1216 et
665 1164 754 1217 illitu:
774 1164 819 1217 vei
830 1165 962 1283 plantago
973 1172 1044 1215 tusa.

403 1234 525 1287 Lleiii.
543 1231 722 1302 Tithymaius
733 1232 874 1286 characias
885 1231 922 1300 by
943 1233 1054 1298 ropicos
1064 1237 1146 1283 sanat
1157 1249 1165 1282 z

368 1306 500 1375 plantago
513 1304 542 1355 in
554 1303 625 1365 cibo,
648 1320 709 1356 cum
725 1306 802 1370 prius
819 1317 918 1368 panem
935 1303 1039 1353 siecum
1057 1299 1165 1353 ederint

369 1378 429 1429 siue
451 1379 533 1442 potu:
561 1372 708 1426 Vettonica
727 1372 864 1424 drachmis
886 1370 991 1423 duabus
1011 1371 1041 1421 iu
1058 1369 1165 1421 duobus

369 1439 1165 1578 claritati*illitati{citharistam

369 1583 445 1634 rino:
455 1570 645 1647 anagallidum
655 1595 769 1647 succusg
787 1578 965 1646 cotyledonis
975 1577 1060 1630 radix
1070 1593 1086 1629 o
1097 1576 1166 1629 mui-

369 1667 417 1705 so:
437 1649 743 1717 ,ebuiireceutisradim
755 1655 998 1710 excussatantum,
1019 1646 1165 1699 neccoilu·

369 1731 410 1784 ta,
421 1720 495 1787 quod
507 1718 561 1771 duo
577 1721 658 1787 digiti
674 1717 917 1784 comprehendant,
936 1732 973 1769 ex
988 1717 1045 1768 rini
1062 1715 1165 1768 ceteris

369 1790 452 1843 calidi
464 1788 590 1841 hemina:
611 1788 710 1840 trifolii
720 1787 799 1838 radix
811 1785 950 1838 drachmis
966 1784 1070 1837 duabus
1080 1799 1115 1836 ex
1127 1784 1166 1834 ri·

369 1875 418 1911 no:
446 1857 638 1925 tithymaium,
658 1856 854 1924 platyphyllon
875 1855 1050 1924 cognomine:
1071 1868 1166 1906 semea

368 1928 502 1996 hyperici,
514 1926 586 1994 quod
598 1929 670 1978 coris
681 1926 847 1993 appellatur.

403 1995 427 2048 1.
444 1999 522 2061 licta,
542 2011 623 2063 quam
634 1997 746 2063 quidam
757 2010 818 2047 esse
829 1994 939 2062 ebulum
950 1998 1057 2060 putant,
1071 1990 1164 2045 radice

369 2067 491 2118 contrita
499 2069 529 2116 in
539 2067 595 2117 viui
605 2064 712 2132 cyathis
723 2065 821 2125 tribus,
838 2065 863 2115 si
873 2062 957 2114 febris
968 2063 1049 2125 absit,
1069 2062 1113 2114 rei
1124 2077 1166 2115 sc·

368 2138 442 2187 miae
454 2149 489 2186 ex
499 2135 561 2186 vino
572 2134 661 2201 nigro.
695 2135 765 2185 item
777 2134 944 2195 verbenaca,
964 2131 1097 2185 fasciculo
1108 2147 1165 2185 mn·

369 2219 420 2255 nus
430 2203 528 2272 plenae
540 2202 657 2255 decocta
667 2202 694 2252 in
705 2217 776 2269 aqua
786 2202 820 2253 ad
831 2200 968 2253 dimidias.

403 2274 430 2324 2.
447 2272 600 2339 Praecipue
615 2280 709 2322 tamen
725 2270 917 2323 chamaeactes
937 2285 1037 2323 succus
1054 2270 1166 2337 aptissi-

368 2358 431 2394 mus
443 2340 572 2393 creditur.
608 2342 776 2407 Eruptiones
790 2340 908 2406 pituitae
925 2341 1073 2393 emendant
1089 2341 1165 2406 plan·

368 2423 445 2478 tago,
456 2411 604 2478 cyclamini
620 2411 702 2462 radix
716 2427 731 2462 e
746 2409 844 2461 malie:
866 2409 943 2461 ebuli
958 2409 1028 2462 foiia
1038 2410 1116 2473 trita,
1136 2415 1165 2462 et

369 2487 491 2535 cratere
508 2481 573 2533 tino
592 2480 725 2546 imposita
735 2477 819 2530 etiam
834 2478 916 2530 boam
927 2486 1045 2542 sanant,
1073 2478 1165 2541 idest,

369 2550 502 2671 sphentea
532 2550 657 2618 papulas.
701 2546 876 2616 Pruriginem
903 2563 1004 2601 succus
1040 2547 1166 2617 strychni

369 2619 469 2671 iliius.

403 2685 530 2741 LXXiV.
550 2687 610 2757 igni
629 2703 709 2740 sacro
726 2688 855 2742 medetur
867 2687 993 2740 aizoum:
1014 2685 1086 2739 folia
1100 2687 1168 2739 trita

370 2760 490 2809 cicutae:
509 2758 711 2824 mandragorae
728 2758 818 2810 radix.
855 2756 1018 2810 Scrutaris
1030 2771 1115 2819 maes,
1133 2760 1165 2806 ut

370 2827 504 2878 cucumis:
526 2827 669 2893 primoque
681 2841 765 2894 super
777 2834 897 2879 mustum
906 2825 1091 2893 suspenditur,
1102 2838 1167 2876 mox

369 2898 397 2947 in
406 2896 499 2947 funro:
519 2895 582 2947 dein
595 2895 721 2948 tunditur
732 2897 760 2947 in
772 2898 834 2947 cino
845 2903 894 2946 aut
904 2904 994 2947 aceto.
1048 2890 1166 2944 Prodest

368 2971 399 3017 et
416 2966 480 3015 vino
492 2970 602 3031 myrteo
623 2963 729 3017 fovere.
766 2966 879 3016 Mentae
899 2971 1023 3023 sextans,
1042 2961 1166 3012 riniani·

345 3090 348 3096 ,
367 3033 564 3102 phurisuaeia,
584 3048 619 3084 ex
634 3039 713 3085 aceto
730 3033 813 3083 simui
830 3033 909 3084 trita:
930 3031 1019 3098 fuligo
1031 3044 1064 3080 ex
1076 3036 1165 3081 aceto.

366 3103 443 3173 ignia
454 3103 527 3152 sacri
539 3101 620 3166 plura
629 3111 694 3152 sunt
703 3115 815 3167 genera,
826 3100 897 3152 inter
907 3115 978 3168 quac
987 3098 1105 3150 medium
1117 3097 1165 3151 ho·

365 3172 470 3223 minem
484 3170 619 3231 anrbieus,
632 3169 679 3237 qui
690 3175 786 3221 zoster
796 3169 962 3236 appellatur,
980 3175 1009 3220 et
1018 3175 1125 3230 enecat,
1141 3170 1164 3219 si

367 3239 492 3295 cinxerit.
529 3238 659 3291 Medetur
673 3237 806 3308 plantago
824 3252 884 3288 cum
901 3245 978 3289 creta
989 3237 1116 3301 Cimolia,
1136 3244 1165 3290 et

365 3311 534 3380 peristereos
553 3322 603 3376 per
622 3322 664 3361 set
701 3307 781 3359 radix
802 3307 970 3373 percolatae.
1006 3307 1075 3358 aliis
1094 3322 1164 3375 quae

367 3388 490 3449 serpunt,
501 3376 676 3446 cotyledonis
686 3377 766 3431 radix
778 3392 840 3429 cum
850 3376 950 3441 mulso,
960 3376 1080 3442 ameum,
1102 3391 1164 3429 auc·

366 3467 414 3503 cus
423 3450 570 3502 iinoaostis
582 3463 616 3501 ex
627 3454 716 3500 aceto.

394 3518 514 3574 LXXV.
532 3516 624 3567 Radix
643 3515 790 3583 polypodii
810 3518 884 3570 illita
903 3516 1007 3570 luxatis
1029 3516 1163 3570 medetur.

366 3586 557 3650 Doloremquc
568 3592 596 3634 et
609 3589 734 3636 tumores
745 3585 848 3637 tollunt
858 3602 951 3639 semen
964 3585 1069 3654 psyllii,
1095 3585 1166 3636 folia

366 3653 534 3720 plantaginis
545 3654 681 3712 tusa,aaie
692 3653 801 3705 modico
813 3655 921 3706 addito:
934 3655 1060 3708 verbasci
1069 3668 1163 3707 semen

368 3735 404 3773 ex
415 3722 478 3769 vino
490 3718 632 3770 decoctum
645 3728 674 3772 et
683 3723 832 3772 contritum
842 3742 848 3773 t
860 3725 950 3775 cicuta
961 3739 1021 3775 curn
1034 3723 1164 3790 axungia.

366 3788 449 3840 Folia
464 3785 606 3855 ephemeri
623 3788 765 3839 tuberibus
781 3793 991 3857 tumoribusque
1008 3791 1164 3854 illinuntur,

366 3873 437 3927 quae
448 3854 599 3908 etiamdum
615 3854 713 3907 discuti
725 3866 846 3922 possunt.

401 3924 527 3979 LXXVi.
545 3925 673 3976 iiiorbum
685 3928 789 3992 regium
806 3927 834 3978 in
851 3926 938 3979 oculis
954 3929 1163 3996 praecipuemi-

365 3998 422 4049 rari
434 4003 486 4059 est,
505 3994 670 4047 tenuitatem
684 3994 760 4045 iiiam
778 3995 999 4064 densitatemque
1008 3999 1163 4049 tunicarum

366 4066 433 4120 felle
442 4065 586 4117 subeunte.
621 4064 809 4131 Hippocrates
821 4082 838 4117 u
853 4068 971 4133 septimo
990 4066 1035 4118 die
1045 4069 1074 4119 in
1086 4066 1164 4120 febre

363 4136 539 4188 mortiferum
552 4133 660 4202 siguum
671 4148 733 4185 ease
743 4134 846 4185 docuit.
883 4136 942 4187 Nos
951 4136 1053 4188 sciurus
1063 4138 1164 4190 vixisse

366 4207 477 4274 aliquos
489 4204 573 4256 etiarn
584 4204 619 4254 ab
629 4202 681 4256 hae
691 4204 892 4270 desperatione.
921 4205 967 4258 Fit
977 4220 1043 4258 vero
1054 4213 1082 4258 et
1093 4207 1165 4259 citra

364 4275 466 4335 febres,
485 4275 720 4393 imptpgnaturque
736 4276 880 4347 centaurio
901 4276 1007 4326 maiore
1028 4281 1073 4339 (ut
1094 4276 1164 4327 dixi·

364 4348 438 4399 musi
451 4352 527 4410 poto,
576 4344 710 4404 ettonico,
731 4344 840 4413 affligi
855 4344 945 4395 obuiis
962 4346 1050 4396 trihus
1062 4361 1096 4398 ex
1107 4346 1163 4397 vini

363 4412 467 4463 veteris
480 4410 597 4478 cyatho:
616 4415 682 4464 item
693 4414 866 4465 verbenacae
880 4413 958 4475 folio,
973 4413 1062 4464 obolis
1074 4415 1164 4466 trihus

365 4495 399 4532 ex
411 4482 467 4530 vini
478 4481 561 4532 calidi
573 4479 847 4547 hemiuaquutriduo.
866 4481 920 4533 Sed
932 4482 1075 4535 celerrime
1085 4484 1163 4550 quin·

365 4547 481 4614 qucfolii
491 4563 588 4600 succus
601 4550 725 4602 medetur
736 4550 826 4602 trihus
833 4550 943 4616 cyathis
955 4558 1037 4617 potus
1048 4567 1109 4603 cunr
1121 4568 1164 4605 sa·

363 4615 392 4668 io
403 4624 431 4667 ct
442 4616 535 4669 melle.
571 4618 723 4685 cyclamini
740 4620 820 4671 rddix
832 4619 970 4672 drachmis
988 4621 1077 4672 tribus
1088 4623 1163 4673 hibi-

363 4693 412 4736 tur
423 4685 451 4735 in
463 4684 526 4736 ioco
539 4686 637 4750 mittio,
649 4696 679 4740 et
690 4703 706 4738 a
718 4689 944 4754 perfrictionibus
956 4695 1032 4741 tuto:
1048 4688 1164 4743 sudores

364 4754 436 4805 eninr
450 4751 551 4806 felleos
563 4764 662 4807 morat.
698 4756 778 4808 Folia
789 4759 959 4825 tussilaginis
971 4774 1005 4810 ex
1018 4773 1102 4826 aqua:
1119 4775 1162 4812 se·

363 4836 428 4875 men
441 4822 584 4874 linozostis
598 4826 742 4892 utriusque
752 4826 906 4893 inspersum
920 4828 1035 4894 potioni,
1047 4829 1090 4879 vei
1101 4845 1163 4880 cum

364 4890 504 4942 absinthio
518 4898 566 4941 ant
576 4893 665 4945 cicere
676 4894 836 4946 decoctum:
860 4894 974 4963 hyssopi
987 4897 1089 4949 baccae
1102 4913 1161 4949 cum

364 4974 437 5028 aqua
458 4966 554 5025 potae:
576 4959 666 5014 lichen
687 4961 898 5024 harbmhcnm
920 4967 1048 5027 sumitur,
1069 4977 1161 5019 cetero

364 5029 442 5112 plere
449 5029 642 5149 ¹abstineatur:
660 5031 805 5100 polythrix
813 5035 843 5083 irr
853 5035 918 5086 rino
930 5034 1003 5098 data,
1024 5035 1163 5089 struthion

362 5114 447 5151 mmu
461 5113 502 5149 so.

399 5165 539 5218 hxxvrl.
559 5165 664 5217 Passim
678 5172 706 5218 et
723 5171 752 5221 in
770 5184 930 5239 quacunque
945 5180 1026 5241 purte
1041 5174 1164 5226 niaxima

362 5236 539 5289 incommoda
548 5242 708 5297 nascuntur,
719 5242 766 5304 qui
778 5238 917 5292 funrncuii
929 5252 1072 5306 vocantur,
1091 5257 1163 5293 mor·

361 5306 478 5360 tiferurn
489 5303 637 5372 aliquando
648 5305 751 5357 maium
763 5310 899 5361 confectis
912 5313 1081 5379 corporibus.
1111 5311 1161 5363 iic·

362 5378 457 5429 medio
476 5380 541 5427 sunt
561 5376 726 5441 pycnocomi
747 5375 817 5426 folia
837 5381 903 5429 trita
923 5396 984 5431 cunr
1006 5382 1125 5447 polenta,
1136 5379 1161 5429 si

362 5447 482 5564 rolandum
495 5452 577 5512 caput
588 5442 713 5497 fecerint.
751 5444 915 5498 Discutiunt
929 5449 1035 5527 etfoiia
1047 5448 1162 5519 ephedri

366 5515 550 5642 ¹¹lllllfi'iii.
567 5584 693 5638 Fistuiae
703 5600 812 5655 quoque
821 5587 848 5637 in
858 5589 932 5639 omni
944 5597 1025 5655 parte
1036 5594 1160 5653 serpunt,

1216 475 1387 529 medicorum
1408 472 1478 525 vitio
1498 472 1572 526 mais
1590 470 1676 525 sectis
1697 471 1870 538 corporibus.
1905 476 2016 531 Auxilio

1216 552 1260 597 est
1276 544 1446 596 centaurium
1464 541 1563 603 minus,
1583 541 1708 608 collyriis
1721 556 1783 593 cum
1800 542 1884 594 melle
1899 542 2016 601 decoctu

1216 613 1333 665 additise
1353 610 1520 679 plantaginis
1536 624 1634 660 susem
1653 609 2014 680 infususrquiuquefoiium

1216 697 1278 734 curn
1289 682 1350 733 saie
1361 688 1390 733 et
1405 681 1504 731 melle:
1522 678 1653 730 ladanum
1670 694 1730 730 cum
1744 687 1887 733 castoreo:
1908 686 2014 754 cotyla.

1216 750 1272 803 don
1283 766 1344 803 cum
1356 748 1478 802 medulla
1488 749 1599 799 cervina
1610 747 1748 800 calefacta
1762 755 1791 801 et
1801 749 1947 817 imposita:
1958 769 2016 807 ver·

1215 819 1291 873 busci
1301 819 1406 871 radicis
1423 816 1547 869 medulla
1565 816 1677 884 collyrii
1692 819 1828 871 tenuitate
1844 819 1874 870 iu
1889 822 2015 877 fistulam

1216 888 1344 1010 Ἕως
1362 887 1409 942 vei
1424 881 1625 939 aristolochiae
1639 885 1733 953 radix,
1754 887 1799 941 vel
1816 902 1915 943 succus
1929 890 2015 961 tithy-

1215 973 1242 1010 m

1249 1041 1378 1095 Lxxxx.
1401 1041 1587 1095 collectiones
1607 1040 1898 1111 inflammationesque
1916 1055 2015 1099 sanam

1215 1111 1395 1179 argemoniae
1413 1111 1484 1163 foiia
1503 1112 1585 1164 iiiita.
1639 1112 1765 1167 Duritias
1785 1120 1815 1164 et
1837 1114 2014 1169 collectiones

1216 1195 1312 1232 omnes
1331 1179 1495 1243 yerbenaca,
1514 1181 1559 1233 vei
1580 1180 1800 1248 quinquefolium
1821 1182 1966 1237 decoctum
1985 1187 2014 1239 ia

1216 1255 1310 1302 aceto:
1326 1248 1454 1302 verbasci
1473 1249 1544 1301 folia
1563 1250 1610 1302 rei
1629 1250 1719 1313 radis,
1738 1250 1891 1317 hyssopum
1914 1268 1930 1305 e
1950 1255 2012 1307 cino

1215 1317 1389 1386 impositum:
1408 1318 1485 1369 acori
1495 1319 1584 1383 radia,
1606 1319 1722 1371 decocto
1734 1321 1794 1370 eius
1806 1318 1908 1372 herhae
1919 1320 2014 1376 forcu-

1216 1389 1303 1440 tibus:
1320 1388 1440 1439 aizoum.
1475 1388 1544 1440 item
1556 1403 1626 1455 quae
1638 1393 1754 1440 contusa
1766 1388 1832 1452 sint,
1842 1388 2013 1461 duritiasque

1216 1465 1245 1510 et
1262 1460 1338 1508 ainus
1358 1457 1643 1523 corporis,iiiecebru.
1679 1458 1780 1510 Omnia
1798 1458 1884 1510 infixa
1904 1464 2013 1528 corpori

1216 1522 1373 1589 extrahunt,
1384 1525 1454 1593 folia
1465 1527 1645 1594 tussilaginis,
1657 1527 1784 1593 daucum,
1803 1542 1897 1581 seman
1908 1529 2013 1591 leonto·

1217 1595 1293 1665 podii
1305 1595 1402 1647 tritum
1412 1596 1441 1646 in
1451 1612 1523 1663 aqua
1534 1612 1594 1647 cum
1607 1596 1729 1663 polenta
1765 1596 2013 1664 suppurationibus

1215 1669 1396 1732 imponuntur
1406 1666 1572 1733 pycnocomi
1588 1664 1660 1717 folia
1670 1666 1740 1716 trita
1751 1680 1812 1717 cum
1824 1667 1948 1734 polenta,
1969 1670 2012 1723 vei

1215 1748 1321 1787 semen:
1342 1733 1408 1785 item
1419 1735 1521 1787 orchis.
1557 1735 1645 1796 Vitia,
1654 1750 1725 1802 quae
1735 1737 1791 1786 sint
1801 1735 1828 1787 in
1840 1736 1960 1801 ossibus,
1970 1752 2012 1803 ag

1215 1804 1287 1926 thyrii
1297 1803 1391 1856 radice
1405 1804 1546 1871 imposita,
1569 1803 1761 1855 efficacissime
1774 1807 1866 1857 sanari
1876 1804 2013 1860 dicuutur.

1234 1875 1322 1925 'omae
1333 1881 1363 1925 et
1374 1873 1553 1926 collectiones
1565 1888 1661 1925 omnes
1673 1871 1738 1925 fuco
1750 1875 1843 1937 muris,
1854 1876 2012 1943 priusquam

1216 1945 1363 1996 inarescat.
1398 1946 1436 1995 Et
1445 1943 1542 2013 niceae
1557 1943 1638 1994 radix
1649 1943 1827 1996 collectiones
1837 1944 1961 1997 discutit.

1251 2028 1364 2081 Lxxx.
1381 2029 1515 2081 ambusta
1525 2035 1658 2080 sanamur
1668 2029 1838 2097 plantagine,
1856 2030 1954 2096 arctio,
1973 2030 2013 2082 ita

1216 2105 1247 2151 ut
1257 2100 1374 2151 cicatrix
1384 2097 1474 2150 faiiat.
1497 2098 1578 2149 Folia
1588 2099 1648 2151 eius
1657 2099 1687 2150 in
1698 2115 1772 2166 aqua
1783 2099 1899 2152 decocta
1909 2107 1938 2154 et
1948 2116 2011 2153 eoa·

1216 2171 1285 2220 trita
1294 2169 1449 2220 illinuntur:
1463 2167 1572 2221 radices
1584 2168 1732 2235 cyclamini
1742 2184 1803 2221 cum
1815 2171 1910 2224 aizoo:
1929 2169 2013 2226 herb·

1215 2239 1277 2305 ipsa
1286 2236 1421 2311 hyperici,
1431 2237 1506 2306 quod
1518 2238 1613 2289 corion
1626 2239 1834 2305 appellavimus.

1250 2323 1376 2376 Lxxxx.
1394 2322 1493 2375 Nervis
1505 2328 1534 2374 et
1540 2324 1666 2375 articulis
1676 2326 1805 2377 convenit
1815 2326 1950 2395 plantago
1961 2327 2010 2377 tri·

1215 2392 1408 2446 tacumsaie:
1439 2394 1601 2467 argemonia
1611 2400 1674 2446 tusa
1683 2409 1717 2447 ex
1729 2393 1818 2446 melle.
1856 2394 2012 2448 Peucedaai

1216 2478 1299 2515 succo
1319 2470 1512 2532 perunguntur
1531 2463 1664 2531 spastici,
1699 2463 1821 2515 tetanici.
1857 2463 2010 2516 Nemorum

1218 2532 1338 2585 duritias
1348 2533 1475 2651 aegilops
1485 2547 1577 2595 succo,
1589 2532 1734 2585 doloribus
1745 2534 1873 2601 erigeron
1883 2546 1918 2584 ex
1929 2540 2011 2584 aceto

1217 2603 1346 2654 iiliuitur.
1382 2604 1447 2669 idpit
1465 2616 1532 2669 ymo
1543 2602 1682 2670 spasticis,
1689 2610 1718 2655 ct
1729 2601 1940 2669 opisthotonicis
1951 2614 2012 2667 per·

1217 2672 1296 2740 ungis
1315 2671 1421 2724 semine
1431 2670 1567 2740 hyperici,
1578 2671 1654 2736 quod
1666 2672 1739 2735 coris
1749 2677 1873 2733 vocatur,
1883 2668 2011 2736 idemque

1217 2741 1314 2793 hibere
1326 2741 1448 2808 prodest.
1485 2739 1628 2856 l’l'lp‘l‘i'?
1649 2738 1751 2791 dicitur
1771 2742 1855 2813 etiam
1874 2738 2011 2790 abscissos

1217 2825 1316 2863 sanare
1325 2823 1432 2871 nervos,
1442 2807 1468 2859 si
1479 2823 1529 2859 con
1543 2804 1623 2859 estim
1634 2808 1795 2876 imponatur
1806 2809 1874 2859 trita
1883 2808 1929 2860 rei
1937 2821 2011 2859 man·

1217 2893 1257 2931 sa.
1293 2876 1439 2942 Spasticis,
1460 2876 1596 2937 tremulis,
1619 2877 1844 2942 opisthotonicis,
1866 2877 2012 2941 abrepere
2078 2904 2082 2919 .

1217 2947 1263 2998 dix
1273 2946 1377 2999 bibitur
1387 2958 1422 2996 ex
1432 2959 1506 3011 aqua
1517 2944 1614 2995 mulsa.
1643 2945 1690 2996 Sic
1700 2954 1728 2996 et
1738 2947 1846 3012 rigores
1856 2944 2011 2998 excalfacit.

1251 3027 1389 3084 cxxxii.
1408 3026 1555 3095 Sanguinis
1565 3027 1731 3093 profluuium
1742 3030 1818 3080 sistit
1829 3029 1931 3081 herbae
1944 3020 2011 3082 rue}

1216 3101 1297 3152 oniae
1307 3113 1398 3151 semen
1409 3099 1530 3150 rubrum.
1565 3096 1668 3147 iisdem
1681 3104 1709 3148 et
1726 3098 1752 3147 in
1762 3098 1858 3149 radice
1869 3100 1920 3148 ria.
1950 3098 2013 3166 Cly·

1215 3184 1310 3221 menos
1322 3182 1399 3231 vero,
1410 3167 1436 3219 si
1448 3181 1496 3219 ore
1507 3165 1618 3231 sanguis
1628 3166 1781 3229 reiicintur,
1792 3168 1851 3218 sive
1863 3182 1878 3218 e
1888 3166 2012 3228 naribus,

1215 3240 1272 3292 aire
1284 3239 1346 3291 aira
1356 3238 1432 3297 fluat,
1444 3236 1501 3287 sivo
1512 3235 1675 3287 feminarum
1686 3242 1776 3288 utero.
1804 3236 1873 3288 item
1885 3234 2012 3304 Lysima-

1216 3308 1279 3375 chia
1289 3313 1357 3375 pota
1365 3307 1411 3359 rei
1421 3305 1502 3369 iiiita,
1519 3305 1562 3355 rei
1574 3304 1688 3355 naribus
1699 3305 1805 3356 inditas
1825 3306 1891 3356 itam
1903 3306 2009 3373 planta·

1216 3378 1289 3445 ginis
1299 3392 1410 3430 semen:
1428 3372 1648 3444 quinquefolium
1658 3379 1754 3439 potum
1767 3381 1794 3426 et
1805 3374 1917 3427 iiiitunr:
1941 3378 2011 3427 cieu-

1216 3456 1261 3499 tae
1273 3462 1368 3499 semen
1377 3448 1406 3498 in
1416 3459 1506 3508 nares,
1526 3444 1551 3494 si
1561 3442 1625 3495 inde
1636 3442 1713 3503 fluat,
1733 3445 1829 3495 tritum
1841 3458 1876 3495 ex
1887 3458 1957 3511 aqua
1969 3446 2010 3496 in·

1216 3516 1317 3635 ᾱίωιιίιε
1337 3515 1457 3578 aizoum,
1465 3513 1600 3583 astragali
1610 3511 1691 3585 radix
1701 3529 1708 3562 r
1718 3514 1795 3565 sistit
1807 3520 1835 3566 et
1845 3512 2012 3576 ischaemon,

1216 3587 1294 3638 etlic
1313 3585 1388 3637 ilica.

1214 3684 1237 3707 a.
1252 3654 1402 3707 axxxm.
1415 3655 1436 3707 1.
1457 3653 1621 3721 Equisetam
1632 3653 1765 3725 hippuris
1766 3668 1787 3719 a
1798 3651 1912 3721 Graec-is
1928 3650 2013 3714 dieta,
2026 3660 2052 3708 ‚i

1216 3732 1244 3776 et
1256 3725 1283 3775 in
1296 3725 1385 3790 pratis
1394 3726 1554 3791 vituperata
1563 3720 1651 3785 nobis,
1658 3728 1712 3785 (est
1724 3718 1815 3774 autem
1826 3710 1900 3789 pihrs
1910 3726 2011 3781 terrac,

1216 3794 1333 3860 equinae
1354 3798 1432 3845 setae
1452 3793 1573 3855 similis)
1592 3793 1681 3844 lienes
1702 3806 1842 3844 cursorum
1859 3788 2012 3857 exstinguit

1216 3863 1331 3913 decocta
1342 3863 1423 3913 fictili
1434 3877 1504 3912 noro
1513 3862 1549 3913 ad
1561 3862 1667 3924 tertias,
1678 3868 1809 3928 quantum
1820 3875 1867 3911 vas
1875 3859 1974 3925 capiat,
1984 3865 2011 3909 et

1215 3930 1409 3998 pertriduum
1431 3931 1547 3982 hominis
1567 3937 1647 3998 pota:
1670 3933 1759 3982 unctis
1779 3929 1927 3982 esculentis
1947 3934 2012 3979 ante

1215 4000 1288 4051 diem
1299 4015 1382 4051 unum
1393 3999 1576 4052 interdicitur.
1595 4000 1762 4051 Graecorum
1774 4000 1851 4049 varia
1861 3999 1933 4049 circa
1944 3995 2014 4047 hanc

1216 4070 1319 4137 opinio.
1359 4068 1505 4137 Aiiipinus
1519 4069 1594 4121 foliis
1611 4070 1738 4131 similem,
1758 4068 1947 4135 nigricantem,
1968 4078 2013 4118 eo·

1215 4138 1277 4191 dern
1289 4141 1399 4192 nornine
1410 4139 1558 4206 appeliant,
1565 4139 1618 4188 mm
1630 4139 1688 4189 eius
1700 4136 1891 4189 admirabilem
1902 4134 2013 4186 traden-

1214 4215 1269 4270 tes,
1279 4208 1421 4277 sanguinis
1432 4208 1570 4275 profluvia
1586 4207 1630 4258 rei
1646 4212 1724 4258 tacto
1737 4213 1844 4257 tantum
1855 4219 1889 4257 ea
1900 4203 2012 4255 homine

1215 4277 1288 4331 sisti.
1323 4276 1585 4344 mahummicolis
1599 4273 1749 4345 ephedron,
1758 4275 1810 4343 'aiii
1821 4275 1952 4340 anabasim
1966 4287 2012 4323 ro·

1215 4354 1287 4399 cant.
1323 4347 1504 4414 'l'raduutque
1514 4347 1593 4397 iuxta
1602 4345 1717 4396 arbores
1728 4338 1821 4407 nasci,
1842 4350 1871 4395 et
1881 4340 2013 4394 scanden-

1214 4424 1271 4469 tem
1292 4431 1339 4475 eas
1359 4416 1516 4482 dependere
1536 4414 1624 4466 contis
1640 4414 1746 4466 iunceis
1757 4413 1852 4464 multis
1863 4410 1958 4478 nigris,
1980 4415 2014 4460 ut

1215 4494 1259 4539 cst
1270 4499 1402 4552 equorum
1415 4484 1682 4551 caudagenicuiatis
1694 4482 1818 4545 ramulis,
1831 4482 1901 4533 foiia
1911 4479 2013 4530 habere

1215 4568 1310 4622 pauca,
1322 4555 1427 4618 tenuia,
1438 4556 1547 4623 exigua.
1583 4554 1682 4606 Semen
1694 4551 1854 4613 rotundum,
1865 4547 1956 4601 simile
1970 4560 2014 4599 co-

1215 4623 1337 4686 riandro,
1358 4625 1451 4677 radice
1469 4625 1591 4692 lignosa:
1612 4622 1690 4674 nasci
1701 4623 1730 4671 in
1747 4621 1869 4671 arbustis
1885 4618 2013 4669 maxime.

1214 4690 1265 4743 Vis
1277 4693 1337 4744 eius
1348 4694 1468 4759 spissare
1485 4707 1611 4758 corpora.
1647 4692 1751 4742 Saccus
1767 4689 1929 4751 sauguinem
1941 4702 1956 4738 e
1966 4698 2014 4736 na·

1214 4761 1294 4814 ribus
1304 4762 1433 4813 liuentem
1445 4763 1567 4812 inclusus
1578 4760 1665 4810 sistit:
1684 4758 1752 4808 item
1763 4754 1862 4803 airum.
1880 4752 2014 4808 Medetur

1215 4830 1398 4898 dysentericis
1411 4831 1439 4879 in
1449 4831 1512 4881 rino
1524 4829 1608 4888 dulci,
1618 4833 1699 4893 potus
1711 4820 1821 4894 cyathis
1832 4821 1932 4878 trihus.
1957 4824 2016 4877 Uri·

1213 4915 1277 4950 nam
1290 4901 1363 4950 ciet:
1383 4900 1491 4961 tussim,
1512 4896 1711 4963 orthopnoeam
1729 4898 1822 4944 sanat:
1841 4892 1909 4945 item
1922 4901 2015 4961 rupta,

1215 4975 1244 5019 et
1255 4982 1325 5035 quae
1337 4974 1462 5031 serpunt.
1498 4966 1640 5016 intestinis
1658 4972 1686 5016 et
1702 4963 1810 5016 uesicae
1828 4961 1900 5015 folia
1915 4963 2013 5016 bibun-

1214 5043 1269 5087 tur.
1305 5036 1495 5085 Enteroceiern
1515 5032 1635 5087 cohibet.
1671 5032 1790 5084 Faciunt
1807 5041 1835 5085 ct
1851 5034 1934 5100 aliam
1956 5030 2045 5101 hap,

1214 5104 1304 5176 paria,
1325 5102 1501 5155 brevioribus
1513 5110 1541 5154 et
1551 5102 1725 5153 mollioribus
1737 5103 1833 5167 contis,
1848 5102 2013 5154 candidiori·

1214 5174 1326 5237 busque,
1337 5185 1468 5238 perquam
1481 5173 1578 5224 utilem
1590 5170 1757 5233 ischiadicis,
1768 5178 1796 5224 et
1807 5172 1966 5223 vulneribus
1977 5184 2013 5222 ex

1213 5248 1294 5292 aceto
1305 5242 1472 5307 impositam,
1491 5251 1607 5309 propter
1616 5244 1775 5309 sanguinem
1787 5240 1951 5294 sistendum.

1247 5310 1285 5362 Et
1300 5309 1455 5378 nymphaea
1476 5311 1546 5364 trita
1566 5311 1658 5379 plagis
1678 5312 1838 5378 imponitur.
1874 5305 2013 5361 Peuceda-

1212 5395 1275 5430 num
1288 5395 1348 5431 cum
1360 5381 1464 5433 semine
1483 5383 1606 5448 cupressi
1623 5380 1744 5443 bibitur,
1765 5381 1788 5432 si
1800 5380 1911 5447 sanguis
1921 5392 1970 5445 per
1980 5392 2013 5428 os

1212 5449 1335 5501 redditus
1347 5457 1398 5510 est,
1419 5448 1533 5502 fluxitve
1550 5453 1585 5503 ab
1602 5450 1729 5502 infernis.
1764 5449 1892 5501 Sideritis
1906 5454 2011 5498 tantam

1213 5519 1266 5569 cim
1285 5517 1376 5579 habet,
1399 5527 1431 5569 ut
1450 5523 1577 5586 quamvis
1596 5521 1703 5573 recenti
1727 5518 1891 5588 gladiatoris
1904 5517 2013 5568 vulneri

1211 5587 1328 5657 illigata,
1339 5591 1505 5656 sanguinem
1513 5590 1638 5644 claudat:
1657 5590 1729 5659 quod
1742 5589 1811 5641 facit
1822 5594 1850 5640 et
1861 5585 1966 5639 ferulae
1977 5587 2013 5635 ci·
