4368 6008
359 333 433 393 aad·
471 329 505 392 C.
542 328 686 389 rutuli
720 320 922 386 securim
954 317 1117 380 NATUR
1151 316 1340 378 lllSTOR.
1383 316 1659 378 [cmxxviii.
1704 317 1925 381 care-to.

362 480 564 539 secratissims,
574 478 599 528 si
609 475 736 527 Pontifici
748 469 941 525 accidatDitis
953 481 1037 520 causa
1047 467 1161 534 epulan·

362 551 395 600 ti
433 551 463 601 lu
476 561 569 599 mensa
580 547 678 610 utique
699 544 726 593 id
749 542 858 608 reponi,
881 538 1045 604 adolerique
1057 537 1092 588 ad
1105 538 1158 587 La·

364 633 433 681 rem,
445 616 532 684 piatio
544 622 593 667 est.
618 611 832 671 Medicamenta,
842 612 1000 675 priusquam
1011 605 1161 657 adhibean-

364 696 420 749 tur,
431 687 460 737 in
470 697 564 736 mensa
574 681 647 732 forts
659 679 796 747 deposita,
816 683 919 745 negant
930 675 1070 743 prodesse.
1107 675 1160 725 Un-

364 772 433 825 gues
445 753 562 806 resecari
573 748 701 800 nundinis
717 749 848 800 Romanis
860 745 975 805 tacenti,
997 750 1080 810 atque
1093 757 1110 794 a
1122 741 1161 791 di·

365 830 424 893 gito
435 821 535 881 indice,
554 817 702 869 multorum
715 817 846 883 pamulae
857 815 907 865 reli
931 815 1018 863 iusum
1031 817 1081 862 est.
1110 812 1160 862 Ca·

365 894 460 959 pillum
483 902 549 939 vero
565 888 742 947 contrectari,
765 892 865 936 contra
876 830 1038 935 definiisse
1049 879 1160 931 dolores

365 960 464 1027 capitis
486 954 770 1022 uulneratique
791 952 893 1004 xxix.
930 950 1040 1017 Pagana
1057 948 1120 1017 lege
1129 948 1159 998 in

363 1028 504 1097 plerisque
515 1024 615 1077 ltaliae
632 1024 755 1091 praediis
771 1027 893 1082 caretur,
914 1033 948 1070 ne
963 1018 1095 1098 muliepes
1109 1030 1162 1137 qur

362 1099 465 1149 itinera
475 1094 649 1146 ambulantes
659 1090 905 1158 torqueantiusos,
925 1094 975 1138 aut
987 1100 1097 1137 omnino
1130 1100 1159 1138 e·

365 1174 454 1219 tectos
472 1165 574 1227 lerant,
594 1162 721 1231 quoniam
742 1161 907 1212 adversetur
917 1156 945 1208 id
957 1156 1076 1208 omnium
1091 1155 1160 1221 spei,

364 1236 566 1304 praecipueque
578 1231 697 1298 trogum.
734 1231 773 1281 Μ.
783 1227 920 1281 Servilius
932 1226 1074 1277 Nonianus
1087 1224 1161 1291 priu-

365 1321 428 1372 cepa
439 1303 571 1363 civitatis,
582 1315 636 1351 son
643 1299 749 1364 pridem
757 1300 784 1350 ia
795 1305 869 1349 metu
882 1294 1065 1362 lippitudinis,
1072 1295 1160 1360 prius·

365 1389 446 1443 quam
466 1374 525 1440 ipse
546 1385 606 1421 eam
628 1368 791 1428 nominaret,
815 1366 922 1418 aliusve
940 1365 965 1416 ei
976 1363 1160 1431 praediceret,

364 1443 472 1496 duabus
495 1439 584 1491 literis
605 1437 719 1501 Graccis
730 1437 751 1487 P
761 1444 791 1488 et
801 1437 832 1497 A,
855 1432 978 1485 chartam
990 1433 1160 1498 inscriptam,

364 1509 586 1575 circumligatam
598 1506 665 1566 lino,
671 1506 852 1557 subnectebat
862 1503 949 1555 colio:
960 1502 1106 1554 Mucianus
1117 1508 1161 1554 ter

365 1576 573 1640 consonantem
585 1576 780 1627 observatione
790 1575 927 1641 viventem
941 1586 1061 1624 muscam
1069 1572 1097 1622 in
1110 1571 1161 1621 lin·

364 1648 441 1701 teolo
464 1645 541 1698 albu:
563 1643 606 1696 his
627 1643 757 1695 remediis
778 1658 873 1695 carere
894 1642 969 1708 ipsos
992 1639 1161 1706 lippitudine

364 1716 567 1783 praedicantes.
604 1714 732 1764 Carmina
778 1712 894 1763 uaedam
918 1714 1031 1762 exstant
1062 1715 1161 1760 contra

365 1784 523 1853 grandines,
545 1788 693 1848 contraque
706 1728 862 1832 morhorum
875 1794 987 1847 genera,
1008 1784 1160 1845 contraque

365 1854 501 1912 ambusta,
513 1849 648 1919 quaedam
660 1851 742 1902 etiam
755 1856 882 1917 experta:
901 1848 951 1900 sed
962 1846 1103 1914 prodendo
1113 1846 1161 1897 ob·

365 1928 423 1975 stat
434 1923 530 1990 ingens
541 1919 707 1971 verecundia
717 1921 745 1969 in
757 1925 837 1969 tanta
848 1917 1002 1968 animorum
1014 1917 1161 1968 varietate.

367 1991 542 2058 Quapropter
554 1988 588 2040 de
599 1988 686 2049 his,ut
697 1988 807 2039 libitum
820 1987 919 2053 cuique
927 1986 1018 2047 tuerit,
1024 1987 1160 2052 opinetur.

400 2058 449 2113 Vl.
467 2058 616 2111 Hominum
640 2058 822 2108 monstriiicas
844 2061 956 2107 naturas
978 2063 1006 2109 et
1021 2053 1160 2105 rerrelicos

367 2134 496 2196 aspectus
507 2126 627 2178 diximus
639 2127 667 2176 in
678 2127 814 2192 portentis
821 2123 1098 2191 gentium,etmultas
1106 2124 1161 2173 ani-

365 2199 481 2251 malium
502 2197 697 2264 proprietates,
718 2210 788 2262 quae
804 2196 891 2261 repeti
902 2207 1099 2260 supervacuum
1110 2198 1161 2245 est.

367 2265 546 2332 Quorundam
563 2263 703 2316 hominum
722 2271 784 2316 tota
799 2279 917 2330 corpora
937 2271 1063 2332 prosunt,
1084 2270 1115 2312 ut
1127 2276 1161 2312 es

367 2338 411 2390 his
422 2335 537 2387 familiia
549 2349 618 2401 quae
629 2340 696 2385 sunt
708 2334 812 2386 terrori
822 2334 1089 2400 serpentibus,tnctu
1100 2332 1160 2397 ipso

366 2407 461 2460 lerant
473 2418 627 2473 percussos,
639 2410 752 2458 succure
762 2403 880 2456 medico.
916 2402 1041 2465 Quorum
1057 2414 1163 2467 egene·

366 2491 398 2530 re
409 2481 475 2527 sunt
486 2473 581 2541 Psylli,
602 2475 756 2543 Marstque,
778 2475 864 2541 etqui
875 2470 1052 2543 Ophiogenes
1063 2484 1163 2521 vocan-

261 2588 266 2601 ,
365 2553 414 2597 tur
425 2546 452 2596 in
463 2543 554 2597 issula
566 2544 671 2611 Cypro:
694 2559 730 2596 ex
739 2534 912 2610 qualamilia
929 2541 1038 2609 legatus
1049 2540 1162 2607 Evagon

366 2613 487 2676 nomine,
504 2614 689 2665 aconsulibus
702 2612 807 2664 Romae
823 2613 852 2663 in
868 2612 972 2663 dolium
991 2610 1160 2676 serpentium

366 2685 509 2737 coniectus
520 2682 704 2748 experimenti
714 2697 807 2742 causa,
815 2680 1105 2734 circummulcentibus
1113 2679 1162 2728 lin-

366 2756 431 2823 guis
440 2752 601 2804 miraculum
613 2751 750 2817 praebuit.
776 2750 892 2820 Signum
903 2752 964 2803 eius
975 2748 1100 2800 familiae
1110 2751 1162 2807 est,

366 2821 483 2874 simodo
495 2820 585 2874 adhuc
605 2819 698 2883 durat,
717 2820 809 2873 vernis
830 2819 1001 2888 temporibus
1012 2817 1107 2868 odoris
1122 2816 1162 2865 vi·

365 2906 424 2945 rus·
461 2893 551 2973 Atque
573 2904 669 2943 eurum
690 2890 776 2940 sudor
791 2905 901 2957 quoque
917 2887 1086 2945 medebatur,
1107 2900 1162 2935 non

366 2959 451 3014 modo
463 2961 559 3011 salira.
595 2958 666 3019 Nam
680 2958 707 3009 in
718 2958 809 3011 insula
819 2960 876 3011 Nili
887 2956 1007 3024 'l'entyri
1019 2958 1162 3005 nascentes

368 3036 448 3083 tanto
458 3037 525 3081 suut
534 3027 683 3080 crocodilis
705 3030 863 3088 torserint
881 3040 976 3078 rocem
999 3036 1162 3091 quoqueeo·

368 3114 429 3150 rum
448 3098 566 3164 fugiant
601 3097 710 3149 llorum
728 3099 849 3149 omnium
872 3108 1000 3162 generum
1017 3093 1045 3142 iu
1056 3108 1107 3142 sua
1119 3106 1161 3143 re·

367 3168 521 3235 pugnantia
537 3167 724 3219 interventum
737 3180 844 3234 quoque
856 3163 1091 3215 medericonstat:
1110 3162 1162 3211 sic·

367 3237 410 3289 uti
422 3238 570 3305 aggravari
580 3234 695 3287 vulnera
715 3235 829 3286 introitu
845 3248 951 3293 eorum,
972 3231 1019 3298 qui
1041 3245 1160 3297 unquam

366 3307 473 3360 luerint
494 3305 664 3374 serpentium
679 3307 788 3359 canisve
799 3303 881 3357 dente
893 3301 971 3354 laesi.
1008 3300 1092 3351 iidem
1104 3299 1163 3367 gal·

367 3379 487 3430 iinarum
498 3376 645 3441 incubitus,
669 3390 798 3444 pecorum
815 3375 920 3435 foetus,
941 3373 1041 3424 abortu
1052 3371 1162 3421 vitiant.

367 3450 488 3498 Tantum
500 3454 626 3499 remanet
636 3447 723 3507 virus,
743 3452 861 3511 excepto
872 3444 958 3495 semel
968 3440 1052 3501 malo,
1074 3447 1161 3491 stre-

367 3515 449 3565 neflci
460 3516 527 3565 liunt
536 3528 642 3565 venena
652 3514 735 3578 passi
774 3514 907 3567 Remedio
927 3518 979 3572 est,
999 3510 1075 3561 ablui
1087 3511 1163 3573 prius

368 3595 465 3630 manus
482 3596 588 3641 eorum,
610 3595 735 3649 aquaque
757 3583 875 3645 iliacos,
895 3582 993 3648 quibus
1013 3577 1161 3639 medearis,

366 3647 497 3713 inspergi.
533 3649 639 3698 llursus
657 3664 675 3700 s
694 3654 840 3718 scorpione
861 3648 1010 3718 aliquando
1031 3648 1164 3714 percussi,

367 3728 506 3780 nunquam
517 3720 617 3782 postea
627 3730 643 3767 a
654 3719 842 3780 crabronibus,
861 3720 959 3784 vespis,
979 3718 1112 3783 apibusve
1123 3714 1162 3766 fa·

367 3784 486 3834 riantur.
521 3782 616 3834 Minus
634 3786 752 3837 miretur
762 3786 815 3838 hoc
826 3790 872 3855 qui
883 3787 963 3847 sciat,
983 3793 1086 3837 restem
1099 3798 1116 3835 a
1126 3785 1162 3834 ti·

367 3853 428 3904 neis
448 3865 503 3902 non
522 3852 634 3921 attingi,
655 3868 724 3920 quae
744 3855 831 3907 luerit
846 3856 874 3905 in
887 3853 999 3903 funere:
1019 3858 1162 3918 serpentes

368 3935 461 3990 aegre,
472 3927 664 3989 praeterquam
678 3922 758 3974 laeva
771 3938 853 3975 mauu
864 3920 987 3974 extrahi:
999 3936 1014 3973 e
1024 3920 1163 3990 Pythago·

368 3992 547 4046 raeinventls
567 4005 622 4043 non
634 3998 738 4044 temere
750 3992 862 4054 fallere,
879 3991 1099 4059 inpositivorum
1112 4006 1162 4042 no·

368 4066 472 4115 minum
493 4062 627 4129 imparem
647 4063 784 4115 vocalium
803 4076 961 4122 numerum,
986 4060 1163 4123 clauditates,

368 4134 476 4185 oculive
486 4131 645 4195 orbitatem,
666 4146 700 4183 ac
711 4131 816 4185 similes
830 4146 910 4184 casus
922 4130 1027 4182 dextris
1041 4132 1163 4198 assigna·

367 4217 400 4257 re
411 4203 546 4271 partibus,
566 4217 660 4271 parem
671 4201 767 4254 laevis.
803 4201 909 4254 Ferunt
924 4198 1051 4252 difficiles
1067 4208 1162 4266 partus

369 4275 464 4326 statim
484 4275 564 4335 solvi,
584 4288 644 4325 eum
661 4274 723 4339 quis
739 4278 851 4334 tectum,
869 4270 898 4320 in
916 4284 970 4336 quo
990 4269 1027 4320 sit
1037 4269 1163 4336 pavida,

368 4345 555 4398 transmiserit
567 4343 718 4408 lapide,vel
728 4341 837 4402 missili,
848 4356 880 4392 ex
893 4337 945 4401 his,
955 4354 1026 4406 quae
1037 4341 1092 4391 tria
1102 4340 1161 4391 eoi·

368 4407 1162 4477 maliasingulislctibusinterleeerint,hominem,aprum,

368 4490 470 4528 ursum.
508 4480 684 4531 Probabilius
694 4480 723 4531 id
735 4479 803 4530 iacit
817 4479 898 4530 hasta
908 4477 1044 4540 velitaris,
1066 4477 1163 4530 evulsa

369 4560 385 4594 c
396 4558 512 4610 corpore
521 4545 650 4611 hominis,
666 4549 689 4598 si
698 4554 803 4600 terram
814 4564 869 4599 non
880 4546 1014 4614 attigerit
1043 4547 1160 4598 Eosdem

369 4612 441 4663 enim
462 4612 541 4665 illata
557 4616 672 4669 effectus
693 4616 785 4670 habet.
822 4617 1162 4684 Sicetsagittsscorporc

369 4678 494 4741 eductas,
505 4683 529 4731 εἰ
540 4689 642 4738 terram
653 4700 708 4737 nun
720 4687 878 4756 attigerint,
888 4686 1028 4738 subiectas
1038 4685 1162 4736 cubanti·

368 4750 427 4809 bus,
439 4750 602 4804 amatorium
615 4770 684 4816 esse,
695 4754 820 4822 Orpheus
830 4764 859 4807 et
869 4752 1017 4806 Archelaus
1027 4754 1161 4807 scribunt.

368 4816 441 4877 Quin
452 4823 481 4868 et
492 4820 661 4874 comitialem
674 4825 798 4876 morbum
815 4825 907 4875 sanari
926 4825 986 4875 cibo
1002 4837 1110 4876 ecarne
1122 4822 1160 4876 ie·

367 4899 416 4936 rae
427 4884 535 4937 scuras
549 4888 645 4940 eodem
655 4889 750 4953 ferro,
772 4907 826 4961 quo
839 4891 922 4944 homo
935 4891 1097 4944 interiectus
1113 4892 1160 4943 sit.

368 4952 547 5018 Quorundam
566 4964 659 5021 partes
672 4961 797 5014 medicae
809 4969 882 5023 sunt,
901 4962 983 5013 sicuti
993 4961 1116 5012 diximus
1126 4960 1161 5013 de

366 5020 469 5089 Pyrrhi
487 5025 559 5089 regis
580 5026 691 5090 pollice.
728 5032 765 5080 ut
778 5030 856 5082 Ehrle
868 5032 979 5083 solebat
989 5029 1098 5081 ostendi
1110 5029 1159 5082 Pe·

366 5093 544 5159 lopiscosta,
565 5106 646 5159 quam
667 5094 817 5150 eburneam
834 5100 1015 5151 affirmabant.
1052 5098 1160 5151 Naevos

365 5164 393 5212 in
405 5161 478 5215 facie
487 5160 613 5223 tondere,
619 5161 779 5229 religiosum
791 5164 894 5220 habent
903 5168 1160 5220 etiamnuncmulti.

402 5230 460 5283 vu.
486 5230 634 5282 Hominum
654 5245 720 5282 vero
741 5236 768 5283 is
789 5237 885 5301 primis
906 5237 1025 5288 ieiunam
1045 5237 1159 5287 satiram

366 5307 464 5351 contra
472 5307 613 5368 serpentes
625 5299 765 5367 praesidio
777 5317 853 5365 esse,
876 5305 1028 5358 docuimus.
1065 5305 1160 5357 Sedet

366 5370 436 5421 alios
451 5370 578 5422 elliceecs
592 5373 651 5422 cius
666 5383 732 5419 usus
741 5379 925 5437 recognoscat
934 5374 1003 5427 vita.
1039 5374 1159 5441 Despui-

365 5453 426 5489 mus
437 5439 593 5493 comitiales
603 5438 724 5499 morbos,
732 5438 785 5492 hoc
795 5448 846 5502 est,
855 5446 986 5507 contagio
996 5445 1159 5512 regerimes.

364 5505 456 5558 Simili
468 5509 553 5561 modo
566 5516 595 5560 et
606 5507 803 5561 lancinationes
815 5513 1159 5576 repercutimundextras·

362 5576 743 5638 quacianditatisoccnrsum.
762 5577 877 5631 Veniam
890 5580 1088 5645 quinqueacieis
1098 5581 1158 5646 spei

1213 466 1666 534 alicuiusaudacicrespetimus,in
1677 468 1905 535 sinumspuendo.
1917 468 2010 522 Etiam

1212 536 1309 590 eadem
1320 537 1431 589 ratione
1441 544 1521 588 terna
1532 534 1664 603 despuere
1675 538 1882 605 deprecatione,
1894 538 1921 589 in
1934 540 2011 591 ononi

1212 606 1350 659 medicina
1362 621 1422 656 mos
1433 612 1486 669 est,
1504 613 1588 673 atque
1599 607 1640 658 ita
1650 607 1762 658 elicctus
1774 607 1921 660 adiurare:
1942 609 2008 659 inci·

1213 674 1490 742 pientcslurunculos
1501 675 1937 743 terpraeslgnareieiunasaliva.
1957 677 2011 728 hii·

1213 759 1274 796 rum
1286 743 1418 806 dicemus,
1428 744 1478 796 sed
1488 745 1678 811 experimento
1689 744 1782 796 facile:
1804 746 1833 797 si
1848 760 1929 813 quem
1942 761 2011 813 poe-

1212 813 1303 865 niteat
1321 812 1395 864 ictus
1406 814 1682 865 eminuscominusre
1701 813 1782 877 illati,
1801 821 1829 867 et
1850 815 1946 867 statim
1959 830 2007 868 ex·

1213 889 1298 948 spuat
1309 882 1428 934 mediam
1439 882 1467 933 in
1477 896 1596 946 manum,
1616 898 1671 950 qua
1680 886 1824 950 percussit,
1834 884 1944 937 leratur
1953 885 2010 936 illi·

1213 966 1246 1002 co
1264 965 1410 1017 percussus
1430 965 1558 1018 apoena.
1596 952 1659 1004 lloc
1678 967 1760 1018 saepe
1772 954 1930 1005 delumbata
1941 969 2010 1020 qua-

1213 1019 1337 1086 drupedo
1348 1022 1527 1087 approbatur,
1546 1022 1641 1072 statim
1652 1037 1670 1073 a
1679 1023 1729 1074 tali
1740 1021 1865 1074 remedio
1883 1031 2008 1076 correcto

1213 1090 1345 1140 animalis
1365 1092 1500 1157 ingressu.
1536 1091 1654 1154 Quidam
1677 1105 1742 1142 rero
1763 1098 1916 1160 aggravant
1929 1094 2007 1152 ictus,

1213 1165 1417 1210 anteconatum
1437 1159 1524 1211 simili
1543 1160 1626 1212 modo
1647 1161 1735 1211 saliva
1751 1161 1782 1212 in
1799 1174 1880 1212 manu
1890 1162 2006 1227 ingesta.

1213 1227 1365 1280 Credamus
1378 1243 1445 1297 ergo
1457 1229 1580 1280 lichenas
1599 1230 1745 1296 leprasque
1763 1231 1874 1281 ieiunae
1884 1230 1955 1281 illitu
1965 1245 2007 1281 as·

1212 1297 1410 1349 siduuarceri:
1427 1300 1494 1349 item
1512 1298 1703 1364 lippitudines,
1724 1299 1863 1349 matutina
1884 1299 2006 1365 quotidie

1212 1366 1291 1417 velut
1299 1366 1471 1418 inunctione:
1480 1369 1680 1429 carcinomata,
1690 1367 1763 1419 malo
1775 1375 1867 1420 terrae
1877 1369 2003 1421 subactor

1214 1437 1326 1489 cervicis
1337 1435 1471 1497 dolorem,
1482 1436 1571 1487 salira
1587 1437 1675 1489 ieiuni
1693 1436 1794 1489 dextra
1802 1452 1884 1491 manu
1896 1436 1931 1489 ad
1943 1438 2006 1489 dex·

1213 1511 1287 1556 trum
1329 1505 1444 1572 oplitem
1464 1505 1562 1568 relata,
1582 1496 1874 1559 laevaadsinistrrrm:
1895 1506 2005 1573 siquod

1213 1519 1426 1627 animofaurem
1438 1574 1592 1638 intraverit,
1613 1582 1641 1627 et
1652 1577 1805 1641 inspuetur,
1815 1575 1898 1628 exire.
1933 1578 2007 1627 later

1213 1643 1339 1695 amuleta
1353 1650 1404 1704 est,
1416 1643 1508 1697 editae
1518 1659 1652 1713 quemque
1669 1646 1764 1696 urinae
1774 1645 1914 1711 inspuere:
1934 1645 2008 1696 simi·

1213 1710 1280 1763 liter
1298 1712 1327 1762 in
1349 1712 1567 1764 calceamentum
1589 1713 1682 1765 dextri
1698 1714 1785 1781 pedis,
1807 1720 1951 1781 antequam
1964 1715 2005 1764 in·

1214 1779 1330 1832 duaturr
1351 1781 1418 1832 item
1429 1796 1491 1833 cum
1502 1783 1563 1849 quis
1574 1788 1700 1835 transeat
1713 1783 1822 1846 locum,
1840 1784 1870 1834 in
1890 1798 1943 1849 quo
1956 1782 2005 1835 ali·

1214 1849 1288 1916 quod
1309 1850 1461 1915 periculum
1481 1852 1591 1903 adierit.
1627 1852 1756 1907 Marcion
1769 1851 1944 1920 Smyrnaeus,
1964 1854 2007 1918 qui

1214 1919 1248 1969 de
1268 1917 1443 1983 simplicibus
1465 1918 1610 1972 effectibus
1621 1921 1742 1988 scripsit,
1760 1922 1851 1989 rumpi
1867 1922 2008 1988 scolopen-

1213 1986 1279 2038 dras
1289 1987 1409 2038 marinas
1419 1993 1502 2053 sputo
1512 1990 1612 2041 tradit:
1626 1991 1693 2041 item
1702 1992 1825 2054 rubetas,
1835 1993 1957 2059 eliasque
1968 2005 2007 2041 ra·

1213 2070 1274 2106 nas:
1299 2056 1415 2121 Opilius,
1426 2063 1581 2123 serpentes,
1594 2059 1619 2110 si
1630 2061 1692 2125 quis
1704 2062 1731 2110 in
1743 2058 1849 2111 hiatum
1859 2076 1952 2113 earum
1966 2074 2009 2111 er·

1213 2132 1305 2189 spuat.
1341 2124 1432 2191 Salpe,
1452 2132 1593 2192 torporem
1610 2127 1702 2181 sedari
1715 2144 1876 2196 quoeunque
1887 2130 2008 2183 membro

1214 2194 1381 2260 instupente,
1392 2195 1415 2246 si
1426 2195 1487 2261 quis
1498 2197 1527 2246 in
1538 2197 1629 2249 sinum
1641 2206 1773 2267 exspuat:
1790 2205 1839 2250 aut
1849 2199 1872 2249 si
1884 2201 2009 2266 superior

1215 2262 1347 2330 palpebra
1357 2263 1446 2314 saliva
1456 2271 1596 2333 tangatur.
1632 2267 1690 2319 Nos
1705 2270 1730 2319 si
1745 2267 1822 2328 haec,
1843 2276 1873 2320 et
1887 2269 1936 2319 ilia
1953 2282 2010 2319 cre·

1215 2332 1313 2383 damus
1326 2332 1380 2385 rite
1389 2334 1463 2384 lieri:
1484 2334 1610 2388 extremi
1622 2336 1790 2399 interventu,
1808 2342 1856 2384 aut
1867 2337 1891 2386 si
1909 2336 2010 2387 dormi-

1215 2402 1527 2468 ensspectcturinians,
1545 2421 1562 2457 n
1579 2408 1687 2458 nutrice
1698 2413 1776 2455 terna
1785 2400 1898 2468 adspui:
1920 2419 2008 2470 quan·

1215 2485 1295 2538 quam
1306 2471 1375 2523 illos
1386 2472 1523 2539 religione
1533 2480 1642 2525 tutatur
1654 2483 1682 2529 et
1694 2474 1836 2533 Fascinus,
1855 2473 2010 2540 imperato·

1214 2554 1275 2591 rum
1286 2555 1405 2607 quoque,
1424 2556 1479 2592 non
1497 2544 1585 2594 solum
1595 2543 1742 2599 infantium
1753 2547 1856 2603 matos,
1873 2543 1918 2608 qui
1931 2542 2008 2594 Deus

1214 2610 1287 2661 inter
1306 2624 1386 2661 sacra
1402 2611 1529 2663 Romana
1547 2610 1732 2664 aVestalibus
1743 2610 1854 2669 colitur,
1874 2617 2008 2662 etcurrus

1214 2678 1453 2744 triumphantium,
1472 2684 1523 2735 sub
1538 2680 1723 2748 hispendcns,
1743 2678 1868 2730 defendit
1887 2680 2008 2730 medicus

1214 2746 1348 2798 incidisse
1368 2748 1501 2817 iubetque
1511 2749 1622 2802 eosdem
1634 2750 1773 2817 respicere
1785 2747 1883 2798 similis
1899 2748 2007 2800 nredici·

1215 2831 1251 2866 nn
1269 2817 1394 2936 llqguae,
1415 2825 1447 2871 ut
1457 2820 1496 2871 sit
1507 2824 1743 2886 exorataatergo
1760 2817 1883 2869 Fortuna
1902 2817 2006 2887 gloriae

1215 2900 1291 2937 carm
1306 2901 1350 2937 ex.

1250 2953 1324 3006 vill.
1342 2956 1454 3008 Morsus
1475 2955 1596 3009 hominis
1616 2958 1692 3010 inter
1712 2956 1881 3024 asperrimos
1901 2971 2006 3024 quoque

1215 3030 1381 3075 numeratur.
1401 3024 1550 3077 Medcntur
1559 3027 1657 3081 sordes
1667 3041 1704 3079 ex
1716 3029 1843 3079 auribusr
1860 3042 1892 3077 sc
1902 3041 1935 3078 ne
1947 3027 2006 3094 quis

1215 3094 1340 3155 miretur,
1360 3094 1443 3146 etism
1460 3097 1639 3160 scorpionum
1654 3096 1756 3147 ictibus
1775 3098 2007 3165 serpentiumque,

1214 3163 1309 3213 statim
1325 3163 1481 3229 impositae.
1518 3165 1620 3217 Melius
1639 3167 1790 3232 epercussi
1810 3168 1923 3219 auribus
1942 3178 2003 3232 pro·

1214 3238 1289 3283 sunt:
1301 3233 1380 3285 itaet
1390 3234 1518 3285 reduvias
1529 3237 1629 3287 sanari.
1651 3235 1826 3303 Serpentium
1838 3251 1904 3289 reru
1915 3236 2007 3295 ictum,

1215 3303 1323 3353 contusi
1340 3301 1428 3353 dentis
1445 3302 1556 3354 humani
1568 3304 1667 3356 farina.

1249 3370 1296 3422 ix,
1315 3372 1436 3438 capillus
1453 3387 1609 3439 puerorum,
1630 3375 1678 3441 qui
1695 3375 1812 3442 primum
1831 3374 1941 3426 decisam
1956 3379 2007 3433 est,

1215 3438 1353 3507 podagrae
1364 3444 1481 3509 impetus
1493 3441 1595 3496 dicitur
1605 3442 1697 3495 levare
1708 3444 1929 3510 circumligatus:
1940 3448 1968 3494 et
1979 3442 2005 3491 in

1215 3515 1303 3560 totum
1314 3511 1462 3577 impubium
1473 3513 1631 3578 impositus.
1657 3511 1789 3564 Virorum
1801 3526 1909 3579 quoque
1919 3511 2004 3578 capil-

1215 3577 1260 3628 lus
1281 3581 1355 3630 canis
1375 3581 1513 3634 morsibus
1533 3580 1660 3634 medetur
1670 3596 1704 3633 ex
1725 3587 1817 3634 aceto:
1838 3590 1866 3632 et
1885 3580 2006 3645 capitum

1214 3647 1374 3701 vulneribus
1386 3664 1419 3701 ex
1430 3651 1493 3703 oleo
1505 3652 1638 3703 sutrim.
1673 3649 1702 3702 Si
1710 3648 1855 3709 credimus,
1870 3648 2006 3700 arerulsa

1215 3718 1298 3777 cruci,
1314 3721 1464 3784 quartanis.
1500 3720 1762 3790 combusturaeque
1773 3717 1898 3784 capillus,
1919 3717 2005 3769 carei-

1215 3787 1328 3836 nomati.
1363 3786 1445 3839 Pueri
1456 3791 1502 3855 qui
1513 3795 1617 3857 primus
1628 3790 1758 3843 ceciderit
1769 3788 1847 3850 dens,
1858 3793 1891 3839 ut
1902 3794 2004 3840 terram

1215 3868 1268 3905 non
1280 3855 1537 3923 attingat,inclusus
1547 3861 1577 3911 in
1588 3861 1734 3922 armillam,
1745 3866 1773 3912 ct
1782 3857 1895 3910 assidue
1905 3860 1934 3910 in
1945 3859 2004 3910 bra·

1215 3922 1276 3974 chio
1287 3921 1407 3987 habitus,
1420 3928 1594 3981 muliebrium
1611 3931 1733 3984 locorum
1745 3929 1857 3981 dolores
1868 3927 2004 3996 prohibet.

1217 3992 1315 4046 Pollex
1325 3995 1354 4045 in
1366 3995 1436 4062 pede
1448 3999 1619 4067 praeligatus
1630 4000 1755 4066 proximo
1766 3999 1864 4066 digito,
1884 4006 2004 4049 tumeres

1214 4062 1357 4130 inguinum
1368 4064 1457 4117 sedat.
1491 4068 1522 4118 ln
1533 4083 1615 4119 manu
1631 4071 1731 4121 dextra
1741 4068 1796 4119 duo
1806 4068 1891 4120 medii
1903 4068 1957 4119 lino
1968 4066 2004 4117 le·

1216 4132 1287 4184 viter
1298 4134 1434 4201 colligati,
1455 4136 1654 4190 distillationes
1672 4146 1757 4207 atque
1775 4137 1953 4205 lippitudines
1963 4151 2005 4191 ar·

1216 4209 1289 4254 cent.
1327 4203 1398 4264 Quin
1412 4206 1555 4259 etelectus
1567 4207 1681 4273 lapillus
1693 4208 1842 4269 calculoso,
1862 4206 2003 4274 alligatus·

1215 4286 1268 4337 que
1277 4286 1362 4339 supra
1371 4276 1470 4340 pubem
1481 4276 1576 4329 levare
1587 4284 1695 4329 ceteros
1707 4277 1815 4340 dicitur,
1830 4291 1864 4327 ac
1874 4272 2004 4327 iocineris

1214 4342 1297 4391 etiam
1311 4340 1434 4402 dolorem
1453 4355 1485 4390 ac
1500 4340 1666 4392 celeritatem
1679 4349 1774 4406 partus
1789 4342 1889 4392 iacere.
1925 4340 2002 4390 ldm-

1214 4408 1255 4459 dit
1261 4409 1387 4469 Granius,
1398 4409 1582 4462 efficaciorem
1594 4409 1628 4460 ad
1641 4408 1694 4460 hoc
1705 4426 1765 4463 esse
1775 4409 1850 4461 ferro
1862 4414 2003 4461 exemtum.

1214 4477 1314 4529 Partus
1326 4478 1480 4529 accelerare
1490 4479 1604 4541 ricinos,
1611 4493 1644 4530 ex
1651 4492 1705 4546 quo
1712 4494 1835 4547 quaeque
1842 4478 2003 4543 conceperit,

1214 4548 1236 4598 si
1253 4548 1346 4599 cinctu
1360 4562 1410 4597 suc
1427 4546 1517 4597 soluto
1532 4546 1661 4599 feminam
1672 4549 1799 4608 cinxerit,
1815 4547 1876 4598 dein
1887 4545 2004 4605 solverit,

1214 4616 1323 4669 adiecta
1343 4617 1514 4684 precatione,
1534 4632 1564 4667 se
1579 4618 1710 4680 vinxisse,
1731 4616 1845 4668 eundem
1861 4623 1889 4665 et
1904 4616 2005 4667 solutu·

1214 4699 1283 4748 rum,
1295 4695 1377 4753 atque
1387 4686 1492 4736 abierit.

1265 4755 1300 4805 X.
1319 4754 1455 4821 Sanmlne
1470 4753 1554 4819 ipsius
1566 4750 1695 4811 hominis,
1712 4767 1746 4802 ex
1758 4764 1918 4817 quecunque
1929 4760 2007 4816 parre

1213 4825 1327 4884 emisso,
1343 4822 1530 4873 efficacissime
1542 4820 1667 4887 anginam
1682 4819 1747 4869 illini
1759 4816 1867 4868 trudunt
1879 4818 2006 4886 Orpheus

1213 4889 1414 4951 etArchelaus3
1432 4891 1495 4939 item
1514 4902 1577 4950 ora,
1597 4888 1725 4939 comitiali
1742 4885 1839 4936 morbo
1854 4885 2006 4952 lapsorum:

1213 4976 1361 5028 exsurgere
1371 4962 1442 5012 enim
1454 4960 1587 5028 protinus.
1605 4958 1735 5023 Quidam,
1746 4955 1771 5007 si
1781 4953 1897 5022 pollices
1907 4955 2006 5022 pedum

1212 5036 1379 5097 pungantur,
1399 5044 1489 5097 exque
1509 5029 1554 5081 his
1573 5035 1669 5098 guttae
1680 5026 1839 5080 reierantur
1850 5023 1877 5075 in
1890 5024 2004 5076 iaciens:

1212 5105 1260 5149 unt
1270 5098 1295 5147 si
1305 5098 1386 5164 virgo
1398 5099 1498 5163 dextro
1512 5098 1616 5165 pollice
1627 5098 1760 5165 attingat:
1783 5093 1837 5145 hac
1847 5092 2006 5145 coniectura

1212 5171 1354 5219 censentes
1364 5168 1486 5235 virgines
1496 5182 1592 5218 carnes
1603 5165 1731 5218 edendas.
1767 5160 1915 5216 Aeschines
1926 5160 2006 5212 Athe·

1212 5234 1316 5287 niensis
1327 5244 1563 5288 excrementorum
1575 5237 1668 5287 cinere
1678 5235 1785 5304 anginis
1795 5232 1968 5291 medebatur,
1978 5238 2005 5281 et

1212 5305 1342 5367 tonsillis,
1353 5304 1477 5373 uvisque,
1488 5310 1515 5358 et
1524 5305 1732 5357 carcinomatis.
1752 5304 1816 5355 lloc
1826 5302 2006 5378 medicamen·

1212 5382 1270 5426 tum
1282 5375 1400 5426 vocabat
1409 5376 1538 5441 butryou.
1566 5376 1657 5427 Multa
1667 5389 1772 5443 genera
1782 5371 1941 5423 morborum
1954 5381 2007 5433 pn·

1212 5459 1258 5495 mo
1279 5446 1356 5495 coitu
1376 5445 1530 5506 solvuntur,
1548 5448 1693 5511 primoque
1714 5441 1881 5495 laminarum
1903 5450 2004 5487 mense

1212 5514 1266 5563 Aut
1278 5516 1302 5563 si
1320 5512 1372 5563 hoe
1382 5528 1436 5564 non
1447 5514 1592 5581 contingit,
1613 5513 1765 5580 longinqua
1776 5511 1857 5569 liunt,
1877 5502 2006 5556 maxims·

1212 5581 1439 5648 quecomitiaies
1463 5582 1536 5644 Quin
1546 5589 1739 5650 etsserpente
1750 5576 2008 5645 scacorpioaepsr·
