4374 6014
349 290 415 357 414
458 289 490 349 C.
511 288 611 350 rum.
634 286 715 349 SEC.
738 283 826 346 Nh'l'.
847 282 951 344 HlST.
974 282 1045 341 blll.
1059 279 1208 341 xxxii.
1230 279 1309 344 cnr.
1323 232 1442 343 dmi).
1470 278 1720 341 ulexxxiii.
1747 278 1831 344 ChP.
1851 287 1924 346 1-3.

332 400 335 419 Ι
352 441 519 511 recoquitur,
541 445 568 491 et
581 439 612 489 lit
622 438 723 489 ritmm
735 446 841 503 parurn,
864 449 898 486 ac
910 448 1001 485 massa
1012 432 1075 483 nitri
1087 447 1152 484 ean·
1204 432 1314 500 aliquos
1326 434 1411 486 etiam
1423 431 1548 499 pluribus
1558 432 1649 485 modis
1666 432 1858 488 versicolores.
1898 437 2007 490 vitrum

353 515 420 564 didi.
458 513 513 562 lam
524 522 589 559 rero
601 520 651 572 per
662 506 769 557 Gallias
782 504 985 569 Hispaniasque
996 502 1081 553 simili
1093 516 1150 551 mo·
1204 501 1331 568 sulphuri
1343 509 1505 553 concoctum
1518 499 1717 555 ferruminatur
1727 503 1756 554 in
1769 504 1903 571 lapidem.

354 583 391 634 do
413 594 512 631 arenae
534 583 731 640 temperantur.
768 572 874 624 Ferunt
894 572 1008 623 'l'iberio
1029 571 1152 639 principe
1238 570 1365 623 LXVlll.
1382 572 1417 623 At
1428 571 1549 637 peractis
1560 572 1699 636 omnibus,
1711 588 1781 641 quae
1793 579 1922 626 constant
1934 577 2009 694 inge·

354 650 542 717 excogitatum
554 643 618 694 vitri
630 647 925 709 temperamentum,ut
937 639 1057 693 flexibile
1063 645 1152 693 esset:

355 727 480 773 ettotam
492 711 629 765 officinam
645 712 763 763 artificis
778 712 838 762 eius
854 711 1002 771 abolitam,
1023 725 1057 761 ne
1067 709 1152 770 aeris,

356 786 477 856 argenti,
498 784 558 833 auri
570 782 693 832 metallis
704 781 794 848 pretia
804 779 1029 831 detraherentur:
1065 793 1152 844 eaque

353 857 430 908 fama
440 852 562 904 crebrior
578 851 634 912 diu,
652 866 735 918 quam
752 853 854 902 certior
869 848 932 899 fuit.
968 847 1023 899 Sed
1033 847 1097 914 quid
1108 861 1152 898 re·

354 927 422 986 fert,
458 920 578 974 Neronis
599 920 761 987 principatu
777 924 889 986 reperta
903 918 968 968 ritri
990 924 1061 978 arte,
1081 931 1152 983 quae

352 993 478 1045 modicos
499 991 600 1043 calices
622 989 701 1052 duos,
725 1003 794 1055 qnos
814 986 995 1055 appellabant
1015 992 1152 1053 pterotos,

352 1064 396 1114 ll·
405 1062 432 1114 S.
442 1076 491 1112 sex
502 1057 624 1111 millibus
635 1056 790 1111 renderetl

388 1129 547 1193 vall.,1n
558 1143 661 1195 genere
678 1130 743 1180 vitri
758 1134 786 1179 et
797 1126 950 1199 Obsidione
965 1130 1154 1186 numerantur,

353 1199 389 1253 ad
400 1198 613 1251 similitudinem
625 1196 735 1265 lapidis,
755 1211 834 1264 quem
848 1197 878 1247 iu
889 1194 1037 1263 Aethiopia
1048 1193 1154 1246 invenit

353 1269 494 1335 obsidius,
504 1268 645 1336 nigerrimi
658 1265 771 1330 solome,
782 1265 930 1335 aliquando
942 1271 970 1315 et
980 1262 1153 1326 translucidi,

354 1340 493 1393 crassiore
503 1338 572 1401 risu,
593 1345 677 1404 atque
693 1336 722 1387 in
740 1336 859 1402 speculis
871 1335 1006 1401 parietum
1019 1347 1069 1399 pro
1081 1333 1150 1383 ima·

351 1412 417 1479 gine
427 1409 539 1460 umbras
549 1407 691 1458 reddente.
712 1406 841 1457 Gemmas
852 1404 934 1454 multi
944 1416 979 1453 ex
988 1417 1021 1452 eu
1033 1401 1152 1454 faciente

351 1480 527 1545 vidimusque
540 1483 570 1528 et
580 1476 687 1527 solidas
699 1474 835 1541 imagines
847 1472 909 1522 Diri
920 1471 1037 1539 Augusti
1049 1506 1057 1534 ,
1079 1471 1153 1536 capti

352 1550 486 1600 materiae
498 1546 578 1599 huius
590 1544 786 1597 crassitudines
807 1541 963 1609 dicar-itque
974 1545 1032 1608 ipse
1043 1554 1092 1607 pro
1105 1540 1153 1591 mi·

352 1617 452 1668 raculo
473 1615 625 1681 intemplo
647 1611 820 1665 Concordiae
843 1611 1012 1663 obsidianus
1033 1618 1154 1676 quatuor

354 1685 525 1754 elephantos.
561 1682 678 1737 Remlsit
694 1689 723 1733 et
733 1681 865 1733 Tiberius
881 1682 984 1732 Caesar
996 1679 1152 1747 Heliopoli-

353 1764 444 1807 tnrum
462 1752 641 1808 caerimoniis
658 1758 798 1818 repertam
815 1750 855 1802 ibi
872 1751 900 1801 in
917 1747 1075 1801 hereditate
1093 1750 1154 1800 eius

353 1829 400 1895 qui
411 1824 571 1892 praefuerat
582 1826 709 1890 Aegypto
716 1858 724 1884 ,
745 1820 925 1873 obsidianam
937 1819 1084 1886 imaginem
1097 1820 1155 1869 ble-

351 1896 437 1948 nelai.
474 1896 517 1946 Ex
542 1909 597 1964 quo
617 1897 734 1959 apparet
746 1891 804 1942 anti
826 1892 888 1941 iiior
908 1890 1044 1941 materiae
1065 1891 1154 1955 origo,

1209 642 1265 704 nio,
1287 648 1376 692 artem
1392 650 1493 690 tratura
1507 638 1636 703 faciente,
1655 645 1792 695 succurrit
1805 643 1912 708 mirari,
1938 645 1966 695 ni
1986 643 2009 695 il

1187 740 1192 749 ι
1205 725 1292 777 paene
1303 726 1357 761 nnn
1369 710 1432 778 igue
1445 708 1551 776 perfici.
1588 709 1663 776 lgnis
1673 710 1775 778 accipit
1784 726 1894 775 arenas,
1903 729 1938 767 en
1951 714 2011 779 qui·

1205 782 1256 831 bus
1267 779 1333 831 alibi
1346 780 1458 842 nitrum,
1470 778 1537 831 alibi
1550 784 1705 846 argentum,
1722 781 1790 832 alibi
1802 783 1927 848 minium,
1939 782 2010 835 alibi

1225 849 1311 899 lumbi
1331 862 1442 917 genera,
1463 847 1530 900 alibi
1543 848 1696 915 pigmenta,
1716 850 1785 901 alibi
1805 851 2013 904 medicamenta

1205 863 1306 970 iundit.
1342 919 1409 984 lgne
1419 917 1527 983 lapides
1542 919 1571 968 in
1587 932 1636 969 aes
1652 918 1808 982 solvuntur,
1829 922 1892 987 igne
1902 922 2011 973 ferrum

1205 988 1329 1055 gignitur
1338 1003 1372 1038 ac
1382 986 1530 1050 domatur,
1549 988 1615 1054 igne
1627 992 1750 1040 cremato
1761 988 1852 1054 lapide
1864 996 2012 1043 caementa

1205 1058 1232 1107 in
1246 1057 1328 1107 tectis
1340 1057 1468 1124 ligantur.
1493 1057 1555 1108 allia
1566 1056 1676 1123 saepius
1687 1057 1730 1109 uri
1743 1057 1867 1125 prodest.
1892 1058 2009 1111 Eadem·

1206 1140 1258 1193 que
1273 1126 1395 1177 materia
1409 1124 1485 1176 aliud
1504 1112 1593 1194 gignit
1608 1128 1705 1193 primis
1721 1127 1846 1196 ignibus,
1868 1127 1945 1180 aliud
1962 1144 2008 1182 se·

1206 1194 1311 1257 cundis,
1328 1195 1409 1247 aliud
1421 1195 1523 1248 tertiis.
1559 1196 1676 1260 Quando
1694 1198 1754 1263 ipse
1771 1198 1856 1249 carbo
1873 1198 2005 1251 siresha-

1205 1266 1272 1317 bere
1292 1265 1392 1331 incipit
1410 1266 1586 1329 restinctus,
1616 1272 1700 1332 atque
1720 1266 1864 1320 interiisse
1885 1268 2007 1319 creditus

1206 1334 1323 1385 maioris
1334 1335 1365 1385 fit
1376 1334 1497 1385 virtutis.
1534 1334 1671 1386 immensa
1681 1342 1709 1387 et
1719 1336 1847 1403 improba
1857 1351 1948 1389 rerum
1961 1352 2008 1389 na·

1206 1411 1285 1455 turae
1297 1404 1411 1470 portio:
1431 1411 1460 1457 et
1475 1404 1503 1455 in
1519 1419 1574 1472 qua
1590 1404 1704 1457 dubium
1724 1406 1771 1471 sit,
1786 1407 1870 1475 plura
1881 1407 2007 1460 absumat

1205 1488 1240 1524 an
1270 1474 1350 1524 ariat.

1239 1486 1340 1594 [PXIX.
1359 1541 1411 1593 Est
1422 1549 1451 1593 et
1462 1540 1532 1608 ipsis
1543 1541 1652 1610 ignibus
1667 1542 1775 1595 medica
1784 1544 1836 1595 ris.
1873 1543 2005 1599 Pestilen-

1206 1611 1272 1677 tiae,
1284 1627 1354 1679 quae
1363 1610 1438 1663 Sulis
1450 1612 1648 1664 obscuratione
1659 1611 1845 1677 contrahitur,
1860 1614 1935 1683 ignis
1946 1616 2003 1667 suf·

1206 1681 1256 1732 litu
1278 1679 1490 1732 multiformiter
1510 1682 1640 1733 auxiliari
1654 1688 1758 1734 certum
1779 1690 1833 1737 est
1869 1685 1919 1735 Ilm
1942 1686 2005 1737 edo·

1207 1751 1263 1802 eles
1275 1757 1304 1803 et
1314 1751 1501 1818 Hippocrates
1516 1751 1545 1803 id
1557 1752 1783 1805 demonstravere
1794 1753 1913 1805 dirersis
1935 1754 2003 1807 ocis.

1206 1820 1247 1873 ad
1258 1821 1390 1872 convulsa
1401 1821 1518 1883 viscera,
1528 1828 1576 1872 aut
1587 1827 1712 1885 contusa,
1723 1827 1755 1873 ut
1767 1823 1807 1874 Μ.
1821 1824 1926 1876 Varro:
1938 1824 2006 1891 ipsis

1207 1889 1279 1942 enim
1301 1889 1395 1941 serbis
1415 1890 1474 1941 eius
1493 1899 1569 1941 utar:
1590 1891 1644 1942 Lis
1657 1891 1729 1942 einis
1748 1899 1801 1956 est,
1821 1893 1919 1959 inquit,
1939 1892 2006 1945 foci.

352 1962 797 2026 nnncritrisimilitudinelnterp
831 1966 886 2013 ata.
915 1959 1154 2011 xenocratesob-
1207 1958 1674 2029 lntleenlmcinislixiriuspotus
1692 1959 1828 2014 medetur:
1847 1960 2008 2014 utlieetvi·

354 2034 494 2085 sidianum
506 2032 626 2101 lapidem
642 2032 672 2081 in
690 2029 769 2081 ludin
785 2036 813 2081 et
831 2030 857 2080 lu
872 2027 984 2079 Samnio
997 2024 1104 2087 ltaliae,
1127 2032 1155 2077 et
1206 2027 1272 2080 dere
1282 2028 1530 2096 gladiatores,cum
1543 2030 1713 2092 deluserunt,
1724 2030 1774 2082 hac
1785 2032 1871 2082 iurari
1883 2031 2007 2097 potione.

236 2076 250 2115 '¹
353 2103 389 2153 ad
402 2096 578 2155 Oceanunuln
591 2099 727 2166 Hispania
737 2100 813 2149 irasci
825 2096 919 2150 tradit.
956 2094 1153 2149 Fitettinctu-
1207 2099 1527 2160 Quinetcarbunculum
1541 2115 1629 2168 genus
1642 2100 1741 2165 morbi,
1760 2114 1814 2168 qao
1826 2101 1894 2152 duos
1904 2114 2004 2151 eonsu-

247 4592 250 4597 '
352 4600 384 4643 nt
395 4592 531 4659 plerisque
543 4594 577 4646 ad
589 4608 723 4648 summam
740 4596 951 4662 absolutamque
968 4612 1060 4648 rerum
1072 4604 1151 4649 natu·

352 2186 402 2223 rae
422 2185 525 2240 genere
541 2169 734 2231 Obsidianum,
755 2166 791 2220 acl
806 2167 913 2219 escaria
923 2181 999 2229 rasa,
1020 2171 1154 2218 ettotam
1207 2168 1281 2219 lares
1291 2182 1378 2289 nuper
1389 2168 1532 2221 absumtos
1547 2169 1751 2233 indicavimus,
1771 2185 1910 2238 querneus
1921 2170 2005 2221 carbo
2033 2224 2037 2229 ,

354 2241 457 2292 rubens
468 2240 580 2307 vitrum,
601 2244 684 2304 atque.
696 2253 752 2288 non
763 2238 955 2297 translucens,
976 2234 1155 2288 haematinon
1206 2238 1289 2289 tritus
1311 2252 1326 2289 c
1346 2246 1371 2287 m
1396 2237 1478 2289 melle
1499 2246 1588 2290 sanat.
1626 2239 1701 2291 rideo
1722 2242 1752 2291 in
1763 2240 1846 2291 rebus
1867 2238 2005 2291 damnatis

354 2310 536 2377 appellatum.
573 2309 619 2361 Fit
631 2308 773 2370 etalbum,
790 2305 1010 2367 etmurrhinum,
1029 2304 1155 2374 autbya·
1207 2307 2006 2375 quoque,aciamnullis,suntaliquaremediantiscar·

355 2378 464 2432 ciathos
476 2376 676 2446 sapphirosque
688 2377 839 2439 imitatum,
855 2382 885 2429 et
895 2374 1022 2428 omnibus
1034 2375 1098 2427 aliis
1111 2388 1155 2425 co·
1206 2378 1281 2429 bone
1290 2392 1354 2430 ecee
1364 2382 1394 2427 et
1404 2378 1505 2429 cinere.

354 2449 471 2500 loribus.
507 2449 566 2501 Nee
585 2454 628 2500 est
644 2446 700 2498 ulia
716 2462 788 2498 nunc
800 2445 919 2498 materia
932 2445 1086 2514 sequacior,
1107 2450 1156 2495 aut
1242 2446 1328 2498 Lxx.
1343 2445 1405 2497 Non
1425 2446 1584 2513 praeteribo
1605 2451 1634 2497 et
1652 2458 1734 2496 unum
1758 2444 1814 2496 foci
1835 2448 2007 2515 exemplum,

355 2516 438 2571 etiam
462 2517 591 2583 picturae
612 2514 858 2568 accommodatior.
899 2515 1041 2567 Maximus
1063 2522 1155 2566 tamen
1206 2515 1340 2567 Maianis
1351 2515 1442 2568 literis
1452 2516 1567 2569 clarum.
1601 2513 2007 2585 TarquinioPrincoregqaute
2086 2518 2096 2533 ¹

354 2585 445 2638 honos
466 2588 494 2637 in
515 2585 635 2638 candido
657 2584 904 2647 translucentibus,
925 2600 1006 2653 quarn
1029 2585 1156 2652 proxima
1207 2585 1325 2637 tradunt
1338 2591 1456 2652 repente
1477 2587 1505 2638 in
1523 2585 1587 2639 foco
1605 2586 1663 2637 eius
1680 2585 1866 2651 comparuisse
1882 2586 2008 2653 genitale

356 2655 482 2723 crystalli
498 2654 698 2707 similitudine.
733 2655 803 2707 Usus
819 2671 887 2723 serp
904 2656 938 2706 ad
951 2654 1099 2722 potandum
1110 2669 1154 2705 ar·
1205 2670 1223 2707 e
1243 2655 1333 2707 cinere
1353 2655 1501 2707 masculini
1519 2670 1611 2718 sexus,
1632 2668 1757 2720 eamque,
1774 2668 1846 2721 quae
1866 2654 2007 2708 insederat

353 2727 431 2793 genti
452 2725 569 2777 nnetalla
589 2730 619 2776 et
636 2727 694 2774 auri
714 2726 830 2793 pepulit.
867 2728 918 2778 Est
938 2732 1030 2777 autern
1052 2724 1155 2775 caloris
1207 2724 1258 2788 ibi,
1276 2725 1441 2792 Tanaquilis
1450 2728 1563 2794 reginae
1574 2721 1846 2777 ancillamOcrisiam
1860 2724 2006 2790 captivam,

352 2796 510 2862 impatiens,
528 2794 554 2845 ni
566 2793 848 2862 praecedatfrigidus
859 2795 966 2863 liquor:
986 2809 1046 2846 cum
1060 2793 1156 2845 addita
1207 2798 1414 2848 consurrexisse
1428 2796 1582 2862 gravidam.
1619 2795 1662 2846 lta
1678 2792 1804 2846 Servium
1817 2793 1939 2845 Tullium
1961 2808 2005 2845 na·

352 2865 542 2931 aquavitrene
553 2865 627 2930 pilae
640 2863 705 2916 Sole
718 2864 837 2917 adverso
848 2865 877 2915 in
894 2871 1000 2917 tantum
1022 2863 1155 2916 excande·
1207 2869 1276 2926 tum,
1295 2865 1341 2931 qui
1358 2878 1443 2931 regno
1457 2865 1603 2917 successit.
1638 2862 1705 2914 lude
1717 2869 1745 2914 et
1760 2862 1790 2911 in
1803 2877 1833 2913 re
1856 2866 1882 2913 ia
1894 2861 2005 2914 cubanti

351 2940 441 2997 scant,
455 2941 487 2987 ut
503 2941 595 2986 vestes
613 2941 741 2985 exurant.
779 2934 948 3001 Fragmenta
962 2939 1090 2999 teporata
1110 2945 1155 2998 ng·
1208 2948 1295 3000 puero
1307 2939 1390 2998 eaput
1401 2936 1502 2985 arsisse
1513 2935 1611 2993 visum,
1633 2929 1824 2999 creditumque
1835 2879 1916 2984 {aris
1926 2930 2005 2983 fami·

351 3002 531 3070 glutinantur
541 3008 666 3054 tuntum:
686 3017 783 3055 rursus
801 3010 864 3055 teta
880 3002 962 3054 fundi
976 3018 1030 3054 nun
1043 3007 1155 3068 queunt,
1206 3003 1287 3054 liaris
1307 3003 1404 3053 filium.
1442 3002 1484 3054 Ob
1504 3001 1534 3053 id
1550 3000 1718 3069 Compitalia
1739 3009 1770 3054 et
1789 3003 1871 3056 ludos
1886 3001 2004 3055 Laribus

350 3079 546 3139 praeterquam
569 3073 689 3138 abrupta
709 3073 830 3125 sibimet.
865 3072 962 3140 Tingit
982 3087 1046 3132 ars,
1067 3070 1154 3123 veluti
1207 3073 1326 3139 primum
1339 3069 1503 3124 instituisse.

353 3155 415 3193 cum
428 3140 530 3192 calculi
539 3141 621 3203 liunt,
642 3155 712 3207 quos
729 3139 841 3208 quidam
859 3141 992 3193 abaculos
1002 3140 1154 3208 appellant,
1464 3149 1468 3156 ·

790 3464 837 3549 C.
895 3464 1164 3551 PLINII
1220 3467 1575 3555 SECUNDI

406 3640 1132 3748 NATURALIS
1235 3646 1952 3753 HISTORIAE

875 3847 1481 3925 elsuaxxxvii,

1060 4057 1303 4075 W

351 4183 374 4236 1.
390 4144 442 4231 Ur
453 4176 521 4230 nihil
532 4176 665 4230 instituto
676 4178 756 4245 operi
767 4177 850 4239 desit,
861 4191 987 4245 gemmae
998 4188 1155 4247 supersunt,
1207 4199 1237 4236 se
1249 4182 1350 4236 redirns
1361 4190 1471 4251 putaret
1484 4220 1492 4247 ,
1510 4184 1536 4237 si
1547 4183 1599 4238 hoc
1607 4200 1693 4238 unum
1705 4184 1850 4238 doluisset.
1886 4185 2005 4238 Assidus

352 4257 381 4304 et
392 4251 419 4301 in
431 4254 539 4300 arctum
553 4255 650 4300 coacta
662 4263 751 4300 rerum
764 4253 881 4300 staturae
892 4247 1038 4311 maiestas,
1058 4252 1154 4302 multis
1206 4268 1272 4322 ergo
1284 4253 1385 4322 gaudio
1397 4254 1495 4315 lassus,
1512 4263 1660 4322 provectus
1672 4255 1784 4324 navigio
1795 4256 1824 4306 ln
1836 4255 1931 4318 altum,
1942 4270 2006 4307 anu·

351 4318 753 4384 nullasuipartemirabilior.
790 4318 1151 4371 'l'antumtribuuntrarie·
1205 4323 1263 4374 lum
1275 4324 1378 4376 nrersit.
1413 4324 1536 4376 Atilium
1549 4324 1633 4391 piscis
1645 4326 1749 4379 eximia
1760 4325 2003 4393 magnitudinere·

352 4389 415 4447 tati,
426 4387 575 4449 coloribus,
588 4388 732 4448 nrateriae,
744 4386 960 4449 decori,riolari
972 4389 1055 4440 etiarn
1067 4390 1153 4456 signis
1205 4392 1337 4458 ginatus,
1357 4406 1438 4444 escae
1459 4395 1520 4446 vice
1540 4402 1660 4461 raptum,
1680 4402 1713 4446 ut
1734 4395 1841 4448 faceret
1858 4401 2005 4458 ostentum,

352 4456 475 4522 gemm‘as
491 4455 570 4508 nefas
583 4455 734 4510 ducentes:
769 4457 880 4524 aliquas
892 4471 958 4510 rere
969 4464 1049 4510 extra
1061 4459 1153 4523 pretia
1205 4462 1234 4512 in
1246 4461 1365 4514 culinam
1384 4461 1488 4514 domini
1507 4478 1601 4515 rursus
1618 4464 1761 4517 Fortunae
1778 4464 1938 4516 insidiantis
1949 4477 2005 4515 ma·

351 4524 424 4582 ulla,
443 4527 668 4594 taxationemque
682 4526 862 4578 humanarum
876 4540 957 4591 opum
970 4529 1152 4591 arbitrantes3
1205 4546 1241 4581 nu
1262 4530 1395 4582 reddidit:
1447 4531 1656 4599 sardonychem
1682 4549 1742 4589 eam
1764 4549 1899 4603 gemmam
1920 4532 2005 4584 lesisse

1205 4606 1327 4651 constat:
1348 4601 1552 4668 ostenduntque
1563 4602 1680 4665 Romae,
1703 4603 1728 4654 sl
1738 4605 1887 4665 credimus,
1898 4598 2006 4654 inCcn·

351 4676 400 4712 rae
417 4665 677 4729 contemplationem
698 4667 767 4717 antis
786 4667 824 4717 sit
845 4679 900 4716 una
920 4665 1015 4734 aliqua
1035 4681 1151 4733 gemma.
1204 4669 1317 4720 cordiae
1334 4669 1462 4735 delubro,
1482 4685 1567 4723 cornu
1583 4686 1669 4724 aureo
1687 4672 1807 4740 Augusti
1824 4673 1898 4724 dono
1914 4670 2004 4723 inclu·

353 4731 431 4791 Quae
451 4730 534 4782 fuerit
551 4736 630 4801 origo
648 4749 829 4802 gemmarum,
851 4742 879 4785 et
898 4735 996 4800 quibus
1012 4736 1101 4786 initiis
1122 4736 1149 4785 in
1203 4752 1272 4799 sam,
1293 4745 1321 4789 et
1332 4741 1510 4792 nor¹issimum
1522 4754 1608 4807 prope
1618 4740 1721 4804 locum,
1735 4746 1781 4791 tot
1793 4743 1936 4805 praelatis,
1956 4741 2002 4793 ob·

353 4798 616 4855 tantumsdmiratio
627 4802 695 4856 haec
705 4803 850 4865 exarserit,
862 4803 981 4855 dininrns
993 4805 1151 4870 quadamte·
1203 4809 1346 4859 tinentem.

353 4882 407 4917 nus
428 4867 455 4915 in
474 4871 613 4924 mentione
631 4876 692 4924 auri
709 4874 917 4939 anulorumque.
952 4873 1077 4925 Fabulae
1098 4872 1151 4940 pri·
1238 4875 1286 4927 lll.
1306 4875 1372 4941 Post
1393 4875 1468 4929 hunc
1488 4878 1599 4929 anulum
1620 4876 1700 4943 regia
1716 4873 1793 4927 fama
1816 4881 1861 4929 est
1880 4893 2008 4947 gemmae

352 4934 489 4987 arcadium
509 4952 526 4986 a
541 4954 609 5006 rupe
621 4943 760 4994 Caucasea
779 4941 904 4994 tradunt:
924 4941 1080 4994 Promethei
1091 4947 1150 4995 rin·
1203 4941 1306 5012 Pyrrhi
1316 4944 1409 5005 illins,
1432 4947 1477 5012 qui
1495 4945 1779 4998 adsersusltomanos
1794 4946 1899 4999 bellurn
1910 4947 2008 5016 gessit.

336 5005 479 5057 culorum
489 5005 720 5072 interpretatione
732 5011 825 5062 fatali:
845 5012 1018 5079 primumque
1029 5014 1090 5064 sari
1101 5013 1150 5063 hu·
1203 5013 1329 5078 Namque
1350 5011 1481 5066 habuisse
1500 5014 1622 5066 traditur
1641 5011 1771 5078 achaten,
1780 5015 1809 5066 in
1828 5031 1884 5084 qua
1907 5031 2007 5069 norern

352 5075 397 5131 ius
408 5073 595 5141 fragmentum
607 5080 741 5132 lnclusum
753 5080 838 5143 ferre,
854 5097 888 5134 ae
898 5080 987 5149 digito
996 5082 1151 5135 cucumda.
1205 5084 1305 5135 Musae
1315 5086 1344 5132 et
1354 5082 1452 5147 ,lpollo
1465 5083 1599 5135 citharam
1613 5090 1711 5136 tenens
1726 5092 1929 5152 spectarentur,
1950 5101 2008 5138 non

353 5156 423 5206 tum,
434 5141 486 5194 huc
498 5142 585 5224 fuisse
598 5148 718 5212 anulum,
731 5157 759 5201 et
771 5149 822 5202 hoe
834 5165 980 5219 gemmam.
1206 5150 1435 5216 arte,sedsponte
1444 5153 1968 5217 naturaeitadiscurrentibusmaculis,
1975 5162 2008 5207 ut

388 5214 421 5264 ll.
441 5213 493 5265 llis
504 5213 688 5295 initnscoepit
699 5219 857 5282 auctoritas,
868 5220 896 5272 in
908 5216 1016 5272 tantum
1029 5234 1151 5274 amorem
1204 5221 1294 5273 Musis
1303 5235 1412 5288 quoque
1423 5222 1598 5291 singulissua
1609 5223 1797 5278 redderentur
1807 5226 1936 5292 insignia.
1949 5225 2009 5277 Nec

353 5282 438 5345 elata,
459 5291 491 5335 ut
501 5281 644 5351 Polycrati
662 5282 754 5335 Sannio
775 5304 869 5341 resero
880 5289 1033 5342 insularum
1046 5305 1079 5341 ac
1091 5290 1153 5343 lito·
1205 5291 1305 5343 deinde
1319 5289 1385 5354 alla,
1406 5306 1476 5357 quae
1493 5291 1630 5356 tradatur,
1649 5307 1819 5362 magnopere
1835 5308 2007 5362 gemmarum

352 5366 412 5401 rum
424 5360 554 5418 tyranno,
574 5352 720 5405 felicitatis
731 5367 807 5415 suae,
827 5375 907 5425 quem
921 5360 1034 5412 nimiam
1046 5358 1153 5411 fateba·
1204 5359 1319 5412 claritas
1330 5366 1420 5413 exstst
1429 5360 1502 5428 apud
1514 5367 1658 5413 auctores:
1688 5373 1880 5432 praeterquam
1891 5364 2006 5417 lsmeni·

352 5430 399 5469 tur
410 5422 493 5474 etiam
505 5424 574 5489 ipse,
596 5423 665 5474 setis
682 5423 812 5489 piamenti
829 5427 953 5480 inanius
969 5444 1095 5496 gemmae
1107 5442 1154 5479 vc·
1205 5442 1249 5480 am
1261 5427 1429 5489 eboroulem,
1452 5430 1546 5481 multis
1567 5429 1797 5500 fulgentibusque
1817 5434 1860 5484 uti
1881 5433 2007 5496 solitum,

353 5490 474 5543 luntario
485 5493 585 5544 damno
597 5492 759 5553 rideretur,
779 5494 802 5544 si
815 5511 875 5547 eum
888 5498 1017 5549 fortunae
1028 5497 1154 5551 volubili·
1205 5499 1356 5550 comitante
1370 5497 1465 5551 fabula
1478 5499 1629 5553 sanitatem
1647 5504 1715 5563 eius,
1736 5503 1862 5555 iudicato
1872 5505 1901 5554 in
1910 5504 2007 5569 Cypro

353 5566 412 5609 tate
424 5563 503 5623 paria
514 5561 628 5616 faceret:
658 5563 792 5631 planeque
803 5565 837 5616 ab
856 5564 961 5617 insidia
972 5565 1032 5617 eius
1043 5565 1153 5620 abunde
1205 5582 1254 5619 sex
1265 5568 1359 5621 aureis
1368 5566 1491 5622 denariis
1503 5569 1663 5639 smaragdo,
1686 5571 1715 5622 in
1727 5586 1781 5639 quo
1792 5571 1886 5626 fuerat
1896 5570 2008 5639 sculpta
