<?xml version="1.0" encoding="UTF-8"?>
<!DOCTYPE html PUBLIC "-//W3C//DTD XHTML 1.0 Transitional//EN"
    "http://www.w3.org/TR/xhtml1/DTD/xhtml1-transitional.dtd">
<html xmlns="http://www.w3.org/1999/xhtml" xml:lang="en" lang="en">
 <head>
  <title>
</title>
<meta http-equiv="Content-Type" content="text/html;charset=utf-8" />
  <meta name='ocr-system' content='tesseract 3.04.00' />
  <meta name='ocr-capabilities' content='ocr_page ocr_carea ocr_par ocr_line ocrx_word'/>
</head>
<body>
  <div class='ocr_page' id='page_1' title='image "./historiaenatura00plingoog_0301.png"; bbox 0 0 4368 6008; ppageno 0'>
   <div class='ocr_carea' id='block_1_1' title="bbox 339 215 1903 357">
    <p class='ocr_par' dir='ltr' id='par_1_1' title="bbox 339 215 1903 357">
     <span class='ocr_line' id='line_1_1' title="bbox 339 215 1903 357; baseline -0.004 -34"><span class='ocrx_word' id='word_1_1' title='bbox 339 267 402 357; x_wconf 69' lang='lat' dir='ltr'><strong>itit)</strong></span> <span class='ocrx_word' id='word_1_2' title='bbox 450 258 483 317; x_wconf 81' lang='lat' dir='ltr'><strong>G.</strong></span> <span class='ocrx_word' id='word_1_3' title='bbox 509 257 667 333; x_wconf 81' lang='lat' dir='ltr'><strong>PLlNll</strong></span> <span class='ocrx_word' id='word_1_4' title='bbox 696 255 914 318; x_wconf 72' lang='lat' dir='ltr'><strong>securint</strong></span> <span class='ocrx_word' id='word_1_5' title='bbox 948 256 1122 341; x_wconf 52' lang='lat' dir='ltr'><strong>Narba,</strong></span> <span class='ocrx_word' id='word_1_6' title='bbox 1160 256 1355 317; x_wconf 72' lang='lat' dir='ltr'><strong>dissors</strong></span> <span class='ocrx_word' id='word_1_7' title='bbox 1382 254 1470 314; x_wconf 76' lang='lat' dir='ltr'><strong>its.</strong></span> <span class='ocrx_word' id='word_1_8' title='bbox 1492 215 1625 313; x_wconf 63' lang='grc' dir='ltr'><strong>ΠΝ.</strong></span> <span class='ocrx_word' id='word_1_9' title='bbox 1659 253 1903 319; x_wconf 55' lang='lat' dir='ltr'><strong>cates-m.</strong></span> 
     </span>
    </p>
   </div>
   <div class='ocr_carea' id='block_1_2' title="bbox 306 406 1145 822">
    <p class='ocr_par' dir='ltr' id='par_1_2' title="bbox 341 406 1145 535">
     <span class='ocr_line' id='line_1_2' title="bbox 377 406 1145 471; baseline -0.004 -6"><span class='ocrx_word' id='word_1_10' title='bbox 377 408 490 465; x_wconf 76' lang='lat' dir='ltr'><strong>xxvii.</strong></span> <span class='ocrx_word' id='word_1_11' title='bbox 509 406 589 471; x_wconf 80' lang='lat' dir='ltr'><strong>Teis</strong></span> <span class='ocrx_word' id='word_1_12' title='bbox 603 406 720 459; x_wconf 87' lang='lat' dir='ltr'><strong>decocta</strong></span> <span class='ocrx_word' id='word_1_13' title='bbox 733 406 764 458; x_wconf 86' lang='lat' dir='ltr'><strong>ia</strong></span> <span class='ocrx_word' id='word_1_14' title='bbox 780 412 877 471; x_wconf 62' lang='grc' dir='ltr'><strong>ηοω,</strong></span> <span class='ocrx_word' id='word_1_15' title='bbox 897 406 1020 460; x_wconf 83' lang='lat' dir='ltr'><strong>dentiam</strong></span> <span class='ocrx_word' id='word_1_16' title='bbox 1032 407 1145 462; x_wconf 88' lang='lat' dir='ltr'><strong>dolores</strong></span> 
     </span>
     <span class='ocr_line' id='line_1_3' title="bbox 341 468 635 535; baseline -0.027 -2"><span class='ocrx_word' id='word_1_17' title='bbox 341 468 635 535; x_wconf 78' lang='lat' dir='ltr'><strong>efficacitcrcollunut.</strong></span> 
     </span>
    </p>

    <p class='ocr_par' dir='ltr' id='par_1_3' title="bbox 306 546 1145 822">
     <span class='ocr_line' id='line_1_4' title="bbox 376 546 1145 611; baseline -0.003 -10"><span class='ocrx_word' id='word_1_18' title='bbox 376 548 504 601; x_wconf 79' lang='lat' dir='ltr'><strong>xxviii.</strong></span> <span class='ocrx_word' id='word_1_19' title='bbox 522 546 646 598; x_wconf 77' lang='lat' dir='ltr'><strong>Lentisei</strong></span> <span class='ocrx_word' id='word_1_20' title='bbox 658 560 693 596; x_wconf 86' lang='lat' dir='ltr'><strong>ex</strong></span> <span class='ocrx_word' id='word_1_21' title='bbox 705 547 814 608; x_wconf 87' lang='lat' dir='ltr'><strong>arbore,</strong></span> <span class='ocrx_word' id='word_1_22' title='bbox 836 553 977 611; x_wconf 85' lang='lat' dir='ltr'><strong>etsemen,</strong></span> <span class='ocrx_word' id='word_1_23' title='bbox 999 553 1145 610; x_wconf 66' lang='lat' dir='ltr'><strong>meones,</strong></span> 
     </span>
     <span class='ocr_line' id='line_1_5' title="bbox 341 615 1145 678; baseline -0.007 -5"><span class='ocrx_word' id='word_1_24' title='bbox 341 628 370 673; x_wconf 90' lang='lat' dir='ltr'><strong>et</strong></span> <span class='ocrx_word' id='word_1_25' title='bbox 380 618 506 678; x_wconf 90' lang='lat' dir='ltr'><strong>lacrima,</strong></span> <span class='ocrx_word' id='word_1_26' title='bbox 526 618 633 667; x_wconf 88' lang='lat' dir='ltr'><strong>urinam</strong></span> <span class='ocrx_word' id='word_1_27' title='bbox 646 615 728 677; x_wconf 86' lang='lat' dir='ltr'><strong>cient,</strong></span> <span class='ocrx_word' id='word_1_28' title='bbox 742 617 835 667; x_wconf 83' lang='lat' dir='ltr'><strong>alvum</strong></span> <span class='ocrx_word' id='word_1_29' title='bbox 846 616 958 666; x_wconf 79' lang='lat' dir='ltr'><strong>sistunt</strong></span> <span class='ocrx_word' id='word_1_30' title='bbox 992 615 1145 669; x_wconf 83' lang='lat' dir='ltr'><strong>Deeoctum</strong></span> 
     </span>
     <span class='ocr_line' id='line_1_6' title="bbox 345 683 1145 752; baseline -0.008 -10"><span class='ocrx_word' id='word_1_31' title='bbox 345 703 443 743; x_wconf 85' lang='lat' dir='ltr'><strong>eorum</strong></span> <span class='ocrx_word' id='word_1_32' title='bbox 455 685 570 737; x_wconf 89' lang='lat' dir='ltr'><strong>hulcera</strong></span> <span class='ocrx_word' id='word_1_33' title='bbox 580 700 651 752; x_wconf 87' lang='lat' dir='ltr'><strong>quse</strong></span> <span class='ocrx_word' id='word_1_34' title='bbox 667 691 797 750; x_wconf 88' lang='lat' dir='ltr'><strong>serpunt,</strong></span> <span class='ocrx_word' id='word_1_35' title='bbox 816 683 887 735; x_wconf 83' lang='lat' dir='ltr'><strong>lota.</strong></span> <span class='ocrx_word' id='word_1_36' title='bbox 923 685 1044 738; x_wconf 76' lang='lat' dir='ltr'>illinitur</span> <span class='ocrx_word' id='word_1_37' title='bbox 1056 686 1085 736; x_wconf 88' lang='lat' dir='ltr'><strong>ln</strong></span> <span class='ocrx_word' id='word_1_38' title='bbox 1098 684 1145 736; x_wconf 91' lang='lat' dir='ltr'><strong>hu·</strong></span> 
     </span>
     <span class='ocr_line' id='line_1_7' title="bbox 306 754 1144 822; baseline -0.004 -15"><span class='ocrx_word' id='word_1_39' title='bbox 306 804 309 813; x_wconf 82' lang='grc'>,</span> <span class='ocrx_word' id='word_1_40' title='bbox 325 759 438 819; x_wconf 81' lang='lat' dir='ltr'><strong>midis,</strong></span> <span class='ocrx_word' id='word_1_41' title='bbox 459 763 487 808; x_wconf 88' lang='lat' dir='ltr'><strong>ct</strong></span> <span class='ocrx_word' id='word_1_42' title='bbox 498 755 555 821; x_wconf 86' lang='lat' dir='ltr'><strong>igni</strong></span> <span class='ocrx_word' id='word_1_43' title='bbox 567 769 660 804; x_wconf 84' lang='lat' dir='ltr'><strong>sacro:</strong></span> <span class='ocrx_word' id='word_1_44' title='bbox 679 755 805 822; x_wconf 73' lang='lat' dir='ltr'>gingivas</span> <span class='ocrx_word' id='word_1_45' title='bbox 820 754 928 806; x_wconf 87' lang='lat' dir='ltr'><strong>colluit.</strong></span> <span class='ocrx_word' id='word_1_46' title='bbox 965 754 1046 805; x_wconf 79' lang='lat' dir='ltr'><strong>Folia</strong></span> <span class='ocrx_word' id='word_1_47' title='bbox 1056 755 1144 806; x_wconf 84' lang='lat' dir='ltr'><strong>denti·</strong></span> 
     </span>
    </p>
   </div>
   <div class='ocr_carea' id='block_1_3' title="bbox 73 812 1146 895">
    <p class='ocr_par' dir='ltr' id='par_1_4' title="bbox 73 812 1146 895">
     <span class='ocr_line' id='line_1_8' title="bbox 73 812 1146 895; baseline -0.006 -15"><span class='ocrx_word' id='word_1_48' title='bbox 73 844 88 887; x_wconf 72' lang='lat'><strong>¹,</strong></span> <span class='ocrx_word' id='word_1_49' title='bbox 107 856 115 885; x_wconf 63' lang='grc' dir='ltr'><strong>,ι</strong></span> <span class='ocrx_word' id='word_1_50' title='bbox 154 866 158 879; x_wconf 78' lang='lat'><strong>.</strong></span> <span class='ocrx_word' id='word_1_51' title='bbox 222 839 267 868; x_wconf 62' lang='lat' dir='ltr'><strong>ns..</strong></span> <span class='ocrx_word' id='word_1_52' title='bbox 278 812 437 895; x_wconf 47' lang='lat' dir='ltr'><strong>discissis</strong></span> <span class='ocrx_word' id='word_1_53' title='bbox 449 824 546 876; x_wconf 89' lang='lat' dir='ltr'><strong>dolore</strong></span> <span class='ocrx_word' id='word_1_54' title='bbox 557 829 732 875; x_wconf 84' lang='lat' dir='ltr'><strong>atteruntur:</strong></span> <span class='ocrx_word' id='word_1_55' title='bbox 765 824 881 875; x_wconf 90' lang='lat' dir='ltr'><strong>mobiles</strong></span> <span class='ocrx_word' id='word_1_56' title='bbox 893 823 1008 876; x_wconf 90' lang='lat' dir='ltr'><strong>decocto</strong></span> <span class='ocrx_word' id='word_1_57' title='bbox 1022 825 1146 875; x_wconf 85' lang='lat' dir='ltr'><strong>colluun-</strong></span> 
     </span>
    </p>
   </div>
   <div class='ocr_carea' id='block_1_4' title="bbox 340 891 1151 3515">
    <p class='ocr_par' dir='ltr' id='par_1_5' title="bbox 341 891 1148 1924">
     <span class='ocr_line' id='line_1_9' title="bbox 343 891 1146 961; baseline -0.005 -13"><span class='ocrx_word' id='word_1_58' title='bbox 343 905 399 948; x_wconf 90' lang='lat' dir='ltr'><strong>tur.</strong></span> <span class='ocrx_word' id='word_1_59' title='bbox 435 892 705 961; x_wconf 81' lang='lat' dir='ltr'><strong>Capillumtiogunt.</strong></span> <span class='ocrx_word' id='word_1_60' title='bbox 748 891 965 945; x_wconf 85' lang='lat' dir='ltr'><strong>Lacrinsasedis</strong></span> <span class='ocrx_word' id='word_1_61' title='bbox 984 893 1060 944; x_wconf 87' lang='lat' dir='ltr'><strong>ritiis</strong></span> <span class='ocrx_word' id='word_1_62' title='bbox 1086 908 1146 959; x_wconf 89' lang='lat' dir='ltr'><strong>pru·</strong></span> 
     </span>
     <span class='ocr_line' id='line_1_10' title="bbox 343 961 1145 1030; baseline -0.004 -13"><span class='ocrx_word' id='word_1_63' title='bbox 343 964 415 1026; x_wconf 90' lang='lat' dir='ltr'><strong>dest,</strong></span> <span class='ocrx_word' id='word_1_64' title='bbox 427 978 488 1015; x_wconf 84' lang='lat' dir='ltr'><strong>cunr</strong></span> <span class='ocrx_word' id='word_1_65' title='bbox 500 962 565 1027; x_wconf 91' lang='lat' dir='ltr'><strong>quid</strong></span> <span class='ocrx_word' id='word_1_66' title='bbox 585 962 687 1013; x_wconf 89' lang='lat' dir='ltr'><strong>siccari</strong></span> <span class='ocrx_word' id='word_1_67' title='bbox 699 961 873 1014; x_wconf 77' lang='lat' dir='ltr'><strong>excalfierive</strong></span> <span class='ocrx_word' id='word_1_68' title='bbox 890 977 960 1030; x_wconf 88' lang='lat' dir='ltr'><strong>opus</strong></span> <span class='ocrx_word' id='word_1_69' title='bbox 971 962 1018 1015; x_wconf 90' lang='lat' dir='ltr'><strong>sit.</strong></span> <span class='ocrx_word' id='word_1_70' title='bbox 1055 961 1145 1014; x_wconf 86' lang='lat' dir='ltr'><strong>Deco-</strong></span> 
     </span>
     <span class='ocr_line' id='line_1_11' title="bbox 343 1029 1146 1094; baseline -0.005 -8"><span class='ocrx_word' id='word_1_71' title='bbox 343 1041 418 1087; x_wconf 89' lang='lat' dir='ltr'><strong>ctum</strong></span> <span class='ocrx_word' id='word_1_72' title='bbox 430 1039 459 1084; x_wconf 90' lang='lat' dir='ltr'><strong>et</strong></span> <span class='ocrx_word' id='word_1_73' title='bbox 469 1047 484 1084; x_wconf 92' lang='lat' dir='ltr'><strong>e</strong></span> <span class='ocrx_word' id='word_1_74' title='bbox 493 1029 762 1082; x_wconf 87' lang='lat' dir='ltr'><strong>lacrimastomacho</strong></span> <span class='ocrx_word' id='word_1_75' title='bbox 775 1032 855 1094; x_wconf 90' lang='lat' dir='ltr'><strong>utile,</strong></span> <span class='ocrx_word' id='word_1_76' title='bbox 878 1040 987 1084; x_wconf 87' lang='lat' dir='ltr'><strong>ructum</strong></span> <span class='ocrx_word' id='word_1_77' title='bbox 999 1039 1027 1084; x_wconf 91' lang='lat' dir='ltr'><strong>et</strong></span> <span class='ocrx_word' id='word_1_78' title='bbox 1038 1033 1146 1083; x_wconf 87' lang='lat' dir='ltr'><strong>urinam</strong></span> 
     </span>
     <span class='ocr_line' id='line_1_12' title="bbox 342 1100 1147 1169; baseline -0.004 -14"><span class='ocrx_word' id='word_1_79' title='bbox 342 1117 472 1156; x_wconf 70' lang='lat' dir='ltr'><strong>morenae</strong></span> <span class='ocrx_word' id='word_1_80' title='bbox 502 1100 576 1168; x_wconf 87' lang='lat' dir='ltr'><strong>quod</strong></span> <span class='ocrx_word' id='word_1_81' title='bbox 587 1108 616 1152; x_wconf 89' lang='lat' dir='ltr'><strong>et</strong></span> <span class='ocrx_word' id='word_1_82' title='bbox 628 1101 729 1167; x_wconf 91' lang='lat' dir='ltr'><strong>capitis</strong></span> <span class='ocrx_word' id='word_1_83' title='bbox 741 1100 885 1153; x_wconf 88' lang='lat' dir='ltr'><strong>doloribus</strong></span> <span class='ocrx_word' id='word_1_84' title='bbox 896 1117 957 1153; x_wconf 86' lang='lat' dir='ltr'><strong>cuns</strong></span> <span class='ocrx_word' id='word_1_85' title='bbox 970 1103 1084 1169; x_wconf 79' lang='lat' dir='ltr'><strong>polenta</strong></span> <span class='ocrx_word' id='word_1_86' title='bbox 1093 1102 1147 1153; x_wconf 91' lang='lat' dir='ltr'><strong>illi-</strong></span> 
     </span>
     <span class='ocr_line' id='line_1_13' title="bbox 343 1169 1147 1224; baseline -0.002 -1"><span class='ocrx_word' id='word_1_87' title='bbox 343 1174 428 1224; x_wconf 88' lang='lat' dir='ltr'><strong>nitur.</strong></span> <span class='ocrx_word' id='word_1_88' title='bbox 464 1169 546 1220; x_wconf 85' lang='lat' dir='ltr'><strong>Folia</strong></span> <span class='ocrx_word' id='word_1_89' title='bbox 565 1175 662 1221; x_wconf 89' lang='lat' dir='ltr'><strong>tenera</strong></span> <span class='ocrx_word' id='word_1_90' title='bbox 682 1169 771 1220; x_wconf 88' lang='lat' dir='ltr'><strong>oculis</strong></span> <span class='ocrx_word' id='word_1_91' title='bbox 791 1169 972 1223; x_wconf 76' lang='lat' dir='ltr'><strong>inflammatis</strong></span> <span class='ocrx_word' id='word_1_92' title='bbox 991 1173 1147 1224; x_wconf 87' lang='lat' dir='ltr'><strong>illinuntur.</strong></span> 
     </span>
     <span class='ocr_line' id='line_1_14' title="bbox 342 1238 1146 1308; baseline -0.002 -16"><span class='ocrx_word' id='word_1_93' title='bbox 342 1242 413 1293; x_wconf 87' lang='lat' dir='ltr'><strong>ltem</strong></span> <span class='ocrx_word' id='word_1_94' title='bbox 429 1238 565 1290; x_wconf 74' lang='lat' dir='ltr'><strong>mastiche</strong></span> <span class='ocrx_word' id='word_1_95' title='bbox 583 1238 695 1293; x_wconf 78' lang='lat' dir='ltr'><strong>lentisci</strong></span> <span class='ocrx_word' id='word_1_96' title='bbox 713 1239 879 1305; x_wconf 69' lang='lat' dir='ltr'><strong>replicandis</strong></span> <span class='ocrx_word' id='word_1_97' title='bbox 898 1242 1049 1308; x_wconf 90' lang='lat' dir='ltr'><strong>palpebris,</strong></span> <span class='ocrx_word' id='word_1_98' title='bbox 1071 1249 1099 1293; x_wconf 90' lang='lat' dir='ltr'><strong>et</strong></span> <span class='ocrx_word' id='word_1_99' title='bbox 1110 1240 1146 1292; x_wconf 89' lang='lat' dir='ltr'><strong>ad</strong></span> 
     </span>
     <span class='ocr_line' id='line_1_15' title="bbox 344 1306 1148 1378; baseline 0.001 -17"><span class='ocrx_word' id='word_1_100' title='bbox 344 1306 548 1361; x_wconf 77' lang='lat' dir='ltr'><strong>extendendam</strong></span> <span class='ocrx_word' id='word_1_101' title='bbox 562 1312 652 1358; x_wconf 89' lang='lat' dir='ltr'><strong>entem</strong></span> <span class='ocrx_word' id='word_1_102' title='bbox 663 1308 691 1356; x_wconf 89' lang='lat' dir='ltr'><strong>in</strong></span> <span class='ocrx_word' id='word_1_103' title='bbox 709 1306 786 1371; x_wconf 77' lang='lat' dir='ltr'><strong>facie,</strong></span> <span class='ocrx_word' id='word_1_104' title='bbox 807 1318 835 1361; x_wconf 91' lang='lat' dir='ltr'><strong>et</strong></span> <span class='ocrx_word' id='word_1_105' title='bbox 854 1317 1015 1378; x_wconf 84' lang='lat' dir='ltr'><strong>smegmata,</strong></span> <span class='ocrx_word' id='word_1_106' title='bbox 1035 1308 1148 1362; x_wconf 86' lang='lat' dir='ltr'><strong>adhibe·</strong></span> 
     </span>
     <span class='ocr_line' id='line_1_16' title="bbox 342 1376 1147 1443; baseline 0.001 -15"><span class='ocrx_word' id='word_1_107' title='bbox 342 1385 402 1428; x_wconf 78' lang='lat' dir='ltr'><strong>tur:</strong></span> <span class='ocrx_word' id='word_1_108' title='bbox 423 1383 451 1428; x_wconf 87' lang='lat' dir='ltr'><strong>et</strong></span> <span class='ocrx_word' id='word_1_109' title='bbox 472 1376 633 1443; x_wconf 86' lang='lat' dir='ltr'><strong>sanguinem</strong></span> <span class='ocrx_word' id='word_1_110' title='bbox 651 1376 849 1439; x_wconf 88' lang='lat' dir='ltr'><strong>reiicientibus,</strong></span> <span class='ocrx_word' id='word_1_111' title='bbox 871 1382 940 1430; x_wconf 90' lang='lat' dir='ltr'><strong>tussi</strong></span> <span class='ocrx_word' id='word_1_112' title='bbox 953 1381 1054 1431; x_wconf 87' lang='lat' dir='ltr'><strong>reteri:</strong></span> <span class='ocrx_word' id='word_1_113' title='bbox 1072 1378 1147 1431; x_wconf 89' lang='lat' dir='ltr'><strong>etad</strong></span> 
     </span>
     <span class='ocr_line' id='line_1_17' title="bbox 344 1438 1147 1512; baseline 0 -14"><span class='ocrx_word' id='word_1_114' title='bbox 344 1446 442 1499; x_wconf 85' lang='lat' dir='ltr'><strong>narnia</strong></span> <span class='ocrx_word' id='word_1_115' title='bbox 460 1460 531 1512; x_wconf 88' lang='lat' dir='ltr'><strong>quae</strong></span> <span class='ocrx_word' id='word_1_116' title='bbox 545 1443 740 1497; x_wconf 76' lang='lat' dir='ltr'><strong>Hammoniaci</strong></span> <span class='ocrx_word' id='word_1_117' title='bbox 757 1446 807 1495; x_wconf 87' lang='lat' dir='ltr'><strong>ris.</strong></span> <span class='ocrx_word' id='word_1_118' title='bbox 845 1446 977 1499; x_wconf 84' lang='lat' dir='ltr'><strong>Medetur</strong></span> <span class='ocrx_word' id='word_1_119' title='bbox 996 1455 1025 1499; x_wconf 89' lang='lat' dir='ltr'><strong>et</strong></span> <span class='ocrx_word' id='word_1_120' title='bbox 1042 1438 1147 1499; x_wconf 82' lang='lat' dir='ltr'><strong>attritis</strong></span> 
     </span>
     <span class='ocr_line' id='line_1_18' title="bbox 343 1513 1145 1584; baseline -0.002 -17"><span class='ocrx_word' id='word_1_121' title='bbox 343 1515 481 1584; x_wconf 74' lang='lat' dir='ltr'><strong>pactibus,</strong></span> <span class='ocrx_word' id='word_1_122' title='bbox 491 1516 549 1566; x_wconf 87' lang='lat' dir='ltr'><strong>sire</strong></span> <span class='ocrx_word' id='word_1_123' title='bbox 561 1514 623 1566; x_wconf 88' lang='lat' dir='ltr'><strong>oleo</strong></span> <span class='ocrx_word' id='word_1_124' title='bbox 635 1528 650 1567; x_wconf 86' lang='lat' dir='ltr'><strong>e</strong></span> <span class='ocrx_word' id='word_1_125' title='bbox 661 1516 765 1566; x_wconf 87' lang='lat' dir='ltr'><strong>semine</strong></span> <span class='ocrx_word' id='word_1_126' title='bbox 775 1516 836 1567; x_wconf 87' lang='lat' dir='ltr'><strong>eins</strong></span> <span class='ocrx_word' id='word_1_127' title='bbox 847 1513 922 1566; x_wconf 81' lang='lat' dir='ltr'><strong>iacto</strong></span> <span class='ocrx_word' id='word_1_128' title='bbox 934 1531 1068 1582; x_wconf 87' lang='lat' dir='ltr'><strong>ceraeque</strong></span> <span class='ocrx_word' id='word_1_129' title='bbox 1078 1517 1145 1566; x_wconf 82' lang='lat' dir='ltr'><strong>nsix·</strong></span> 
     </span>
     <span class='ocr_line' id='line_1_19' title="bbox 342 1582 1147 1649; baseline -0.001 -13"><span class='ocrx_word' id='word_1_130' title='bbox 342 1591 385 1646; x_wconf 87' lang='lat' dir='ltr'><strong>to,</strong></span> <span class='ocrx_word' id='word_1_131' title='bbox 397 1584 455 1635; x_wconf 86' lang='lat' dir='ltr'><strong>aire</strong></span> <span class='ocrx_word' id='word_1_132' title='bbox 463 1582 547 1646; x_wconf 83' lang='lat' dir='ltr'><strong>loliis,</strong></span> <span class='ocrx_word' id='word_1_133' title='bbox 559 1599 592 1635; x_wconf 90' lang='lat' dir='ltr'><strong>ex</strong></span> <span class='ocrx_word' id='word_1_134' title='bbox 605 1584 668 1635; x_wconf 91' lang='lat' dir='ltr'><strong>oleo</strong></span> <span class='ocrx_word' id='word_1_135' title='bbox 680 1585 813 1644; x_wconf 89' lang='lat' dir='ltr'><strong>decoctis,</strong></span> <span class='ocrx_word' id='word_1_136' title='bbox 829 1584 889 1634; x_wconf 85' lang='lat' dir='ltr'><strong>sire</strong></span> <span class='ocrx_word' id='word_1_137' title='bbox 900 1599 962 1634; x_wconf 89' lang='lat' dir='ltr'><strong>cum</strong></span> <span class='ocrx_word' id='word_1_138' title='bbox 973 1599 1044 1649; x_wconf 85' lang='lat' dir='ltr'><strong>aqua</strong></span> <span class='ocrx_word' id='word_1_139' title='bbox 1053 1584 1147 1635; x_wconf 79' lang='lat' dir='ltr'><strong>sicilia</strong></span> 
     </span>
     <span class='ocr_line' id='line_1_20' title="bbox 343 1651 1145 1706; baseline -0.004 0"><span class='ocrx_word' id='word_1_140' title='bbox 343 1652 502 1706; x_wconf 72' lang='lat' dir='ltr'><strong>foveantur.</strong></span> <span class='ocrx_word' id='word_1_141' title='bbox 539 1653 603 1704; x_wconf 84' lang='lat' dir='ltr'><strong>Seio</strong></span> <span class='ocrx_word' id='word_1_142' title='bbox 614 1652 808 1704; x_wconf 80' lang='lat' dir='ltr'><strong>Democratem</strong></span> <span class='ocrx_word' id='word_1_143' title='bbox 823 1651 958 1703; x_wconf 87' lang='lat' dir='ltr'><strong>medicum</strong></span> <span class='ocrx_word' id='word_1_144' title='bbox 971 1653 999 1703; x_wconf 92' lang='lat' dir='ltr'><strong>in</strong></span> <span class='ocrx_word' id='word_1_145' title='bbox 1009 1654 1145 1704; x_wconf 75' lang='lat' dir='ltr'><strong>valetudi-</strong></span> 
     </span>
     <span class='ocr_line' id='line_1_21' title="bbox 345 1721 1147 1784; baseline -0.004 -9"><span class='ocrx_word' id='word_1_146' title='bbox 345 1737 382 1775; x_wconf 82' lang='lat' dir='ltr'><strong>ne</strong></span> <span class='ocrx_word' id='word_1_147' title='bbox 394 1721 544 1773; x_wconf 85' lang='lat' dir='ltr'><strong>Considiae</strong></span> <span class='ocrx_word' id='word_1_148' title='bbox 555 1721 594 1771; x_wconf 86' lang='grc' dir='ltr'><strong>Μ.</strong></span> <span class='ocrx_word' id='word_1_149' title='bbox 606 1721 715 1771; x_wconf 73' lang='lat' dir='ltr'><strong>Servilii</strong></span> <span class='ocrx_word' id='word_1_150' title='bbox 727 1721 877 1771; x_wconf 87' lang='lat' dir='ltr'><strong>consularia</strong></span> <span class='ocrx_word' id='word_1_151' title='bbox 888 1721 973 1784; x_wconf 84' lang='lat' dir='ltr'><strong>filiae,</strong></span> <span class='ocrx_word' id='word_1_152' title='bbox 985 1736 1091 1776; x_wconf 86' lang='lat' dir='ltr'><strong>onrnem</strong></span> <span class='ocrx_word' id='word_1_153' title='bbox 1103 1737 1147 1772; x_wconf 90' lang='lat' dir='ltr'><strong>cu·</strong></span> 
     </span>
     <span class='ocr_line' id='line_1_22' title="bbox 343 1789 1147 1849; baseline -0.004 -5"><span class='ocrx_word' id='word_1_154' title='bbox 343 1791 481 1844; x_wconf 86' lang='lat' dir='ltr'><strong>rationem</strong></span> <span class='ocrx_word' id='word_1_155' title='bbox 502 1795 640 1840; x_wconf 82' lang='lat' dir='ltr'><strong>austeram</strong></span> <span class='ocrx_word' id='word_1_156' title='bbox 660 1790 823 1849; x_wconf 85' lang='lat' dir='ltr'><strong>recusantis,</strong></span> <span class='ocrx_word' id='word_1_157' title='bbox 844 1789 891 1840; x_wconf 91' lang='lat' dir='ltr'><strong>diu</strong></span> <span class='ocrx_word' id='word_1_158' title='bbox 908 1790 1059 1844; x_wconf 86' lang='lat' dir='ltr'><strong>efficaciter</strong></span> <span class='ocrx_word' id='word_1_159' title='bbox 1069 1806 1147 1842; x_wconf 89' lang='lat' dir='ltr'><strong>usum</strong></span> 
     </span>
     <span class='ocr_line' id='line_1_23' title="bbox 341 1859 942 1924; baseline -0.003 -12"><span class='ocrx_word' id='word_1_160' title='bbox 341 1860 419 1912; x_wconf 87' lang='lat' dir='ltr'><strong>lacte</strong></span> <span class='ocrx_word' id='word_1_161' title='bbox 431 1872 586 1924; x_wconf 89' lang='lat' dir='ltr'><strong>caprarum,</strong></span> <span class='ocrx_word' id='word_1_162' title='bbox 596 1873 664 1923; x_wconf 89' lang='lat' dir='ltr'><strong>quas</strong></span> <span class='ocrx_word' id='word_1_163' title='bbox 675 1859 792 1910; x_wconf 91' lang='lat' dir='ltr'><strong>lentisco</strong></span> <span class='ocrx_word' id='word_1_164' title='bbox 802 1859 942 1924; x_wconf 87' lang='lat' dir='ltr'><strong>pascebat.</strong></span> 
     </span>
    </p>

    <p class='ocr_par' dir='ltr' id='par_1_6' title="bbox 340 1926 1150 2829">
     <span class='ocr_line' id='line_1_24' title="bbox 379 1926 1146 1994; baseline -0.001 -13"><span class='ocrx_word' id='word_1_165' title='bbox 379 1928 482 1981; x_wconf 81' lang='lat' dir='ltr'><strong>xxix.</strong></span> <span class='ocrx_word' id='word_1_166' title='bbox 501 1926 610 1979; x_wconf 82' lang='lat' dir='ltr'><strong>Platani</strong></span> <span class='ocrx_word' id='word_1_167' title='bbox 626 1926 1072 1994; x_wconf 78' lang='lat' dir='ltr'><strong>adversanturvespertilionibus.</strong></span> <span class='ocrx_word' id='word_1_168' title='bbox 1100 1928 1146 1980; x_wconf 88' lang='lat' dir='ltr'><strong>Pi·</strong></span> 
     </span>
     <span class='ocr_line' id='line_1_25' title="bbox 343 1996 1147 2065; baseline -0.002 -14"><span class='ocrx_word' id='word_1_169' title='bbox 343 1997 422 2051; x_wconf 89' lang='lat' dir='ltr'><strong>lulne</strong></span> <span class='ocrx_word' id='word_1_170' title='bbox 433 2012 526 2050; x_wconf 86' lang='lat' dir='ltr'><strong>earrrm</strong></span> <span class='ocrx_word' id='word_1_171' title='bbox 540 1997 567 2047; x_wconf 92' lang='lat' dir='ltr'><strong>in</strong></span> <span class='ocrx_word' id='word_1_172' title='bbox 578 2000 641 2046; x_wconf 84' lang='lat' dir='ltr'><strong>rino</strong></span> <span class='ocrx_word' id='word_1_173' title='bbox 658 2003 741 2061; x_wconf 87' lang='lat' dir='ltr'><strong>potae</strong></span> <span class='ocrx_word' id='word_1_174' title='bbox 757 1996 934 2049; x_wconf 85' lang='lat' dir='ltr'><strong>denariorum</strong></span> <span class='ocrx_word' id='word_1_175' title='bbox 951 2005 1069 2065; x_wconf 89' lang='lat' dir='ltr'><strong>quatuor</strong></span> <span class='ocrx_word' id='word_1_176' title='bbox 1079 2013 1147 2064; x_wconf 92' lang='lat' dir='ltr'><strong>pon·</strong></span> 
     </span>
     <span class='ocr_line' id='line_1_26' title="bbox 340 2065 1148 2132; baseline -0.001 -11"><span class='ocrx_word' id='word_1_177' title='bbox 340 2066 419 2129; x_wconf 83' lang='lat' dir='ltr'><strong>dere,</strong></span> <span class='ocrx_word' id='word_1_178' title='bbox 427 2065 554 2118; x_wconf 88' lang='lat' dir='ltr'><strong>omnibus</strong></span> <span class='ocrx_word' id='word_1_179' title='bbox 564 2065 732 2130; x_wconf 82' lang='lat' dir='ltr'><strong>serpentium</strong></span> <span class='ocrx_word' id='word_1_180' title='bbox 743 2071 771 2116; x_wconf 90' lang='lat' dir='ltr'><strong>et</strong></span> <span class='ocrx_word' id='word_1_181' title='bbox 781 2068 957 2132; x_wconf 83' lang='lat' dir='ltr'><strong>scorpionum</strong></span> <span class='ocrx_word' id='word_1_182' title='bbox 970 2070 1082 2119; x_wconf 85' lang='lat' dir='ltr'><strong>venenis</strong></span> <span class='ocrx_word' id='word_1_183' title='bbox 1094 2083 1148 2120; x_wconf 85' lang='lat' dir='ltr'><strong>me·</strong></span> 
     </span>
     <span class='ocr_line' id='line_1_27' title="bbox 346 2134 1147 2189; baseline 0 -1"><span class='ocrx_word' id='word_1_184' title='bbox 346 2136 461 2189; x_wconf 76' lang='lat' dir='ltr'><strong>denturs</strong></span> <span class='ocrx_word' id='word_1_185' title='bbox 489 2135 556 2185; x_wconf 89' lang='lat' dir='ltr'><strong>item</strong></span> <span class='ocrx_word' id='word_1_186' title='bbox 578 2134 723 2185; x_wconf 78' lang='lat' dir='ltr'><strong>arrrbustis.</strong></span> <span class='ocrx_word' id='word_1_187' title='bbox 760 2136 852 2188; x_wconf 85' lang='lat' dir='ltr'><strong>Tuane</strong></span> <span class='ocrx_word' id='word_1_188' title='bbox 872 2145 964 2188; x_wconf 88' lang='lat' dir='ltr'><strong>autem</strong></span> <span class='ocrx_word' id='word_1_189' title='bbox 986 2152 1047 2188; x_wconf 82' lang='lat' dir='ltr'><strong>cuns</strong></span> <span class='ocrx_word' id='word_1_190' title='bbox 1067 2143 1147 2188; x_wconf 90' lang='lat' dir='ltr'><strong>aceto</strong></span> 
     </span>
     <span class='ocr_line' id='line_1_28' title="bbox 346 2202 1147 2271; baseline -0.002 -13"><span class='ocrx_word' id='word_1_191' title='bbox 346 2206 420 2267; x_wconf 86' lang='lat' dir='ltr'><strong>aeri,</strong></span> <span class='ocrx_word' id='word_1_192' title='bbox 440 2203 583 2270; x_wconf 76' lang='lat' dir='ltr'><strong>magisque</strong></span> <span class='ocrx_word' id='word_1_193' title='bbox 597 2202 708 2264; x_wconf 87' lang='lat' dir='ltr'><strong>scillite,</strong></span> <span class='ocrx_word' id='word_1_194' title='bbox 731 2206 894 2271; x_wconf 83' lang='lat' dir='ltr'><strong>sanguinem</strong></span> <span class='ocrx_word' id='word_1_195' title='bbox 911 2220 1020 2257; x_wconf 88' lang='lat' dir='ltr'><strong>omnem</strong></span> <span class='ocrx_word' id='word_1_196' title='bbox 1036 2206 1147 2257; x_wconf 87' lang='lat' dir='ltr'><strong>sistunt.</strong></span> 
     </span>
     <span class='ocr_line' id='line_1_29' title="bbox 345 2273 1149 2343; baseline -0.004 -15"><span class='ocrx_word' id='word_1_197' title='bbox 345 2276 383 2328; x_wconf 85' lang='lat' dir='ltr'><strong>Et</strong></span> <span class='ocrx_word' id='word_1_198' title='bbox 395 2275 564 2340; x_wconf 84' lang='lat' dir='ltr'><strong>lentiginem,</strong></span> <span class='ocrx_word' id='word_1_199' title='bbox 575 2277 604 2323; x_wconf 91' lang='lat' dir='ltr'><strong>et</strong></span> <span class='ocrx_word' id='word_1_200' title='bbox 617 2273 811 2336; x_wconf 86' lang='lat' dir='ltr'><strong>carcinomata,</strong></span> <span class='ocrx_word' id='word_1_201' title='bbox 831 2277 1019 2343; x_wconf 88' lang='lat' dir='ltr'><strong>melaniasque</strong></span> <span class='ocrx_word' id='word_1_202' title='bbox 1030 2283 1149 2337; x_wconf 81' lang='lat' dir='ltr'><strong>veteres,</strong></span> 
     </span>
     <span class='ocr_line' id='line_1_30' title="bbox 347 2342 1150 2397; baseline -0.002 0"><span class='ocrx_word' id='word_1_203' title='bbox 347 2344 445 2397; x_wconf 89' lang='lat' dir='ltr'><strong>addito</strong></span> <span class='ocrx_word' id='word_1_204' title='bbox 459 2342 542 2395; x_wconf 90' lang='lat' dir='ltr'><strong>melle</strong></span> <span class='ocrx_word' id='word_1_205' title='bbox 560 2343 718 2395; x_wconf 88' lang='lat' dir='ltr'><strong>emendant.</strong></span> <span class='ocrx_word' id='word_1_206' title='bbox 753 2344 833 2396; x_wconf 84' lang='lat' dir='ltr'><strong>Folia</strong></span> <span class='ocrx_word' id='word_1_207' title='bbox 847 2352 876 2395; x_wconf 91' lang='lat' dir='ltr'><strong>et</strong></span> <span class='ocrx_word' id='word_1_208' title='bbox 888 2353 984 2397; x_wconf 82' lang='lat' dir='ltr'><strong>cortex</strong></span> <span class='ocrx_word' id='word_1_209' title='bbox 1003 2345 1150 2396; x_wconf 90' lang='lat' dir='ltr'><strong>illinuntur</strong></span> 
     </span>
     <span class='ocr_line' id='line_1_31' title="bbox 348 2413 1149 2479; baseline -0.002 -13"><span class='ocrx_word' id='word_1_210' title='bbox 348 2413 560 2466; x_wconf 87' lang='lat' dir='ltr'><strong>collectionibus</strong></span> <span class='ocrx_word' id='word_1_211' title='bbox 577 2418 606 2463; x_wconf 89' lang='lat' dir='ltr'><strong>et</strong></span> <span class='ocrx_word' id='word_1_212' title='bbox 623 2413 878 2479; x_wconf 89' lang='lat' dir='ltr'><strong>suppurationibus,</strong></span> <span class='ocrx_word' id='word_1_213' title='bbox 898 2421 927 2467; x_wconf 90' lang='lat' dir='ltr'><strong>et</strong></span> <span class='ocrx_word' id='word_1_214' title='bbox 941 2415 1085 2467; x_wconf 88' lang='lat' dir='ltr'><strong>decoctum</strong></span> <span class='ocrx_word' id='word_1_215' title='bbox 1104 2428 1149 2466; x_wconf 90' lang='lat' dir='ltr'><strong>eu·</strong></span> 
     </span>
     <span class='ocr_line' id='line_1_32' title="bbox 346 2482 1149 2545; baseline -0.004 -10"><span class='ocrx_word' id='word_1_216' title='bbox 346 2496 417 2535; x_wconf 87' lang='lat' dir='ltr'><strong>rum.</strong></span> <span class='ocrx_word' id='word_1_217' title='bbox 454 2482 576 2533; x_wconf 84' lang='lat' dir='ltr'><strong>Corticis</strong></span> <span class='ocrx_word' id='word_1_218' title='bbox 589 2488 680 2534; x_wconf 85' lang='lat' dir='ltr'><strong>autern</strong></span> <span class='ocrx_word' id='word_1_219' title='bbox 698 2485 725 2533; x_wconf 91' lang='lat' dir='ltr'><strong>in</strong></span> <span class='ocrx_word' id='word_1_220' title='bbox 745 2489 835 2545; x_wconf 89' lang='lat' dir='ltr'><strong>aceto,</strong></span> <span class='ocrx_word' id='word_1_221' title='bbox 856 2482 983 2536; x_wconf 90' lang='lat' dir='ltr'><strong>dentium</strong></span> <span class='ocrx_word' id='word_1_222' title='bbox 995 2483 1149 2536; x_wconf 86' lang='lat' dir='ltr'><strong>remedium</strong></span> 
     </span>
     <span class='ocr_line' id='line_1_33' title="bbox 349 2551 1148 2616; baseline -0.004 -11"><span class='ocrx_word' id='word_1_223' title='bbox 349 2560 409 2605; x_wconf 80' lang='lat' dir='ltr'><strong>est:</strong></span> <span class='ocrx_word' id='word_1_224' title='bbox 427 2551 559 2604; x_wconf 79' lang='lat' dir='ltr'><strong>fohorum</strong></span> <span class='ocrx_word' id='word_1_225' title='bbox 572 2552 721 2602; x_wconf 87' lang='lat' dir='ltr'><strong>tenerrima</strong></span> <span class='ocrx_word' id='word_1_226' title='bbox 732 2552 759 2602; x_wconf 91' lang='lat' dir='ltr'><strong>in</strong></span> <span class='ocrx_word' id='word_1_227' title='bbox 769 2552 832 2603; x_wconf 87' lang='lat' dir='ltr'><strong>rino</strong></span> <span class='ocrx_word' id='word_1_228' title='bbox 844 2553 909 2605; x_wconf 91' lang='lat' dir='ltr'><strong>albo</strong></span> <span class='ocrx_word' id='word_1_229' title='bbox 919 2552 1043 2616; x_wconf 86' lang='lat' dir='ltr'><strong>decocta,</strong></span> <span class='ocrx_word' id='word_1_230' title='bbox 1054 2553 1148 2605; x_wconf 89' lang='lat' dir='ltr'><strong>oculo·</strong></span> 
     </span>
     <span class='ocr_line' id='line_1_34' title="bbox 347 2620 1149 2687; baseline 0 -15"><span class='ocrx_word' id='word_1_231' title='bbox 347 2636 409 2672; x_wconf 93' lang='lat' dir='ltr'><strong>rum</strong></span> <span class='ocrx_word' id='word_1_232' title='bbox 455 2621 572 2687; x_wconf 85' lang='lat' dir='ltr'><strong>Lanngo</strong></span> <span class='ocrx_word' id='word_1_233' title='bbox 583 2620 725 2680; x_wconf 83' lang='lat' dir='ltr'><strong>tortorum,</strong></span> <span class='ocrx_word' id='word_1_234' title='bbox 736 2628 765 2672; x_wconf 88' lang='lat' dir='ltr'><strong>et</strong></span> <span class='ocrx_word' id='word_1_235' title='bbox 776 2622 889 2672; x_wconf 90' lang='lat' dir='ltr'><strong>auribus</strong></span> <span class='ocrx_word' id='word_1_236' title='bbox 899 2623 1025 2675; x_wconf 90' lang='lat' dir='ltr'><strong>etooulia</strong></span> <span class='ocrx_word' id='word_1_237' title='bbox 1035 2622 1149 2674; x_wconf 90' lang='lat' dir='ltr'><strong>inutilis.</strong></span> 
     </span>
     <span class='ocr_line' id='line_1_35' title="bbox 349 2689 1150 2761; baseline 0.002 -21"><span class='ocrx_word' id='word_1_238' title='bbox 349 2689 425 2741; x_wconf 86' lang='lat' dir='ltr'><strong>cinis</strong></span> <span class='ocrx_word' id='word_1_239' title='bbox 435 2690 583 2757; x_wconf 88' lang='lat' dir='ltr'><strong>pilularum</strong></span> <span class='ocrx_word' id='word_1_240' title='bbox 595 2697 678 2741; x_wconf 88' lang='lat' dir='ltr'><strong>sanat</strong></span> <span class='ocrx_word' id='word_1_241' title='bbox 687 2691 814 2742; x_wconf 88' lang='lat' dir='ltr'><strong>ambusta</strong></span> <span class='ocrx_word' id='word_1_242' title='bbox 825 2693 883 2759; x_wconf 88' lang='lat' dir='ltr'><strong>igni</strong></span> <span class='ocrx_word' id='word_1_243' title='bbox 894 2695 937 2746; x_wconf 86' lang='lat' dir='ltr'><strong>vel</strong></span> <span class='ocrx_word' id='word_1_244' title='bbox 948 2692 1063 2761; x_wconf 77' lang='lat' dir='ltr'><strong>frigore.</strong></span> <span class='ocrx_word' id='word_1_245' title='bbox 1084 2692 1150 2744; x_wconf 82' lang='lat' dir='ltr'><strong>Cor·</strong></span> 
     </span>
     <span class='ocr_line' id='line_1_36' title="bbox 348 2759 945 2829; baseline 0.008 -18"><span class='ocrx_word' id='word_1_246' title='bbox 348 2768 396 2813; x_wconf 86' lang='lat' dir='ltr'><strong>tex</strong></span> <span class='ocrx_word' id='word_1_247' title='bbox 407 2773 423 2810; x_wconf 91' lang='lat' dir='ltr'><strong>e</strong></span> <span class='ocrx_word' id='word_1_248' title='bbox 433 2759 496 2809; x_wconf 82' lang='lat' dir='ltr'><strong>rino</strong></span> <span class='ocrx_word' id='word_1_249' title='bbox 507 2761 686 2826; x_wconf 85' lang='lat' dir='ltr'><strong>scorpionum</strong></span> <span class='ocrx_word' id='word_1_250' title='bbox 702 2759 773 2810; x_wconf 88' lang='lat' dir='ltr'><strong>ictus</strong></span> <span class='ocrx_word' id='word_1_251' title='bbox 784 2761 945 2829; x_wconf 79' lang='lat' dir='ltr'><strong>restinguit.</strong></span> 
     </span>
    </p>

    <p class='ocr_par' dir='ltr' id='par_1_7' title="bbox 346 2827 1151 3515">
     <span class='ocr_line' id='line_1_37' title="bbox 384 2827 1149 2896; baseline 0 -17"><span class='ocrx_word' id='word_1_252' title='bbox 384 2827 471 2879; x_wconf 78' lang='lat' dir='ltr'><strong>XXX.</strong></span> <span class='ocrx_word' id='word_1_253' title='bbox 491 2827 630 2879; x_wconf 82' lang='lat' dir='ltr'><strong>Fraxinus</strong></span> <span class='ocrx_word' id='word_1_254' title='bbox 642 2843 724 2895; x_wconf 90' lang='lat' dir='ltr'><strong>quam</strong></span> <span class='ocrx_word' id='word_1_255' title='bbox 738 2831 791 2879; x_wconf 86' lang='lat' dir='ltr'><strong>rim</strong></span> <span class='ocrx_word' id='word_1_256' title='bbox 804 2831 937 2883; x_wconf 76' lang='lat' dir='ltr'><strong>adversus</strong></span> <span class='ocrx_word' id='word_1_257' title='bbox 947 2836 1091 2896; x_wconf 83' lang='lat' dir='ltr'><strong>serpentes</strong></span> <span class='ocrx_word' id='word_1_258' title='bbox 1100 2827 1149 2879; x_wconf 85' lang='lat' dir='ltr'><strong>ha·</strong></span> 
     </span>
     <span class='ocr_line' id='line_1_38' title="bbox 347 2896 1149 2963; baseline -0.001 -15"><span class='ocrx_word' id='word_1_259' title='bbox 347 2896 436 2957; x_wconf 87' lang='lat' dir='ltr'><strong>heret,</strong></span> <span class='ocrx_word' id='word_1_260' title='bbox 459 2897 652 2948; x_wconf 85' lang='lat' dir='ltr'><strong>indicarimus.</strong></span> <span class='ocrx_word' id='word_1_261' title='bbox 688 2896 786 2949; x_wconf 87' lang='lat' dir='ltr'><strong>Samen</strong></span> <span class='ocrx_word' id='word_1_262' title='bbox 810 2898 889 2951; x_wconf 84' lang='lat' dir='ltr'><strong>loliis</strong></span> <span class='ocrx_word' id='word_1_263' title='bbox 908 2900 968 2952; x_wconf 91' lang='lat' dir='ltr'><strong>eius</strong></span> <span class='ocrx_word' id='word_1_264' title='bbox 990 2900 1072 2961; x_wconf 91' lang='lat' dir='ltr'><strong>inest,</strong></span> <span class='ocrx_word' id='word_1_265' title='bbox 1094 2911 1149 2963; x_wconf 88' lang='lat' dir='ltr'><strong>quo</strong></span> 
     </span>
     <span class='ocr_line' id='line_1_39' title="bbox 346 2966 1148 3019; baseline 0 -2"><span class='ocrx_word' id='word_1_266' title='bbox 346 2967 494 3017; x_wconf 87' lang='lat' dir='ltr'><strong>medentur</strong></span> <span class='ocrx_word' id='word_1_267' title='bbox 515 2966 646 3018; x_wconf 90' lang='lat' dir='ltr'><strong>iocineris</strong></span> <span class='ocrx_word' id='word_1_268' title='bbox 677 2972 705 3016; x_wconf 91' lang='lat' dir='ltr'><strong>et</strong></span> <span class='ocrx_word' id='word_1_269' title='bbox 735 2966 833 3019; x_wconf 87' lang='lat' dir='ltr'><strong>lateris</strong></span> <span class='ocrx_word' id='word_1_270' title='bbox 857 2969 999 3019; x_wconf 89' lang='lat' dir='ltr'><strong>doloribus</strong></span> <span class='ocrx_word' id='word_1_271' title='bbox 1019 2969 1046 3017; x_wconf 91' lang='lat' dir='ltr'><strong>in</strong></span> <span class='ocrx_word' id='word_1_272' title='bbox 1066 2967 1148 3018; x_wconf 59' lang='lat' dir='ltr'><strong>trino:</strong></span> 
     </span>
     <span class='ocr_line' id='line_1_40' title="bbox 347 3034 1151 3103; baseline 0 -17"><span class='ocrx_word' id='word_1_273' title='bbox 347 3048 450 3099; x_wconf 86' lang='lat' dir='ltr'><strong>aquam</strong></span> <span class='ocrx_word' id='word_1_274' title='bbox 462 3048 532 3098; x_wconf 91' lang='lat' dir='ltr'><strong>quae</strong></span> <span class='ocrx_word' id='word_1_275' title='bbox 552 3035 628 3085; x_wconf 87' lang='lat' dir='ltr'><strong>subit</strong></span> <span class='ocrx_word' id='word_1_276' title='bbox 649 3042 752 3095; x_wconf 89' lang='lat' dir='ltr'><strong>cutem,</strong></span> <span class='ocrx_word' id='word_1_277' title='bbox 775 3034 934 3089; x_wconf 89' lang='lat' dir='ltr'><strong>extrahunt.</strong></span> <span class='ocrx_word' id='word_1_278' title='bbox 969 3036 1151 3103; x_wconf 79' lang='lat' dir='ltr'><strong>Corpusube·</strong></span> 
     </span>
     <span class='ocr_line' id='line_1_41' title="bbox 347 3101 1149 3166; baseline 0.002 -13"><span class='ocrx_word' id='word_1_279' title='bbox 347 3117 410 3154; x_wconf 90' lang='lat' dir='ltr'><strong>sum</strong></span> <span class='ocrx_word' id='word_1_280' title='bbox 422 3101 516 3153; x_wconf 83' lang='lat' dir='ltr'><strong>lerant</strong></span> <span class='ocrx_word' id='word_1_281' title='bbox 527 3115 619 3165; x_wconf 88' lang='lat' dir='ltr'><strong>onere,</strong></span> <span class='ocrx_word' id='word_1_282' title='bbox 628 3102 731 3153; x_wconf 89' lang='lat' dir='ltr'><strong>sensim</strong></span> <span class='ocrx_word' id='word_1_283' title='bbox 744 3103 779 3153; x_wconf 86' lang='lat' dir='ltr'><strong>ad</strong></span> <span class='ocrx_word' id='word_1_284' title='bbox 792 3106 907 3154; x_wconf 85' lang='lat' dir='ltr'><strong>maciem</strong></span> <span class='ocrx_word' id='word_1_285' title='bbox 917 3104 1090 3166; x_wconf 81' lang='lat' dir='ltr'><strong>reducentes,</strong></span> <span class='ocrx_word' id='word_1_286' title='bbox 1101 3106 1149 3155; x_wconf 89' lang='lat' dir='ltr'><strong>iis·</strong></span> 
     </span>
     <span class='ocr_line' id='line_1_42' title="bbox 348 3170 1151 3238; baseline -0.001 -13"><span class='ocrx_word' id='word_1_287' title='bbox 348 3172 410 3225; x_wconf 84' lang='lat' dir='ltr'><strong>dem</strong></span> <span class='ocrx_word' id='word_1_288' title='bbox 422 3170 501 3223; x_wconf 79' lang='lat' dir='ltr'><strong>foliis</strong></span> <span class='ocrx_word' id='word_1_289' title='bbox 511 3185 570 3221; x_wconf 91' lang='lat' dir='ltr'><strong>cnm</strong></span> <span class='ocrx_word' id='word_1_290' title='bbox 583 3171 645 3221; x_wconf 84' lang='lat' dir='ltr'><strong>rino</strong></span> <span class='ocrx_word' id='word_1_291' title='bbox 661 3171 736 3222; x_wconf 89' lang='lat' dir='ltr'><strong>tritis</strong></span> <span class='ocrx_word' id='word_1_292' title='bbox 753 3170 787 3221; x_wconf 88' lang='lat' dir='ltr'><strong>nd</strong></span> <span class='ocrx_word' id='word_1_293' title='bbox 804 3171 903 3223; x_wconf 81' lang='lat' dir='ltr'><strong>virium</strong></span> <span class='ocrx_word' id='word_1_294' title='bbox 920 3172 1091 3238; x_wconf 83' lang='lat' dir='ltr'><strong>portionem:</strong></span> <span class='ocrx_word' id='word_1_295' title='bbox 1109 3174 1151 3224; x_wconf 90' lang='lat' dir='ltr'><strong>ita</strong></span> 
     </span>
     <span class='ocr_line' id='line_1_43' title="bbox 347 3238 1151 3309; baseline 0.001 -17"><span class='ocrx_word' id='word_1_296' title='bbox 347 3249 382 3292; x_wconf 93' lang='lat' dir='ltr'><strong>ut</strong></span> <span class='ocrx_word' id='word_1_297' title='bbox 393 3255 479 3309; x_wconf 90' lang='lat' dir='ltr'><strong>puero</strong></span> <span class='ocrx_word' id='word_1_298' title='bbox 492 3240 612 3309; x_wconf 89' lang='lat' dir='ltr'><strong>quinque</strong></span> <span class='ocrx_word' id='word_1_299' title='bbox 623 3238 695 3291; x_wconf 85' lang='lat' dir='ltr'><strong>iolla</strong></span> <span class='ocrx_word' id='word_1_300' title='bbox 710 3240 798 3291; x_wconf 91' lang='lat' dir='ltr'><strong>tribus</strong></span> <span class='ocrx_word' id='word_1_301' title='bbox 809 3241 918 3307; x_wconf 83' lang='lat' dir='ltr'><strong>cyathis</strong></span> <span class='ocrx_word' id='word_1_302' title='bbox 929 3241 1082 3306; x_wconf 87' lang='lat' dir='ltr'><strong>diluantur,</strong></span> <span class='ocrx_word' id='word_1_303' title='bbox 1106 3257 1151 3293; x_wconf 90' lang='lat' dir='ltr'><strong>ro·</strong></span> 
     </span>
     <span class='ocr_line' id='line_1_44' title="bbox 347 3308 1150 3378; baseline -0.004 -13"><span class='ocrx_word' id='word_1_304' title='bbox 347 3310 522 3365; x_wconf 76' lang='lat' dir='ltr'><strong>beatioribus</strong></span> <span class='ocrx_word' id='word_1_305' title='bbox 538 3317 644 3376; x_wconf 87' lang='lat' dir='ltr'><strong>septem</strong></span> <span class='ocrx_word' id='word_1_306' title='bbox 661 3309 740 3372; x_wconf 82' lang='lat' dir='ltr'><strong>lolia,</strong></span> <span class='ocrx_word' id='word_1_307' title='bbox 762 3309 853 3375; x_wconf 88' lang='lat' dir='ltr'><strong>quinis</strong></span> <span class='ocrx_word' id='word_1_308' title='bbox 864 3308 974 3378; x_wconf 85' lang='lat' dir='ltr'><strong>cyathis</strong></span> <span class='ocrx_word' id='word_1_309' title='bbox 987 3311 1050 3362; x_wconf 87' lang='lat' dir='ltr'><strong>rini.</strong></span> <span class='ocrx_word' id='word_1_310' title='bbox 1087 3311 1150 3363; x_wconf 86' lang='lat' dir='ltr'><strong>Non</strong></span> 
     </span>
     <span class='ocr_line' id='line_1_45' title="bbox 348 3380 1150 3450; baseline -0.002 -17"><span class='ocrx_word' id='word_1_311' title='bbox 348 3380 544 3442; x_wconf 89' lang='lat' dir='ltr'><strong>omittendum,</strong></span> <span class='ocrx_word' id='word_1_312' title='bbox 566 3384 694 3432; x_wconf 84' lang='lat' dir='ltr'><strong>ranrenta</strong></span> <span class='ocrx_word' id='word_1_313' title='bbox 711 3380 773 3430; x_wconf 87' lang='lat' dir='ltr'><strong>eius</strong></span> <span class='ocrx_word' id='word_1_314' title='bbox 791 3385 819 3432; x_wconf 91' lang='lat' dir='ltr'><strong>et</strong></span> <span class='ocrx_word' id='word_1_315' title='bbox 834 3383 946 3437; x_wconf 84' lang='lat' dir='ltr'><strong>scobem</strong></span> <span class='ocrx_word' id='word_1_316' title='bbox 957 3395 975 3433; x_wconf 88' lang='lat' dir='ltr'><strong>a</strong></span> <span class='ocrx_word' id='word_1_317' title='bbox 986 3380 1150 3450; x_wconf 88' lang='lat' dir='ltr'><strong>quibusdam</strong></span> 
     </span>
     <span class='ocr_line' id='line_1_46' title="bbox 349 3447 617 3515; baseline 0.004 -14"><span class='ocrx_word' id='word_1_318' title='bbox 349 3449 474 3501; x_wconf 86' lang='lat' dir='ltr'><strong>carenda</strong></span> <span class='ocrx_word' id='word_1_319' title='bbox 485 3447 617 3515; x_wconf 87' lang='lat' dir='ltr'><strong>praedici.</strong></span> 
     </span>
    </p>
   </div>
   <div class='ocr_carea' id='block_1_5' title="bbox 337 3516 1154 5588">
    <p class='ocr_par' dir='ltr' id='par_1_8' title="bbox 337 3516 1152 3912">
     <span class='ocr_line' id='line_1_47' title="bbox 367 3516 1152 3575; baseline 0.005 -8"><span class='ocrx_word' id='word_1_320' title='bbox 367 3516 485 3568; x_wconf 77' lang='lat' dir='ltr'><strong>·-xxxr.</strong></span> <span class='ocrx_word' id='word_1_321' title='bbox 503 3518 597 3569; x_wconf 78' lang='lat' dir='ltr'><strong>aceris</strong></span> <span class='ocrx_word' id='word_1_322' title='bbox 608 3518 688 3571; x_wconf 78' lang='lat' dir='ltr'><strong>radix</strong></span> <span class='ocrx_word' id='word_1_323' title='bbox 700 3523 818 3572; x_wconf 91' lang='lat' dir='ltr'><strong>contusa</strong></span> <span class='ocrx_word' id='word_1_324' title='bbox 831 3521 921 3575; x_wconf 79' lang='lat' dir='ltr'><strong>esino</strong></span> <span class='ocrx_word' id='word_1_325' title='bbox 932 3518 1065 3573; x_wconf 88' lang='lat' dir='ltr'><strong>iocineris</strong></span> <span class='ocrx_word' id='word_1_326' title='bbox 1075 3518 1152 3572; x_wconf 92' lang='lat' dir='ltr'><strong>dolo·</strong></span> 
     </span>
     <span class='ocr_line' id='line_1_48' title="bbox 348 3584 803 3652; baseline 0.007 -15"><span class='ocrx_word' id='word_1_327' title='bbox 348 3585 427 3637; x_wconf 89' lang='lat' dir='ltr'><strong>ribus</strong></span> <span class='ocrx_word' id='word_1_328' title='bbox 438 3584 629 3636; x_wconf 83' lang='lat' dir='ltr'><strong>efficacissime</strong></span> <span class='ocrx_word' id='word_1_329' title='bbox 642 3587 803 3652; x_wconf 89' lang='lat' dir='ltr'><strong>imponitur.</strong></span> 
     </span>
     <span class='ocr_line' id='line_1_49' title="bbox 337 3651 1149 3727; baseline 0.002 -24"><span class='ocrx_word' id='word_1_330' title='bbox 337 3720 341 3727; x_wconf 21' lang='grc' dir='ltr'><strong>ι</strong></span> <span class='ocrx_word' id='word_1_331' title='bbox 384 3652 498 3703; x_wconf 82' lang='lat' dir='ltr'><strong>xxxii.</strong></span> <span class='ocrx_word' id='word_1_332' title='bbox 518 3651 617 3718; x_wconf 85' lang='lat' dir='ltr'><strong>Populi</strong></span> <span class='ocrx_word' id='word_1_333' title='bbox 635 3655 715 3705; x_wconf 87' lang='lat' dir='ltr'><strong>albae</strong></span> <span class='ocrx_word' id='word_1_334' title='bbox 735 3669 849 3706; x_wconf 85' lang='lat' dir='ltr'><strong>avaram</strong></span> <span class='ocrx_word' id='word_1_335' title='bbox 868 3659 894 3708; x_wconf 92' lang='lat' dir='ltr'><strong>in</strong></span> <span class='ocrx_word' id='word_1_336' title='bbox 911 3657 1060 3723; x_wconf 84' lang='lat' dir='ltr'><strong>unguentis</strong></span> <span class='ocrx_word' id='word_1_337' title='bbox 1071 3669 1149 3706; x_wconf 91' lang='lat' dir='ltr'><strong>usum</strong></span> 
     </span>
     <span class='ocr_line' id='line_1_50' title="bbox 350 3722 1151 3790; baseline 0.004 -17"><span class='ocrx_word' id='word_1_338' title='bbox 350 3722 538 3787; x_wconf 79' lang='lat' dir='ltr'><strong>exposuimus.</strong></span> <span class='ocrx_word' id='word_1_339' title='bbox 559 3722 661 3772; x_wconf 81' lang='lat' dir='ltr'><strong>Cortex</strong></span> <span class='ocrx_word' id='word_1_340' title='bbox 672 3728 754 3786; x_wconf 91' lang='lat' dir='ltr'><strong>potus</strong></span> <span class='ocrx_word' id='word_1_341' title='bbox 765 3722 923 3775; x_wconf 85' lang='lat' dir='ltr'><strong>ischiadicis</strong></span> <span class='ocrx_word' id='word_1_342' title='bbox 938 3732 965 3776; x_wconf 91' lang='lat' dir='ltr'><strong>et</strong></span> <span class='ocrx_word' id='word_1_343' title='bbox 976 3724 1151 3790; x_wconf 72' lang='lat' dir='ltr'><strong>stranguriae</strong></span> 
     </span>
     <span class='ocr_line' id='line_1_51' title="bbox 349 3788 1150 3912; baseline 0.002 -72"><span class='ocrx_word' id='word_1_344' title='bbox 349 3789 472 3912; x_wconf 49' lang='lat' dir='ltr'><strong>prodest.</strong></span> <span class='ocrx_word' id='word_1_345' title='bbox 509 3788 654 3840; x_wconf 79' lang='lat' dir='ltr'><strong>Foliorum</strong></span> <span class='ocrx_word' id='word_1_346' title='bbox 674 3805 775 3842; x_wconf 84' lang='lat' dir='ltr'><strong>succus</strong></span> <span class='ocrx_word' id='word_1_347' title='bbox 794 3789 900 3842; x_wconf 88' lang='lat' dir='ltr'><strong>calidus</strong></span> <span class='ocrx_word' id='word_1_348' title='bbox 921 3793 1029 3842; x_wconf 88' lang='lat' dir='ltr'><strong>aurium</strong></span> <span class='ocrx_word' id='word_1_349' title='bbox 1050 3792 1150 3844; x_wconf 88' lang='lat' dir='ltr'><strong>dolori.</strong></span> 
     </span>
    </p>

    <p class='ocr_par' dir='ltr' id='par_1_9' title="bbox 347 3858 1153 4485">
     <span class='ocr_line' id='line_1_52' title="bbox 377 3858 1151 3928; baseline 0.003 -17"><span class='ocrx_word' id='word_1_350' title='bbox 377 3861 466 3927; x_wconf 88' lang='lat' dir='ltr'><strong>irgam</strong></span> <span class='ocrx_word' id='word_1_351' title='bbox 488 3859 582 3926; x_wconf 90' lang='lat' dir='ltr'><strong>populi</strong></span> <span class='ocrx_word' id='word_1_352' title='bbox 601 3858 629 3908; x_wconf 93' lang='lat' dir='ltr'><strong>in</strong></span> <span class='ocrx_word' id='word_1_353' title='bbox 648 3874 730 3911; x_wconf 79' lang='lat' dir='ltr'><strong>uranu</strong></span> <span class='ocrx_word' id='word_1_354' title='bbox 749 3860 909 3911; x_wconf 86' lang='lat' dir='ltr'><strong>tenentibus</strong></span> <span class='ocrx_word' id='word_1_355' title='bbox 928 3859 1077 3928; x_wconf 85' lang='lat' dir='ltr'><strong>intertrigo</strong></span> <span class='ocrx_word' id='word_1_356' title='bbox 1095 3876 1151 3913; x_wconf 89' lang='lat' dir='ltr'><strong>non</strong></span> 
     </span>
     <span class='ocr_line' id='line_1_53' title="bbox 348 3928 1150 3997; baseline 0.004 -16"><span class='ocrx_word' id='word_1_357' title='bbox 348 3935 499 3983; x_wconf 85' lang='lat' dir='ltr'><strong>ntetuatur.</strong></span> <span class='ocrx_word' id='word_1_358' title='bbox 519 3928 639 3994; x_wconf 87' lang='lat' dir='ltr'><strong>Populos</strong></span> <span class='ocrx_word' id='word_1_359' title='bbox 650 3930 731 3997; x_wconf 88' lang='lat' dir='ltr'><strong>nigra</strong></span> <span class='ocrx_word' id='word_1_360' title='bbox 742 3931 931 3981; x_wconf 81' lang='lat' dir='ltr'><strong>efficacissima</strong></span> <span class='ocrx_word' id='word_1_361' title='bbox 942 3930 1068 3991; x_wconf 83' lang='lat' dir='ltr'><strong>habetur,</strong></span> <span class='ocrx_word' id='word_1_362' title='bbox 1080 3945 1150 3997; x_wconf 86' lang='lat' dir='ltr'><strong>quae</strong></span> 
     </span>
     <span class='ocr_line' id='line_1_54' title="bbox 347 3998 1151 4053; baseline -0.001 -2"><span class='ocrx_word' id='word_1_363' title='bbox 347 4001 473 4051; x_wconf 80' lang='lat' dir='ltr'><strong>increta</strong></span> <span class='ocrx_word' id='word_1_364' title='bbox 486 3998 615 4049; x_wconf 90' lang='lat' dir='ltr'><strong>nascitur.</strong></span> <span class='ocrx_word' id='word_1_365' title='bbox 632 4028 636 4035; x_wconf 81' lang='lat'><strong>.</strong></span> <span class='ocrx_word' id='word_1_366' title='bbox 655 3998 850 4051; x_wconf 85' lang='lat' dir='ltr'><strong>comitialibus</strong></span> <span class='ocrx_word' id='word_1_367' title='bbox 862 4014 957 4052; x_wconf 80' lang='lat' dir='ltr'><strong>senten</strong></span> <span class='ocrx_word' id='word_1_368' title='bbox 968 4014 1003 4052; x_wconf 84' lang='lat' dir='ltr'><strong>ex</strong></span> <span class='ocrx_word' id='word_1_369' title='bbox 1013 4000 1151 4053; x_wconf 89' lang='lat' dir='ltr'><strong>scetouti·</strong></span> 
     </span>
     <span class='ocr_line' id='line_1_55' title="bbox 349 4067 1152 4138; baseline 0.001 -17"><span class='ocrx_word' id='word_1_370' title='bbox 349 4069 387 4123; x_wconf 88' lang='lat' dir='ltr'><strong>le.</strong></span> <span class='ocrx_word' id='word_1_371' title='bbox 422 4067 528 4120; x_wconf 85' lang='lat' dir='ltr'><strong>Fundit</strong></span> <span class='ocrx_word' id='word_1_372' title='bbox 538 4067 626 4119; x_wconf 89' lang='lat' dir='ltr'><strong>illaet</strong></span> <span class='ocrx_word' id='word_1_373' title='bbox 638 4069 758 4120; x_wconf 86' lang='lat' dir='ltr'><strong>resinam</strong></span> <span class='ocrx_word' id='word_1_374' title='bbox 769 4070 907 4137; x_wconf 82' lang='lat' dir='ltr'><strong>exiguam,</strong></span> <span class='ocrx_word' id='word_1_375' title='bbox 928 4085 981 4138; x_wconf 91' lang='lat' dir='ltr'><strong>qua</strong></span> <span class='ocrx_word' id='word_1_376' title='bbox 991 4070 1152 4123; x_wconf 86' lang='lat' dir='ltr'><strong>utunturad</strong></span> 
     </span>
     <span class='ocr_line' id='line_1_56' title="bbox 349 4136 1152 4208; baseline 0.005 -17"><span class='ocrx_word' id='word_1_377' title='bbox 349 4138 530 4206; x_wconf 76' lang='lat' dir='ltr'><strong>malagmata.</strong></span> <span class='ocrx_word' id='word_1_378' title='bbox 567 4136 649 4189; x_wconf 82' lang='lat' dir='ltr'><strong>Folia</strong></span> <span class='ocrx_word' id='word_1_379' title='bbox 660 4138 791 4206; x_wconf 82' lang='lat' dir='ltr'><strong>podagris</strong></span> <span class='ocrx_word' id='word_1_380' title='bbox 804 4138 830 4189; x_wconf 92' lang='lat' dir='ltr'><strong>in</strong></span> <span class='ocrx_word' id='word_1_381' title='bbox 843 4146 924 4190; x_wconf 89' lang='lat' dir='ltr'><strong>aceto</strong></span> <span class='ocrx_word' id='word_1_382' title='bbox 937 4139 1054 4193; x_wconf 85' lang='lat' dir='ltr'><strong>decocta</strong></span> <span class='ocrx_word' id='word_1_383' title='bbox 1063 4140 1152 4208; x_wconf 86' lang='lat' dir='ltr'><strong>impo-</strong></span> 
     </span>
     <span class='ocr_line' id='line_1_57' title="bbox 349 4208 1151 4275; baseline 0.005 -17"><span class='ocrx_word' id='word_1_384' title='bbox 349 4216 460 4259; x_wconf 89' lang='lat' dir='ltr'><strong>nuntur.</strong></span> <span class='ocrx_word' id='word_1_385' title='bbox 497 4208 606 4258; x_wconf 81' lang='lat' dir='ltr'><strong>Humor</strong></span> <span class='ocrx_word' id='word_1_386' title='bbox 620 4210 720 4261; x_wconf 85' lang='lat' dir='ltr'><strong>scaris</strong></span> <span class='ocrx_word' id='word_1_387' title='bbox 731 4208 826 4274; x_wconf 90' lang='lat' dir='ltr'><strong>populi</strong></span> <span class='ocrx_word' id='word_1_388' title='bbox 841 4211 937 4275; x_wconf 81' lang='lat' dir='ltr'><strong>nigrae</strong></span> <span class='ocrx_word' id='word_1_389' title='bbox 949 4208 1072 4270; x_wconf 81' lang='lat' dir='ltr'><strong>effluens,</strong></span> <span class='ocrx_word' id='word_1_390' title='bbox 1092 4226 1151 4264; x_wconf 89' lang='lat' dir='ltr'><strong>rer·</strong></span> 
     </span>
     <span class='ocr_line' id='line_1_58' title="bbox 349 4277 1152 4346; baseline 0.005 -19"><span class='ocrx_word' id='word_1_391' title='bbox 349 4291 443 4337; x_wconf 84' lang='lat' dir='ltr'><strong>ruens,</strong></span> <span class='ocrx_word' id='word_1_392' title='bbox 464 4277 633 4344; x_wconf 84' lang='lat' dir='ltr'><strong>papulasque</strong></span> <span class='ocrx_word' id='word_1_393' title='bbox 652 4292 686 4330; x_wconf 81' lang='lat' dir='ltr'><strong>es</strong></span> <span class='ocrx_word' id='word_1_394' title='bbox 707 4279 807 4330; x_wconf 91' lang='lat' dir='ltr'><strong>attritu</strong></span> <span class='ocrx_word' id='word_1_395' title='bbox 830 4285 908 4330; x_wconf 88' lang='lat' dir='ltr'><strong>ortas</strong></span> <span class='ocrx_word' id='word_1_396' title='bbox 931 4279 1013 4330; x_wconf 89' lang='lat' dir='ltr'><strong>tollit.</strong></span> <span class='ocrx_word' id='word_1_397' title='bbox 1050 4278 1152 4346; x_wconf 85' lang='lat' dir='ltr'><strong>Populi</strong></span> 
     </span>
     <span class='ocr_line' id='line_1_59' title="bbox 350 4342 1153 4416; baseline 0.01 -22"><span class='ocrx_word' id='word_1_398' title='bbox 350 4342 445 4395; x_wconf 75' lang='lat' dir='ltr'><strong>ierunt</strong></span> <span class='ocrx_word' id='word_1_399' title='bbox 456 4352 485 4396; x_wconf 90' lang='lat' dir='ltr'><strong>et</strong></span> <span class='ocrx_word' id='word_1_400' title='bbox 496 4347 524 4397; x_wconf 91' lang='lat' dir='ltr'><strong>in</strong></span> <span class='ocrx_word' id='word_1_401' title='bbox 541 4345 618 4396; x_wconf 78' lang='lat' dir='ltr'><strong>foliis</strong></span> <span class='ocrx_word' id='word_1_402' title='bbox 628 4353 749 4414; x_wconf 87' lang='lat' dir='ltr'><strong>guttam,</strong></span> <span class='ocrx_word' id='word_1_403' title='bbox 768 4363 801 4400; x_wconf 82' lang='lat' dir='ltr'><strong>er</strong></span> <span class='ocrx_word' id='word_1_404' title='bbox 818 4363 872 4416; x_wconf 89' lang='lat' dir='ltr'><strong>qua</strong></span> <span class='ocrx_word' id='word_1_405' title='bbox 882 4362 950 4415; x_wconf 88' lang='lat' dir='ltr'><strong>apes</strong></span> <span class='ocrx_word' id='word_1_406' title='bbox 961 4348 1098 4414; x_wconf 90' lang='lat' dir='ltr'><strong>propolim</strong></span> <span class='ocrx_word' id='word_1_407' title='bbox 1110 4349 1153 4403; x_wconf 84' lang='lat' dir='ltr'><strong>ia·</strong></span> 
     </span>
     <span class='ocr_line' id='line_1_60' title="bbox 351 4411 1031 4485; baseline 0.007 -23"><span class='ocrx_word' id='word_1_408' title='bbox 351 4411 437 4462; x_wconf 90' lang='lat' dir='ltr'><strong>ciunt.</strong></span> <span class='ocrx_word' id='word_1_409' title='bbox 474 4413 563 4465; x_wconf 83' lang='lat' dir='ltr'><strong>Gutta</strong></span> <span class='ocrx_word' id='word_1_410' title='bbox 579 4431 667 4482; x_wconf 87' lang='lat' dir='ltr'><strong>aeque</strong></span> <span class='ocrx_word' id='word_1_411' title='bbox 678 4417 786 4484; x_wconf 88' lang='lat' dir='ltr'><strong>propoli</strong></span> <span class='ocrx_word' id='word_1_412' title='bbox 798 4433 832 4471; x_wconf 87' lang='lat' dir='ltr'><strong>ex</strong></span> <span class='ocrx_word' id='word_1_413' title='bbox 843 4431 915 4485; x_wconf 87' lang='lat' dir='ltr'><strong>aqua</strong></span> <span class='ocrx_word' id='word_1_414' title='bbox 927 4417 1031 4469; x_wconf 86' lang='lat' dir='ltr'><strong>efficax.</strong></span> 
     </span>
    </p>

    <p class='ocr_par' dir='ltr' id='par_1_10' title="bbox 351 4477 1154 5588">
     <span class='ocr_line' id='line_1_61' title="bbox 388 4477 1150 4559; baseline 0.016 -32"><span class='ocrx_word' id='word_1_415' title='bbox 388 4477 604 4559; x_wconf 68' lang='lat' dir='ltr'><strong>xxxiiiiiiii</strong></span> <span class='ocrx_word' id='word_1_416' title='bbox 625 4493 653 4535; x_wconf 92' lang='lat' dir='ltr'><strong>et</strong></span> <span class='ocrx_word' id='word_1_417' title='bbox 675 4486 754 4546; x_wconf 85' lang='lat' dir='ltr'><strong>folia,</strong></span> <span class='ocrx_word' id='word_1_418' title='bbox 772 4492 801 4537; x_wconf 90' lang='lat' dir='ltr'><strong>et</strong></span> <span class='ocrx_word' id='word_1_419' title='bbox 818 4494 929 4547; x_wconf 81' lang='lat' dir='ltr'><strong>cortex,</strong></span> <span class='ocrx_word' id='word_1_420' title='bbox 948 4494 976 4537; x_wconf 92' lang='lat' dir='ltr'><strong>et</strong></span> <span class='ocrx_word' id='word_1_421' title='bbox 996 4487 1075 4549; x_wconf 87' lang='lat' dir='ltr'><strong>rami,</strong></span> <span class='ocrx_word' id='word_1_422' title='bbox 1095 4489 1150 4539; x_wconf 81' lang='lat' dir='ltr'><strong>rim</strong></span> 
     </span>
     <span class='ocr_line' id='line_1_62' title="bbox 352 4546 1152 4630; baseline 0.015 -34"><span class='ocrx_word' id='word_1_423' title='bbox 352 4546 455 4627; x_wconf 84' lang='lat' dir='ltr'><strong>habeut</strong></span> <span class='ocrx_word' id='word_1_424' title='bbox 464 4551 612 4630; x_wconf 76' lang='lat' dir='ltr'><strong>spissandi,</strong></span> <span class='ocrx_word' id='word_1_425' title='bbox 632 4561 661 4606; x_wconf 86' lang='lat' dir='ltr'><strong>et</strong></span> <span class='ocrx_word' id='word_1_426' title='bbox 680 4555 795 4607; x_wconf 77' lang='lat' dir='ltr'><strong>vulnera</strong></span> <span class='ocrx_word' id='word_1_427' title='bbox 808 4552 997 4607; x_wconf 86' lang='lat' dir='ltr'><strong>contrahendi.</strong></span> <span class='ocrx_word' id='word_1_428' title='bbox 1034 4556 1152 4608; x_wconf 82' lang='lat' dir='ltr'><strong>Cortlcis</strong></span> 
     </span>
     <span class='ocr_line' id='line_1_63' title="bbox 351 4621 1152 4689; baseline 0.015 -24"><span class='ocrx_word' id='word_1_429' title='bbox 351 4622 449 4682; x_wconf 84' lang='lat' dir='ltr'><strong>utrque</strong></span> <span class='ocrx_word' id='word_1_430' title='bbox 467 4622 584 4668; x_wconf 79' lang='lat' dir='ltr'><strong>interior</strong></span> <span class='ocrx_word' id='word_1_431' title='bbox 600 4621 661 4672; x_wconf 88' lang='lat' dir='ltr'><strong>tilia</strong></span> <span class='ocrx_word' id='word_1_432' title='bbox 680 4622 773 4689; x_wconf 88' lang='lat' dir='ltr'><strong>lepras</strong></span> <span class='ocrx_word' id='word_1_433' title='bbox 791 4625 882 4686; x_wconf 87' lang='lat' dir='ltr'><strong>sedat,</strong></span> <span class='ocrx_word' id='word_1_434' title='bbox 902 4631 930 4676; x_wconf 89' lang='lat' dir='ltr'><strong>et</strong></span> <span class='ocrx_word' id='word_1_435' title='bbox 941 4624 1009 4676; x_wconf 80' lang='lat' dir='ltr'><strong>lolia</strong></span> <span class='ocrx_word' id='word_1_436' title='bbox 1026 4641 1059 4678; x_wconf 88' lang='lat' dir='ltr'><strong>cx</strong></span> <span class='ocrx_word' id='word_1_437' title='bbox 1072 4633 1152 4677; x_wconf 87' lang='lat' dir='ltr'><strong>aceto</strong></span> 
     </span>
     <span class='ocr_line' id='line_1_64' title="bbox 352 4683 1153 4765; baseline 0.014 -30"><span class='ocrx_word' id='word_1_438' title='bbox 352 4683 435 4736; x_wconf 89' lang='lat' dir='ltr'><strong>illita.</strong></span> <span class='ocrx_word' id='word_1_439' title='bbox 480 4686 600 4765; x_wconf 74' lang='lat' dir='ltr'><strong>⁸corticis</strong></span> <span class='ocrx_word' id='word_1_440' title='bbox 620 4688 729 4744; x_wconf 89' lang='lat' dir='ltr'><strong>denarii</strong></span> <span class='ocrx_word' id='word_1_441' title='bbox 751 4693 858 4760; x_wconf 89' lang='lat' dir='ltr'><strong>pondus</strong></span> <span class='ocrx_word' id='word_1_442' title='bbox 872 4699 973 4760; x_wconf 81' lang='lat' dir='ltr'><strong>potum</strong></span> <span class='ocrx_word' id='word_1_443' title='bbox 995 4696 1022 4745; x_wconf 91' lang='lat' dir='ltr'><strong>in</strong></span> <span class='ocrx_word' id='word_1_444' title='bbox 1042 4692 1153 4746; x_wconf 85' lang='lat' dir='ltr'><strong>henrins</strong></span> 
     </span>
     <span class='ocr_line' id='line_1_65' title="bbox 353 4752 1152 4833; baseline 0.018 -32"><span class='ocrx_word' id='word_1_445' title='bbox 353 4752 673 4833; x_wconf 28' lang='lat' dir='ltr'><strong>aqnacnirrgrdaealrum</strong></span> <span class='ocrx_word' id='word_1_446' title='bbox 691 4767 801 4828; x_wconf 88' lang='lat' dir='ltr'><strong>purgat,</strong></span> <span class='ocrx_word' id='word_1_447' title='bbox 822 4763 1003 4829; x_wconf 86' lang='lat' dir='ltr'><strong>pituitasque,</strong></span> <span class='ocrx_word' id='word_1_448' title='bbox 1024 4770 1052 4815; x_wconf 86' lang='lat' dir='ltr'><strong>et</strong></span> <span class='ocrx_word' id='word_1_449' title='bbox 1066 4778 1152 4831; x_wconf 88' lang='lat' dir='ltr'><strong>aquas</strong></span> 
     </span>
     <span class='ocr_line' id='line_1_66' title="bbox 352 4820 1152 4894; baseline 0.015 -24"><span class='ocrx_word' id='word_1_450' title='bbox 352 4827 482 4889; x_wconf 84' lang='lat' dir='ltr'><strong>prrratrm</strong></span> <span class='ocrx_word' id='word_1_451' title='bbox 495 4820 588 4873; x_wconf 76' lang='lat' dir='ltr'><strong>trehit.</strong></span> <span class='ocrx_word' id='word_1_452' title='bbox 626 4826 778 4894; x_wconf 88' lang='lat' dir='ltr'><strong>imponitur</strong></span> <span class='ocrx_word' id='word_1_453' title='bbox 794 4836 822 4881; x_wconf 91' lang='lat' dir='ltr'><strong>et</strong></span> <span class='ocrx_word' id='word_1_454' title='bbox 839 4830 1054 4883; x_wconf 89' lang='lat' dir='ltr'><strong>collectionibus</strong></span> <span class='ocrx_word' id='word_1_455' title='bbox 1069 4832 1152 4884; x_wconf 86' lang='lat' dir='ltr'><strong>lacri-</strong></span> 
     </span>
     <span class='ocr_line' id='line_1_67' title="bbox 352 4890 1152 4968; baseline 0.003 -17"><span class='ocrx_word' id='word_1_456' title='bbox 352 4905 407 4951; x_wconf 87' lang='lat' dir='ltr'><strong>nra,</strong></span> <span class='ocrx_word' id='word_1_457' title='bbox 425 4898 454 4941; x_wconf 91' lang='lat' dir='ltr'><strong>et</strong></span> <span class='ocrx_word' id='word_1_458' title='bbox 464 4890 634 4954; x_wconf 87' lang='lat' dir='ltr'><strong>vulneribus,</strong></span> <span class='ocrx_word' id='word_1_459' title='bbox 650 4904 679 4947; x_wconf 90' lang='lat' dir='ltr'><strong>et</strong></span> <span class='ocrx_word' id='word_1_460' title='bbox 688 4899 831 4961; x_wconf 86' lang='lat' dir='ltr'><strong>ambustis,</strong></span> <span class='ocrx_word' id='word_1_461' title='bbox 848 4916 918 4968; x_wconf 86' lang='lat' dir='ltr'><strong>qnae</strong></span> <span class='ocrx_word' id='word_1_462' title='bbox 930 4899 1046 4953; x_wconf 90' lang='lat' dir='ltr'><strong>decocto</strong></span> <span class='ocrx_word' id='word_1_463' title='bbox 1058 4899 1152 4954; x_wconf 80' lang='lat' dir='ltr'><strong>lovere</strong></span> 
     </span>
     <span class='ocr_line' id='line_1_68' title="bbox 353 4958 1153 5033; baseline 0.015 -23"><span class='ocrx_word' id='word_1_464' title='bbox 353 4958 476 5029; x_wconf 84' lang='lat' dir='ltr'><strong>prodest.</strong></span> <span class='ocrx_word' id='word_1_465' title='bbox 512 4958 621 5011; x_wconf 84' lang='lat' dir='ltr'><strong>llunror</strong></span> <span class='ocrx_word' id='word_1_466' title='bbox 631 4963 659 5012; x_wconf 89' lang='lat' dir='ltr'><strong>in</strong></span> <span class='ocrx_word' id='word_1_467' title='bbox 672 4964 806 5018; x_wconf 76' lang='lat' dir='ltr'><strong>folliculis</strong></span> <span class='ocrx_word' id='word_1_468' title='bbox 818 4969 924 5021; x_wconf 89' lang='lat' dir='ltr'><strong>arboris</strong></span> <span class='ocrx_word' id='word_1_469' title='bbox 935 4967 1016 5022; x_wconf 88' lang='lat' dir='ltr'><strong>huius</strong></span> <span class='ocrx_word' id='word_1_470' title='bbox 1028 4984 1153 5033; x_wconf 85' lang='lat' dir='ltr'><strong>nascens,</strong></span> 
     </span>
     <span class='ocr_line' id='line_1_69' title="bbox 354 5026 1152 5108; baseline 0.015 -27"><span class='ocrx_word' id='word_1_471' title='bbox 354 5026 414 5081; x_wconf 86' lang='lat' dir='ltr'><strong>suti</strong></span> <span class='ocrx_word' id='word_1_472' title='bbox 426 5028 544 5079; x_wconf 88' lang='lat' dir='ltr'><strong>nitorem</strong></span> <span class='ocrx_word' id='word_1_473' title='bbox 559 5026 673 5093; x_wconf 82' lang='lat' dir='ltr'><strong>inducit,</strong></span> <span class='ocrx_word' id='word_1_474' title='bbox 693 5032 847 5102; x_wconf 81' lang='lat' dir='ltr'><strong>faciemque</strong></span> <span class='ocrx_word' id='word_1_475' title='bbox 857 5040 1011 5106; x_wconf 84' lang='lat' dir='ltr'><strong>gratiorem</strong></span> <span class='ocrx_word' id='word_1_476' title='bbox 1020 5047 1152 5108; x_wconf 83' lang='lat' dir='ltr'><strong>praestet.</strong></span> 
     </span>
     <span class='ocr_line' id='line_1_70' title="bbox 354 5096 1152 5173; baseline 0.015 -23"><span class='ocrx_word' id='word_1_477' title='bbox 354 5096 518 5150; x_wconf 81' lang='lat' dir='ltr'><strong>Cauliculii</strong></span> <span class='ocrx_word' id='word_1_478' title='bbox 535 5097 637 5149; x_wconf 90' lang='lat' dir='ltr'><strong>liorum</strong></span> <span class='ocrx_word' id='word_1_479' title='bbox 649 5101 740 5166; x_wconf 91' lang='lat' dir='ltr'><strong>primi,</strong></span> <span class='ocrx_word' id='word_1_480' title='bbox 761 5107 823 5158; x_wconf 85' lang='lat' dir='ltr'><strong>vino</strong></span> <span class='ocrx_word' id='word_1_481' title='bbox 835 5106 953 5173; x_wconf 83' lang='lat' dir='ltr'><strong>decocti,</strong></span> <span class='ocrx_word' id='word_1_482' title='bbox 974 5115 1097 5161; x_wconf 75' lang='lat' dir='ltr'><strong>iuniores</strong></span> <span class='ocrx_word' id='word_1_483' title='bbox 1107 5122 1152 5160; x_wconf 83' lang='lat' dir='ltr'><strong>sa·</strong></span> 
     </span>
     <span class='ocr_line' id='line_1_71' title="bbox 353 5171 1154 5245; baseline 0.016 -28"><span class='ocrx_word' id='word_1_484' title='bbox 353 5177 431 5231; x_wconf 90' lang='lat' dir='ltr'><strong>nant,</strong></span> <span class='ocrx_word' id='word_1_485' title='bbox 453 5174 516 5220; x_wconf 78' lang='lat' dir='ltr'><strong>extr</strong></span> <span class='ocrx_word' id='word_1_486' title='bbox 554 5174 658 5233; x_wconf 90' lang='lat' dir='ltr'><strong>untquc</strong></span> <span class='ocrx_word' id='word_1_487' title='bbox 669 5184 718 5235; x_wconf 91' lang='lat' dir='ltr'><strong>per</strong></span> <span class='ocrx_word' id='word_1_488' title='bbox 730 5171 845 5229; x_wconf 75' lang='lat' dir='ltr'><strong>fistulas.</strong></span> <span class='ocrx_word' id='word_1_489' title='bbox 881 5176 957 5229; x_wconf 91' lang='lat' dir='ltr'><strong>ldem</strong></span> <span class='ocrx_word' id='word_1_490' title='bbox 970 5183 1154 5245; x_wconf 83' lang='lat' dir='ltr'><strong>praestantet</strong></span> 
     </span>
     <span class='ocr_line' id='line_1_72' title="bbox 354 5237 1154 5299; baseline 0.015 -13"><span class='ocrx_word' id='word_1_491' title='bbox 354 5238 432 5291; x_wconf 87' lang='lat' dir='ltr'><strong>tiliae</strong></span> <span class='ocrx_word' id='word_1_492' title='bbox 441 5237 565 5290; x_wconf 89' lang='lat' dir='ltr'><strong>corticis.</strong></span> <span class='ocrx_word' id='word_1_493' title='bbox 592 5237 677 5289; x_wconf 86' lang='lat' dir='ltr'><strong>Multi</strong></span> <span class='ocrx_word' id='word_1_494' title='bbox 686 5240 817 5293; x_wconf 85' lang='lat' dir='ltr'><strong>corticem</strong></span> <span class='ocrx_word' id='word_1_495' title='bbox 829 5247 1085 5299; x_wconf 79' lang='lat' dir='ltr'><strong>commanducatum</strong></span> <span class='ocrx_word' id='word_1_496' title='bbox 1096 5247 1154 5298; x_wconf 88' lang='lat' dir='ltr'><strong>rul-</strong></span> 
     </span>
     <span class='ocr_line' id='line_1_73' title="bbox 355 5305 1154 5383; baseline 0.014 -26"><span class='ocrx_word' id='word_1_497' title='bbox 355 5308 466 5359; x_wconf 82' lang='lat' dir='ltr'><strong>netibus</strong></span> <span class='ocrx_word' id='word_1_498' title='bbox 476 5305 653 5359; x_wconf 85' lang='lat' dir='ltr'><strong>utilissimum</strong></span> <span class='ocrx_word' id='word_1_499' title='bbox 667 5314 779 5374; x_wconf 87' lang='lat' dir='ltr'><strong>putant:</strong></span> <span class='ocrx_word' id='word_1_500' title='bbox 799 5310 868 5364; x_wconf 84' lang='lat' dir='ltr'><strong>lolia</strong></span> <span class='ocrx_word' id='word_1_501' title='bbox 879 5316 948 5365; x_wconf 80' lang='lat' dir='ltr'><strong>trita</strong></span> <span class='ocrx_word' id='word_1_502' title='bbox 957 5328 1030 5381; x_wconf 87' lang='lat' dir='ltr'><strong>aqua</strong></span> <span class='ocrx_word' id='word_1_503' title='bbox 1042 5331 1154 5383; x_wconf 85' lang='lat' dir='ltr'><strong>aspersa</strong></span> 
     </span>
     <span class='ocr_line' id='line_1_74' title="bbox 354 5374 1153 5445; baseline 0.016 -21"><span class='ocrx_word' id='word_1_504' title='bbox 354 5374 454 5439; x_wconf 90' lang='lat' dir='ltr'><strong>pedum</strong></span> <span class='ocrx_word' id='word_1_505' title='bbox 467 5377 580 5428; x_wconf 82' lang='lat' dir='ltr'><strong>mmori.</strong></span> <span class='ocrx_word' id='word_1_506' title='bbox 615 5376 1012 5445; x_wconf 85' lang='lat' dir='ltr'><strong>llnmorqnoqueemedulla,</strong></span> <span class='ocrx_word' id='word_1_507' title='bbox 1032 5386 1073 5436; x_wconf 89' lang='lat' dir='ltr'><strong>otl</strong></span> <span class='ocrx_word' id='word_1_508' title='bbox 1085 5386 1153 5437; x_wconf 75' lang='lat' dir='ltr'><strong>dixi·</strong></span> 
     </span>
     <span class='ocr_line' id='line_1_75' title="bbox 354 5447 1152 5522; baseline 0.016 -29"><span class='ocrx_word' id='word_1_509' title='bbox 354 5456 424 5522; x_wconf 80' lang='lat' dir='ltr'><strong>mua,</strong></span> <span class='ocrx_word' id='word_1_510' title='bbox 448 5447 840 5511; x_wconf 82' lang='lat' dir='ltr'><strong>castratassrborlsaillnens,</strong></span> <span class='ocrx_word' id='word_1_511' title='bbox 863 5449 994 5515; x_wconf 86' lang='lat' dir='ltr'><strong>capillum</strong></span> <span class='ocrx_word' id='word_1_512' title='bbox 1008 5453 1100 5507; x_wconf 85' lang='lat' dir='ltr'><strong>reddit</strong></span> <span class='ocrx_word' id='word_1_513' title='bbox 1108 5468 1152 5508; x_wconf 90' lang='lat' dir='ltr'><strong>ca·</strong></span> 
     </span>
     <span class='ocr_line' id='line_1_76' title="bbox 354 5513 873 5588; baseline 0.015 -26"><span class='ocrx_word' id='word_1_514' title='bbox 354 5513 405 5576; x_wconf 84' lang='lat' dir='ltr'><strong>pin</strong></span> <span class='ocrx_word' id='word_1_515' title='bbox 415 5513 512 5579; x_wconf 83' lang='lat' dir='ltr'><strong>illitus,</strong></span> <span class='ocrx_word' id='word_1_516' title='bbox 523 5514 731 5588; x_wconf 83' lang='lat' dir='ltr'><strong>defluentesque</strong></span> <span class='ocrx_word' id='word_1_517' title='bbox 740 5515 873 5572; x_wconf 85' lang='lat' dir='ltr'><strong>continet.</strong></span> 
     </span>
    </p>
   </div>
   <div class='ocr_carea' id='block_1_6' title="bbox 1197 403 2057 2965">
    <p class='ocr_par' dir='ltr' id='par_1_11' title="bbox 1197 403 2002 754">
     <span class='ocr_line' id='line_1_77' title="bbox 1230 403 2001 465; baseline 0.003 -3"><span class='ocrx_word' id='word_1_518' title='bbox 1230 407 1359 462; x_wconf 78' lang='lat' dir='ltr'><strong>XXXIV.</strong></span> <span class='ocrx_word' id='word_1_519' title='bbox 1377 405 1466 457; x_wconf 78' lang='lat' dir='ltr'><strong>Arbor</strong></span> <span class='ocrx_word' id='word_1_520' title='bbox 1486 404 1552 456; x_wconf 90' lang='lat' dir='ltr'><strong>tilia</strong></span> <span class='ocrx_word' id='word_1_521' title='bbox 1567 403 1672 456; x_wconf 89' lang='lat' dir='ltr'><strong>leniter</strong></span> <span class='ocrx_word' id='word_1_522' title='bbox 1687 409 1751 455; x_wconf 86' lang='lat' dir='ltr'><strong>tusa</strong></span> <span class='ocrx_word' id='word_1_523' title='bbox 1770 404 1805 456; x_wconf 87' lang='lat' dir='ltr'><strong>sd</strong></span> <span class='ocrx_word' id='word_1_524' title='bbox 1821 406 1920 460; x_wconf 87' lang='lat' dir='ltr'><strong>endem</strong></span> <span class='ocrx_word' id='word_1_525' title='bbox 1941 410 2001 465; x_wconf 86' lang='lat' dir='ltr'><strong>lere</strong></span> 
     </span>
     <span class='ocr_line' id='line_1_78' title="bbox 1197 470 2002 543; baseline 0.004 -14"><span class='ocrx_word' id='word_1_526' title='bbox 1197 479 1276 530; x_wconf 87' lang='lat' dir='ltr'><strong>stilis</strong></span> <span class='ocrx_word' id='word_1_527' title='bbox 1292 486 1343 540; x_wconf 79' lang='lat' dir='ltr'><strong>esst</strong></span> <span class='ocrx_word' id='word_1_528' title='bbox 1360 484 1445 543; x_wconf 88' lang='lat' dir='ltr'><strong>atque</strong></span> <span class='ocrx_word' id='word_1_529' title='bbox 1466 470 1597 527; x_wconf 86' lang='lat' dir='ltr'><strong>oleaster.</strong></span> <span class='ocrx_word' id='word_1_530' title='bbox 1633 472 1716 524; x_wconf 82' lang='lat' dir='ltr'><strong>Folia</strong></span> <span class='ocrx_word' id='word_1_531' title='bbox 1734 481 1826 526; x_wconf 86' lang='lat' dir='ltr'><strong>sutem</strong></span> <span class='ocrx_word' id='word_1_532' title='bbox 1847 483 1958 531; x_wconf 92' lang='lat' dir='ltr'><strong>tantum</strong></span> <span class='ocrx_word' id='word_1_533' title='bbox 1971 482 2002 533; x_wconf 85' lang='lat' dir='ltr'><strong>in</strong></span> 
     </span>
     <span class='ocr_line' id='line_1_79' title="bbox 1197 540 2001 611; baseline 0.004 -11"><span class='ocrx_word' id='word_1_534' title='bbox 1197 564 1258 611; x_wconf 91' lang='lat' dir='ltr'><strong>usu,</strong></span> <span class='ocrx_word' id='word_1_535' title='bbox 1280 556 1309 600; x_wconf 91' lang='lat' dir='ltr'><strong>et</strong></span> <span class='ocrx_word' id='word_1_536' title='bbox 1321 546 1356 600; x_wconf 90' lang='lat' dir='ltr'><strong>ad</strong></span> <span class='ocrx_word' id='word_1_537' title='bbox 1368 546 1516 598; x_wconf 81' lang='lat' dir='ltr'><strong>infantium</strong></span> <span class='ocrx_word' id='word_1_538' title='bbox 1527 540 1643 595; x_wconf 88' lang='lat' dir='ltr'><strong>hulcers</strong></span> <span class='ocrx_word' id='word_1_539' title='bbox 1652 542 1682 592; x_wconf 90' lang='lat' dir='ltr'><strong>in</strong></span> <span class='ocrx_word' id='word_1_540' title='bbox 1694 556 1743 595; x_wconf 87' lang='lat' dir='ltr'><strong>ore</strong></span> <span class='ocrx_word' id='word_1_541' title='bbox 1754 547 2001 602; x_wconf 83' lang='lat' dir='ltr'><strong>commanducata:</strong></span> 
     </span>
     <span class='ocr_line' id='line_1_80' title="bbox 1199 614 2002 688; baseline 0.002 -18"><span class='ocrx_word' id='word_1_542' title='bbox 1199 616 1433 671; x_wconf 88' lang='lat' dir='ltr'><strong>decoctaurinam</strong></span> <span class='ocrx_word' id='word_1_543' title='bbox 1448 615 1534 667; x_wconf 85' lang='lat' dir='ltr'><strong>cient:</strong></span> <span class='ocrx_word' id='word_1_544' title='bbox 1553 626 1662 666; x_wconf 88' lang='lat' dir='ltr'><strong>menses</strong></span> <span class='ocrx_word' id='word_1_545' title='bbox 1672 614 1774 667; x_wconf 69' lang='lat' dir='ltr'><strong>salunt</strong></span> <span class='ocrx_word' id='word_1_546' title='bbox 1783 615 1872 669; x_wconf 89' lang='lat' dir='ltr'><strong>illita:</strong></span> <span class='ocrx_word' id='word_1_547' title='bbox 1891 620 2002 688; x_wconf 88' lang='lat' dir='ltr'><strong>sangui·</strong></span> 
     </span>
     <span class='ocr_line' id='line_1_81' title="bbox 1198 683 1504 754; baseline -0.02 -13"><span class='ocrx_word' id='word_1_548' title='bbox 1198 702 1261 741; x_wconf 90' lang='lat' dir='ltr'><strong>nem</strong></span> <span class='ocrx_word' id='word_1_549' title='bbox 1272 683 1504 754; x_wconf 84' lang='lat' dir='ltr'><strong>potedetrahunt.</strong></span> 
     </span>
    </p>

    <p class='ocr_par' dir='ltr' id='par_1_12' title="bbox 1198 748 2028 2482">
     <span class='ocr_line' id='line_1_82' title="bbox 1233 748 2002 822; baseline -0.013 -13"><span class='ocrx_word' id='word_1_550' title='bbox 1233 754 1349 810; x_wconf 78' lang='lat' dir='ltr'><strong>XXXV.</strong></span> <span class='ocrx_word' id='word_1_551' title='bbox 1369 754 1520 806; x_wconf 86' lang='lat' dir='ltr'><strong>Sambucua</strong></span> <span class='ocrx_word' id='word_1_552' title='bbox 1531 748 1615 802; x_wconf 88' lang='lat' dir='ltr'><strong>habet</strong></span> <span class='ocrx_word' id='word_1_553' title='bbox 1625 749 1741 800; x_wconf 85' lang='lat' dir='ltr'><strong>alterum</strong></span> <span class='ocrx_word' id='word_1_554' title='bbox 1753 764 1839 818; x_wconf 84' lang='lat' dir='ltr'><strong>genus</strong></span> <span class='ocrx_word' id='word_1_555' title='bbox 1850 755 1942 822; x_wconf 85' lang='lat' dir='ltr'><strong>magis</strong></span> <span class='ocrx_word' id='word_1_556' title='bbox 1953 757 2002 809; x_wconf 72' lang='lat' dir='ltr'><strong>an.</strong></span> 
     </span>
     <span class='ocr_line' id='line_1_83' title="bbox 1198 818 2004 893; baseline -0.01 -15"><span class='ocrx_word' id='word_1_557' title='bbox 1198 832 1306 888; x_wconf 75' lang='lat' dir='ltr'><strong>vestre,</strong></span> <span class='ocrx_word' id='word_1_558' title='bbox 1327 824 1399 890; x_wconf 88' lang='lat' dir='ltr'><strong>quod</strong></span> <span class='ocrx_word' id='word_1_559' title='bbox 1420 821 1522 874; x_wconf 88' lang='lat' dir='ltr'><strong>Graeci</strong></span> <span class='ocrx_word' id='word_1_560' title='bbox 1544 818 1750 884; x_wconf 86' lang='lat' dir='ltr'><strong>chamaeactes,</strong></span> <span class='ocrx_word' id='word_1_561' title='bbox 1770 823 1819 874; x_wconf 91' lang='lat' dir='ltr'><strong>alii</strong></span> <span class='ocrx_word' id='word_1_562' title='bbox 1840 823 1939 893; x_wconf 70' lang='lat' dir='ltr'><strong>helion</strong></span> <span class='ocrx_word' id='word_1_563' title='bbox 1957 841 2004 878; x_wconf 83' lang='lat' dir='ltr'><strong>ro.</strong></span> 
     </span>
     <span class='ocr_line' id='line_1_84' title="bbox 1199 889 2003 959; baseline -0.005 -11"><span class='ocrx_word' id='word_1_564' title='bbox 1199 902 1273 959; x_wconf 89' lang='lat' dir='ltr'><strong>eant,</strong></span> <span class='ocrx_word' id='word_1_565' title='bbox 1295 895 1384 945; x_wconf 93' lang='lat' dir='ltr'><strong>multo</strong></span> <span class='ocrx_word' id='word_1_566' title='bbox 1402 892 1525 944; x_wconf 82' lang='lat' dir='ltr'><strong>brevius.</strong></span> <span class='ocrx_word' id='word_1_567' title='bbox 1562 890 1713 956; x_wconf 81' lang='lat' dir='ltr'><strong>Utriusque</strong></span> <span class='ocrx_word' id='word_1_568' title='bbox 1731 889 1917 946; x_wconf 86' lang='lat' dir='ltr'><strong>decoctumin</strong></span> <span class='ocrx_word' id='word_1_569' title='bbox 1938 895 2003 951; x_wconf 85' lang='lat' dir='ltr'><strong>rino</strong></span> 
     </span>
     <span class='ocr_line' id='line_1_85' title="bbox 1199 958 2003 1029; baseline -0.001 -12"><span class='ocrx_word' id='word_1_570' title='bbox 1199 965 1289 1019; x_wconf 81' lang='lat' dir='ltr'><strong>reteri</strong></span> <span class='ocrx_word' id='word_1_571' title='bbox 1301 962 1441 1023; x_wconf 84' lang='lat' dir='ltr'><strong>loliorum,</strong></span> <span class='ocrx_word' id='word_1_572' title='bbox 1462 960 1507 1012; x_wconf 84' lang='lat' dir='ltr'><strong>rel</strong></span> <span class='ocrx_word' id='word_1_573' title='bbox 1518 960 1639 1021; x_wconf 88' lang='lat' dir='ltr'><strong>seminis,</strong></span> <span class='ocrx_word' id='word_1_574' title='bbox 1648 960 1694 1011; x_wconf 80' lang='lat' dir='ltr'><strong>rel</strong></span> <span class='ocrx_word' id='word_1_575' title='bbox 1704 958 1818 1022; x_wconf 89' lang='lat' dir='ltr'><strong>radicis,</strong></span> <span class='ocrx_word' id='word_1_576' title='bbox 1840 962 1873 1013; x_wconf 89' lang='lat' dir='ltr'><strong>ad</strong></span> <span class='ocrx_word' id='word_1_577' title='bbox 1886 963 2003 1029; x_wconf 78' lang='lat' dir='ltr'><strong>cyathos</strong></span> 
     </span>
     <span class='ocr_line' id='line_1_86' title="bbox 1199 1028 2028 1099; baseline -0.002 -11"><span class='ocrx_word' id='word_1_578' title='bbox 1199 1037 1280 1088; x_wconf 88' lang='lat' dir='ltr'><strong>binos</strong></span> <span class='ocrx_word' id='word_1_579' title='bbox 1296 1038 1402 1099; x_wconf 92' lang='lat' dir='ltr'><strong>potum,</strong></span> <span class='ocrx_word' id='word_1_580' title='bbox 1423 1028 1567 1081; x_wconf 84' lang='lat' dir='ltr'><strong>stomacho</strong></span> <span class='ocrx_word' id='word_1_581' title='bbox 1585 1028 1684 1080; x_wconf 88' lang='lat' dir='ltr'><strong>inutile</strong></span> <span class='ocrx_word' id='word_1_582' title='bbox 1699 1035 1751 1089; x_wconf 90' lang='lat' dir='ltr'><strong>est,</strong></span> <span class='ocrx_word' id='word_1_583' title='bbox 1772 1028 1835 1079; x_wconf 86' lang='lat' dir='ltr'><strong>alro</strong></span> <span class='ocrx_word' id='word_1_584' title='bbox 1853 1031 2002 1086; x_wconf 86' lang='lat' dir='ltr'><strong>detrahens</strong></span> <span class='ocrx_word' id='word_1_585' title='bbox 2023 1058 2028 1067; x_wconf 93' lang='lat'>·</span> 
     </span>
     <span class='ocr_line' id='line_1_87' title="bbox 1200 1097 2003 1172; baseline 0 -16"><span class='ocrx_word' id='word_1_586' title='bbox 1200 1116 1308 1172; x_wconf 86' lang='lat' dir='ltr'><strong>aquam.</strong></span> <span class='ocrx_word' id='word_1_587' title='bbox 1345 1100 1504 1166; x_wconf 76' lang='lat' dir='ltr'><strong>Refrigerat</strong></span> <span class='ocrx_word' id='word_1_588' title='bbox 1516 1098 1601 1150; x_wconf 90' lang='lat' dir='ltr'><strong>etiam</strong></span> <span class='ocrx_word' id='word_1_589' title='bbox 1612 1097 1868 1162; x_wconf 87' lang='lat' dir='ltr'><strong>inflammationem,</strong></span> <span class='ocrx_word' id='word_1_590' title='bbox 1885 1104 2003 1157; x_wconf 84' lang='lat' dir='ltr'><strong>araxime</strong></span> 
     </span>
     <span class='ocr_line' id='line_1_88' title="bbox 1199 1169 2002 1234; baseline -0.005 -8"><span class='ocrx_word' id='word_1_591' title='bbox 1199 1170 1461 1226; x_wconf 86' lang='lat' dir='ltr'><strong>recentiaambusti:</strong></span> <span class='ocrx_word' id='word_1_592' title='bbox 1476 1174 1505 1219; x_wconf 88' lang='lat' dir='ltr'><strong>et</strong></span> <span class='ocrx_word' id='word_1_593' title='bbox 1515 1169 1592 1217; x_wconf 87' lang='lat' dir='ltr'><strong>canis</strong></span> <span class='ocrx_word' id='word_1_594' title='bbox 1604 1181 1724 1217; x_wconf 90' lang='lat' dir='ltr'><strong>morsum</strong></span> <span class='ocrx_word' id='word_1_595' title='bbox 1737 1182 1798 1218; x_wconf 88' lang='lat' dir='ltr'><strong>cum</strong></span> <span class='ocrx_word' id='word_1_596' title='bbox 1812 1170 1925 1234; x_wconf 88' lang='lat' dir='ltr'><strong>polenta</strong></span> <span class='ocrx_word' id='word_1_597' title='bbox 1934 1173 2002 1223; x_wconf 91' lang='lat' dir='ltr'><strong>mol·</strong></span> 
     </span>
     <span class='ocr_line' id='line_1_89' title="bbox 1200 1234 2002 1295; baseline -0.001 -1"><span class='ocrx_word' id='word_1_598' title='bbox 1200 1242 1315 1295; x_wconf 89' lang='lat' dir='ltr'><strong>lissimis</strong></span> <span class='ocrx_word' id='word_1_599' title='bbox 1337 1239 1466 1291; x_wconf 82' lang='lat' dir='ltr'><strong>loliorum</strong></span> <span class='ocrx_word' id='word_1_600' title='bbox 1487 1236 1580 1287; x_wconf 91' lang='lat' dir='ltr'><strong>illitis.</strong></span> <span class='ocrx_word' id='word_1_601' title='bbox 1616 1234 1720 1287; x_wconf 86' lang='lat' dir='ltr'><strong>Saccus</strong></span> <span class='ocrx_word' id='word_1_602' title='bbox 1739 1237 1846 1290; x_wconf 87' lang='lat' dir='ltr'><strong>cerebri</strong></span> <span class='ocrx_word' id='word_1_603' title='bbox 1862 1239 2002 1294; x_wconf 90' lang='lat' dir='ltr'><strong>collectio·</strong></span> 
     </span>
     <span class='ocr_line' id='line_1_90' title="bbox 1200 1305 2001 1377; baseline -0.001 -13"><span class='ocrx_word' id='word_1_604' title='bbox 1200 1329 1258 1375; x_wconf 89' lang='lat' dir='ltr'><strong>nes,</strong></span> <span class='ocrx_word' id='word_1_605' title='bbox 1280 1308 1466 1377; x_wconf 84' lang='lat' dir='ltr'><strong>privatimque</strong></span> <span class='ocrx_word' id='word_1_606' title='bbox 1483 1305 1669 1366; x_wconf 85' lang='lat' dir='ltr'><strong>nrcnrbranae,</strong></span> <span class='ocrx_word' id='word_1_607' title='bbox 1690 1319 1760 1371; x_wconf 89' lang='lat' dir='ltr'><strong>quae</strong></span> <span class='ocrx_word' id='word_1_608' title='bbox 1776 1309 2001 1363; x_wconf 88' lang='lat' dir='ltr'><strong>cireacerebrum</strong></span> 
     </span>
     <span class='ocr_line' id='line_1_91' title="bbox 1201 1374 1999 1445; baseline -0.004 -10"><span class='ocrx_word' id='word_1_609' title='bbox 1201 1389 1253 1445; x_wconf 88' lang='lat' dir='ltr'><strong>est,</strong></span> <span class='ocrx_word' id='word_1_610' title='bbox 1266 1381 1335 1432; x_wconf 90' lang='lat' dir='ltr'><strong>lenit</strong></span> <span class='ocrx_word' id='word_1_611' title='bbox 1345 1378 1461 1430; x_wconf 85' lang='lat' dir='ltr'><strong>infusus.</strong></span> <span class='ocrx_word' id='word_1_612' title='bbox 1498 1375 1575 1426; x_wconf 72' lang='lat' dir='ltr'><strong>sciui</strong></span> <span class='ocrx_word' id='word_1_613' title='bbox 1584 1376 1642 1425; x_wconf 89' lang='lat' dir='ltr'><strong>eius</strong></span> <span class='ocrx_word' id='word_1_614' title='bbox 1653 1374 1832 1440; x_wconf 80' lang='lat' dir='ltr'><strong>infirmiores,</strong></span> <span class='ocrx_word' id='word_1_615' title='bbox 1843 1392 1924 1444; x_wconf 91' lang='lat' dir='ltr'><strong>quam</strong></span> <span class='ocrx_word' id='word_1_616' title='bbox 1935 1381 1999 1432; x_wconf 85' lang='lat' dir='ltr'><strong>reli·</strong></span> 
     </span>
     <span class='ocr_line' id='line_1_92' title="bbox 1201 1443 2001 1518; baseline -0.01 -17"><span class='ocrx_word' id='word_1_617' title='bbox 1201 1466 1264 1518; x_wconf 85' lang='lat' dir='ltr'><strong>qua,</strong></span> <span class='ocrx_word' id='word_1_618' title='bbox 1274 1451 1386 1514; x_wconf 85' lang='lat' dir='ltr'><strong>tingunt</strong></span> <span class='ocrx_word' id='word_1_619' title='bbox 1397 1444 1537 1512; x_wconf 87' lang='lat' dir='ltr'><strong>capillum.</strong></span> <span class='ocrx_word' id='word_1_620' title='bbox 1574 1443 1637 1494; x_wconf 89' lang='lat' dir='ltr'><strong>Poti</strong></span> <span class='ocrx_word' id='word_1_621' title='bbox 1649 1443 1789 1495; x_wconf 87' lang='lat' dir='ltr'><strong>acetabuli</strong></span> <span class='ocrx_word' id='word_1_622' title='bbox 1800 1460 1935 1511; x_wconf 85' lang='lat' dir='ltr'><strong>mensura,</strong></span> <span class='ocrx_word' id='word_1_623' title='bbox 1947 1450 2001 1499; x_wconf 89' lang='lat' dir='ltr'><strong>uri.</strong></span> 
     </span>
     <span class='ocr_line' id='line_1_93' title="bbox 1200 1513 2001 1571; baseline 0.001 -2"><span class='ocrx_word' id='word_1_624' title='bbox 1200 1535 1263 1570; x_wconf 85' lang='lat' dir='ltr'><strong>nam</strong></span> <span class='ocrx_word' id='word_1_625' title='bbox 1276 1522 1394 1568; x_wconf 87' lang='lat' dir='ltr'><strong>moreat.</strong></span> <span class='ocrx_word' id='word_1_626' title='bbox 1432 1514 1575 1566; x_wconf 79' lang='lat' dir='ltr'><strong>Foliorum</strong></span> <span class='ocrx_word' id='word_1_627' title='bbox 1593 1513 1760 1563; x_wconf 90' lang='lat' dir='ltr'><strong>mollissima</strong></span> <span class='ocrx_word' id='word_1_628' title='bbox 1775 1529 1810 1564; x_wconf 87' lang='lat' dir='ltr'><strong>ex</strong></span> <span class='ocrx_word' id='word_1_629' title='bbox 1826 1513 1887 1567; x_wconf 88' lang='lat' dir='ltr'><strong>olen</strong></span> <span class='ocrx_word' id='word_1_630' title='bbox 1904 1524 1933 1568; x_wconf 87' lang='lat' dir='ltr'><strong>et</strong></span> <span class='ocrx_word' id='word_1_631' title='bbox 1943 1518 2001 1571; x_wconf 88' lang='lat' dir='ltr'><strong>sale</strong></span> 
     </span>
     <span class='ocr_line' id='line_1_94' title="bbox 1201 1582 2002 1651; baseline -0.001 -14"><span class='ocrx_word' id='word_1_632' title='bbox 1201 1588 1328 1647; x_wconf 87' lang='lat' dir='ltr'><strong>eduntur,</strong></span> <span class='ocrx_word' id='word_1_633' title='bbox 1349 1585 1384 1635; x_wconf 86' lang='lat' dir='ltr'><strong>ad</strong></span> <span class='ocrx_word' id='word_1_634' title='bbox 1407 1584 1534 1651; x_wconf 88' lang='lat' dir='ltr'><strong>pituitam</strong></span> <span class='ocrx_word' id='word_1_635' title='bbox 1557 1582 1695 1650; x_wconf 87' lang='lat' dir='ltr'><strong>bilemque</strong></span> <span class='ocrx_word' id='word_1_636' title='bbox 1717 1582 1925 1636; x_wconf 82' lang='lat' dir='ltr'><strong>detrahendam.</strong></span> <span class='ocrx_word' id='word_1_637' title='bbox 1960 1586 2002 1638; x_wconf 79' lang='lat' dir='ltr'><strong>As</strong></span> 
     </span>
     <span class='ocr_line' id='line_1_95' title="bbox 1202 1651 2002 1718; baseline 0 -11"><span class='ocrx_word' id='word_1_638' title='bbox 1202 1658 1297 1707; x_wconf 76' lang='lat' dir='ltr'><strong>anania</strong></span> <span class='ocrx_word' id='word_1_639' title='bbox 1308 1655 1454 1714; x_wconf 84' lang='lat' dir='ltr'><strong>efficacior,</strong></span> <span class='ocrx_word' id='word_1_640' title='bbox 1475 1666 1545 1718; x_wconf 89' lang='lat' dir='ltr'><strong>quae</strong></span> <span class='ocrx_word' id='word_1_641' title='bbox 1562 1652 1663 1702; x_wconf 87' lang='lat' dir='ltr'><strong>minor.</strong></span> <span class='ocrx_word' id='word_1_642' title='bbox 1699 1651 1811 1702; x_wconf 80' lang='lat' dir='ltr'><strong>lindicis</strong></span> <span class='ocrx_word' id='word_1_643' title='bbox 1827 1652 1887 1705; x_wconf 87' lang='lat' dir='ltr'><strong>eins</strong></span> <span class='ocrx_word' id='word_1_644' title='bbox 1899 1655 1928 1704; x_wconf 91' lang='lat' dir='ltr'><strong>in</strong></span> <span class='ocrx_word' id='word_1_645' title='bbox 1938 1655 2002 1709; x_wconf 84' lang='lat' dir='ltr'><strong>rino</strong></span> 
     </span>
     <span class='ocr_line' id='line_1_96' title="bbox 1200 1719 2001 1788; baseline 0 -11"><span class='ocrx_word' id='word_1_646' title='bbox 1200 1726 1334 1777; x_wconf 87' lang='lat' dir='ltr'><strong>decoctae</strong></span> <span class='ocrx_word' id='word_1_647' title='bbox 1361 1722 1416 1772; x_wconf 90' lang='lat' dir='ltr'><strong>duo</strong></span> <span class='ocrx_word' id='word_1_648' title='bbox 1431 1719 1526 1788; x_wconf 83' lang='lat' dir='ltr'><strong>cyathi</strong></span> <span class='ocrx_word' id='word_1_649' title='bbox 1548 1720 1618 1785; x_wconf 91' lang='lat' dir='ltr'><strong>poti,</strong></span> <span class='ocrx_word' id='word_1_650' title='bbox 1645 1719 1812 1786; x_wconf 80' lang='lat' dir='ltr'><strong>hydropicos</strong></span> <span class='ocrx_word' id='word_1_651' title='bbox 1828 1722 2001 1777; x_wconf 85' lang='lat' dir='ltr'><strong>exinaniunt:</strong></span> 
     </span>
     <span class='ocr_line' id='line_1_97' title="bbox 1200 1788 2000 1850; baseline -0.003 -3"><span class='ocrx_word' id='word_1_652' title='bbox 1200 1795 1297 1847; x_wconf 78' lang='lat' dir='ltr'><strong>vulsas</strong></span> <span class='ocrx_word' id='word_1_653' title='bbox 1308 1791 1463 1850; x_wconf 92' lang='lat' dir='ltr'><strong>emolliunt,</strong></span> <span class='ocrx_word' id='word_1_654' title='bbox 1474 1788 1524 1839; x_wconf 87' lang='lat' dir='ltr'><strong>has</strong></span> <span class='ocrx_word' id='word_1_655' title='bbox 1535 1797 1563 1839; x_wconf 90' lang='lat' dir='ltr'><strong>et</strong></span> <span class='ocrx_word' id='word_1_656' title='bbox 1577 1788 1709 1839; x_wconf 82' lang='lat' dir='ltr'><strong>loliorum</strong></span> <span class='ocrx_word' id='word_1_657' title='bbox 1722 1788 1865 1841; x_wconf 86' lang='lat' dir='ltr'><strong>decoctum</strong></span> <span class='ocrx_word' id='word_1_658' title='bbox 1878 1794 2000 1846; x_wconf 88' lang='lat' dir='ltr'><strong>insiden-</strong></span> 
     </span>
     <span class='ocr_line' id='line_1_98' title="bbox 1202 1858 2001 1925; baseline -0.003 -8"><span class='ocrx_word' id='word_1_659' title='bbox 1202 1866 1282 1917; x_wconf 91' lang='lat' dir='ltr'><strong>tium.</strong></span> <span class='ocrx_word' id='word_1_660' title='bbox 1319 1861 1418 1913; x_wconf 81' lang='lat' dir='ltr'><strong>Csules</strong></span> <span class='ocrx_word' id='word_1_661' title='bbox 1428 1859 1518 1911; x_wconf 89' lang='lat' dir='ltr'><strong>teneri</strong></span> <span class='ocrx_word' id='word_1_662' title='bbox 1530 1860 1648 1909; x_wconf 88' lang='lat' dir='ltr'><strong>mitioris</strong></span> <span class='ocrx_word' id='word_1_663' title='bbox 1660 1858 1791 1920; x_wconf 87' lang='lat' dir='ltr'><strong>sambuci,</strong></span> <span class='ocrx_word' id='word_1_664' title='bbox 1801 1858 1828 1908; x_wconf 91' lang='lat' dir='ltr'><strong>in</strong></span> <span class='ocrx_word' id='word_1_665' title='bbox 1839 1862 1944 1925; x_wconf 86' lang='lat' dir='ltr'><strong>patinis</strong></span> <span class='ocrx_word' id='word_1_666' title='bbox 1955 1879 2001 1916; x_wconf 92' lang='lat' dir='ltr'><strong>co·</strong></span> 
     </span>
     <span class='ocr_line' id='line_1_99' title="bbox 1202 1926 2002 1996; baseline -0.004 -10"><span class='ocrx_word' id='word_1_667' title='bbox 1202 1932 1352 1996; x_wconf 85' lang='lat' dir='ltr'><strong>cti,alrum</strong></span> <span class='ocrx_word' id='word_1_668' title='bbox 1373 1929 1494 1980; x_wconf 80' lang='lat' dir='ltr'><strong>solvunt.</strong></span> <span class='ocrx_word' id='word_1_669' title='bbox 1530 1927 1675 1978; x_wconf 85' lang='lat' dir='ltr'><strong>Resistunt</strong></span> <span class='ocrx_word' id='word_1_670' title='bbox 1697 1926 1764 1979; x_wconf 84' lang='lat' dir='ltr'><strong>lolia</strong></span> <span class='ocrx_word' id='word_1_671' title='bbox 1784 1936 1812 1979; x_wconf 88' lang='lat' dir='ltr'><strong>et</strong></span> <span class='ocrx_word' id='word_1_672' title='bbox 1833 1932 2002 1996; x_wconf 88' lang='lat' dir='ltr'><strong>serpentium</strong></span> 
     </span>
     <span class='ocr_line' id='line_1_100' title="bbox 1200 1997 2001 2069; baseline -0.001 -13"><span class='ocrx_word' id='word_1_673' title='bbox 1200 2004 1301 2056; x_wconf 90' lang='lat' dir='ltr'><strong>ictibus</strong></span> <span class='ocrx_word' id='word_1_674' title='bbox 1317 2002 1346 2051; x_wconf 91' lang='lat' dir='ltr'><strong>in</strong></span> <span class='ocrx_word' id='word_1_675' title='bbox 1364 2000 1427 2051; x_wconf 86' lang='lat' dir='ltr'><strong>rino</strong></span> <span class='ocrx_word' id='word_1_676' title='bbox 1446 2003 1522 2069; x_wconf 81' lang='lat' dir='ltr'><strong>pots.</strong></span> <span class='ocrx_word' id='word_1_677' title='bbox 1558 1997 1721 2065; x_wconf 89' lang='lat' dir='ltr'><strong>Podagricia</strong></span> <span class='ocrx_word' id='word_1_678' title='bbox 1738 2014 1800 2051; x_wconf 88' lang='lat' dir='ltr'><strong>enm</strong></span> <span class='ocrx_word' id='word_1_679' title='bbox 1815 2014 1881 2051; x_wconf 83' lang='lat' dir='ltr'><strong>sero</strong></span> <span class='ocrx_word' id='word_1_680' title='bbox 1896 1998 2001 2055; x_wconf 90' lang='lat' dir='ltr'><strong>hircino</strong></span> 
     </span>
     <span class='ocr_line' id='line_1_101' title="bbox 1201 2067 2001 2137; baseline -0.003 -13"><span class='ocrx_word' id='word_1_681' title='bbox 1201 2071 1380 2125; x_wconf 78' lang='lat' dir='ltr'><strong>vehementer</strong></span> <span class='ocrx_word' id='word_1_682' title='bbox 1401 2073 1519 2137; x_wconf 88' lang='lat' dir='ltr'><strong>prosunt</strong></span> <span class='ocrx_word' id='word_1_683' title='bbox 1542 2067 1672 2119; x_wconf 89' lang='lat' dir='ltr'><strong>cauliculi</strong></span> <span class='ocrx_word' id='word_1_684' title='bbox 1690 2067 1768 2120; x_wconf 89' lang='lat' dir='ltr'><strong>illiti.</strong></span> <span class='ocrx_word' id='word_1_685' title='bbox 1813 2069 1954 2137; x_wconf 90' lang='lat' dir='ltr'><strong>iidemque</strong></span> <span class='ocrx_word' id='word_1_686' title='bbox 1974 2072 2001 2123; x_wconf 89' lang='lat' dir='ltr'><strong>in</strong></span> 
     </span>
     <span class='ocr_line' id='line_1_102' title="bbox 1202 2137 2000 2211; baseline -0.001 -18"><span class='ocrx_word' id='word_1_687' title='bbox 1202 2157 1274 2211; x_wconf 86' lang='lat' dir='ltr'><strong>aqua</strong></span> <span class='ocrx_word' id='word_1_688' title='bbox 1286 2144 1471 2199; x_wconf 86' lang='lat' dir='ltr'><strong>macerantur,</strong></span> <span class='ocrx_word' id='word_1_689' title='bbox 1482 2143 1514 2187; x_wconf 92' lang='lat' dir='ltr'><strong>ut</strong></span> <span class='ocrx_word' id='word_1_690' title='bbox 1525 2150 1557 2187; x_wconf 89' lang='lat' dir='ltr'><strong>ca</strong></span> <span class='ocrx_word' id='word_1_691' title='bbox 1566 2151 1662 2201; x_wconf 87' lang='lat' dir='ltr'><strong>sparsa</strong></span> <span class='ocrx_word' id='word_1_692' title='bbox 1674 2137 1778 2202; x_wconf 90' lang='lat' dir='ltr'><strong>pulices</strong></span> <span class='ocrx_word' id='word_1_693' title='bbox 1789 2144 1927 2190; x_wconf 89' lang='lat' dir='ltr'><strong>necentur.</strong></span> <span class='ocrx_word' id='word_1_694' title='bbox 1944 2138 2000 2192; x_wconf 87' lang='lat' dir='ltr'><strong>Fo-</strong></span> 
     </span>
     <span class='ocr_line' id='line_1_103' title="bbox 1201 2207 1999 2279; baseline -0.001 -17"><span class='ocrx_word' id='word_1_695' title='bbox 1201 2213 1302 2262; x_wconf 90' lang='lat' dir='ltr'><strong>liorum</strong></span> <span class='ocrx_word' id='word_1_696' title='bbox 1315 2209 1430 2260; x_wconf 88' lang='lat' dir='ltr'><strong>decocto</strong></span> <span class='ocrx_word' id='word_1_697' title='bbox 1440 2207 1464 2257; x_wconf 91' lang='lat' dir='ltr'><strong>si</strong></span> <span class='ocrx_word' id='word_1_698' title='bbox 1474 2207 1553 2257; x_wconf 89' lang='lat' dir='ltr'><strong>locus</strong></span> <span class='ocrx_word' id='word_1_699' title='bbox 1564 2215 1721 2275; x_wconf 84' lang='lat' dir='ltr'><strong>spargatur,</strong></span> <span class='ocrx_word' id='word_1_700' title='bbox 1738 2222 1848 2279; x_wconf 72' lang='lat' dir='ltr'><strong>muscae</strong></span> <span class='ocrx_word' id='word_1_701' title='bbox 1860 2214 1999 2261; x_wconf 87' lang='lat' dir='ltr'><strong>necantur.</strong></span> 
     </span>
     <span class='ocr_line' id='line_1_104' title="bbox 1202 2271 2000 2347; baseline -0.005 -14"><span class='ocrx_word' id='word_1_702' title='bbox 1202 2280 1262 2332; x_wconf 85' lang='lat' dir='ltr'><strong>Bos</strong></span> <span class='ocrx_word' id='word_1_703' title='bbox 1273 2279 1433 2347; x_wconf 87' lang='lat' dir='ltr'><strong>appellatur</strong></span> <span class='ocrx_word' id='word_1_704' title='bbox 1443 2276 1554 2326; x_wconf 85' lang='lat' dir='ltr'><strong>murbtrs</strong></span> <span class='ocrx_word' id='word_1_705' title='bbox 1565 2277 1742 2341; x_wconf 85' lang='lat' dir='ltr'><strong>papularum,</strong></span> <span class='ocrx_word' id='word_1_706' title='bbox 1762 2271 1821 2327; x_wconf 80' lang='lat' dir='ltr'><strong>cum</strong></span> <span class='ocrx_word' id='word_1_707' title='bbox 1833 2276 1931 2328; x_wconf 86' lang='lat' dir='ltr'><strong>rubent</strong></span> <span class='ocrx_word' id='word_1_708' title='bbox 1942 2293 2000 2329; x_wconf 90' lang='lat' dir='ltr'><strong>cur·</strong></span> 
     </span>
     <span class='ocr_line' id='line_1_105' title="bbox 1202 2344 2000 2417; baseline -0.001 -17"><span class='ocrx_word' id='word_1_709' title='bbox 1202 2364 1284 2417; x_wconf 85' lang='lat' dir='ltr'><strong>pora:</strong></span> <span class='ocrx_word' id='word_1_710' title='bbox 1310 2344 1436 2399; x_wconf 86' lang='lat' dir='ltr'><strong>sambuci</strong></span> <span class='ocrx_word' id='word_1_711' title='bbox 1454 2359 1532 2395; x_wconf 90' lang='lat' dir='ltr'><strong>ramo</strong></span> <span class='ocrx_word' id='word_1_712' title='bbox 1552 2345 1725 2395; x_wconf 79' lang='lat' dir='ltr'><strong>verberatur.</strong></span> <span class='ocrx_word' id='word_1_713' title='bbox 1763 2345 1863 2397; x_wconf 84' lang='lat' dir='ltr'><strong>Cortex</strong></span> <span class='ocrx_word' id='word_1_714' title='bbox 1883 2345 2000 2399; x_wconf 85' lang='lat' dir='ltr'><strong>interior</strong></span> 
     </span>
     <span class='ocr_line' id='line_1_106' title="bbox 1201 2412 1802 2482; baseline -0.013 -12"><span class='ocrx_word' id='word_1_715' title='bbox 1201 2419 1294 2479; x_wconf 90' lang='lat' dir='ltr'><strong>tritus,</strong></span> <span class='ocrx_word' id='word_1_716' title='bbox 1305 2433 1339 2471; x_wconf 89' lang='lat' dir='ltr'><strong>ex</strong></span> <span class='ocrx_word' id='word_1_717' title='bbox 1351 2418 1415 2470; x_wconf 88' lang='lat' dir='ltr'><strong>rino</strong></span> <span class='ocrx_word' id='word_1_718' title='bbox 1425 2414 1491 2466; x_wconf 89' lang='lat' dir='ltr'><strong>albo</strong></span> <span class='ocrx_word' id='word_1_719' title='bbox 1502 2419 1596 2482; x_wconf 89' lang='lat' dir='ltr'><strong>potus,</strong></span> <span class='ocrx_word' id='word_1_720' title='bbox 1605 2413 1698 2467; x_wconf 86' lang='lat' dir='ltr'><strong>airum</strong></span> <span class='ocrx_word' id='word_1_721' title='bbox 1710 2412 1802 2463; x_wconf 89' lang='lat' dir='ltr'><strong>solrit.</strong></span> 
     </span>
    </p>

    <p class='ocr_par' dir='ltr' id='par_1_13' title="bbox 1202 2482 2057 2965">
     <span class='ocr_line' id='line_1_107' title="bbox 1236 2482 2001 2551; baseline -0.005 -11"><span class='ocrx_word' id='word_1_722' title='bbox 1236 2482 1363 2541; x_wconf 79' lang='lat' dir='ltr'><strong>xxxvl.</strong></span> <span class='ocrx_word' id='word_1_723' title='bbox 1383 2485 1525 2551; x_wconf 88' lang='lat' dir='ltr'><strong>iuniperus</strong></span> <span class='ocrx_word' id='word_1_724' title='bbox 1536 2482 1581 2534; x_wconf 82' lang='lat' dir='ltr'><strong>tel</strong></span> <span class='ocrx_word' id='word_1_725' title='bbox 1593 2489 1656 2534; x_wconf 86' lang='lat' dir='ltr'><strong>ante</strong></span> <span class='ocrx_word' id='word_1_726' title='bbox 1669 2490 1763 2535; x_wconf 85' lang='lat' dir='ltr'><strong>cetera</strong></span> <span class='ocrx_word' id='word_1_727' title='bbox 1773 2483 1866 2534; x_wconf 89' lang='lat' dir='ltr'><strong>omnia</strong></span> <span class='ocrx_word' id='word_1_728' title='bbox 1876 2484 2001 2537; x_wconf 70' lang='lat' dir='ltr'><strong>usalis-</strong></span> 
     </span>
     <span class='ocr_line' id='line_1_108' title="bbox 1203 2551 2034 2619; baseline -0.007 -9"><span class='ocrx_word' id='word_1_729' title='bbox 1203 2557 1249 2619; x_wconf 89' lang='lat' dir='ltr'><strong>eit,</strong></span> <span class='ocrx_word' id='word_1_730' title='bbox 1261 2562 1400 2617; x_wconf 83' lang='lat' dir='ltr'><strong>extenuat,</strong></span> <span class='ocrx_word' id='word_1_731' title='bbox 1421 2552 1505 2609; x_wconf 84' lang='lat' dir='ltr'><strong>cedro</strong></span> <span class='ocrx_word' id='word_1_732' title='bbox 1523 2551 1665 2604; x_wconf 88' lang='lat' dir='ltr'><strong>assimilis.</strong></span> <span class='ocrx_word' id='word_1_733' title='bbox 1701 2552 1738 2603; x_wconf 82' lang='lat' dir='ltr'><strong>Et</strong></span> <span class='ocrx_word' id='word_1_734' title='bbox 1751 2552 1810 2603; x_wconf 88' lang='lat' dir='ltr'><strong>eius</strong></span> <span class='ocrx_word' id='word_1_735' title='bbox 1820 2551 1874 2617; x_wconf 84' lang='lat' dir='ltr'><strong>dpo</strong></span> <span class='ocrx_word' id='word_1_736' title='bbox 1887 2565 2034 2619; x_wconf 70' lang='lat' dir='ltr'><strong>generas-t</strong></span> 
     </span>
     <span class='ocr_line' id='line_1_109' title="bbox 1202 2620 2002 2689; baseline -0.009 -10"><span class='ocrx_word' id='word_1_737' title='bbox 1202 2627 1292 2679; x_wconf 87' lang='lat' dir='ltr'><strong>altera</strong></span> <span class='ocrx_word' id='word_1_738' title='bbox 1306 2626 1412 2686; x_wconf 89' lang='lat' dir='ltr'><strong>maior,</strong></span> <span class='ocrx_word' id='word_1_739' title='bbox 1433 2623 1525 2675; x_wconf 86' lang='lat' dir='ltr'><strong>altera</strong></span> <span class='ocrx_word' id='word_1_740' title='bbox 1541 2620 1641 2672; x_wconf 86' lang='lat' dir='ltr'><strong>nrlnor.</strong></span> <span class='ocrx_word' id='word_1_741' title='bbox 1675 2621 1801 2689; x_wconf 88' lang='lat' dir='ltr'><strong>Utraque</strong></span> <span class='ocrx_word' id='word_1_742' title='bbox 1815 2637 1929 2673; x_wconf 89' lang='lat' dir='ltr'><strong>aceensa</strong></span> <span class='ocrx_word' id='word_1_743' title='bbox 1941 2637 2002 2673; x_wconf 88' lang='lat' dir='ltr'><strong>aer·</strong></span> 
     </span>
     <span class='ocr_line' id='line_1_110' title="bbox 1204 2688 2057 2763; baseline -0.006 -15"><span class='ocrx_word' id='word_1_744' title='bbox 1204 2690 1300 2763; x_wconf 80' lang='lat' dir='ltr'><strong>pentes</strong></span> <span class='ocrx_word' id='word_1_745' title='bbox 1321 2695 1411 2762; x_wconf 81' lang='lat' dir='ltr'><strong>fugat.</strong></span> <span class='ocrx_word' id='word_1_746' title='bbox 1447 2692 1547 2744; x_wconf 75' lang='lat' dir='ltr'><strong>Sennea</strong></span> <span class='ocrx_word' id='word_1_747' title='bbox 1568 2688 1725 2752; x_wconf 89' lang='lat' dir='ltr'><strong>stomachi,</strong></span> <span class='ocrx_word' id='word_1_748' title='bbox 1747 2691 1884 2757; x_wconf 87' lang='lat' dir='ltr'><strong>pectoris,</strong></span> <span class='ocrx_word' id='word_1_749' title='bbox 1906 2691 2002 2743; x_wconf 87' lang='lat' dir='ltr'><strong>lateris</strong></span> <span class='ocrx_word' id='word_1_750' title='bbox 2053 2701 2057 2708; x_wconf 88' lang='lat'><em>&#39;</em></span> 
     </span>
     <span class='ocr_line' id='line_1_111' title="bbox 1203 2759 2000 2827; baseline -0.006 -11"><span class='ocrx_word' id='word_1_751' title='bbox 1203 2764 1346 2817; x_wconf 87' lang='lat' dir='ltr'><strong>doloribus</strong></span> <span class='ocrx_word' id='word_1_752' title='bbox 1366 2762 1445 2815; x_wconf 88' lang='lat' dir='ltr'><strong>utile.</strong></span> <span class='ocrx_word' id='word_1_753' title='bbox 1499 2760 1661 2812; x_wconf 87' lang='lat' dir='ltr'><strong>lallationes</strong></span> <span class='ocrx_word' id='word_1_754' title='bbox 1683 2759 1850 2827; x_wconf 89' lang='lat' dir='ltr'><strong>algoresque</strong></span> <span class='ocrx_word' id='word_1_755' title='bbox 1871 2760 2000 2811; x_wconf 87' lang='lat' dir='ltr'><strong>discutit·</strong></span> 
     </span>
     <span class='ocr_line' id='line_1_112' title="bbox 1203 2830 2001 2900; baseline -0.009 -14"><span class='ocrx_word' id='word_1_756' title='bbox 1203 2843 1292 2886; x_wconf 86' lang='lat' dir='ltr'><strong>tusses</strong></span> <span class='ocrx_word' id='word_1_757' title='bbox 1303 2833 1451 2900; x_wconf 89' lang='lat' dir='ltr'><strong>concoquit</strong></span> <span class='ocrx_word' id='word_1_758' title='bbox 1463 2837 1491 2883; x_wconf 90' lang='lat' dir='ltr'><strong>et</strong></span> <span class='ocrx_word' id='word_1_759' title='bbox 1503 2831 1631 2881; x_wconf 88' lang='lat' dir='ltr'><strong>duritias.</strong></span> <span class='ocrx_word' id='word_1_760' title='bbox 1668 2830 1771 2880; x_wconf 90' lang='lat' dir='ltr'><strong>illitum</strong></span> <span class='ocrx_word' id='word_1_761' title='bbox 1777 2837 1902 2881; x_wconf 88' lang='lat' dir='ltr'><strong>tumores</strong></span> <span class='ocrx_word' id='word_1_762' title='bbox 1912 2830 2001 2880; x_wconf 88' lang='lat' dir='ltr'><strong>sistit:</strong></span> 
     </span>
     <span class='ocr_line' id='line_1_113' title="bbox 1202 2898 2003 2965; baseline -0.009 -9"><span class='ocrx_word' id='word_1_763' title='bbox 1202 2906 1269 2957; x_wconf 89' lang='lat' dir='ltr'><strong>item</strong></span> <span class='ocrx_word' id='word_1_764' title='bbox 1282 2902 1384 2965; x_wconf 75' lang='lat' dir='ltr'><strong>altam,</strong></span> <span class='ocrx_word' id='word_1_765' title='bbox 1395 2904 1487 2954; x_wconf 85' lang='lat' dir='ltr'><strong>baccis</strong></span> <span class='ocrx_word' id='word_1_766' title='bbox 1500 2914 1532 2951; x_wconf 84' lang='lat' dir='ltr'><strong>ex</strong></span> <span class='ocrx_word' id='word_1_767' title='bbox 1545 2899 1608 2950; x_wconf 85' lang='lat' dir='ltr'><strong>rino</strong></span> <span class='ocrx_word' id='word_1_768' title='bbox 1620 2898 1698 2965; x_wconf 83' lang='lat' dir='ltr'><strong>nigro</strong></span> <span class='ocrx_word' id='word_1_769' title='bbox 1708 2898 1799 2963; x_wconf 79' lang='lat' dir='ltr'><strong>potiar</strong></span> <span class='ocrx_word' id='word_1_770' title='bbox 1818 2898 1885 2948; x_wconf 87' lang='lat' dir='ltr'><strong>item</strong></span> <span class='ocrx_word' id='word_1_771' title='bbox 1899 2901 2003 2949; x_wconf 78' lang='lat' dir='ltr'><strong>centris</strong></span> 
     </span>
    </p>
   </div>
   <div class='ocr_carea' id='block_1_7' title="bbox 1191 2964 2004 3037">
    <p class='ocr_par' dir='ltr' id='par_1_14' title="bbox 1191 2964 2004 3037">
     <span class='ocr_line' id='line_1_114' title="bbox 1191 2964 2004 3037; baseline -0.01 -11"><span class='ocrx_word' id='word_1_772' title='bbox 1191 2982 1326 3037; x_wconf 55' lang='lat' dir='ltr'><strong>‚tunrores</strong></span> <span class='ocrx_word' id='word_1_773' title='bbox 1355 2970 1448 3022; x_wconf 88' lang='lat' dir='ltr'><strong>illitis.</strong></span> <span class='ocrx_word' id='word_1_774' title='bbox 1484 2970 1621 3021; x_wconf 86' lang='lat' dir='ltr'><strong>Miscetur</strong></span> <span class='ocrx_word' id='word_1_775' title='bbox 1647 2973 1675 3018; x_wconf 90' lang='lat' dir='ltr'><strong>et</strong></span> <span class='ocrx_word' id='word_1_776' title='bbox 1700 2964 1833 3015; x_wconf 85' lang='lat' dir='ltr'><strong>antidotis</strong></span> <span class='ocrx_word' id='word_1_777' title='bbox 1860 2969 2004 3034; x_wconf 80' lang='lat' dir='ltr'><strong>oxyporis.</strong></span> 
     </span>
    </p>
   </div>
   <div class='ocr_carea' id='block_1_8' title="bbox 1203 3031 2022 4765">
    <p class='ocr_par' dir='ltr' id='par_1_15' title="bbox 1203 3031 2022 3380">
     <span class='ocr_line' id='line_1_115' title="bbox 1203 3031 2005 3100; baseline -0.012 -5"><span class='ocrx_word' id='word_1_778' title='bbox 1203 3043 1302 3095; x_wconf 83' lang='lat' dir='ltr'><strong>Urinas</strong></span> <span class='ocrx_word' id='word_1_779' title='bbox 1315 3043 1378 3093; x_wconf 87' lang='lat' dir='ltr'><strong>ciet.</strong></span> <span class='ocrx_word' id='word_1_780' title='bbox 1413 3039 1535 3090; x_wconf 91' lang='lat' dir='ltr'><strong>illinitur</strong></span> <span class='ocrx_word' id='word_1_781' title='bbox 1545 3044 1574 3089; x_wconf 90' lang='lat' dir='ltr'><strong>et</strong></span> <span class='ocrx_word' id='word_1_782' title='bbox 1584 3034 1671 3087; x_wconf 88' lang='lat' dir='ltr'><strong>oculis</strong></span> <span class='ocrx_word' id='word_1_783' title='bbox 1683 3034 1712 3085; x_wconf 87' lang='lat' dir='ltr'><strong>in</strong></span> <span class='ocrx_word' id='word_1_784' title='bbox 1724 3031 1873 3100; x_wconf 87' lang='lat' dir='ltr'><strong>epiphoris.</strong></span> <span class='ocrx_word' id='word_1_785' title='bbox 1912 3037 2005 3089; x_wconf 84' lang='lat' dir='ltr'><strong>Datur</strong></span> 
     </span>
     <span class='ocr_line' id='line_1_116' title="bbox 1204 3099 2003 3173; baseline -0.006 -11"><span class='ocrx_word' id='word_1_786' title='bbox 1204 3111 1352 3172; x_wconf 73' lang='lat' dir='ltr'><strong>convulsis,</strong></span> <span class='ocrx_word' id='word_1_787' title='bbox 1363 3110 1462 3173; x_wconf 89' lang='lat' dir='ltr'><strong>ruptis,</strong></span> <span class='ocrx_word' id='word_1_788' title='bbox 1475 3105 1645 3165; x_wconf 83' lang='lat' dir='ltr'><strong>tornrinibus‚</strong></span> <span class='ocrx_word' id='word_1_789' title='bbox 1657 3102 1755 3165; x_wconf 86' lang='lat' dir='ltr'><strong>rulris,</strong></span> <span class='ocrx_word' id='word_1_790' title='bbox 1767 3099 1927 3154; x_wconf 87' lang='lat' dir='ltr'><strong>ischiadicis</strong></span> <span class='ocrx_word' id='word_1_791' title='bbox 1941 3120 2003 3157; x_wconf 89' lang='lat' dir='ltr'><strong>curn</strong></span> 
     </span>
     <span class='ocr_line' id='line_1_117' title="bbox 1204 3172 2022 3243; baseline -0.004 -16"><span class='ocrx_word' id='word_1_792' title='bbox 1204 3179 1266 3230; x_wconf 77' lang='lat' dir='ltr'><strong>rino</strong></span> <span class='ocrx_word' id='word_1_793' title='bbox 1283 3177 1347 3229; x_wconf 90' lang='lat' dir='ltr'><strong>albo</strong></span> <span class='ocrx_word' id='word_1_794' title='bbox 1363 3183 1459 3243; x_wconf 91' lang='lat' dir='ltr'><strong>potum</strong></span> <span class='ocrx_word' id='word_1_795' title='bbox 1476 3174 1569 3242; x_wconf 91' lang='lat' dir='ltr'><strong>pilulis</strong></span> <span class='ocrx_word' id='word_1_796' title='bbox 1586 3172 1738 3238; x_wconf 88' lang='lat' dir='ltr'><strong>quaternis,</strong></span> <span class='ocrx_word' id='word_1_797' title='bbox 1760 3177 1809 3224; x_wconf 91' lang='lat' dir='ltr'><strong>aut</strong></span> <span class='ocrx_word' id='word_1_798' title='bbox 1826 3173 1948 3224; x_wconf 86' lang='lat' dir='ltr'><strong>decoctis</strong></span> <span class='ocrx_word' id='word_1_799' title='bbox 1964 3175 2022 3237; x_wconf 15' lang='lat' dir='ltr'><strong>nri-g</strong></span> 
     </span>
     <span class='ocr_line' id='line_1_118' title="bbox 1203 3244 2003 3315; baseline -0.004 -17"><span class='ocrx_word' id='word_1_800' title='bbox 1203 3247 1275 3315; x_wconf 88' lang='lat' dir='ltr'><strong>ginti</strong></span> <span class='ocrx_word' id='word_1_801' title='bbox 1286 3247 1314 3297; x_wconf 93' lang='lat' dir='ltr'><strong>in</strong></span> <span class='ocrx_word' id='word_1_802' title='bbox 1327 3246 1398 3297; x_wconf 81' lang='lat' dir='ltr'><strong>rino</strong></span> <span class='ocrx_word' id='word_1_803' title='bbox 1436 3246 1506 3297; x_wconf 86' lang='lat' dir='ltr'><strong>Sunt</strong></span> <span class='ocrx_word' id='word_1_804' title='bbox 1516 3244 1561 3310; x_wconf 92' lang='lat' dir='ltr'><strong>qui</strong></span> <span class='ocrx_word' id='word_1_805' title='bbox 1582 3251 1609 3293; x_wconf 89' lang='lat' dir='ltr'><strong>et</strong></span> <span class='ocrx_word' id='word_1_806' title='bbox 1620 3249 1775 3308; x_wconf 84' lang='lat' dir='ltr'><strong>perungant</strong></span> <span class='ocrx_word' id='word_1_807' title='bbox 1786 3255 1886 3309; x_wconf 87' lang='lat' dir='ltr'><strong>corpus</strong></span> <span class='ocrx_word' id='word_1_808' title='bbox 1898 3259 1913 3295; x_wconf 88' lang='lat' dir='ltr'><strong>e</strong></span> <span class='ocrx_word' id='word_1_809' title='bbox 1924 3244 2003 3296; x_wconf 84' lang='lat' dir='ltr'><strong>sensi·</strong></span> 
     </span>
     <span class='ocr_line' id='line_1_119' title="bbox 1204 3315 1633 3380; baseline -0.016 -12"><span class='ocrx_word' id='word_1_810' title='bbox 1204 3330 1238 3369; x_wconf 91' lang='lat' dir='ltr'><strong>ne</strong></span> <span class='ocrx_word' id='word_1_811' title='bbox 1249 3316 1309 3368; x_wconf 90' lang='lat' dir='ltr'><strong>cius</strong></span> <span class='ocrx_word' id='word_1_812' title='bbox 1321 3316 1348 3366; x_wconf 94' lang='lat' dir='ltr'><strong>in</strong></span> <span class='ocrx_word' id='word_1_813' title='bbox 1365 3315 1535 3380; x_wconf 89' lang='lat' dir='ltr'><strong>serpentium</strong></span> <span class='ocrx_word' id='word_1_814' title='bbox 1549 3317 1633 3362; x_wconf 89' lang='lat' dir='ltr'><strong>metu.</strong></span> 
     </span>
    </p>

    <p class='ocr_par' dir='ltr' id='par_1_16' title="bbox 1203 3378 2006 4765">
     <span class='ocr_line' id='line_1_120' title="bbox 1237 3378 2004 3436; baseline -0.007 0"><span class='ocrx_word' id='word_1_815' title='bbox 1237 3384 1379 3436; x_wconf 82' lang='lat' dir='ltr'><strong>xxxvii.</strong></span> <span class='ocrx_word' id='word_1_816' title='bbox 1398 3384 1497 3436; x_wconf 80' lang='lat' dir='ltr'><strong>Selleis</strong></span> <span class='ocrx_word' id='word_1_817' title='bbox 1507 3382 1616 3432; x_wconf 79' lang='lat' dir='ltr'><strong>fructus</strong></span> <span class='ocrx_word' id='word_1_818' title='bbox 1626 3384 1690 3431; x_wconf 89' lang='lat' dir='ltr'><strong>ante</strong></span> <span class='ocrx_word' id='word_1_819' title='bbox 1702 3379 1892 3431; x_wconf 88' lang='lat' dir='ltr'><strong>maturitatem</strong></span> <span class='ocrx_word' id='word_1_820' title='bbox 1902 3378 1932 3428; x_wconf 90' lang='lat' dir='ltr'><strong>in</strong></span> <span class='ocrx_word' id='word_1_821' title='bbox 1943 3392 2004 3431; x_wconf 89' lang='lat' dir='ltr'><strong>sra-</strong></span> 
     </span>
     <span class='ocr_line' id='line_1_121' title="bbox 1204 3447 2004 3519; baseline -0.01 -13"><span class='ocrx_word' id='word_1_822' title='bbox 1204 3468 1284 3506; x_wconf 88' lang='lat' dir='ltr'><strong>neam</strong></span> <span class='ocrx_word' id='word_1_823' title='bbox 1297 3452 1369 3504; x_wconf 87' lang='lat' dir='ltr'><strong>abit:</strong></span> <span class='ocrx_word' id='word_1_824' title='bbox 1388 3454 1436 3505; x_wconf 88' lang='lat' dir='ltr'><strong>scd</strong></span> <span class='ocrx_word' id='word_1_825' title='bbox 1453 3453 1477 3503; x_wconf 89' lang='lat' dir='ltr'><strong>si</strong></span> <span class='ocrx_word' id='word_1_826' title='bbox 1493 3452 1570 3519; x_wconf 86' lang='lat' dir='ltr'><strong>prius</strong></span> <span class='ocrx_word' id='word_1_827' title='bbox 1588 3449 1745 3515; x_wconf 85' lang='lat' dir='ltr'><strong>colligatur,</strong></span> <span class='ocrx_word' id='word_1_828' title='bbox 1766 3450 1929 3515; x_wconf 87' lang='lat' dir='ltr'><strong>sanguinem</strong></span> <span class='ocrx_word' id='word_1_829' title='bbox 1940 3447 2004 3499; x_wconf 91' lang='lat' dir='ltr'><strong>reii-</strong></span> 
     </span>
     <span class='ocr_line' id='line_1_122' title="bbox 1204 3514 2003 3588; baseline -0.011 -14"><span class='ocrx_word' id='word_1_830' title='bbox 1204 3522 1339 3575; x_wconf 89' lang='lat' dir='ltr'><strong>eientibus</strong></span> <span class='ocrx_word' id='word_1_831' title='bbox 1360 3522 1484 3588; x_wconf 85' lang='lat' dir='ltr'><strong>prodest.</strong></span> <span class='ocrx_word' id='word_1_832' title='bbox 1530 3520 1650 3570; x_wconf 79' lang='lat' dir='ltr'><strong>corticis</strong></span> <span class='ocrx_word' id='word_1_833' title='bbox 1671 3534 1686 3570; x_wconf 91' lang='lat' dir='ltr'><strong>e</strong></span> <span class='ocrx_word' id='word_1_834' title='bbox 1708 3517 1790 3569; x_wconf 77' lang='lat' dir='ltr'><strong>rantis</strong></span> <span class='ocrx_word' id='word_1_835' title='bbox 1810 3516 1904 3584; x_wconf 91' lang='lat' dir='ltr'><strong>primis</strong></span> <span class='ocrx_word' id='word_1_836' title='bbox 1924 3514 2003 3579; x_wconf 88' lang='lat' dir='ltr'><strong>cinis,</strong></span> 
     </span>
     <span class='ocr_line' id='line_1_123' title="bbox 1206 3585 2001 3655; baseline -0.009 -12"><span class='ocrx_word' id='word_1_837' title='bbox 1206 3592 1314 3643; x_wconf 81' lang='lat' dir='ltr'><strong>clavum</strong></span> <span class='ocrx_word' id='word_1_838' title='bbox 1328 3598 1356 3645; x_wconf 92' lang='lat' dir='ltr'><strong>et</strong></span> <span class='ocrx_word' id='word_1_839' title='bbox 1367 3590 1468 3642; x_wconf 88' lang='lat' dir='ltr'><strong>callum</strong></span> <span class='ocrx_word' id='word_1_840' title='bbox 1484 3602 1555 3655; x_wconf 89' lang='lat' dir='ltr'><strong>aqua</strong></span> <span class='ocrx_word' id='word_1_841' title='bbox 1571 3589 1660 3639; x_wconf 82' lang='lat' dir='ltr'><strong>mixta</strong></span> <span class='ocrx_word' id='word_1_842' title='bbox 1677 3594 1763 3638; x_wconf 88' lang='lat' dir='ltr'><strong>sanat.</strong></span> <span class='ocrx_word' id='word_1_843' title='bbox 1799 3586 1875 3638; x_wconf 82' lang='lat' dir='ltr'><strong>Vitia</strong></span> <span class='ocrx_word' id='word_1_844' title='bbox 1885 3587 1956 3636; x_wconf 85' lang='lat' dir='ltr'><strong>catis</strong></span> <span class='ocrx_word' id='word_1_845' title='bbox 1973 3585 2001 3637; x_wconf 93' lang='lat' dir='ltr'><strong>ln</strong></span> 
     </span>
     <span class='ocr_line' id='line_1_124' title="bbox 1206 3653 2003 3725; baseline -0.01 -14"><span class='ocrx_word' id='word_1_846' title='bbox 1206 3660 1277 3713; x_wconf 85' lang='lat' dir='ltr'><strong>laete</strong></span> <span class='ocrx_word' id='word_1_847' title='bbox 1298 3660 1436 3722; x_wconf 84' lang='lat' dir='ltr'><strong>enrendat,</strong></span> <span class='ocrx_word' id='word_1_848' title='bbox 1456 3660 1546 3725; x_wconf 88' lang='lat' dir='ltr'><strong>magis</strong></span> <span class='ocrx_word' id='word_1_849' title='bbox 1561 3657 1685 3708; x_wconf 84' lang='lat' dir='ltr'><strong>adrrrirtn</strong></span> <span class='ocrx_word' id='word_1_850' title='bbox 1701 3670 1784 3708; x_wconf 91' lang='lat' dir='ltr'><strong>succo</strong></span> <span class='ocrx_word' id='word_1_851' title='bbox 1798 3671 1857 3707; x_wconf 88' lang='lat' dir='ltr'><strong>sno.</strong></span> <span class='ocrx_word' id='word_1_852' title='bbox 1894 3653 1943 3704; x_wconf 86' lang='lat' dir='ltr'><strong>Est</strong></span> <span class='ocrx_word' id='word_1_853' title='bbox 1956 3668 2003 3704; x_wconf 89' lang='lat' dir='ltr'><strong>au-</strong></span> 
     </span>
     <span class='ocr_line' id='line_1_125' title="bbox 1205 3722 2003 3793; baseline -0.008 -12"><span class='ocrx_word' id='word_1_854' title='bbox 1205 3737 1262 3782; x_wconf 87' lang='lat' dir='ltr'><strong>tem</strong></span> <span class='ocrx_word' id='word_1_855' title='bbox 1273 3728 1320 3779; x_wconf 90' lang='lat' dir='ltr'><strong>hic</strong></span> <span class='ocrx_word' id='word_1_856' title='bbox 1334 3730 1416 3780; x_wconf 85' lang='lat' dir='ltr'><strong>trium</strong></span> <span class='ocrx_word' id='word_1_857' title='bbox 1436 3741 1576 3793; x_wconf 79' lang='lat' dir='ltr'><strong>generum.</strong></span> <span class='ocrx_word' id='word_1_858' title='bbox 1613 3726 1701 3776; x_wconf 89' lang='lat' dir='ltr'><strong>Unum</strong></span> <span class='ocrx_word' id='word_1_859' title='bbox 1718 3728 1801 3776; x_wconf 88' lang='lat' dir='ltr'><strong>arbor</strong></span> <span class='ocrx_word' id='word_1_860' title='bbox 1817 3726 1877 3791; x_wconf 88' lang='lat' dir='ltr'><strong>ipsa</strong></span> <span class='ocrx_word' id='word_1_861' title='bbox 1888 3722 2003 3776; x_wconf 87' lang='lat' dir='ltr'><strong>exsudat</strong></span> 
     </span>
     <span class='ocr_line' id='line_1_126' title="bbox 1204 3792 2001 3866; baseline -0.009 -17"><span class='ocrx_word' id='word_1_862' title='bbox 1204 3798 1354 3866; x_wconf 88' lang='lat' dir='ltr'><strong>gummium</strong></span> <span class='ocrx_word' id='word_1_863' title='bbox 1368 3796 1459 3847; x_wconf 89' lang='lat' dir='ltr'><strong>modo.</strong></span> <span class='ocrx_word' id='word_1_864' title='bbox 1495 3795 1619 3846; x_wconf 76' lang='lat' dir='ltr'><strong>Alterum</strong></span> <span class='ocrx_word' id='word_1_865' title='bbox 1633 3800 1726 3844; x_wconf 83' lang='lat' dir='ltr'><strong>nranat</strong></span> <span class='ocrx_word' id='word_1_866' title='bbox 1738 3795 1765 3843; x_wconf 93' lang='lat' dir='ltr'><strong>in</strong></span> <span class='ocrx_word' id='word_1_867' title='bbox 1777 3794 1867 3861; x_wconf 84' lang='lat' dir='ltr'><strong>plaga,</strong></span> <span class='ocrx_word' id='word_1_868' title='bbox 1879 3806 1938 3842; x_wconf 92' lang='lat' dir='ltr'><strong>cnm</strong></span> <span class='ocrx_word' id='word_1_869' title='bbox 1951 3792 2001 3843; x_wconf 89' lang='lat' dir='ltr'><strong>llo·</strong></span> 
     </span>
     <span class='ocr_line' id='line_1_127' title="bbox 1203 3860 2002 3931; baseline -0.013 -12"><span class='ocrx_word' id='word_1_870' title='bbox 1203 3872 1262 3931; x_wconf 85' lang='lat' dir='ltr'><strong>ret,</strong></span> <span class='ocrx_word' id='word_1_871' title='bbox 1284 3866 1378 3919; x_wconf 87' lang='lat' dir='ltr'><strong>exciso</strong></span> <span class='ocrx_word' id='word_1_872' title='bbox 1398 3864 1503 3916; x_wconf 89' lang='lat' dir='ltr'><strong>cortice</strong></span> <span class='ocrx_word' id='word_1_873' title='bbox 1523 3864 1607 3916; x_wconf 89' lang='lat' dir='ltr'><strong>trium</strong></span> <span class='ocrx_word' id='word_1_874' title='bbox 1629 3863 1779 3929; x_wconf 85' lang='lat' dir='ltr'><strong>digitorum</strong></span> <span class='ocrx_word' id='word_1_875' title='bbox 1807 3860 2002 3927; x_wconf 82' lang='lat' dir='ltr'><strong>magnitudine.</strong></span> 
     </span>
     <span class='ocr_line' id='line_1_128' title="bbox 1204 3928 2003 4003; baseline -0.01 -14"><span class='ocrx_word' id='word_1_876' title='bbox 1204 3938 1261 3989; x_wconf 86' lang='lat' dir='ltr'><strong>Hic</strong></span> <span class='ocrx_word' id='word_1_877' title='bbox 1275 3937 1309 3988; x_wconf 90' lang='lat' dir='ltr'><strong>sd</strong></span> <span class='ocrx_word' id='word_1_878' title='bbox 1327 3933 1516 4003; x_wconf 83' lang='lat' dir='ltr'><strong>expurganda,</strong></span> <span class='ocrx_word' id='word_1_879' title='bbox 1536 3947 1607 4001; x_wconf 87' lang='lat' dir='ltr'><strong>quae</strong></span> <span class='ocrx_word' id='word_1_880' title='bbox 1627 3933 1740 3983; x_wconf 88' lang='lat' dir='ltr'><strong>obstent</strong></span> <span class='ocrx_word' id='word_1_881' title='bbox 1762 3932 1862 3983; x_wconf 86' lang='lat' dir='ltr'><strong>oculis:</strong></span> <span class='ocrx_word' id='word_1_882' title='bbox 1882 3932 1945 3982; x_wconf 86' lang='lat' dir='ltr'><strong>item</strong></span> <span class='ocrx_word' id='word_1_883' title='bbox 1968 3928 2003 3981; x_wconf 83' lang='lat' dir='ltr'><strong>ad</strong></span> 
     </span>
     <span class='ocr_line' id='line_1_129' title="bbox 1203 3996 2002 4075; baseline -0.015 -16"><span class='ocrx_word' id='word_1_884' title='bbox 1203 4006 1350 4075; x_wconf 84' lang='lat' dir='ltr'><strong>spissanda</strong></span> <span class='ocrx_word' id='word_1_885' title='bbox 1361 4020 1428 4073; x_wconf 90' lang='lat' dir='ltr'><strong>quae</strong></span> <span class='ocrx_word' id='word_1_886' title='bbox 1438 4018 1508 4071; x_wconf 89' lang='lat' dir='ltr'><strong>opus</strong></span> <span class='ocrx_word' id='word_1_887' title='bbox 1518 4008 1591 4065; x_wconf 89' lang='lat' dir='ltr'><strong>sunt,</strong></span> <span class='ocrx_word' id='word_1_888' title='bbox 1603 4000 1783 4068; x_wconf 86' lang='lat' dir='ltr'><strong>ciendamque</strong></span> <span class='ocrx_word' id='word_1_889' title='bbox 1792 4002 1908 4060; x_wconf 89' lang='lat' dir='ltr'><strong>urinam,</strong></span> <span class='ocrx_word' id='word_1_890' title='bbox 1927 4005 1954 4050; x_wconf 93' lang='lat' dir='ltr'><strong>et</strong></span> <span class='ocrx_word' id='word_1_891' title='bbox 1966 3996 2002 4048; x_wconf 90' lang='lat' dir='ltr'><strong>ad</strong></span> 
     </span>
     <span class='ocr_line' id='line_1_130' title="bbox 1204 4066 2002 4135; baseline -0.013 -7"><span class='ocrx_word' id='word_1_892' title='bbox 1204 4077 1299 4129; x_wconf 89' lang='lat' dir='ltr'><strong>omn&#39;es</strong></span> <span class='ocrx_word' id='word_1_893' title='bbox 1311 4075 1488 4127; x_wconf 87' lang='lat' dir='ltr'><strong>collectiones</strong></span> <span class='ocrx_word' id='word_1_894' title='bbox 1503 4068 1782 4135; x_wconf 74' lang='lat' dir='ltr'><strong>intusextrahendas.</strong></span> <span class='ocrx_word' id='word_1_895' title='bbox 1819 4066 1929 4121; x_wconf 81' lang='lat' dir='ltr'><strong>Tertius</strong></span> <span class='ocrx_word' id='word_1_896' title='bbox 1940 4082 2002 4118; x_wconf 86' lang='lat' dir='ltr'><strong>sat·</strong></span> 
     </span>
     <span class='ocr_line' id='line_1_131' title="bbox 1205 4137 2002 4201; baseline -0.019 -1"><span class='ocrx_word' id='word_1_897' title='bbox 1205 4162 1252 4201; x_wconf 84' lang='lat' dir='ltr'><strong>cas</strong></span> <span class='ocrx_word' id='word_1_898' title='bbox 1263 4154 1306 4197; x_wconf 88' lang='lat' dir='ltr'><strong>est</strong></span> <span class='ocrx_word' id='word_1_899' title='bbox 1317 4145 1525 4197; x_wconf 88' lang='lat' dir='ltr'><strong>detruncatione</strong></span> <span class='ocrx_word' id='word_1_900' title='bbox 1536 4155 1674 4194; x_wconf 83' lang='lat' dir='ltr'><strong>rammam</strong></span> <span class='ocrx_word' id='word_1_901' title='bbox 1686 4154 1703 4189; x_wconf 88' lang='lat' dir='ltr'><strong>a</strong></span> <span class='ocrx_word' id='word_1_902' title='bbox 1712 4138 1786 4191; x_wconf 79' lang='lat' dir='ltr'><strong>falce</strong></span> <span class='ocrx_word' id='word_1_903' title='bbox 1796 4137 1942 4189; x_wconf 87' lang='lat' dir='ltr'><strong>distillans.</strong></span> <span class='ocrx_word' id='word_1_904' title='bbox 1961 4138 2002 4187; x_wconf 84' lang='lat' dir='ltr'><strong>Ex</strong></span> 
     </span>
     <span class='ocr_line' id='line_1_132' title="bbox 1204 4202 2004 4283; baseline -0.016 -16"><span class='ocrx_word' id='word_1_905' title='bbox 1204 4215 1247 4267; x_wconf 89' lang='lat' dir='ltr'><strong>his</strong></span> <span class='ocrx_word' id='word_1_906' title='bbox 1260 4214 1327 4283; x_wconf 83' lang='lat' dir='ltr'><strong>ergb</strong></span> <span class='ocrx_word' id='word_1_907' title='bbox 1338 4215 1439 4283; x_wconf 86' lang='lat' dir='ltr'><strong>aliquia</strong></span> <span class='ocrx_word' id='word_1_908' title='bbox 1451 4230 1512 4266; x_wconf 93' lang='lat' dir='ltr'><strong>cum</strong></span> <span class='ocrx_word' id='word_1_909' title='bbox 1528 4224 1645 4263; x_wconf 90' lang='lat' dir='ltr'><strong>rosaceo</strong></span> <span class='ocrx_word' id='word_1_910' title='bbox 1662 4208 1690 4259; x_wconf 93' lang='lat' dir='ltr'><strong>ln</strong></span> <span class='ocrx_word' id='word_1_911' title='bbox 1707 4209 1802 4276; x_wconf 76' lang='lat' dir='ltr'><strong>calyce</strong></span> <span class='ocrx_word' id='word_1_912' title='bbox 1815 4206 1907 4258; x_wconf 76' lang='lat' dir='ltr'><strong>l‘unicl</strong></span> <span class='ocrx_word' id='word_1_913' title='bbox 1918 4202 2004 4258; x_wconf 83' lang='lat' dir='ltr'><strong>calla·</strong></span> 
     </span>
     <span class='ocr_line' id='line_1_133' title="bbox 1205 4278 2004 4341; baseline -0.019 -4"><span class='ocrx_word' id='word_1_914' title='bbox 1205 4292 1264 4337; x_wconf 89' lang='lat' dir='ltr'><strong>ctus</strong></span> <span class='ocrx_word' id='word_1_915' title='bbox 1275 4284 1389 4337; x_wconf 88' lang='lat' dir='ltr'><strong>auribus</strong></span> <span class='ocrx_word' id='word_1_916' title='bbox 1401 4282 1572 4335; x_wconf 77' lang='lat' dir='ltr'><strong>intenditur:</strong></span> <span class='ocrx_word' id='word_1_917' title='bbox 1591 4281 1634 4331; x_wconf 82' lang='lat' dir='ltr'><strong>rel</strong></span> <span class='ocrx_word' id='word_1_918' title='bbox 1646 4278 1715 4329; x_wconf 84' lang='lat' dir='ltr'><strong>lolia</strong></span> <span class='ocrx_word' id='word_1_919' title='bbox 1725 4287 1813 4341; x_wconf 90' lang='lat' dir='ltr'><strong>cocta,</strong></span> <span class='ocrx_word' id='word_1_920' title='bbox 1826 4283 1924 4328; x_wconf 86' lang='lat' dir='ltr'><strong>etcum</strong></span> <span class='ocrx_word' id='word_1_921' title='bbox 1940 4288 2004 4327; x_wconf 89' lang='lat' dir='ltr'><strong>cera</strong></span> 
     </span>
     <span class='ocr_line' id='line_1_134' title="bbox 1204 4342 2004 4421; baseline -0.018 -16"><span class='ocrx_word' id='word_1_922' title='bbox 1204 4355 1272 4405; x_wconf 89' lang='lat' dir='ltr'><strong>trita</strong></span> <span class='ocrx_word' id='word_1_923' title='bbox 1289 4355 1484 4421; x_wconf 87' lang='lat' dir='ltr'><strong>imponuntur:</strong></span> <span class='ocrx_word' id='word_1_924' title='bbox 1503 4353 1570 4403; x_wconf 89' lang='lat' dir='ltr'><strong>item</strong></span> <span class='ocrx_word' id='word_1_925' title='bbox 1593 4348 1761 4416; x_wconf 86' lang='lat' dir='ltr'><strong>podagricis.</strong></span> <span class='ocrx_word' id='word_1_926' title='bbox 1797 4348 1907 4399; x_wconf 78' lang='lat' dir='ltr'><strong>Cortice</strong></span> <span class='ocrx_word' id='word_1_927' title='bbox 1918 4351 1946 4396; x_wconf 89' lang='lat' dir='ltr'><strong>ct</strong></span> <span class='ocrx_word' id='word_1_928' title='bbox 1963 4342 2004 4393; x_wconf 79' lang='lat' dir='ltr'><strong>io·</strong></span> 
     </span>
     <span class='ocr_line' id='line_1_135' title="bbox 1205 4411 2005 4475; baseline -0.016 0"><span class='ocrx_word' id='word_1_929' title='bbox 1205 4424 1251 4475; x_wconf 86' lang='lat' dir='ltr'><strong>liis</strong></span> <span class='ocrx_word' id='word_1_930' title='bbox 1262 4424 1289 4474; x_wconf 89' lang='lat' dir='ltr'><strong>in</strong></span> <span class='ocrx_word' id='word_1_931' title='bbox 1301 4425 1365 4474; x_wconf 87' lang='lat' dir='ltr'><strong>vino</strong></span> <span class='ocrx_word' id='word_1_932' title='bbox 1377 4422 1499 4475; x_wconf 84' lang='lat' dir='ltr'><strong>decoctis</strong></span> <span class='ocrx_word' id='word_1_933' title='bbox 1512 4418 1600 4472; x_wconf 72' lang='lat' dir='ltr'><strong>foveri</strong></span> <span class='ocrx_word' id='word_1_934' title='bbox 1614 4433 1711 4468; x_wconf 84' lang='lat' dir='ltr'><strong>necros</strong></span> <span class='ocrx_word' id='word_1_935' title='bbox 1724 4415 1911 4468; x_wconf 85' lang='lat' dir='ltr'><strong>utilissimum.</strong></span> <span class='ocrx_word' id='word_1_936' title='bbox 1937 4411 2005 4463; x_wconf 78' lang='lat' dir='ltr'><strong>Flos</strong></span> 
     </span>
     <span class='ocr_line' id='line_1_136' title="bbox 1205 4483 2004 4552; baseline -0.019 -8"><span class='ocrx_word' id='word_1_937' title='bbox 1205 4493 1288 4544; x_wconf 83' lang='lat' dir='ltr'><strong>tritus</strong></span> <span class='ocrx_word' id='word_1_938' title='bbox 1300 4508 1360 4543; x_wconf 92' lang='lat' dir='ltr'><strong>cum</strong></span> <span class='ocrx_word' id='word_1_939' title='bbox 1374 4491 1451 4543; x_wconf 86' lang='lat' dir='ltr'><strong>loliis</strong></span> <span class='ocrx_word' id='word_1_940' title='bbox 1463 4490 1583 4542; x_wconf 74' lang='lat' dir='ltr'><strong>seriores</strong></span> <span class='ocrx_word' id='word_1_941' title='bbox 1595 4494 1695 4552; x_wconf 84' lang='lat' dir='ltr'><strong>purgat</strong></span> <span class='ocrx_word' id='word_1_942' title='bbox 1706 4486 1734 4535; x_wconf 90' lang='lat' dir='ltr'><strong>in</strong></span> <span class='ocrx_word' id='word_1_943' title='bbox 1747 4485 1828 4535; x_wconf 79' lang='lat' dir='ltr'><strong>facie.</strong></span> <span class='ocrx_word' id='word_1_944' title='bbox 1852 4483 1932 4535; x_wconf 81' lang='lat' dir='ltr'><strong>Folia</strong></span> <span class='ocrx_word' id='word_1_945' title='bbox 1944 4496 2004 4535; x_wconf 88' lang='lat' dir='ltr'><strong>con·</strong></span> 
     </span>
     <span class='ocr_line' id='line_1_137' title="bbox 1204 4554 2006 4627; baseline -0.016 -15"><span class='ocrx_word' id='word_1_946' title='bbox 1204 4562 1313 4613; x_wconf 84' lang='lat' dir='ltr'><strong>tritaet</strong></span> <span class='ocrx_word' id='word_1_947' title='bbox 1329 4567 1394 4627; x_wconf 90' lang='lat' dir='ltr'><strong>pota</strong></span> <span class='ocrx_word' id='word_1_948' title='bbox 1412 4557 1652 4625; x_wconf 86' lang='lat' dir='ltr'><strong>intemperantiam</strong></span> <span class='ocrx_word' id='word_1_949' title='bbox 1667 4554 1792 4603; x_wconf 83' lang='lat' dir='ltr'><strong>lrbnlrms</strong></span> <span class='ocrx_word' id='word_1_950' title='bbox 1808 4559 1947 4613; x_wconf 85' lang='lat' dir='ltr'><strong>coercent,</strong></span> <span class='ocrx_word' id='word_1_951' title='bbox 1967 4558 2006 4600; x_wconf 88' lang='lat' dir='ltr'><strong>at·</strong></span> 
     </span>
     <span class='ocr_line' id='line_1_138' title="bbox 1205 4618 2005 4697; baseline -0.021 -15"><span class='ocrx_word' id='word_1_952' title='bbox 1205 4645 1257 4696; x_wconf 80' lang='lat' dir='ltr'><strong>que</strong></span> <span class='ocrx_word' id='word_1_953' title='bbox 1269 4631 1296 4680; x_wconf 90' lang='lat' dir='ltr'><strong>in</strong></span> <span class='ocrx_word' id='word_1_954' title='bbox 1309 4636 1397 4681; x_wconf 86' lang='lat' dir='ltr'><strong>totum</strong></span> <span class='ocrx_word' id='word_1_955' title='bbox 1409 4629 1540 4681; x_wconf 83' lang='lat' dir='ltr'><strong>arrierunt</strong></span> <span class='ocrx_word' id='word_1_956' title='bbox 1551 4639 1628 4676; x_wconf 91' lang='lat' dir='ltr'><strong>usum</strong></span> <span class='ocrx_word' id='word_1_957' title='bbox 1639 4624 1751 4687; x_wconf 86' lang='lat' dir='ltr'><strong>saepius</strong></span> <span class='ocrx_word' id='word_1_958' title='bbox 1762 4625 1862 4697; x_wconf 53' lang='lat' dir='ltr'><strong>sumta:</strong></span> <span class='ocrx_word' id='word_1_959' title='bbox 1898 4618 2005 4673; x_wconf 67' lang='lat' dir='ltr'><strong>dated·</strong></span> 
     </span>
     <span class='ocr_line' id='line_1_139' title="bbox 1205 4686 2006 4765; baseline -0.012 -16"><span class='ocrx_word' id='word_1_960' title='bbox 1205 4713 1257 4751; x_wconf 88' lang='lat' dir='ltr'><strong>nae</strong></span> <span class='ocrx_word' id='word_1_961' title='bbox 1270 4702 1367 4765; x_wconf 88' lang='lat' dir='ltr'><strong>nlgrse</strong></span> <span class='ocrx_word' id='word_1_962' title='bbox 1377 4713 1470 4749; x_wconf 89' lang='lat' dir='ltr'><strong>semen</strong></span> <span class='ocrx_word' id='word_1_963' title='bbox 1485 4710 1545 4747; x_wconf 92' lang='lat' dir='ltr'><strong>cum</strong></span> <span class='ocrx_word' id='word_1_964' title='bbox 1564 4704 1660 4758; x_wconf 90' lang='lat' dir='ltr'><strong>spuma</strong></span> <span class='ocrx_word' id='word_1_965' title='bbox 1680 4686 1789 4756; x_wconf 86' lang='lat' dir='ltr'><strong>argenti</strong></span> <span class='ocrx_word' id='word_1_966' title='bbox 1800 4699 1862 4752; x_wconf 84' lang='lat' dir='ltr'><strong>pars</strong></span> <span class='ocrx_word' id='word_1_967' title='bbox 1872 4686 2006 4752; x_wconf 84' lang='lat' dir='ltr'><strong>pondere,</strong></span> 
     </span>
    </p>
   </div>
   <div class='ocr_carea' id='block_1_9' title="bbox 1204 4760 2006 4887">
    <p class='ocr_par' dir='ltr' id='par_1_17' title="bbox 1204 4760 2006 4887">
     <span class='ocr_line' id='line_1_140' title="bbox 1204 4760 1807 4831; baseline -0.022 -13"><span class='ocrx_word' id='word_1_968' title='bbox 1204 4766 1333 4818; x_wconf 88' lang='lat' dir='ltr'><strong>abalneo</strong></span> <span class='ocrx_word' id='word_1_969' title='bbox 1345 4766 1458 4827; x_wconf 89' lang='lat' dir='ltr'><strong>illitam,</strong></span> <span class='ocrx_word' id='word_1_970' title='bbox 1472 4760 1638 4831; x_wconf 85' lang='lat' dir='ltr'><strong>psilothrum</strong></span> <span class='ocrx_word' id='word_1_971' title='bbox 1652 4764 1703 4809; x_wconf 87' lang='lat' dir='ltr'><strong>est.</strong></span> <span class='ocrx_word' id='word_1_972' title='bbox 1801 4821 1807 4831; x_wconf 29' lang='lat'>¹</span> 
     </span>
     <span class='ocr_line' id='line_1_141' title="bbox 1238 4821 2006 4887; baseline -0.013 -1"><span class='ocrx_word' id='word_1_973' title='bbox 1238 4834 1392 4887; x_wconf 84' lang='lat' dir='ltr'><strong>xxxvut.</strong></span> <span class='ocrx_word' id='word_1_974' title='bbox 1411 4835 1473 4885; x_wconf 85' lang='lat' dir='ltr'><strong>Non</strong></span> <span class='ocrx_word' id='word_1_975' title='bbox 1490 4831 1608 4882; x_wconf 88' lang='lat' dir='ltr'><strong>multum</strong></span> <span class='ocrx_word' id='word_1_976' title='bbox 1627 4826 1744 4879; x_wconf 87' lang='lat' dir='ltr'><strong>asalice</strong></span> <span class='ocrx_word' id='word_1_977' title='bbox 1758 4821 1878 4874; x_wconf 79' lang='lat' dir='ltr'><strong>ritrlinm</strong></span> <span class='ocrx_word' id='word_1_978' title='bbox 1898 4838 1951 4875; x_wconf 88' lang='lat' dir='ltr'><strong>usu</strong></span> <span class='ocrx_word' id='word_1_979' title='bbox 1967 4824 2006 4876; x_wconf 87' lang='lat' dir='ltr'><strong>di·</strong></span> 
     </span>
    </p>
   </div>
   <div class='ocr_carea' id='block_1_10' title="bbox 1203 4891 2029 5595">
    <p class='ocr_par' dir='ltr' id='par_1_18' title="bbox 1203 4891 2029 5595">
     <span class='ocr_line' id='line_1_142' title="bbox 1205 4891 2004 4974; baseline -0.013 -19"><span class='ocrx_word' id='word_1_980' title='bbox 1205 4910 1262 4955; x_wconf 87' lang='lat' dir='ltr'><strong>stat</strong></span> <span class='ocrx_word' id='word_1_981' title='bbox 1275 4904 1358 4963; x_wconf 82' lang='lat' dir='ltr'><strong>vitex,</strong></span> <span class='ocrx_word' id='word_1_982' title='bbox 1371 4902 1502 4952; x_wconf 85' lang='lat' dir='ltr'><strong>foliorum</strong></span> <span class='ocrx_word' id='word_1_983' title='bbox 1515 4912 1623 4966; x_wconf 88' lang='lat' dir='ltr'><strong>qnoque</strong></span> <span class='ocrx_word' id='word_1_984' title='bbox 1633 4901 1757 4960; x_wconf 86' lang='lat' dir='ltr'><strong>aspectu,</strong></span> <span class='ocrx_word' id='word_1_985' title='bbox 1778 4892 1831 4943; x_wconf 88' lang='lat' dir='ltr'><strong>nisi</strong></span> <span class='ocrx_word' id='word_1_986' title='bbox 1843 4891 1930 4945; x_wconf 90' lang='lat' dir='ltr'><strong>odore</strong></span> <span class='ocrx_word' id='word_1_987' title='bbox 1940 4908 2004 4974; x_wconf 81' lang='lat' dir='ltr'><strong>gra·</strong></span> 
     </span>
     <span class='ocr_line' id='line_1_143' title="bbox 1203 4963 2005 5037; baseline -0.012 -14"><span class='ocrx_word' id='word_1_988' title='bbox 1203 4973 1263 5023; x_wconf 85' lang='lat' dir='ltr'><strong>tior</strong></span> <span class='ocrx_word' id='word_1_989' title='bbox 1274 4977 1355 5023; x_wconf 86' lang='lat' dir='ltr'><strong>esset.</strong></span> <span class='ocrx_word' id='word_1_990' title='bbox 1373 4969 1474 5021; x_wconf 82' lang='lat' dir='ltr'><strong>Graeci</strong></span> <span class='ocrx_word' id='word_1_991' title='bbox 1487 4970 1573 5037; x_wconf 79' lang='lat' dir='ltr'><strong>lygon</strong></span> <span class='ocrx_word' id='word_1_992' title='bbox 1584 4971 1691 5025; x_wconf 76' lang='lat' dir='ltr'><strong>nocant,</strong></span> <span class='ocrx_word' id='word_1_993' title='bbox 1703 4963 1751 5014; x_wconf 88' lang='lat' dir='ltr'><strong>alii</strong></span> <span class='ocrx_word' id='word_1_994' title='bbox 1763 4976 1865 5031; x_wconf 82' lang='lat' dir='ltr'><strong>agnon,</strong></span> <span class='ocrx_word' id='word_1_995' title='bbox 1877 4974 2005 5030; x_wconf 86' lang='lat' dir='ltr'><strong>quomam</strong></span> 
     </span>
     <span class='ocr_line' id='line_1_144' title="bbox 1204 5032 2006 5103; baseline -0.015 -11"><span class='ocrx_word' id='word_1_996' title='bbox 1204 5047 1350 5092; x_wconf 76' lang='lat' dir='ltr'><strong>niatronae</strong></span> <span class='ocrx_word' id='word_1_997' title='bbox 1369 5037 1599 5103; x_wconf 86' lang='lat' dir='ltr'><strong>Thesmophoriis</strong></span> <span class='ocrx_word' id='word_1_998' title='bbox 1621 5032 1827 5084; x_wconf 73' lang='lat' dir='ltr'><strong>Atheniensium</strong></span> <span class='ocrx_word' id='word_1_999' title='bbox 1850 5033 2006 5083; x_wconf 87' lang='lat' dir='ltr'><strong>castitatem</strong></span> 
     </span>
     <span class='ocr_line' id='line_1_145' title="bbox 1206 5100 2006 5171; baseline -0.015 -9"><span class='ocrx_word' id='word_1_1000' title='bbox 1206 5107 1403 5171; x_wconf 85' lang='lat' dir='ltr'><strong>custodientes,</strong></span> <span class='ocrx_word' id='word_1_1001' title='bbox 1423 5107 1465 5159; x_wconf 88' lang='lat' dir='ltr'><strong>his</strong></span> <span class='ocrx_word' id='word_1_1002' title='bbox 1485 5106 1562 5158; x_wconf 84' lang='lat' dir='ltr'><strong>loliis</strong></span> <span class='ocrx_word' id='word_1_1003' title='bbox 1573 5104 1683 5155; x_wconf 82' lang='lat' dir='ltr'><strong>cubitus</strong></span> <span class='ocrx_word' id='word_1_1004' title='bbox 1700 5103 1755 5155; x_wconf 88' lang='lat' dir='ltr'><strong>sibi</strong></span> <span class='ocrx_word' id='word_1_1005' title='bbox 1770 5107 1907 5153; x_wconf 88' lang='lat' dir='ltr'><strong>sternunt.</strong></span> <span class='ocrx_word' id='word_1_1006' title='bbox 1942 5100 2006 5151; x_wconf 85' lang='lat' dir='ltr'><strong>Duo</strong></span> 
     </span>
     <span class='ocr_line' id='line_1_146' title="bbox 1205 5170 2007 5248; baseline -0.011 -19"><span class='ocrx_word' id='word_1_1007' title='bbox 1205 5191 1307 5248; x_wconf 83' lang='lat' dir='ltr'><strong>genera</strong></span> <span class='ocrx_word' id='word_1_1008' title='bbox 1318 5177 1385 5229; x_wconf 87' lang='lat' dir='ltr'><strong>elus.</strong></span> <span class='ocrx_word' id='word_1_1009' title='bbox 1430 5176 1524 5228; x_wconf 84' lang='lat' dir='ltr'><strong>Maior</strong></span> <span class='ocrx_word' id='word_1_1010' title='bbox 1535 5179 1561 5226; x_wconf 90' lang='lat' dir='ltr'><strong>ln</strong></span> <span class='ocrx_word' id='word_1_1011' title='bbox 1572 5173 1705 5226; x_wconf 87' lang='lat' dir='ltr'><strong>arborem</strong></span> <span class='ocrx_word' id='word_1_1012' title='bbox 1714 5171 1808 5223; x_wconf 86' lang='lat' dir='ltr'><strong>salicis</strong></span> <span class='ocrx_word' id='word_1_1013' title='bbox 1822 5170 1904 5222; x_wconf 92' lang='lat' dir='ltr'><strong>modo</strong></span> <span class='ocrx_word' id='word_1_1014' title='bbox 1914 5180 2007 5220; x_wconf 83' lang='lat' dir='ltr'><strong>assur-</strong></span> 
     </span>
     <span class='ocr_line' id='line_1_147' title="bbox 1205 5238 2006 5317; baseline -0.014 -17"><span class='ocrx_word' id='word_1_1015' title='bbox 1205 5249 1264 5317; x_wconf 81' lang='lat' dir='ltr'><strong>git:</strong></span> <span class='ocrx_word' id='word_1_1016' title='bbox 1283 5248 1376 5299; x_wconf 89' lang='lat' dir='ltr'><strong>minor</strong></span> <span class='ocrx_word' id='word_1_1017' title='bbox 1387 5260 1504 5306; x_wconf 79' lang='lat' dir='ltr'><strong>ramosa,</strong></span> <span class='ocrx_word' id='word_1_1018' title='bbox 1521 5244 1598 5296; x_wconf 81' lang='lat' dir='ltr'><strong>follis</strong></span> <span class='ocrx_word' id='word_1_1019' title='bbox 1609 5241 1816 5294; x_wconf 86' lang='lat' dir='ltr'><strong>candidioribus</strong></span> <span class='ocrx_word' id='word_1_1020' title='bbox 1827 5238 2006 5307; x_wconf 84' lang='lat' dir='ltr'><strong>lamrginosis.</strong></span> 
     </span>
     <span class='ocr_line' id='line_1_148' title="bbox 1207 5313 2006 5379; baseline -0.018 -8"><span class='ocrx_word' id='word_1_1021' title='bbox 1207 5318 1299 5371; x_wconf 83' lang='lat' dir='ltr'><strong>l’rima</strong></span> <span class='ocrx_word' id='word_1_1022' title='bbox 1319 5316 1411 5369; x_wconf 88' lang='lat' dir='ltr'><strong>album</strong></span> <span class='ocrx_word' id='word_1_1023' title='bbox 1429 5315 1523 5367; x_wconf 88' lang='lat' dir='ltr'><strong>liorem</strong></span> <span class='ocrx_word' id='word_1_1024' title='bbox 1542 5313 1629 5365; x_wconf 88' lang='lat' dir='ltr'><strong>mittit</strong></span> <span class='ocrx_word' id='word_1_1025' title='bbox 1643 5326 1704 5363; x_wconf 85' lang='lat' dir='ltr'><strong>cunr</strong></span> <span class='ocrx_word' id='word_1_1026' title='bbox 1715 5324 1867 5379; x_wconf 86' lang='lat' dir='ltr'><strong>purpureo,</strong></span> <span class='ocrx_word' id='word_1_1027' title='bbox 1887 5322 1957 5374; x_wconf 88' lang='lat' dir='ltr'><strong>quae</strong></span> <span class='ocrx_word' id='word_1_1028' title='bbox 1976 5313 2006 5358; x_wconf 90' lang='lat' dir='ltr'><strong>et</strong></span> 
     </span>
     <span class='ocr_line' id='line_1_149' title="bbox 1207 5385 2004 5449; baseline -0.016 -10"><span class='ocrx_word' id='word_1_1029' title='bbox 1207 5385 1326 5439; x_wconf 86' lang='lat' dir='ltr'><strong>candida</strong></span> <span class='ocrx_word' id='word_1_1030' title='bbox 1342 5390 1478 5435; x_wconf 81' lang='lat' dir='ltr'><strong>roratur:</strong></span> <span class='ocrx_word' id='word_1_1031' title='bbox 1496 5385 1586 5448; x_wconf 85' lang='lat' dir='ltr'><strong>nigra,</strong></span> <span class='ocrx_word' id='word_1_1032' title='bbox 1607 5396 1678 5449; x_wconf 88' lang='lat' dir='ltr'><strong>quae</strong></span> <span class='ocrx_word' id='word_1_1033' title='bbox 1701 5387 1808 5433; x_wconf 83' lang='lat' dir='ltr'><strong>tantum</strong></span> <span class='ocrx_word' id='word_1_1034' title='bbox 1829 5390 2004 5445; x_wconf 84' lang='lat' dir='ltr'><strong>purpureum.</strong></span> 
     </span>
     <span class='ocr_line' id='line_1_150' title="bbox 1205 5446 2006 5520; baseline -0.016 -12"><span class='ocrx_word' id='word_1_1035' title='bbox 1205 5454 1403 5509; x_wconf 86' lang='lat' dir='ltr'><strong>Nascunturin</strong></span> <span class='ocrx_word' id='word_1_1036' title='bbox 1416 5452 1584 5520; x_wconf 82' lang='lat' dir='ltr'><strong>palustribus</strong></span> <span class='ocrx_word' id='word_1_1037' title='bbox 1601 5452 1715 5518; x_wconf 84' lang='lat' dir='ltr'><strong>eampis.</strong></span> <span class='ocrx_word' id='word_1_1038' title='bbox 1751 5449 1850 5502; x_wconf 81' lang='lat' dir='ltr'><strong>Samen</strong></span> <span class='ocrx_word' id='word_1_1039' title='bbox 1862 5452 1956 5513; x_wconf 88' lang='lat' dir='ltr'><strong>potum</strong></span> <span class='ocrx_word' id='word_1_1040' title='bbox 1968 5446 2006 5495; x_wconf 84' lang='lat' dir='ltr'><strong>ri·</strong></span> 
     </span>
     <span class='ocr_line' id='line_1_151' title="bbox 1205 5515 2029 5595; baseline -0.017 -17"><span class='ocrx_word' id='word_1_1041' title='bbox 1205 5525 1234 5578; x_wconf 91' lang='lat' dir='ltr'><strong>nl</strong></span> <span class='ocrx_word' id='word_1_1042' title='bbox 1246 5523 1380 5595; x_wconf 85' lang='lat' dir='ltr'><strong>quendam</strong></span> <span class='ocrx_word' id='word_1_1043' title='bbox 1391 5536 1518 5591; x_wconf 78' lang='lat' dir='ltr'><strong>saporem</strong></span> <span class='ocrx_word' id='word_1_1044' title='bbox 1532 5520 1622 5583; x_wconf 88' lang='lat' dir='ltr'><strong>habet,</strong></span> <span class='ocrx_word' id='word_1_1045' title='bbox 1633 5518 1775 5572; x_wconf 85' lang='lat' dir='ltr'><strong>etdicitur</strong></span> <span class='ocrx_word' id='word_1_1046' title='bbox 1783 5516 1875 5570; x_wconf 75' lang='lat' dir='ltr'><strong>tebras</strong></span> <span class='ocrx_word' id='word_1_1047' title='bbox 1884 5515 2006 5567; x_wconf 72' lang='lat' dir='ltr'><strong>solvere:</strong></span> <span class='ocrx_word' id='word_1_1048' title='bbox 2022 5534 2029 5541; x_wconf 92' lang='lat'>·</span> 
     </span>
    </p>
   </div>
   <div class='ocr_carea' id='block_1_11' title="bbox 0 0 2200 6004">
    <p class='ocr_par' dir='ltr' id='par_1_19' title="bbox 0 0 2200 6004">
     <span class='ocr_line' id='line_1_152' title="bbox 0 0 2200 6004; baseline 0 0"><span class='ocrx_word' id='word_1_1049' title='bbox 0 0 2200 6004; x_wconf 95' lang='lat' dir='ltr'><strong> </strong></span> 
     </span>
    </p>
   </div>
  </div>
 </body>
</html>
