4356 6014
297 277 331 339 ι.
363 274 513 339 ιιιιιι
545 270 754 335 sacuam
786 228 957 336 aaron.
990 270 1181 337 claron.
1216 270 1303 335 ιιι
1323 271 1417 337 xvc
1451 272 1550 335 ιιι.
1571 273 1699 339 ιι-ιι.
1764 277 1821 335 ιιι

173 436 229 494 ιιι,
250 442 322 500 quae
333 426 469 496 capillata
478 424 592 488 dicitur,
604 423 737 494 quoniam
746 421 907 480 Vestalium
916 423 973 478 rir-

174 501 270 568 giaum
282 498 400 565 capillus
411 496 448 549 ad
458 510 519 549 eam
531 493 667 548 defertur.
689 538 695 547 .

159 591 164 601 ·
210 566 361 621 bllllxvl.
380 568 484 622 Verum
494 563 711 623 alteralutosia
723 562 882 628 volcanali,
899 563 975 631 quod

120 636 139 683 i
173 638 307 703 Romulps
318 636 463 688 constituit
473 649 508 688 ex
518 634 641 686 victoria
651 633 686 686 de
698 633 836 696 decumis,
858 647 975 699 aequae·

173 722 212 759 sa
222 706 289 759 Urbi
299 700 477 773 intelligitur,
497 709 529 756 ut
539 709 641 755 auctor
652 708 695 755 est
707 702 856 767 Masurius.
891 701 977 755 Radi-

175 775 292 829 ιιιιὶιι
311 776 341 827 iu
360 774 452 831 furum
470 787 560 840 usque
570 771 699 824 Caesaris
709 786 761 838 per
770 773 908 823 stationes
917 785 976 822 mu·

173 836 342 911 nieipiorum
362 849 520 911 penetrant.
556 840 623 892 Fuit
639 854 702 892 cum
718 856 752 893 ea
766 854 915 906 cupressus
926 854 974 892 ae·

174 915 274 983 qumis,
293 915 367 966 circa
376 928 505 983 suprema
514 910 635 964 Neronis
645 909 779 978 principis
791 908 923 976 prolapsa
932 915 974 960 at·

175 985 374 1051 qucneglecta.

208 1051 375 1107 Lxxxvlr.
386 1050 532 1104 Vetustior
544 1055 636 1100 autem
642 1048 715 1099 Urbe
725 1043 900 1098 invaticano
907 1047 975 1109 ilex,

174 1122 203 1174 iu
215 1121 380 1191 quatitales
392 1120 483 1173 aereis
493 1118 585 1172 literis
596 1117 732 1180 Etruscis,
753 1116 888 1183 religione
898 1116 976 1168 arbo·

173 1205 234 1244 ιιιι
245 1193 300 1243 iam
311 1198 372 1241 tum
383 1189 496 1256 diguam
507 1188 594 1240 luisse
605 1187 631 1238 si
670 1184 756 1237 ificat.
768 1184 901 1237 Tiburtes
909 1199 976 1251 quu-

174 1274 231 1328 que
252 1260 387 1328 originem
409 1256 499 1309 nrulto
520 1262 638 1308 auteur
658 1269 703 1308 em
722 1255 840 1307 Romam
862 1253 975 1307 habent.

173 1329 253 1396 Apud
263 1343 312 1382 eus
328 1332 440 1382 exstant
456 1327 537 1379 ilices
551 1331 625 1389 ιιιι,
645 1325 730 1378 etism
741 1325 864 1378 Tiburte
881 1323 976 1376 cundi·

174 1403 239 1450 turs
250 1412 346 1451 eorum
356 1397 536 1458 vetustiores,
558 1395 632 1463 apud
641 1409 711 1462 quas
721 1394 906 1461 inauguratus
918 1399 977 1445 tra·

159 1465 261 1519 ditur.
292 1466 393 1518 Fuisse
404 1472 497 1518 autem
508 1479 570 1516 eum
583 1463 695 1515 tradunt
706 1463 793 1514 fllium
804 1461 975 1530 Amphiarai,

173 1535 224 1602 qui
243 1534 318 1605 apud
336 1534 447 1589 Thebas
469 1533 570 1587 obierit
590 1547 645 1585 aaa
666 1538 760 1585 aetate
779 1539 845 1585 ante
863 1533 977 1585 iliacum

173 1605 288 1658 bellum.

208 1672 390 1727 Lxxxvrii.
413 1672 484 1727 Sunt
504 1677 635 1726 auctores
656 1676 686 1724 et
704 1669 869 1738 Delphicam
888 1670 977 1737 plata·

151 1758 240 1807 xnum
251 1744 465 1812 Agamemnonis
480 1757 564 1794 manu
583 1746 689 1792 satam:
713 1746 743 1792 et
754 1740 872 1792 alteram
883 1740 912 1790 in
925 1740 976 1791 ca·

173 1810 256 1879 phyis
268 1811 403 1864 Arcadiae
414 1812 487 1863 luco.
523 1810 595 1863 Sunt
610 1809 693 1862 hodie
711 1824 746 1862 ex
763 1810 881 1861 adsumo
895 1809 976 1860 llien·

170 1882 245 1933 sium
257 1881 342 1943 urbis,
353 1882 433 1933 iuxta
444 1880 670 1946 Hellespontum,
677 1879 706 1931 in
717 1878 868 1930 Protesilai
880 1877 975 1944 sepul·

171 1964 223 2003 cru
234 1952 362 2014 arbores,
383 1965 453 2032 quae
464 1951 592 2002 omnibus
603 1950 678 2002 aeris
697 1962 757 2000 cum
769 1948 797 1999 in
809 1953 917 2001 tautum
929 1960 975 1998 ac·

171 2034 295 2085 crevere,
316 2024 350 2072 ut
367 2020 449 2072 ilium
470 2019 616 2085 aspiciant,
634 2018 804 2082 inarescunt,
825 2029 977 2084 rursusque

171 2088 346 2142 adolescunt.
381 2091 464 2141 luxta
473 2089 569 2142 urbem
587 2094 681 2142 autem
698 2104 816 2157 quercus
838 2090 866 2140 in
886 2087 920 2139 lli
935 2092 977 2137 tu·

172 2159 251 2210 mulo
261 2165 327 2210 tunc
339 2162 417 2211 satae
428 2157 568 2222 dicuntur,
586 2173 647 2210 cum
658 2158 752 2225 coepit
762 2158 843 2211 llium
854 2156 958 2212 vocari.

208 2227 363 2281 dxxxix.
382 2227 464 2297 Argis
482 2229 546 2280 olea
562 2244 633 2280 nunc
648 2230 735 2280 etiam
746 2228 850 2282 durare
864 2228 976 2289 dicitur,

114 2306 145 2358 q-
174 2296 210 2350 ad
226 2312 307 2365 qulam
318 2297 350 2349 lo
367 2298 396 2349 in
414 2312 526 2350 vaccam
543 2302 681 2351 mutatam
698 2300 788 2366 Argus
807 2298 976 2367 alligaverit.

172 2365 205 2419 ln
215 2364 305 2419 Ponto
317 2366 393 2419 circa
401 2366 569 2421 Heracleam
581 2383 648 2420 arae
657 2372 724 2419 sunt
735 2369 808 2420 lovis
818 2366 917 2419 Stratil
928 2380 975 2417 co·

213 2437 319 2489 omine:
330 2437 372 2489 ibi
384 2452 500 2506 quercus
512 2437 584 2489 duae
594 2439 629 2489 ab
640 2436 762 2490 Hercule
773 2441 861 2490 satae.
889 2437 919 2489 ln
932 2450 977 2486 co·

193 2520 236 2559 cm
248 2512 341 2559 tractu
356 2512 453 2574 portus
467 2506 566 2572 Amyci
582 2512 625 2558 est
636 2505 763 2571 Bebryca
779 2520 809 2557 rs
830 2522 846 2558 s
863 2502 975 2555 interis·

172 2580 220 2626 ctu
229 2574 333 2627 clarus.
369 2576 438 2624 Eius
450 2574 576 2625 tumulus
587 2588 605 2624 a
619 2587 750 2639 supremo
761 2521 897 2626 dieffauro
908 2571 977 2639 tegi·

170 2648 230 2707 tur,
252 2658 335 2709 quam
353 2644 479 2693 insanam
495 2647 609 2693 vocant:
631 2642 762 2708 quoniam
779 2642 805 2691 si
821 2640 885 2708 quid
899 2654 977 2692 exea

170 2712 335 2777 decerptum
345 2708 482 2761 inferatur
493 2709 622 2773 naribus,
637 2709 730 2776 iurgia
739 2710 817 2771 hant,
827 2709 916 2762 donec
926 2710 975 2760 ab·

166 2779 295 2833 iiciutur.
332 2778 484 2848 Regiouem
496 2779 673 2833 Aulocrenen
684 2779 816 2839 diximus,
831 2792 975 2845 perquam

168 2850 206 2902 ab
217 2848 334 2917 Apamia
350 2849 378 2898 in
389 2846 542 2915 Phrygiam
553 2852 624 2903 itur:
644 2848 685 2900 ibi
701 2847 831 2914 platanus
853 2844 976 2896 ostendi·

169 2926 233 2979 tur,
255 2930 290 2970 cx
302 2931 357 2983 qua
369 2918 535 2984 pependerit
547 2918 678 2985 Marsyas
687 2917 779 2967 rictus
790 2917 824 2967 ab
837 2914 976 2982 Apolline,

169 2984 839 3120 iiiiiilhildtill'stabilitati‘
851 2983 976 3120 “hili-⁰

169 3125 237 3192 piae
250 3124 382 3187 oleaster,
390 3139 425 3177 ex
437 3126 603 3192 quoprimus
614 3122 751 3176 Hercules
763 3127 914 3175 coronatus
923 3127 975 3184 cst,

171 3198 286 3246 etnunc
304 3193 459 3247 custoditur
477 3194 619 3262 religioso.
656 3191 772 3245 Athenis
789 3206 899 3259 quoque
912 3191 976 3245 olea

170 3261 276 3315 durare
287 3262 409 3315 traditur
418 3263 446 3314 in
458 3264 611 3315 certamine
622 3261 700 3315 edita
714 3276 732 3312 a
743 3260 878 3314 Minerva.

206 3331 263 3384 XC.
283 3331 433 3385 Edirorso
449 3331 617 3384 brevissima
632 3332 691 3384 vita
707 3337 751 3383 est
766 3330 893 3391 Punicis,
912 3330 976 3392 lico,

170 3400 269 3453 malias
280 3406 311 3452 et
321 3416 356 3453 er
368 3400 610 3467 his,praecucibus
619 3401 732 3453 brevior
761 3414 825 3451 uam
833 3397 975 3461 serotinis,

171 3470 299 3522 dulcibus
311 3470 510 3537 quam'acutis:
532 3475 562 3522 ιι
573 3469 692 3522 dulciori
703 3471 732 3521 in
786 3467 867 3521 nicis.
904 3467 975 3519 item

169 3539 201 3591 in
211 3539 325 3601 ritibus,
336 3539 543 3606 praecipueque
555 3537 748 3592 fertilioribus.
759 3537 915 3590 Graecinus
927 3551 974 3588 au·

171 3615 234 3662 ctor
244 3613 296 3672 est,
307 3609 457 3676 sexagenis
468 3608 549 3660 annis
559 3609 674 3662 durasse
685 3610 767 3661 vites.
792 3607 934 3661 Videatur
946 3609 975 3657 et

169 3678 319 3745 aquaticae
329 3677 450 3730 celerius
460 3678 587 3731 interire.
615 3675 888 3744 Senescuntquldem
899 3677 974 3727 relo-

172 3747 252 3810 citer,
263 3745 313 3800 sed
323 3761 339 3799 e
349 3745 492 3799 radicibus
505 3747 685 3815 repullulant,
702 3746 808 3808 laurus,
818 3750 848 3797 et
856 3745 934 3808 mali,
944 3749 975 3797 ιι

78 3848 87 3853 -
169 3816 298 3884 punicae.
333 3816 526 3869 Firmissimuc
537 3830 604 3887 argo
622 3816 657 3869 ad
669 3813 817 3867 visendum
828 3813 924 3876 oleae,
941 3817 975 3864 ut

170 3900 239 3953 quas
250 3887 351 3941 durare
362 3888 441 3940 annis
452 3888 497 3939 cc
506 3888 580 3939 inter
592 3892 724 3939 auctores
734 3884 891 3937 conveniat.

204 3955 278 4009 XCl.
296 3956 348 4008 Est
358 3958 387 4007 in
398 3955 557 4008 suburbano
569 3955 722 4008 Tusculani
738 3953 799 4022 agri
818 3953 906 4017 colle,
926 3952 975 4020 qui

171 4026 265 4079 Corne
276 4025 443 4092 appellatur,
455 4026 536 4077 lucus
547 4026 663 4091 antiqua
670 4021 923 4093 religionellianae
934 4038 977 4075 sa·

1026 422 1099 478 euim
1111 424 1140 477 iu
1151 428 1228 479 terra
1237 423 1316 493 gigni
1327 437 1382 478 aua
1391 429 1518 494 possunt,
1540 431 1569 481 ιι
1578 425 1609 479 ia
1621 424 1770 479 arboribus
1780 437 1827 478 na·

1027 499 1151 546 acuatur.
1186 495 1313 564 Namque
1324 510 1385 547 cum
1397 511 1476 549 suam
1486 495 1581 549 sudem
1592 510 1647 549 non
1657 494 1787 559 habeant,
1796 494 1826 546 iu

1027 561 1239 625 alienavimnt,
1261 565 1334 616 sicut
1347 566 1462 617 viscum.
1499 566 1550 617 Est
1565 566 1634 618 etia
1645 564 1729 633 Syria
1739 561 1827 617 herba

1027 646 1101 700 quae
1120 637 1238 682 vocatur
1256 633 1383 700 cadytus,
1402 649 1458 687 nun
1473 639 1583 687 tantum
1603 634 1760 697 arboribus,
1778 631 1859 686 sodi

1026 701 1097 768 ipsis
1116 700 1200 752 etiam
1219 701 1307 766 spinis
1328 703 1546 756 circumvolvens
1563 718 1634 756 sose.
1670 704 1741 756 item
1753 704 1828 754 circa

1028 772 1134 835 Tempe
1145 766 1315 831 Thessalica,
1322 785 1392 837 quse
1401 772 1573 840 polypodion
1584 778 1709 837 vocatur,
1716 778 1746 833 et
1756 786 1827 841 quae

1029 835 1165 907 dolichos,
1188 852 1221 890 ac
1232 839 1396 905 serpyllum.
1432 843 1561 894 Oleastro
1573 842 1826 910 quoquedcputstu

1047 907 1102 960 uod
1114 908 1256 975 gignatur,
1266 914 1368 960 vocant
1377 907 1512 975 phauaos.
1536 911 1619 974 Quod
1629 926 1695 965 ιιιι
1705 913 1734 962 ia
1745 911 1826 979 spina

1029 923 1148 1030 dulichio
1160 974 1529 1097 hippluphaestonmapitulis
1540 979 1827 1047 inminueloliispsr-
1850 984 1874 1036 i

1028 1048 1081 1109 vis,
1101 1046 1196 1098 radice
1234 1040 1280 1110 ba,
1295 1042 1372 1097 cuius
1382 1062 1481 1100 succus
1491 1048 1528 1100 ad
1539 1048 1727 1104 detractiones
1737 1049 1766 1115 ia
1777 1063 1824 1102 cu·

1029 1115 1136 1167 mitiali
1146 1116 1242 1167 morbo
1254 1116 1419 1168 utilissimus
1430 1115 1557 1170 habetur.

1062 1184 1159 1236 xciii.
1180 1182 1444 1253 Viscitriagenera.
1465 1186 1536 1238 Nam
1556 1202 1592 1240 ue
1602 1187 1630 1239 in
1642 1187 1735 1240 abiete
1744 1201 1779 1241 ao
1787 1186 1827 1239 la·

1027 1253 1084 1306 rice
1094 1253 1178 1323 ptelin
1189 1251 1258 1305 dicit
1267 1255 1382 1307 Euboea
1393 1254 1478 1319 nasci,
1488 1202 1612 1325 hyphear
1622 1257 1750 1309 Arcadia.
1776 1255 1826 1310 Vi·

1029 1337 1107 1375 scum
1118 1328 1213 1375 autem
1223 1323 1252 1373 in
1263 1338 1375 1392 quercu,
1384 1324 1498 1387 robore,
1517 1338 1605 1391 pruno
1613 1325 1745 1388 silvestri,
1755 1330 1829 1378 tera·

1029 1391 1137 1455 bintho,
1148 1407 1200 1444 uec
1210 1391 1272 1444 aliis
1284 1392 1431 1446 arboribus
1443 1393 1565 1457 adunci,
1574 1392 1711 1463 plerique.
1727 1394 1828 1461 copio-

1031 1461 1170 1513 sissimum
1181 1463 1210 1512 in
1221 1476 1333 1528 quercu,
1343 1462 1418 1529 quod
1429 1462 1515 1532 dryos
1525 1460 1655 1532 hyphear
1664 1470 1773 1517 vocant.
1794 1464 1827 1515 ln

1031 1532 1106 1582 unani
1118 1530 1232 1595 arbore,
1250 1539 1368 1599 excepta
1377 1531 1442 1584 ilice
1454 1539 1484 1585 ot
1499 1548 1620 1602 quercu,
1640 1532 1828 1584 differentiam

1029 1600 1100 1652 iacit
1120 1599 1191 1653 odor
1207 1601 1348 1670 virusque,
1368 1608 1398 1655 et
1412 1599 1509 1654 lolium
1526 1618 1582 1656 nou
1600 1601 1714 1656 iucundi
1725 1601 1829 1663 odoris,

1029 1675 1151 1736 utroque
1161 1670 1231 1722 visci
1242 1686 1339 1724 amaru
1351 1678 1379 1724 et
1388 1671 1475 1723 lento.
1507 1672 1644 1740 Hyphear
1655 1671 1691 1723 ad
1702 1670 1831 1739 saginan-

1031 1738 1067 1790 da
1077 1754 1179 1807 pecora
1190 1739 1297 1791 utilius.
1333 1738 1415 1792 vitia
1425 1740 1509 1792 modo
1520 1750 1623 1810 purgat
1634 1743 1741 1809 primo:
1766 1738 1830 1791 dein

1030 1808 1208 1876 pinguefacit,
1229 1824 1301 1876 quae
1314 1808 1452 1863 suffecere
1470 1810 1638 1878 purgationi.
1676 1810 1784 1873 Quibus
1794 1806 1833 1859 sit

1030 1878 1124 1945 aliqua
1135 1877 1216 1930 tabes
1225 1878 1311 1942 intus,
1332 1886 1433 1946 negant
1445 1877 1555 1932 durare.
1592 1880 1636 1931 Ea
1647 1876 1779 1931 medendi
1789 1891 1832 1929 ra·

1029 1946 1086 2010 tio,
1107 1947 1225 2000 aestatis
1236 1949 1426 2016 quadragenis
1437 1946 1544 2002 diebus.
1580 1946 1831 2000 Adiioiuntdiscri·

1029 2032 1102 2079 men,
1111 2017 1187 2069 risco
1200 2017 1229 2069 in
1241 2017 1284 2070 his
1295 2032 1366 2086 quae
1377 2016 1448 2071 iulia
1458 2019 1599 2082 amittant,
1619 2025 1647 2071 ct
1658 2020 1666 2069 i
1688 2019 1712 2070 si
1724 2014 1833 2070 decide·

1029 2101 1075 2141 re:
1088 2086 1340 2141 cuntraiahaerere
1349 2096 1416 2140 nato
1426 2087 1456 2139 in
1466 2094 1583 2141 aeterna
1593 2086 1656 2140 l'ren
1677 2104 1701 2140 e.
1714 2086 1832 2139 Omnino

1030 2164 1123 2212 autem
1136 2164 1228 2211 satum
1245 2158 1325 2215 nullu
1336 2156 1420 2211 modo
1435 2158 1575 2221 nascitur,
1596 2172 1649 2211 nec
1664 2156 1716 2208 nisi
1732 2171 1782 2224 per
1792 2155 1832 2209 al·

1029 2243 1095 2281 vum
1113 2231 1205 2280 avium
1221 2228 1370 2291 redditum,
1390 2229 1514 2282 maxime
1529 2227 1670 2295 palumbis
1686 2242 1719 2279 ac
1729 2227 1832 2281 turdis.

1030 2299 1112 2351 llaec
1123 2304 1166 2352 cst
1177 2299 1393 2361 cataractam
1404 2302 1576 2353 maturatum
1587 2301 1618 2351 in
1627 2298 1833 2361 ventreavium,

1030 2383 1085 2420 nun
1097 2367 1252 2434 proveniat.
1275 2364 1403 2420 Altitudo
1415 2368 1474 2420 eius
1485 2383 1541 2421 aon
1552 2368 1663 2422 excedit
1674 2367 1834 2429 cubitalem,

1029 2450 1144 2556 selmpeq
1146 2435 1301 2555 1ζιιιιιιιιιι
1312 2451 1345 2487 ac
1354 2435 1460 2555 qiqitdis.
1471 2437 1535 2489 Mas
1544 2436 1768 2500 fertilis‚iemlua
1775 2443 1832 2489 ste·

1030 2519 1100 2557 ιιιι.
1157 2518 1420 2557 ιιιιιιιιιιι.

1064 2571 1162 2626 xclll.
1209 2573 1297 2624 mcum
1318 2575 1402 2624 conllt
1423 2588 1459 2625 ex
1478 2574 1576 2639 acinis,
1596 2575 1643 2657 qui
1662 2572 1833 2641 colliguntur

1029 2641 1163 2693 messium
1183 2647 1309 2706 tempore
1329 2641 1485 2694 immaturi=
1508 2657 1572 2694 nam
1588 2659 1614 2694 ιι
1625 2657 1768 2696 accessere
1779 2642 1833 2693 im·

1029 2710 1102 2772 bros,
1113 2708 1296 2775 amplitudine
1309 2708 1419 2775 quidem
1432 2716 1577 2780 augentur,
1592 2712 1671 2764 visco
1682 2724 1749 2763 nero
1760 2724 1833 2762 mar·

1030 2784 1153 2830 ceseunt.
1189 2776 1337 2829 Siccantur
1353 2778 1462 2842 deinde,
1485 2786 1515 2834 et
1529 2779 1604 2832 aridi
1614 2780 1778 2843 tunduntur,
1799 2794 1833 2833 ac

1032 2845 1138 2898 conditi
1155 2845 1186 2897 in
1207 2862 1281 2915 aqua
1300 2852 1466 2913 putrescunt
1486 2847 1624 2901 duodenis
1645 2848 1706 2902 iere
1725 2848 1831 2901 diebus.

1030 2917 1173 2983 Unumque
1192 2913 1245 2967 hoc
1263 2931 1356 2968 rerum
1374 2917 1559 2983 putrescendo
1575 2919 1697 2987 gratiam
1714 2918 1831 2970 invenit.

1029 2984 1097 3037 inde
1108 2986 1136 3035 in
1148 2984 1310 3052 profluente,
1325 3001 1422 3037 rursus
1432 2986 1535 3039 malleo
1546 2990 1610 3049 tusi,
1624 2988 1736 3039 amissis
1746 2987 1832 3039 eorti-

1030 3053 1109 3106 cibus
1129 3054 1265 3107 interiore
1280 3067 1365 3107 carne
1386 3054 1553 3108 lentescunt.
1581 3057 1646 3109 Hoc
1666 3060 1710 3110 est
1724 3056 1832 3108 viscum

1029 3122 1126 3190 pennis
1138 3124 1230 3174 avittm
1240 3126 1319 3175 tactu
1329 3122 1462 3192 ligandis,
1481 3124 1545 3178 oleo
1557 3126 1712 3188 subactum,
1722 3141 1783 3178 eum
1793 3125 1829 3178 li·

1028 3190 1220 3244 beatinsidias
1230 3193 1335 3244 moliri.
1856 3190 1862 3197 ’

1062 3259 1145 3313 XCV.
1166 3260 1229 3313 Nun
1240 3266 1285 3313 ιιι
1294 3261 1450 3315 omittenda
1459 3263 1488 3314 in
1499 3277 1532 3315 es
1541 3276 1573 3316 re
1583 3263 1773 3317 atGalliamm
1783 3263 1831 3316 ad·

1028 3329 1151 3382 miratio.
1180 3329 1259 3382 Nihil
1275 3329 1379 3383 babent
1390 3330 1518 3384 Druidae
1535 3332 1590 3394 (ita
1606 3349 1673 3387 suus
1685 3332 1831 3401 appellant

1028 3400 1137 3467 magos)
1147 3397 1234 3462 risco,
1245 3405 1274 3452 et
1283 3400 1393 3462 arbore,
1403 3398 1431 3450 in
1443 3415 1497 3467 qua
1507 3400 1640 3521 gignatur
1651 3402 1781 3465 (simodo
1792 3400 1832 3454 sit

1028 3470 1126 3528 robur)
1136 3469 1282 3520 sacratius.
1309 3468 1368 3520 lam
1378 3483 1428 3535 per
1438 3484 1468 3521 se
1479 3483 1512 3521 ro
1533 3484 1613 3522 orum
1623 3470 1731 3541 eligunt
1741 3473 1832 3534 lucos,

1029 3553 1080 3589 ιιι
1090 3536 1150 3588 ulla
1159 3551 1241 3589 sacra
1249 3538 1310 3589 sine
1320 3552 1354 3590 ea
1365 3537 1466 3591 fronde
1481 3539 1645 3604 conficiunt,
1664 3548 1696 3592 ut
1705 3540 1773 3593 inde
1784 3553 1832 3608 ap·

1029 3606 1128 3674 pellati
1139 3619 1250 3675 quoque
1259 3605 1492 3674 interpretatione
1504 3608 1612 3663 Graeca
1627 3610 1736 3676 possint
1745 3609 1830 3662 Drui-

1028 3677 1082 3729 dae
1093 3674 1192 3728 videri.
1221 3675 1370 3729 Enimvero
1382 3675 1520 3746 quidquid
1538 3678 1708 3731 adnascatur
1718 3678 1776 3731 illis
1782 3716 1791 3745 ,
1813 3694 1830 3731 a

1029 3745 1234 3799 cuelomissum
1263 3752 1354 3811 utunt,
1362 3746 1525 3817 signumque
1536 3763 1597 3801 esse
1607 3748 1713 3803 electae
1723 3750 1758 3801 ab
1767 3748 1829 3817 ipso

1029 3815 1083 3869 deo
1094 3815 1213 3867 arboris.
1235 3761 1387 3871 §stantem
1399 3816 1427 3869 id
1437 3831 1532 3869 rarum
1543 3817 1693 3871 admodum
1703 3818 1829 3880 inventu,

1029 3890 1058 3937 et
1069 3889 1212 3953 repertum
1223 3900 1324 3955 magna
1332 3886 1469 3954 religione
1479 3886 1596 3954 petitur:
1618 3893 1648 3940 ct
1658 3894 1724 3941 aute
1735 3889 1829 3940 omnia

1028 3960 1110 4007 sexta
1125 3953 1214 4017 Luna,
1235 3969 1307 4022 quae
1326 3956 1465 4024 principia
1484 3957 1619 4010 meusium
1636 3972 1827 4023 annorumque

1028 4020 1072 4074 his
1083 4021 1162 4085 fucit,
1173 4028 1202 4075 et
1213 4025 1302 4078 seculi
1313 4032 1377 4092 post
1387 4025 1559 4078 tricesimum
1570 4041 1682 4087 annum,
1694 4023 1760 4092 quia
1771 4024 1828 4074 iam

173 4102 268 4148 cratus
279 4094 478 4157 abatio,velut
488 4100 550 4147 arte
561 4094 657 4157 tonsili
667 4107 747 4145 coma
758 4092 834 4160 lagei
844 4090 975 4143 nemoris.
1028 4091 1130 4143 virium
1141 4090 1251 4146 abunde
1260 4093 1376 4158 habeat,
1397 4109 1449 4147 uec
1466 4095 1506 4146 sit
1515 4096 1559 4145 sui
1571 4092 1695 4146 dimidia.
1727 4091 1828 4145 Omnia

171 4165 203 4215 ln
222 4161 277 4215 hoc
297 4164 425 4215 arborem
447 4163 579 4216 eximiam
599 4167 695 4214 aetate
715 4166 815 4213 nostra
834 4159 977 4211 ademarii
1026 4165 1172 4213 sanantem
1185 4163 1359 4229 appellantes
1381 4162 1588 4225 suovocabulo,
1608 4159 1752 4213 sacrificiis
1764 4175 1829 4228 epu·

170 4231 322 4284 Passienus
344 4231 458 4297 Crispus
479 4231 524 4284 bis
546 4231 653 4293 consul,
674 4235 787 4282 oratura
806 4227 976 4295 Agrippinae
1027 4229 1118 4295 lisque
1131 4232 1185 4283 rite
1197 4233 1248 4285 sub
1260 4231 1363 4284 arbore
1380 4231 1572 4298 praeparatis,
1592 4228 1664 4281 duos
1679 4229 1829 4281 admovent

167 4300 350 4354 matrimonio
363 4300 508 4351 etNerone
518 4298 647 4365 privigno
657 4298 763 4350 clarior
773 4303 884 4364 postea:
896 4310 978 4346 uscu·
1028 4297 1140 4350 candidi
1152 4299 1255 4353 coloris
1267 4306 1370 4362 taurus,
1388 4313 1506 4366 quorum
1517 4312 1622 4350 cornua
1632 4303 1697 4350 tunc
1707 4297 1826 4365 primum

167 4370 222 4423 lari
235 4367 440 4433 complectique
451 4381 512 4418 eam
523 4366 640 4428 solitus,
660 4365 745 4418 modu
756 4366 859 4417 cubare
868 4363 921 4415 sub
932 4378 976 4424 ea,
1027 4365 1195 4419 vinciantur.
1225 4366 1362 4421 Sacerdos
1374 4367 1494 4419 candida
1504 4371 1581 4418 veste
1598 4365 1689 4418 cultus
1700 4367 1828 4421 arborem

166 4432 977 4559 illilllhlilt‘l,litillilitflmlll
1027 4433 1634 4567 :tilhlilttli‘litlbllltili
1648 4436 1829 4559 {leitil

168 4522 287 4629 qqtqm
298 4573 423 4643 singulas
430 4520 635 4642 ιιιιιςιίιιιιίιιίι
648 4536 802 4628 visendast,
817 4570 974 4640 silvamque
1027 4518 1108 4626 sufim
1130 4573 1232 4627 donum
1248 4574 1316 4629 deus
1331 4589 1494 4642 prosperum
1511 4573 1599 4627 iaciat
1615 4520 1659 4627 his
1669 4542 1827 4644 quibusde-

169 4646 233 4698 sula
242 4643 319 4697 iacit.
1027 4643 1109 4697 derit.
1121 4643 1352 4699 Fuecunditatem
1365 4657 1398 4697 eo
1410 4648 1477 4714 potu
1490 4644 1552 4697 dari
1563 4646 1715 4713 cuicunque
1725 4646 1828 4699 animu-

204 4714 291 4766 Xcll.
308 4711 401 4766 Edere
415 4711 511 4767 necari
528 4710 645 4765 arbores
663 4717 769 4764 certum
786 4714 838 4763 est.
875 4706 975 4763 Simile
1025 4714 1093 4766 lium
1110 4714 1200 4768 sterili
1212 4716 1401 4768 arbitrantur:
1424 4720 1523 4769 contra
1539 4729 1645 4767 tenena
1661 4717 1755 4769 omnia
1766 4731 1827 4770 esse

171 4782 306 4849 quiddam
317 4789 346 4836 et
356 4782 385 4835 in
395 4784 487 4837 risco:
508 4782 623 4834 tametsi
633 4782 785 4834 tardiorem
796 4794 892 4832 earum
905 4780 975 4831 iniu·
1027 4783 1160 4836 remedio.
1175 4785 1268 4839 Tanta
1279 4788 1400 4855 gentium
1411 4785 1442 4837 in
1453 4785 1535 4840 rebus
1544 4783 1653 4838 intulis
1664 4785 1827 4855 plerumque

170 4852 244 4904 riam
264 4852 446 4904 arbitrantur:
474 4866 592 4919 namque
615 4857 644 4904 ct
663 4849 717 4903 hoc
736 4855 848 4918 praeter
867 4849 975 4901 tructus
1026 4852 1127 4922 religio
1138 4859 1190 4906 est.

170 4924 330 4989 agnoscitur
351 4936 406 4974 nun
425 4920 455 4973 in
476 4920 635 4976 noninimis
653 4921 795 4978 mirabile.
831 4916 973 4986 Quaedam
