4340 6018
343 336 404 399 154
490 334 524 396 C.
560 326 711 396 Pthll
746 319 951 391 sacham
982 314 1151 383 NATUR.
1187 311 1373 403 illsroqrt.
1406 310 1567 372 blB.Xl.
1596 310 1694 372 CAP.
1717 308 1848 372 ott-7⁴.

341 485 386 539 Dc
395 499 579 555 purpurarum
589 482 688 551 linguis
700 478 828 541 diximus.
843 474 930 528 Ranis
942 472 1033 542 prima
1044 466 1141 553 cohae·

340 562 402 620 ret,
422 556 522 608 intima
531 555 659 607 absoluta
675 554 831 615 aguttura,
853 560 907 614 qua
920 557 1015 599 rocem
1024 544 1142 591 mittunt

340 640 444 690 mares,
454 640 516 676 cum
527 629 662 674 vocantur
673 618 847 684 ololygones.
883 613 963 666 State
973 611 1003 663 id
1014 616 1141 676 tempore

342 696 443 756 evenit,
456 691 591 745 cientibus
601 689 636 740 acl
646 686 751 737 coitum
762 684 889 736 feminus.
921 683 992 734 'l'unr
1003 679 1141 746 siquidem

340 764 473 818 interiere
491 761 569 812 labro
590 756 721 818 demisso,
740 755 774 806 ad
797 754 994 804 libramentum
1016 748 1141 800 modicae

341 834 567 902 aqueereceptac
578 824 730 887 iussuros,
751 822 904 891 palpitante
915 821 956 871 ibi
970 819 1067 887 lingua
1077 815 1141 868 ulu-

339 903 415 955 latus
427 896 545 950 elicitur.
580 896 659 945 'i'unc
669 894 777 945 extenti
795 893 943 943 buccarum
958 890 1036 940 sinus
1051 886 1142 954 periu-

340 976 413 1029 cent,
423 965 496 1018 oculi
507 964 626 1031 llagrant
634 963 730 1015 labore
741 960 873 1027 propulsi.
893 961 998 1022 Quibus
1009 960 1037 1008 in
1048 961 1141 1022 poste·

339 1037 409 1090 riori
429 1041 509 1102 parte
528 1032 628 1094 aculei,
649 1032 684 1082 iis
703 1037 731 1082 et
745 1030 842 1082 dentes
859 1035 887 1081 et
898 1028 1002 1095 lingua.
1038 1024 1141 1091 Apibus

339 1106 426 1159 etiam
437 1102 599 1171 praelongo,
610 1103 731 1153 eminens
742 1106 770 1151 et
781 1098 893 1150 cicadis.
908 1097 1015 1158 Quibus
1026 1094 1142 1146 aculeus

338 1177 368 1227 in
379 1188 427 1226 ore
438 1172 590 1232 listulosus,
600 1170 636 1220 iis
646 1184 696 1221 nec
707 1168 811 1235 lingua,
822 1183 874 1219 nec
885 1166 993 1219 dentes.
1023 1161 1142 1225 Quibus-

339 1243 403 1296 ianr
413 1241 528 1294 insectis
538 1242 613 1291 intus
625 1237 728 1306 lingua,
740 1244 771 1287 ut
781 1236 916 1287 formicis.
944 1235 1072 1285 Ceterum
1084 1231 1143 1281 lata

339 1312 489 1379 elephanto
498 1307 654 1429 qraecipue.
684 1305 809 1372 Reliquis
822 1305 850 1355 in
860 1318 912 1354 suo
923 1315 1026 1369 genere
1035 1312 1142 1366 semper

339 1380 480 1434 absoluta:
521 1375 608 1428 omini
621 1381 728 1426 tantum
745 1375 787 1426 ita
797 1388 880 1440 saepe
891 1371 1043 1424 constricta
1053 1368 1141 1430 renis,

340 1458 373 1502 ut
387 1446 517 1503 intercidi
538 1460 585 1497 eas
608 1459 725 1496 necesse
740 1443 786 1495 sit.
822 1441 967 1495 Metellum
980 1436 1141 1490 Pontificem

338 1519 409 1573 adeo
418 1514 613 1583 inexplanatae
623 1512 710 1566 lmese
726 1511 895 1579 accepimus,
917 1507 1054 1560 utmultis
1065 1521 1140 1559 men·

338 1588 416 1641 sibus
426 1592 518 1638 tortus
534 1582 681 1646 credatur,
701 1581 766 1633 dum
777 1581 928 1633 meditatur
941 1581 970 1631 in
988 1574 1141 1629 dedicanda

338 1656 408 1710 aede
417 1655 485 1721 opis
494 1668 559 1705 vere
570 1652 671 1704 dicere.
709 1651 818 1703 Ceteris
832 1649 951 1715 septimo
969 1645 1057 1699 ferme
1069 1659 1141 1697 anno

337 1739 492 1779 eeruronem
503 1722 641 1789 exprimit.
677 1719 778 1771 Multis
789 1734 856 1771 reru
868 1719 934 1770 talis
947 1716 1007 1770 eius
1017 1731 1063 1767 ars
1075 1730 1141 1766 con-

336 1796 470 1862 tingit,ut
479 1794 569 1845 arium
582 1797 611 1843 et
623 1788 783 1841 animalium
794 1789 871 1841 rocis
882 1787 1032 1839 indiscrete
1043 1783 1143 1836 edatur

307 1920 315 1943 κ
336 1863 469 1916 imitatio.
504 1859 670 1915 intellectus
687 1874 819 1926 saporum
837 1863 880 1911 cst
896 1856 997 1910 ceteris
1013 1857 1040 1905 in
1052 1854 1143 1921 prima

335 1928 841 2059 Ιιῃᾶἀῦἷῖοῃὶἔιῗιιιιθίἳίιιιιὶιρῗιιιαῗιιιὶιιι,
862 1996 892 2047 in
911 2011 960 2048 sue
982 1991 1141 2061 glandulae.

338 2069 418 2136 Quod
430 2072 505 2123 iuter
514 2084 571 2131 eas,
582 2084 653 2123 urae
664 2069 786 2130 nomine,
806 2066 906 2117 ultimo
918 2063 1055 2131 dependet
1066 2062 1143 2130 pala·

338 2153 381 2204 to,
390 2138 495 2192 homini
506 2144 612 2191 tantum
624 2144 675 2191 est.
694 2136 751 2189 Sub
764 2152 798 2189 ea
809 2136 899 2187 minor
910 2134 1010 2202 lingue,
1022 2132 1141 2200 epiglos·

337 2212 379 2263 sis
391 2209 542 2277 appellata,
553 2207 624 2260 nulli
636 2221 689 2258 oua
700 2206 899 2274 generantium.
921 2205 1013 2269 Opera
1023 2202 1083 2254 eius
1095 2214 1149 2267 ge>

337 2280 427 2341 mina,
443 2278 549 2330 duabus
570 2277 755 2342 interpositae
765 2276 876 2327 tistulis.
914 2272 1034 2327 interior
1045 2285 1142 2324 carum

337 2365 356 2401 a
376 2348 495 2415 pellatur
506 2347 619 2409 arteria,
626 2345 660 2397 ad
671 2345 831 2412 pulmonem
842 2351 923 2411 atque
935 2341 1141 2410 corpertinens.

369 2433 421 2469 nnc
442 2418 535 2484 operit
555 2416 585 2467 in
607 2414 756 2482 epulando,
777 2431 812 2467 ne
826 2413 926 2480 spiritu
943 2427 976 2465 ae
992 2426 1059 2463 voce
1075 2408 1143 2460 illac

337 2491 457 2548 meante,
474 2486 500 2536 si
511 2491 593 2551 potus
604 2486 716 2535 cibusve
726 2484 754 2534 in
764 2483 884 2536 alienum
897 2480 1038 2534 deerrarit
1048 2479 1143 2531 mami-

337 2563 403 2618 ten,
416 2561 554 2623 torqueat.
579 2553 675 2605 Altera
686 2553 811 2605 exterior
821 2551 980 2619 appelletur
990 2564 1057 2601 sane
1067 2548 1142 2618 gula,

338 2639 393 2693 qua
402 2625 480 2676 cibus
492 2630 576 2688 atque
588 2628 670 2688 potus
682 2621 842 2674 devoratur.
853 2622 957 2673 Tendit
968 2618 1036 2671 haec
1044 2619 1143 2670 adsto·

337 2692 475 2757 maehum,
486 2691 557 2743 isad
565 2698 699 2743 ventrem.
734 2693 817 2744 lianc
826 2706 876 2758 per
885 2692 959 2743 vices
969 2689 1068 2757 operit,
1080 2703 1143 2739 cnm

337 2763 452 2832 spiritus
463 2768 570 2814 tantum
582 2766 696 2813 autres
706 2768 854 2826 commeat,
874 2776 908 2813 ne
918 2760 1091 2829 restagnatio
1104 2758 1144 2809 in·

336 2832 504 2899 tempestiva
519 2831 577 2883 alvi
592 2833 746 2898 obstrepat.
781 2834 825 2884 Ex
840 2830 1007 2899 cartilagine
1021 2832 1050 2882 et
1061 2842 1143 2881 carne

338 2902 451 2963 arteria,
462 2901 527 2968 goba
537 2914 622 2953 nervo
637 2906 666 2952 ct
676 2914 759 2952 carne
771 2907 891 2952 constat.

372 2970 485 3023 vall.
504 2971 604 3022 Cerrix
614 2969 694 3030 nulli,
704 2969 756 3019 nisi
767 2971 867 3036 quibus
879 2974 994 3034 utraque
1006 2963 1083 3017 haec.
1095 2965 1144 3016 Ce-

338 3039 407 3091 teris
420 3036 531 3099 collum,
544 3038 644 3103 quibus
655 3043 763 3088 tanturn
775 3039 850 3103 gula.
862 3035 917 3087 Sed
929 3037 1029 3101 quibus
1041 3032 1143 3093 cervix,

339 3105 461 3158 emultis
476 3104 696 3169 vertebratisque
715 3104 890 3155 orbiculatim
907 3101 1017 3151 ossibus
1032 3100 1143 3160 flexilis,

339 3175 375 3225 ad
387 3171 815 3238 circumspectum,articulorum
827 3168 908 3219 nodis
918 3168 1051 3232 iungitur.
1073 3167 1144 3217 Leo·

339 3241 368 3297 al
377 3249 496 3302 turrium,
506 3246 535 3291 et
546 3240 625 3306 lupo,
637 3245 666 3289 et
676 3238 811 3303 hyaenae,
832 3251 866 3289 ca
877 3236 994 3302 singulis
1004 3234 1143 3300 rectisque

341 3313 450 3367 ossibus
461 3311 563 3378 rigens.
589 3309 689 3360 Cetero
700 3306 797 3372 spinae
808 3305 973 3366 annectitur,
983 3302 1064 3370 spina
1073 3301 1143 3354 lum·

339 3383 392 3446 bis,
402 3395 495 3433 ossea:
515 3377 565 3430 sed
578 3377 661 3429 tereti
671 3382 823 3439 structura,
843 3390 892 3443 per
903 3374 995 3427 media
1005 3370 1145 3424 foramina

339 3469 358 3506 a
368 3451 484 3504 cerebro
495 3446 619 3499 medulla
629 3444 822 3498 descendente.
854 3443 979 3496 Eandem
990 3456 1050 3494 esse
1061 3443 1085 3495 ei
1099 3457 1144 3493 na·

338 3530 441 3581 turena,
453 3532 532 3583 quam
545 3516 668 3578 cerebro,
691 3515 839 3583 colligunt:
860 3516 987 3581 quoniam
999 3511 1145 3578 praetenui

341 3590 401 3643 eius
411 3585 573 3638 membrana
582 3583 665 3634 modo
676 3585 763 3635 incisa
773 3585 868 3635 statim
879 3582 1043 3648 exspiretur.
1079 3580 1144 3641 Qui·

340 3659 392 3710 bus
405 3655 593 3721 lungacrura,
617 3651 652 3701 iis
664 3650 879 3719 lougaetcolla.
914 3653 984 3703 lteru
994 3650 1144 3716 aquaticis,

341 3718 956 3794 quamvisbreviacrurahabentibusssimili
965 3719 1145 3772 modouncos

399 3808 458 3845 ues.

340 3810 500 3916 unlgrlililll.
519 3858 625 3912 Guttur
644 3858 750 3912 honrisi
770 3864 891 3922 tanturn,
911 3864 940 3912 et
954 3858 1050 3910 suibus
1069 3857 1143 3911 intu-

340 3931 456 3994 mescit,
485 3944 618 3996 aquarum
638 3945 709 3996 quae
731 3935 864 3996 potantur
882 3929 1045 3997 plerumque
1063 3927 1144 3978 rain.

341 4003 484 4057 Summum
494 3998 578 4067 gulae
589 3998 685 4051 raaces
704 4005 853 4061 vocantur,
876 4006 1030 4051 extremum
1042 4001 1144 4047 stoura-

340 4071 415 4127 chus.
452 4070 515 4122 Hoc
525 4068 636 4120 nomine
648 4075 692 4121 est
702 4072 752 4122 sub
764 4069 871 4122 arteria
888 4070 946 4121 iam
957 4080 1075 4119 carnosa
1084 4065 1144 4116 ina·

339 4143 414 4196 nitas
427 4138 534 4193 adnexa
545 4138 659 4205 spinae,
676 4145 705 4192 ct
716 4138 862 4191 latitudine
874 4154 907 4191 ac
917 4134 1093 4204 longitudine
1104 4135 1144 4185 la-

341 4225 429 4266 cunae
440 4209 523 4262 modo
534 4205 606 4260 lrrsa.
623 4208 729 4270 Quibus
742 4207 836 4261 lauces
846 4223 903 4260 non
913 4213 986 4267 suut,
996 4219 1029 4257 ne
1039 4210 1143 4255 stoma·

341 4279 409 4333 chus
420 4280 530 4346 quidem
542 4285 595 4342 est,
616 4294 668 4331 nec
680 4277 764 4342 colla,
784 4292 835 4330 nec
848 4284 959 4344 guttur,
975 4281 1005 4326 ιιι
1015 4274 1144 4355 piscibus,

341 4354 371 4400 et
381 4362 432 4399 ora
442 4349 587 4399 uentribus
599 4347 761 4417 iunguntur.
797 4346 945 4399 Testudiui
960 4358 1086 4396 nrarrnae
1096 4343 1145 4394 lin·

380 4415 491 4478 anulla,
504 4417 673 4470 necdentes:
695 4417 779 4469 rostri
790 4417 850 4470 acie
866 4413 1031 4468 comminuit
1041 4412 1146 4465 omnia.

365 4488 443 4537 ostea
459 4487 563 4537 arteria
580 4492 609 4537 et
624 4486 785 4540 stomachus
805 4485 993 4539 denticulatus
1013 4482 1096 4543 callo,
1116 4483 1145 4533 in

342 4551 455 4605 modum
467 4553 542 4611 rubi,
562 4552 597 4603 ad
610 4556 793 4609 conficiendos
805 4557 897 4618 cibos,
918 4552 1145 4608 decrescentibus

343 4620 449 4680 crenis.
472 4619 606 4686 quidquid
627 4628 831 4694 appropinquat
850 4624 952 4678 ventri.
990 4621 1146 4677 Novissima

343 4690 488 4760 asperitas,
498 4697 528 4740 ut
537 4688 652 4741 scobina
664 4692 745 4745 labri.

379 4758 478 4811 bxlx.
498 4758 553 4808 Cor
571 4757 737 4810 animalibus
759 4761 859 4814 ceteris
873 4761 901 4813 in
926 4761 1019 4814 medio
1034 4766 1146 4827 pectore

344 4824 515 4885 estahornini
528 4831 635 4877 tantum
647 4827 720 4879 inira
730 4828 836 4882 laevam
849 4830 991 4897 papillam,
1000 4829 1145 4883 turbinato

344 4910 477 4948 mucrona
487 4895 516 4945 in
526 4896 623 4962 priora
634 4898 766 4949 eminens.
783 4897 909 4950 Piscibus
918 4900 988 4951 solis
998 4899 1034 4950 ad
1045 4913 1077 4950 os
1087 4912 1147 4964 spe·

344 4973 422 5021 ctat..
434 4964 497 5016 Hoc
526 4965 626 5016 rimum
639 4967 815 5021 nascentibus
826 4965 943 5020 formari
954 4969 983 5020 in
994 4974 1075 5021 utero
1087 4974 1145 5019 tra·

345 5035 428 5087 duntr
438 4980 537 5086 deinde
548 5035 697 5095 cerebrum,
708 5036 782 5087 sicut
792 5036 951 5090 tardissime
963 5038 1068 5091 oculos.
1091 5035 1146 5089 Sed

345 5103 395 5155 hos
406 5103 523 5171 primum
536 5102 632 5165 emori,
643 5118 691 5155 cor
701 5105 861 5156 norbsinre.
896 5108 971 5159 lluic
981 5109 1146 5175 praecipuus

345 5174 431 5227 calor.
466 5170 591 5238 Palpitat
602 5179 691 5234 certe,
711 5183 740 5224 et
750 5177 834 5241 quasi
842 5174 960 5227 alterum
970 5183 1097 5229 movetur
1107 5176 1149 5227 in·

344 5250 389 5295 tra
398 5240 512 5305 animal,
527 5240 675 5307 praemolli
686 5241 820 5309 muroque
832 5251 959 5309 opertum
971 5247 1148 5299 membranae

344 5311 507 5372 involucro,
528 5310 665 5362 munitum
677 5318 818 5364 costarum
831 5319 861 5364 et
870 5314 992 5380 pectoris
1003 5331 1098 5378 muro,
1116 5322 1149 5367 ut

345 5382 436 5448 pariat
465 5379 624 5446 raecipuam
635 5381 711 5434 ritae
724 5395 835 5434 causam
845 5392 875 5434 et
886 5383 1030 5449 originem.
1054 5384 1150 5437 Prima

346 5395 488 5501 domicifia
497 5450 608 5503 intrase
619 5450 711 5504 aninro
722 5457 750 5504 et
760 5450 887 5518 sangnini
899 5452 1023 5518 praebet,
1034 5455 1148 5507 sinuoso

345 5531 439 5584 specu,
459 5518 523 5569 etin
536 5519 644 5588 magnis
653 5519 820 5574 animalibus
832 5519 945 5588 triplici,
966 5521 995 5572 in
1005 5524 1083 5576 nullu
1094 5539 1149 5575 non

346 5586 473 5652 gemino:
485 5586 524 5638 ibi
534 5602 611 5642 meus
622 5586 738 5643 habitat.
775 5590 818 5643 Ex
830 5588 884 5644 hcc
893 5590 974 5643 fonte
985 5589 1057 5645 duae
1067 5606 1151 5659 gran-

1193 465 1339 518 desrenae
1357 462 1494 531 inpriore
1510 466 1539 513 et
1556 467 1636 528 terga
1651 460 1826 525 discurrunt,
1846 475 1999 530 sparsaque

1194 548 1335 588 ramorum
1347 535 1429 593 serie,
1449 545 1500 598 per
1511 528 1581 581 alias
1592 533 1714 582 minores
1727 530 1855 582 omnibus
1866 532 1998 584 membris

1192 603 1308 657 sitalem
1318 602 1481 671 sanguinem
1498 599 1601 666 rigent.
1639 599 1734 652 Solum
1749 595 1803 651 hoc
1813 600 1949 652 uiscerum
1959 600 1999 651 ri·

1193 672 1241 727 tiis
1250 688 1305 725 non
1316 678 1490 734 maceratur,
1510 668 1797 736 necsupplieiavitae
1814 668 1918 721 trabit:
1939 670 1997 723 lae·

1193 758 1309 809 sumque
1319 740 1525 794 mortemiliico
1537 737 1629 791 allert.
1667 738 1774 791 Ceteris
1786 739 1939 806 corruptis,
1956 740 1997 790 ri·

1193 814 1291 865 talitas
1301 812 1330 862 iu
1340 810 1423 863 corde
1435 809 1526 861 durat.

1228 881 1314 934 LXX.
1333 880 1422 931 Bruta
1433 878 1632 931 existimantur
1641 875 1814 941 animalium,
1835 876 1996 947 quibusdu-

1193 967 1254 1003 rum
1265 951 1353 1018 riget:
1365 948 1491 1010 audacia,
1503 946 1603 1014 quibus
1614 960 1729 1013 parrum
1742 953 1798 998 est:
1819 946 1929 1014 parida,
1940 948 1999 1014 qul-

1193 1023 1245 1073 bus
1254 1017 1437 1087 praegrande.
1473 1016 1627 1068 ltlasimum
1640 1023 1734 1067 autem
1747 1022 1790 1067 aet
1801 1020 1930 1082 portione
1940 1030 1999 1068 nru-

1194 1089 1281 1152 ribus‚
1292 1087 1390 1155 lepori,
1401 1086 1488 1148 asino,
1499 1099 1591 1146 cerro,
1602 1084 1763 1152 pantherae,
1770 1086 1907 1150 mustelis,
1916 1086 1999 1153 hyae-

1195 1159 1246 1219 nis,
1256 1166 1284 1208 et
1294 1156 1421 1207 omnibus
1430 1154 1548 1215 timidis,
1559 1160 1731 1220 autpropter
1742 1164 1844 1208 metum
1855 1155 1997 1207 malelicis.

1194 1226 1224 1277 lu
1235 1223 1428 1292 Paphlagonia
1443 1224 1511 1274 bina
1521 1222 1679 1289 perdicibus
1689 1223 1783 1276 corda.
1819 1226 1850 1276 ln
1865 1238 1998 1293 equorum

1194 1294 1278 1348 corde
1288 1301 1316 1345 et
1327 1295 1412 1344 boum
1424 1307 1488 1344 ossa
1499 1293 1677 1359 reperiuntur
1687 1292 1837 1345 interdum.
1855 1295 1956 1360 hogeri
1967 1293 1998 1345 id

1194 1362 1387 1431 persingulas
1404 1362 1537 1414 annoslu
1555 1359 1681 1425 homine,
1702 1377 1736 1414 ac
1754 1363 1833 1414 binas
1853 1362 1998 1416 drachmas

1195 1433 1328 1501 ponderis
1346 1431 1381 1483 ad
1396 1429 1657 1499 quinquagesimum
1675 1430 1824 1484 accedere:
1846 1433 1881 1484 ab
1898 1447 1931 1484 eo
1948 1432 1997 1485 de·

1194 1501 1269 1555 trahi
1279 1501 1454 1563 tantundem,
1476 1507 1504 1553 ct
1518 1499 1584 1553 ideo
1597 1514 1651 1552 non
1667 1502 1761 1554 virere
1773 1500 1912 1553 huminem
1924 1503 2000 1554 ultra

1194 1573 1373 1626 centesimum
1391 1584 1491 1623 annum
1504 1569 1616 1623 deiectu
1633 1570 1741 1632 cordis,
1761 1571 1892 1638 Aegyptii
1904 1571 2000 1623 existi·

1195 1649 1287 1705 urant,
1307 1640 1407 1710 quibus
1418 1655 1478 1692 uros
1490 1648 1533 1692 est
1543 1639 1681 1693 cadavera
1698 1654 1841 1692 asseruere
1851 1640 1999 1693 medicata.

1196 1712 1280 1763 llirto
1291 1710 1375 1762 corde
1385 1710 1465 1778 gigni
1476 1710 1609 1776 quosdam
1622 1708 1745 1762 homines
1756 1710 1896 1777 proditur,
1911 1724 2001 1778 neque

1196 1781 1266 1834 alios
1287 1779 1419 1831 tortiores
1438 1794 1500 1831 esse
1520 1778 1676 1844 industria,
1705 1779 1777 1829 sicut
1796 1779 2000 1832 Aristomenem

1195 1850 1379 1912 Messeniam,
1399 1849 1447 1916 qui
1458 1849 1524 1901 CCC
1539 1848 1643 1901 occidit
1655 1847 1899 1900 Lacedaemonios.
1937 1849 2002 1915 lpse

1196 1919 1408 1972 convulneratus
1420 1924 1449 1970 et
1459 1923 1572 1986 eaptus,
1592 1918 1678 1971 semel
1690 1931 1740 1984 per
1750 1930 1893 1969 cavernam
1904 1916 1999 1969 lautu·

1195 1991 1313 2040 mierum
1326 1989 1562 2056 erasit,angustos
1572 1987 1694 2054 vulpium
1707 1986 1799 2038 aditus
1810 1993 1933 2038 secutus.
1946 1986 2000 2039 lte·

1195 2073 1254 2109 rum
1266 2064 1373 2125 captus,
1393 2059 1492 2125 sopitis
1503 2056 1664 2111 eustodibus
1676 2070 1787 2117 somno,
1807 2056 1842 2107 ed
1852 2056 1944 2124 ignem
1954 2055 2002 2106 ad-

1195 2128 1306 2179 uolutus
1317 2128 1381 2180 lora
1391 2143 1452 2179 cum
1465 2141 1580 2194 corpore
1592 2126 1707 2179 exussit.
1744 2126 1843 2177 ‘l'ertio
1856 2132 1938 2192 capto
1948 2125 2001 2176 La-

1197 2197 1373 2249 cedaemonii
1394 2203 1489 2265 pectus
1500 2197 1660 2250 dissecuere
1674 2194 1789 2258 uirenti,
1807 2193 2002 2263 hirsutumque

1195 2283 1245 2320 cor
1255 2273 1396 2334 repertum
1407 2273 1459 2319 est.

1232 2336 1334 2389 Lxxl.
1353 2336 1384 2388 ln
1396 2336 1480 2389 corde
1491 2351 1599 2390 summo
1615 2335 1784 2406 pinguitudo
1800 2342 1845 2388 est
1857 2333 2002 2403 quaedam,

1195 2405 1279 2458 laetis
1300 2406 1382 2458 estis.
1419 2406 1481 2458 Non
1497 2422 1607 2474 semper
1623 2415 1718 2461 autem
1732 2409 1763 2459 in
1784 2412 1862 2473 parte
1874 2413 2002 2458 extorum

1195 2475 1321 2528 habitum
1332 2482 1384 2528 est.
1399 2475 1432 2528 1..
1443 2475 1588 2529 Postumio
1599 2477 1696 2529 Albino
1707 2492 1775 2545 rege
1786 2489 1927 2527 sacrorum
1937 2480 2001 2541 post

1196 2547 1375 2598 centesimam
1398 2546 1560 2599 vicesimam
1580 2554 1688 2599 sextam
1709 2546 1916 2615 Olympiadem,
1938 2557 2002 2594 cum

1195 2630 1245 2666 rex
1252 2612 1376 2683 Pyrrhus
1387 2629 1421 2666 ex
1432 2614 1514 2667 ltalia
1524 2615 1707 2679 discessisset,
1716 2631 1765 2668 cor
1776 2616 1805 2666 in
1817 2612 2000 2678 extisarospi·

1196 2699 1242 2736 ces
1253 2685 1390 2751 inspicere
1407 2692 1566 2752 coeperunt.
1604 2686 1715 2738 Caesari
1732 2684 1863 2737 dictatori
1880 2697 1933 2750 quo
1953 2680 2002 2733 die

1196 2754 1317 2820 primum
1327 2761 1404 2806 reste
1415 2769 1555 2822 purpurea
1566 2755 1718 2821 processit,
1736 2760 1820 2821 atque
1832 2757 1860 2804 in
1872 2752 1944 2805 sella
1953 2765 2002 2802 au·

1196 2838 1246 2875 rea
1254 2822 1335 2885 sedit,
1348 2824 1516 2875 sacrificanti
1526 2824 1570 2874 bis
1581 2825 1608 2875 in
1621 2826 1694 2875 extis
1705 2823 1803 2875 deluit.
1833 2821 1911 2875 Unde
1922 2833 2003 2889 quae·

1196 2894 1252 2943 stio
1264 2907 1366 2959 magna
1377 2893 1413 2944 de
1428 2892 1597 2943 divinatione
1612 2891 1886 2958 argumentantibus,
1906 2898 2004 2961 potue·

1195 2961 1269 3012 ritne
1290 2962 1349 3010 sine
1364 2960 1423 3011 ullo
1437 2960 1543 3011 viscere
1560 2957 1652 3010 hostia
1672 2961 1778 3020 vivere,
1799 2974 1835 3009 an
1847 2959 1883 3011 ad
1893 2967 2004 3025 tempus

1197 3029 1331 3079 amiserit.
1358 3027 1485 3093 Nugatur
1495 3026 1614 3076 rreurari
1624 3040 1706 3092 posse
1716 3028 1743 3075 in
1754 3026 1800 3087 iis,
1811 3028 1862 3092 qui
1874 3028 2004 3079 cardiaco

1197 3097 1294 3146 morbo
1305 3093 1437 3144 obierint:
1448 3101 1569 3158 negatur
1579 3099 1607 3144 et
1617 3108 1723 3146 veneno
1734 3094 1898 3145 interemtis.
1921 3097 2005 3147 Certe

1197 3169 1289 3213 exstat
1299 3162 1393 3211 oratio
1404 3160 1528 3222 vitellii,
1550 3177 1690 3229 quereum
1701 3162 1833 3215 Pisonem
1843 3164 1904 3215 eius
1913 3162 2002 3215 scele-

1196 3232 1236 3282 ris
1249 3228 1443 3295 courguit,hoc
1453 3238 1704 3300 ususargumento:
1716 3231 1864 3299 palamque
1872 3237 2003 3297 testatos,

1197 3315 1251 3351 nnn
1270 3299 1395 3366 potuisse
1415 3300 1451 3351 oh
1473 3315 1607 3353 venenum
1627 3316 1677 3354 eor
1696 3301 1856 3355 Germanici
1875 3302 2003 3355 Caesaris

1196 3369 1324 3423 memori.
1360 3369 1467 3422 Contra
1476 3385 1579 3438 genere
1590 3371 1683 3423 morbi
1691 3370 1822 3425 defensus
1833 3376 1876 3423 est
1886 3370 1958 3424 Piso.

1231 3439 1345 3491 Lxxll.
1364 3438 1423 3490 Sub
1444 3454 1477 3491 co
1499 3439 1596 3507 pulmo
1612 3448 1666 3506 est,
1688 3441 1869 3508 spirandique
1884 3439 2003 3504 omnus,

1197 3509 1342 3562 attrahens
1353 3524 1386 3561 ac
1396 3508 1513 3561 reddens
1524 3511 1657 3575 animam,
1667 3510 1773 3564 idcirco
1783 3511 1958 3578 spongiosos,
1968 3523 2003 3563 ac

1198 3579 1299 3630 tistulis
1315 3579 1443 3631 inanibus
1459 3594 1550 3631 covus.
1588 3580 1758 3633 Paucorum
1776 3585 1819 3643 (ut
1834 3580 1936 3632 dictum
1947 3583 2001 3643 est)

1197 3646 1301 3700 hahent
1310 3649 1456 3714 aquatilia.
1491 3650 1528 3699 lit
1539 3655 1635 3701 cetera
1645 3665 1700 3702 ora
1710 3649 1851 3717 parientia
1862 3650 2001 3717 exiguum,

1199 3731 1369 3783 spumosum,
1386 3732 1436 3768 nec
1446 3717 1642 3785 sanguineum:
1661 3718 1724 3771 ideo
1736 3718 1909 3771 nonsitiunt.
1945 3717 2000 3770 lia·

1198 3786 1259 3839 dem
1271 3791 1314 3836 est
1325 3800 1425 3848 eausa,
1447 3801 1532 3852 quare
1541 3786 1593 3837 sub
1605 3801 1676 3855 aqua
1697 3787 1744 3841 diu
1755 3803 1841 3841 ranae
1853 3795 1883 3841 et
1896 3787 2001 3854 phocae

1198 3856 1351 3907 urinantur.
1387 3855 1513 3907 'lectudo
1525 3871 1645 3925 quoque,
1663 3859 1789 3927 quamvis
1800 3855 2003 3928 praegrandem

1198 3931 1226 3977 et
1237 3925 1287 3975 sub
1299 3930 1360 3975 toto
1375 3929 1537 3991 tegumento
1552 3925 1654 3981 habeat
1662 3965 1671 3993 ,
1690 3929 1752 3982 siue
1764 3931 1899 3997 sanguine
1909 3935 2001 3981 tamen

1197 3992 1290 4047 habet.
1327 3996 1437 4057 Quanto
1447 3994 1539 4048 minor
1550 3996 1595 4049 hic
1610 3998 1788 4064 corporibus,
1809 4005 1889 4050 tauto
1901 3997 2003 4051 reloci-

1197 4070 1242 4185 tans
1253 4062 1351 4184 qraior.
1388 4062 1588 4120 Chamaeleoni
1598 4069 1729 4135 portione
1739 4068 1883 4133 maximus,
1894 4074 1922 4121 et
1933 4065 2002 4118 nibil

1197 4149 1252 4185 au
1284 4141 1368 4186 intus.

1230 4201 1356 4255 Lxxlll.
1375 4202 1456 4256 lecur
1464 4205 1493 4257 in
1506 4206 1606 4259 dextra
1618 4214 1699 4275 parte
1711 4214 1762 4261 est.
1788 4209 1819 4261 lu
1830 4223 1863 4261 eo
1875 4205 1949 4275 qnod
1960 4219 2003 4258 ca·

1196 4279 1247 4339 put
1258 4279 1386 4325 extorum
1399 4280 1508 4338 uocant,
1519 4292 1638 4345 magnae
1646 4279 1800 4330 uarietatis.
1815 4279 1855 4330 Μ.
1867 4274 2003 4329 Marcello

1198 4343 1411 4406 circumactam,
1421 4359 1481 4396 cum
1495 4347 1577 4411 periit
1587 4349 1621 4399 ab
1633 4349 1800 4411 Hannibale,
1821 4347 1910 4399 deluit
1920 4348 1946 4397 in
1958 4358 2004 4396 ex·

1197 4414 1242 4464 tis.
1264 4412 1400 4479 Sequenti
1409 4412 1509 4468 deinde
1521 4415 1566 4467 die
1576 4419 1716 4484 genuinum
1727 4424 1866 4484 repertum
1878 4420 1929 4467 est.
1950 4413 2005 4465 De·

1198 4481 1289 4535 fuitei
1300 4484 1330 4535 C.
1341 4482 1448 4546 Mario,
1469 4499 1532 4537 cunr
1555 4487 1714 4539 immolaret
1725 4487 1834 4537 Uticae:
1854 4484 1921 4533 item
1934 4483 2004 4535 Caio

1198 4552 1321 4619 principi
1332 4551 1453 4606 Kalend.
1463 4554 1611 4618 ianuariis,
1622 4571 1693 4609 ecum
1714 4554 1799 4606 iniret
1814 4549 2004 4614 consulatum,

1200 4636 1253 4687 quo
1274 4636 1345 4673 amre
1365 4622 1533 4674 interfectus
1555 4631 1610 4676 est:
1632 4622 1748 4675 Claudio
1764 4618 2004 4683 successorium,

1199 4706 1254 4756 quo
1275 4704 1370 4742 mense
1393 4691 1557 4742 interemtus
1578 4698 1622 4744 est
1636 4703 1750 4743 ueneno.
1787 4688 1859 4740 uiro
1873 4689 2004 4758 Augusto

1199 4758 1308 4825 Spoleti
1319 4758 1486 4811 sacrificanti
1497 4759 1588 4825 primo
1599 4761 1747 4827 potestatis
1757 4773 1824 4810 suae
1835 4756 1890 4820 dic,
1905 4773 1954 4812 sex
1964 4759 2004 4810 ri-

1200 4826 1625 4893 ctinrarunriecinorareplicata
1642 4828 1810 4880 intrinsecus
1821 4828 1856 4880 ab
1866 4827 1924 4880 ima
1933 4828 2004 4880 libra

1200 4902 1311 4963 reperta
1321 4901 1399 4946 sunt:
1413 4909 1638 4965 responsumque,
1650 4894 1854 4964 duplicaturum
1866 4896 1941 4949 intra
1950 4912 2003 4949 sn·

1199 4980 1265 5017 num
1276 4964 1432 5030 imperium.
1470 4965 1558 5030 Caput
1577 4972 1706 5020 ustorum
1724 4967 1816 5018 tristis
1827 4966 2002 5019 ostentieae·

1198 5048 1261 5086 sum
1271 5048 1381 5102 quoque
1392 5041 1444 5095 est,
1463 5040 1657 5103 praeterquam
1668 5037 1696 5087 lu
1707 5034 1894 5090 sollicitudine
1905 5052 1938 5089 ac
1947 5048 2003 5087 urc-

1199 5111 1244 5156 tu:
1255 5110 1321 5155 tunc
1331 5104 1404 5156 enim
1414 5104 1528 5170 perimit
1539 5120 1627 5158 curas.
1647 5106 1718 5158 Bina
1727 5107 1852 5159 iecinora
1861 5105 2005 5172 leporibus

1200 5174 1276 5228 circa
1283 5173 1420 5226 Briletum
1433 5179 1461 5224 et
1473 5172 1614 5239 'litamen
1624 5177 1690 5227 etin
1700 5175 1876 5229 Cherroneso
1888 5173 1923 5225 ad
1935 5174 2001 5225 l’ro·

1200 5243 1353 5314 pontidens.
1370 5241 1537 5311 Mirumquc,
1549 5245 1692 5298 translatis
1702 5246 1758 5298 alio
1768 5246 1865 5297 interit
1876 5244 2002 5295 altanum.

1237 5312 1364 5366 bxlssv.
1376 5312 1406 5362 ln
1417 5313 1515 5365 eodem
1526 5320 1569 5366 est
1580 5314 1690 5375 iel,non
1702 5316 1828 5367 omnibus
1838 5313 1933 5365 datum
1945 5310 2004 5363 ani·

1201 5382 1328 5435 malibus.
1347 5383 1379 5432 ln
1389 5379 1521 5435 Euboeae
1532 5381 1662 5437 Chalcide
1673 5385 1779 5438 nullum
1791 5383 1893 5451 pecori.
1907 5382 1937 5432 ln
1947 5378 2004 5433 Ns·

1201 5468 1237 5505 xo
1250 5449 1421 5520 praegrande
1431 5452 1634 5520 geminumque,
1653 5456 1685 5506 ut
1695 5453 1815 5522 prodigii
1823 5453 1886 5504 loeo
1897 5456 2003 5502 etrum·

1202 5538 1255 5590 quc
1265 5520 1398 5574 advenae.
1427 5521 1510 5588 Equi,
1521 5522 1689 5588 molimini,
1701 5525 1784 5586 cerui,
1794 5534 1919 5588 marcae,
1929 5517 2004 5584 apri,

1203 5590 1312 5653 cameli,
1323 5588 1457 5659 delphini,
1467 5606 1520 5645 nou
1533 5591 1641 5648 habent.
1660 5594 1781 5646 hierium
1791 5589 1878 5657 aliqui
1890 5585 1995 5640 habent
