4340 6018
358 338 417 397 iod
470 330 502 391 C.
544 326 694 388 PLlNll
738 324 943 386 SECUNDl
986 320 1155 383 Neruii.
1197 319 1388 383 HlSTOR.
1431 320 1622 382 elavit.
1665 319 1909 380 curmae.

351 486 407 538 lori
417 481 542 543 accedat,
552 480 626 533 inter
636 484 680 530 tot
688 474 820 528 Metellos
830 479 888 526 tani
900 473 1064 528 scelermam
1073 473 1101 523 C.
1109 472 1154 526 At·

353 555 414 606 tiuii
424 552 571 605 audaciam
582 561 690 613 semper
701 544 785 596 luisse
795 543 921 597 inultam.
1064 610 1070 621 ·

388 621 487 674 xcvi.
506 621 535 672 ln
554 617 625 668 Divo
648 629 755 680 qnoque
767 615 903 682 Augusto,
922 627 1002 679 quem
1024 623 1154 661 universa

352 691 509 743 mortalitas
520 689 547 738 iii
558 686 609 736 liae
620 698 736 735 censura
748 690 897 749 nuncupat,
915 683 939 732 si
951 681 1101 746 diligenter
1109 694 1154 731 ae·

351 761 497 812 stimentur
507 761 613 814 cuneta,
625 767 727 819 niagno
736 754 822 804 sertis
832 752 969 803 humanae
977 749 1155 816 reperiantur

352 829 501 881 volumina
515 822 672 889 Repulsain
685 821 844 889 magisterio
855 821 979 889 equitum
989 817 1155 886 apudarun·

351 899 451 957 euluin,
469 901 497 946 et
507 901 606 945 contra
616 893 778 958 petitionem
790 891 849 941 eius
860 889 1003 957 praelatus
1014 887 1152 955 Lepidus:

350 964 561 1035 proscriptionis
572 961 686 1024 invidia,
702 961 851 1027 collegium
863 961 891 1012 iii
903 959 1083 1011 triumviratu
1094 971 1154 1023 pes·

349 1035 483 1087 simoruiii
504 1031 620 1092 cisium,
641 1046 691 1082 iiec
711 1029 919 1101 aequalsaltem
939 1029 1084 1095 portione,
1105 1025 1154 1079 sed

348 1101 497 1173 praegravi
506 1103 640 1152 Antonio:
651 1098 822 1165 Philippensi
828 1098 936 1165 proelio
944 1100 1065 1157 morbus,
1077 1093 1155 1163 luga,

349 1182 377 1226 et
388 1173 483 1224 triduo
495 1171 524 1222 in
536 1167 637 1237 palude
648 1167 771 1234 aegroti,
792 1174 820 1218 et
839 1174 881 1231 (ut
895 1168 1020 1219 latentur
1030 1168 1154 1234 Agrippa

348 1250 377 1295 et
388 1243 549 1299 Maecenas)
566 1252 637 1304 aqua
651 1238 748 1288 subter
764 1242 854 1288 eutem
873 1236 937 1288 tusa
947 1235 1068 1303 turgidi,
1087 1237 1153 1287 late·

346 1313 399 1363 bra
409 1328 416 1361 ι
428 1307 577 1375 naufragia
586 1305 691 1368 Sicula,
702 1312 730 1357 et
740 1304 798 1357 alia
809 1306 848 1357 ibi
861 1320 970 1373 quoque
979 1304 1008 1355 in
1021 1305 1153 1372 spelunca

348 1379 510 1435 occultatio.
537 1378 595 1427 lam
606 1375 635 1425 iii
646 1374 738 1426 naroli
751 1373 819 1441 fuga
830 1383 946 1442 urgente
957 1372 1082 1428 hostiurn
1093 1389 1151 1426 nia·

346 1467 399 1513 uu,
420 1462 516 1518 preces
527 1444 672 1496 Proculeio
684 1443 782 1495 mortis
799 1441 942 1496 admotae:
964 1443 1151 1497 euraPerusi·

346 1536 400 1571 nae
411 1514 609 1570 contentionis:
630 1513 781 1565 solicitudo
793 1514 893 1564 Martis
904 1513 1025 1566 Actiaci:
1043 1513 1152 1567 Panno·

346 1590 417 1641 nicia
430 1585 512 1638 bellis
522 1586 602 1635 ruina
612 1599 627 1634 e
638 1585 719 1634 turri:
739 1590 783 1635 tot
792 1582 947 1635 seditiones
959 1584 1089 1648 militum,
1110 1588 1154 1635 tot

346 1657 483 1722 ancipites
504 1652 596 1704 morbi
616 1652 757 1719 corporis:
778 1659 907 1722 suspecta
926 1651 1056 1706 Marcelli
1072 1660 1152 1722 rota:

346 1725 619 1796 pudendaAgrippae
630 1721 783 1789 ablegatio:
794 1724 881 1775 toties
893 1724 984 1790 petita
994 1722 1103 1775 insidiis
1115 1722 1153 1774 ii·

345 1806 384 1858 ta‚
404 1795 547 1845 incusatae
558 1791 708 1844 liberorum
728 1797 847 1854 mortes,
868 1792 1015 1861 luctusque
1026 1808 1080 1844 noii
1091 1799 1152 1843 tan·

345 1874 404 1919 tum
425 1862 549 1915 orbitate
570 1862 681 1913 tristes:
703 1860 872 1913 adulterium
884 1862 975 1926 tiliae,
994 1869 1022 1914 et
1034 1862 1153 1913 consilia

344 1933 502 2004 parricidae
512 1932 605 1999 palam
620 1929 708 1982 tacta:
730 1931 948 1983 contumeliosus
966 1932 1087 2000 privigni
1099 1931 1153 1982 Ne·

344 2005 422 2058 nonis
434 2017 572 2055 secessus:
594 2000 671 2051 aliud
684 2003 775 2069 neptis
790 1999 978 2053 adulterium:
999 2001 1094 2052 iuncta
1105 1999 1151 2052 de·

345 2075 413 2127 iiide
423 2078 469 2124 tot
478 2070 566 2123 mala:
577 2069 673 2137 inopia
682 2068 825 2136 stipendii,
835 2070 954 2123 rebellio
966 2070 1082 2136 lllyrici,
1093 2084 1150 2121 ser·

345 2145 479 2196 vitiorum
491 2140 624 2201 delectus,
636 2138 920 2205 iuventutispennria,
931 2139 1150 2208 pestilentinUr·

346 2214 400 2277 bis,
410 2213 498 2264 fumes
508 2210 624 2275 sitisque
634 2208 747 2261 ltaliae:
770 2207 922 2261 destinatio
934 2209 1103 2276 exspirandi,
1124 2214 1152 2261 et

347 2281 486 2352 quatridui
497 2278 591 2332 inedia
602 2279 692 2332 maior
703 2293 767 2345 pars
778 2279 878 2331 mortis
889 2280 917 2330 in
926 2285 1152 2346 corpusreeepte.

345 2354 428 2405 luxta
438 2349 506 2402 haec
517 2347 638 2400 Variana
656 2347 766 2409 clades,
787 2355 815 2400 et
830 2348 984 2401 maiestatis
999 2349 1058 2401 eius
1070 2346 1153 2400 loeda

346 2421 503 2490 sugillatio,
513 2418 653 2470 abdicatio
666 2416 792 2470 Postumi
800 2419 940 2485 Agrippae
951 2424 1015 2485 post
1027 2417 1153 2484 adoptio·

345 2506 418 2552 nani,
429 2488 597 2541 desiderium
612 2493 676 2554 post
688 2486 899 2556 relegationem,
914 2488 980 2540 inde
990 2489 1112 2554 suspicio
1124 2485 1152 2536 iii

345 2559 472 2619 Fabium,
487 2572 706 2624 arcanorumque
717 2555 917 2622 proditionem:
939 2556 1004 2608 liiiio
1014 2559 1111 2608 uxoris
1123 2561 1152 2607 et

345 2627 454 2680 Tiberii
467 2625 662 2693 cogitationes,
672 2639 802 2691 suprema
812 2626 956 2678 eiuscura.
993 2626 1151 2687 lasumma,

345 2698 413 2751 deus
424 2697 483 2759 ille,
494 2696 666 2763 caelumque,
683 2695 776 2746 nescio
788 2695 907 2762 adeptus
918 2699 1015 2763 magis,
1026 2712 1061 2748 aii
1072 2695 1151 2747 meri-

343 2776 398 2829 tus,
410 2766 513 2819 herede
523 2764 613 2817 hostis
622 2765 667 2819 sui
678 2763 737 2815 lilio
749 2765 877 2818 excessit.

379 2835 494 2889 xcvii.
512 2834 674 2887 subeuntia
688 2830 739 2884 hac
749 2835 927 2900 reputatione
939 2832 1076 2902 Delphica
1087 2848 1150 2887 ora·

345 2905 498 2969 eula,i·elut
509 2904 545 2956 ad
556 2902 746 2970 castigandam
758 2901 899 2955 hominum
909 2906 1061 2956 vanitatem
1073 2903 1151 2956 adeo

345 2976 455 3029 emissa.
492 2973 555 3025 Duo
567 2978 632 3025 sunt
642 2970 724 3024 haee:
746 2970 881 3023 Phedium
892 2974 1093 3035 felicissimum,
1105 2973 1151 3039 qui

344 3060 395 3115 pro
407 3043 500 3110 patria
512 3045 638 3108 proxime
650 3041 835 3093 occubuisset.
853 3045 957 3095 lterum
970 3043 1074 3110 aGyge
1085 3057 1151 3108 rege

343 3124 411 3166 tunc
422 3112 592 3178 amplissimo
607 3116 743 3162 terrarum
759 3111 933 3174 consultum,
952 3112 1069 3178 Aglaum
1081 3110 1150 3163 Pso-

343 3182 468 3252 phidium
478 3195 538 3232 osse
547 3178 710 3231 feliciorem.
746 3179 845 3232 Senior
855 3180 901 3232 hic
912 3180 939 3230 iii
950 3180 1150 3247 angustissimo

345 3251 481 3307 Arcadiae
490 3250 592 3317 angulo
605 3264 719 3315 parrum
733 3284 741 3310 ,
763 3249 813 3301 sed
828 3249 926 3300 annuis
941 3248 1060 3301 victibus
1072 3249 1150 3316 large

345 3320 495 3382 sufficiens,
516 3318 661 3387 praedium
672 3319 790 3381 calebat,
812 3333 951 3385 nunquam
963 3333 996 3370 ox
1009 3332 1041 3369 eo
1054 3332 1149 3386 egres-

293 3416 298 3425 ,
344 3407 403 3444 siis:
415 3398 499 3458 atque
511 3396 554 3455 (ut
566 3406 581 3442 e
593 3390 669 3441 ritae
678 3404 780 3458 genere
787 3388 963 3439 manifestum
972 3389 1024 3454 est)
1036 3388 1152 3440 minime

347 3461 501 3527 cupiditate
512 3459 655 3511 minimum
668 3459 695 3508 iii
707 3459 765 3509 rita
776 3456 842 3508 mali
854 3464 994 3524 expertus.

380 3528 505 3580 XLVlll.
526 3527 713 3579 Consecratur
724 3535 767 3579 est
778 3527 856 3578 virius
866 3526 1043 3593 sentiensque
1055 3541 1151 3578 oracu-

345 3599 367 3649 li
378 3596 499 3648 eiusdem
511 3594 588 3644 iussu
599 3600 628 3644 et
643 3595 717 3644 loris
728 3596 843 3646 deorum
857 3595 956 3646 summi
967 3595 1152 3663 adstipulatu,

344 3662 504 3727 Butliynius
517 3670 610 3727 pycta,
630 3676 739 3727 semper
749 3663 898 3730 Olympiae
908 3666 1006 3725 rietur,
1025 3673 1053 3716 ct
1063 3664 1150 3717 semel

344 3732 444 3783 rictus.
480 3728 577 3780 Patria
586 3728 613 3780 ei
624 3728 710 3779 Locri
721 3730 748 3779 iii
760 3731 857 3784 ltalia:
872 3734 910 3784 ibi
922 3736 1071 3801 imaginem
1082 3734 1150 3795 eius,

345 3809 374 3853 et
381 3800 527 3865 Olympiae
537 3797 666 3859 alteram,
677 3797 775 3850 eadem
786 3799 831 3850 die
843 3807 945 3853 tactam
955 3802 1081 3865 fulmine,
1091 3803 1152 3855 Col·

344 3865 505 3929 limaehiim,
517 3876 547 3918 ut
559 3864 630 3917 niliil
640 3866 726 3929 aliud,
743 3867 873 3919 miratum
885 3870 974 3933 video,
988 3872 1021 3922 ad
1033 3887 1150 3938 cunique

345 3937 461 3990 iussisse
467 3935 980 4002 sacrificarizquodcti'iroiactitatuni
992 3948 1150 3995 etmortuo:

345 4005 470 4073 nihilque
482 4008 552 4058 adeo
567 4006 667 4056 mirum
677 4005 766 4068 aliud,
777 4020 858 4073 quani
871 4007 923 4060 hoc
935 4009 1075 4076 placuisse
1088 4010 1149 4063 diis.

380 4076 480 4130 XLlX.
499 4076 543 4128 De
554 4077 646 4141 spatio
657 4084 742 4143 atque
762 4076 965 4145 longinquitate
981 4080 1152 4133 ritac'homi·

344 4163 410 4200 nuni
420 4161 475 4198 non
487 4146 611 4198 locorum
622 4144 706 4197 modo
718 4149 798 4209 situs,
816 4162 909 4199 reruni
922 4149 1050 4216 exempla
1060 4165 1151 4202 aesna

344 4218 444 4284 cuique
454 4231 516 4269 sors
527 4215 657 4267 nascendi
667 4217 803 4268 incertum
815 4216 915 4270 iecere.
940 4218 1090 4293 Hesiodus,
1102 4221 1150 4287 qui

343 4288 552 4355 primoraliqua
562 4285 596 4338 de
608 4285 661 4338 hoc
666 4285 802 4352 prodidit,
813 4284 950 4349 fabulose,
961 4295 1070 4351 utreor,
1082 4290 1151 4340 niul·

345 4364 376 4407 ta
386 4356 421 4406 de
433 4354 575 4408 hominum
587 4372 656 4410 aevo
666 4356 800 4418 referens,
815 4357 919 4409 cornici
931 4372 1028 4410 noveni
1041 4368 1150 4410 nostras

346 4422 475 4476 attribuit
486 4432 604 4487 aetates,
615 4426 799 4494 quadruplum
811 4426 870 4478 eius
881 4427 980 4489 cernis,
991 4427 1018 4478 id
1030 4430 1150 4494 triplico·

344 4500 403 4545 tuni
417 4492 517 4543 corvis.
528 4495 563 4544 Bt
574 4495 877 4563 reliqiiaiabulosiusin
885 4496 1058 4563 phoeniceas
1066 4498 1150 4565 Nyni-

346 4560 419 4628 phis.
439 4561 582 4611 Anacreon
595 4574 678 4628 poeta
689 4564 877 4632 arganthonio
890 4566 1098 4618 'l'artessiorum
1109 4582 1152 4618 re·

346 4629 433 4699 gicl.
443 4628 542 4679 tribuit
554 4644 650 4693 annos,
663 4633 783 4699 Cinyrae
791 4636 956 4701 Cypriorum
969 4636 994 4687 Χ
1007 4637 1152 4687 annisum·

344 4698 434 4766 plius,
455 4696 580 4764 Aeginiio
593 4699 644 4749 CC.
656 4699 852 4768 'theopompus
863 4704 1022 4771 Epimenidi
1032 4705 1151 4756 Gnossio

348 4766 455 4821 ccvii.
467 4765 632 4818 llellanicus
643 4767 777 4833 quosdam
787 4770 816 4819 iii
826 4771 1076 4838 Aetolialipioruni
1087 4789 1152 4841 gen·

346 4837 384 4888 tis
398 4838 442 4890 CC
453 4834 574 4901 explere.
611 4835 660 4885 Cui
672 4833 1026 4904 adstipulaturDamostes,
1047 4858 1151 4894 meinu-

346 4919 413 4956 rans
424 4904 581 4956 Pictoreum
592 4904 668 4956 exiis
677 4904 853 4970 praecipuum
860 4923 976 4976 corpore
983 4913 1151 4978 viribusque,

347 4974 432 5027 etiam
447 4975 510 5024 CCC
521 4972 634 5025 vixisse.
648 4972 776 5039 Ephorus
786 4974 922 5030 Arcadum
934 4995 1014 5049 reges
1025 4982 1092 5034 ccc
1102 4997 1150 5032 an.

347 5043 401 5096 nis.
436 5042 595 5096 Alexander
611 5042 770 5106 Cornelius,
790 5043 956 5100 Dandonem
973 5051 1111 5116 quandam
1123 5054 1150 5101 iii

347 5113 462 5181 illyrico
476 5110 500 5162 D
514 5113 625 5165 vixisse.
662 5112 817 5180 Xenophon
827 5117 854 5163 iii
864 5113 986 5183 Periplo,
999 5122 1150 5187 Tyriorum

347 5183 456 5236 insulae
468 5195 561 5249 regem
571 5182 630 5247 DC,
651 5188 744 5250 atque,
764 5191 794 5233 ut
807 5197 888 5248 parce
899 5190 1040 5250 mentitus,
1063 5189 1149 5240 lilium

346 5251 407 5305 eius
418 5251 525 5303 DCCC:
547 5267 619 5319 quae
635 5254 729 5303 omnia
743 5252 857 5303 inscitia
871 5261 1027 5321 temporum
1042 5258 1150 5311 accide-

275 5362 280 5373 .
347 5331 420 5374 runt.
439 5322 545 5372 Annum
558 5323 630 5374 enim
642 5321 690 5373 alii
702 5328 808 5373 aestate
820 5336 904 5373 unuin
917 5322 1150 5393 determinabant,

347 5398 376 5443 et
388 5391 507 5443 alterum
517 5387 623 5443 hieme:
632 5390 684 5444 alit
696 5391 906 5458 quadripartitis
913 5396 1151 5459 temporibus,sie·

347 5467 379 5511 ut
389 5461 526 5522 Arcades,
546 5474 662 5528 qnorum
684 5463 747 5513 anni
759 5463 914 5515 trimestres
925 5460 1016 5515 tuere:
1038 5466 1151 5531 quidam

346 5527 443 5583 Lunae
454 5530 548 5593 senio,
566 5538 598 5583 ut
607 5531 748 5599 Aegyptii:
770 5530 864 5598 itaque
875 5530 951 5599 apud
960 5546 1009 5584 eos
1024 5535 1112 5602 aliqui
1123 5543 1152 5591 et

347 5598 460 5671 singula
468 5599 557 5654 millia
567 5616 700 5656 annorum
711 5600 813 5657 vixisse
822 5600 978 5670 produntur

1241 468 1299 524 eeu
1310 479 1341 526 ut
1351 475 1386 527 sd
1398 473 1528 526 confessa
1537 478 1722 535 nanscnmus,
1732 470 1951 539 Arganthoniuni
1959 473 2015 527 Ga·

1206 539 1333 595 ditonum
1345 545 1488 611 octoginta
1497 542 1578 593 annis
1589 556 1721 610 regnasse
1737 555 1824 608 prope
1835 548 1942 594 certum
1953 553 2014 595 est:

1206 619 1309 677 putant
1319 612 1533 681 quadragesimo
1544 612 1679 678 coepisse.
1695 611 1874 663 Masinissam
1884 613 2014 681 sexagin-

1207 686 1239 733 ta
1249 685 1329 733 annis
1336 696 1468 749 regnasse
1478 679 1666 732 indubitatum
1678 687 1732 733 est:
1743 679 1876 748 Gorgiam
1888 680 2012 734 Siculum

1207 757 1319 803 centuni
1330 761 1359 803 et
1368 758 1435 803 octo
1445 751 1557 803 vixisse.
1573 751 1606 812 Q.
1617 749 1721 802 Fabius
1730 751 1873 802 Maximus
1882 752 2011 821 sexagin-

1208 825 1241 873 ta
1252 821 1342 873 tribus
1352 822 1536 887 annisAugur
1550 818 1615 871 tuit.
1648 821 1687 871 Μ.
1699 818 1853 886 Perpenna,
1873 828 1902 873 et
1922 838 2013 889 nuper

1209 890 1242 942 la
1254 891 1386 943 Volusius
1397 889 1571 952 Saturninus,
1592 888 1715 940 omnium
1735 903 1806 955 quos
1817 894 1845 941 iii
1859 891 2012 944 Consulatu

1209 961 1376 1012 sententiam
1388 965 1564 1026 rogaverant,
1574 960 1738 1026 superstites
1749 959 1836 1011 fuere.
1865 959 2012 1028 Perpenna

1208 1028 2012 1160 ital”ittit}internectiturttiti}

1322 1133 1329 1148 ·
1909 1135 1917 1163 i

1209 1168 1322 1218 omnino
1343 1168 1561 1234 quinquennium
1582 1167 1685 1229 luisse,
1708 1182 1764 1235 quo
1783 1176 1901 1223 senator
1920 1170 2013 1223 nullus

1208 1243 1380 1289 moreretur:
1392 1252 1455 1288 euni
1467 1236 1583 1287 Flaccus
1595 1244 1623 1288 et
1632 1236 1745 1289 Albinus
1754 1253 1884 1292 censores
1894 1238 2012 1293 lostsuni

1208 1305 1365 1369 condidere,
1376 1320 1463 1373 usque
1475 1305 1510 1357 ad
1523 1307 1664 1373 proximos
1674 1320 1820 1371 censores,
1830 1310 1948 1361 absono
1959 1310 2011 1362 Ur·

1206 1375 1249 1427 bis
1259 1375 1481 1444 quingentesimo
1492 1375 1700 1443 septuagesImo
1710 1391 1793 1428 nono.
1829 1378 1868 1429 M.
1880 1379 2013 1432 Valerius

1206 1446 1342 1497 Corvinus
1360 1447 1381 1497 0
1399 1460 1486 1497 annos
1502 1445 1644 1511 implevit:
1665 1445 1743 1496 euius
1759 1447 1834 1499 inter
1849 1447 1966 1513 primuni
1983 1456 2013 1501 et

1205 1521 1315 1566 sextam
1327 1514 1501 1566 consulatum
1512 1513 1603 1566 XLVl
1613 1516 1677 1566 anni
1689 1515 1776 1569 tuere.
1796 1515 1872 1568 Ideni
1884 1518 1957 1570 sella
1966 1534 2012 1570 cis·

1205 1585 1261 1636 ruli
1270 1584 1358 1643 semei
1366 1599 1400 1636 iic
1409 1584 1495 1636 vicies
1504 1584 1588 1645 sedit,
1595 1584 1706 1650 quoties
1716 1601 1798 1638 nenio
1809 1586 1890 1637 alius.
1907 1589 2012 1656 Aequa·

1205 1655 1246 1706 rit
1258 1656 1316 1705 eius
1327 1650 1403 1707 sitae
1413 1657 1532 1721 spatium
1545 1654 1676 1706 Metellus
1687 1654 1823 1720 pontifex.

1240 1725 1277 1775 Bt
1289 1740 1323 1776 ex
1335 1724 1446 1777 leminis
1456 1724 1538 1775 Liria
1549 1723 1649 1774 Rutilii
1665 1724 1763 1777 xcvii
1774 1739 1862 1776 annos
1873 1728 1992 1781 excessit
2004 1747 2010 1778 :

1205 1790 1327 1856 statilia,
1338 1793 1455 1845 Claudio
1465 1792 1601 1860 Principe,
1613 1808 1647 1845 ex
1658 1793 1745 1845 nobili
1755 1793 1845 1857 domo,
1858 1799 2013 1865 nonaginta

1205 1878 1319 1923 uorem:
1339 1865 1473 1916 Terentia
1483 1863 1623 1915 Ciceronis
1638 1863 1697 1915 Clll
1703 1899 1711 1925 ,
1723 1864 1821 1915 Clodia
1829 1865 1905 1915 Otilii
1921 1866 2012 1917 CXV:

1205 1932 1274 1985 haee
1284 1933 1393 2000 quidem
1406 1934 1489 1985 etiam
1500 1935 1581 1985 enixa
1592 1931 1763 2000 quindecies.
1795 1933 1917 1985 Lucceia
1927 1936 2014 1987 niinio

1206 2009 1315 2056 centuni
1327 2003 1408 2055 annis
1418 2002 1447 2053 iii
1459 2017 1544 2055 scena
1553 2002 1750 2069 pronuntiavit.
1786 2001 1902 2056 Galeria
1913 2006 2012 2071 Copio-

1205 2072 1233 2124 la
1245 2073 1416 2125 Emholiaria
1426 2071 1544 2124 reducta
1556 2079 1599 2124 est
1609 2073 1637 2122 iii
1648 2087 1769 2133 scenam,
1780 2074 1809 2124 C.
1821 2071 1967 2140 Poppaeo,
1977 2076 2013 2138 Q.

1205 2142 1330 2208 Sulpicio
1340 2157 1414 2195 coss.
1426 2140 1502 2192 ludis
1513 2156 1565 2208 pro
1579 2141 1670 2193 salute
1682 2140 1747 2192 Divi
1761 2143 1879 2210 Augusti
1900 2144 2012 2209 votivis,

1205 2227 1307 2263 annuni
1317 2214 1499 2263 centesimum
1511 2219 1637 2277 quartum
1657 2225 1759 2278 agens:
1782 2227 1854 2280 quae
1877 2215 2012 2280 producta

1205 2281 1298 2332 iuerat
1309 2281 1439 2333 tirocinio
1450 2297 1467 2332 a
1476 2281 1514 2332 M.
1529 2280 1682 2347 Pomponio
1692 2280 1783 2332 Aedili
1794 2281 1898 2349 plebis,
1908 2284 1938 2335 0.
1950 2284 2011 2334 Ma·

1205 2350 1263 2412 rio,
1285 2351 1334 2401 Cn.
1346 2350 1472 2402 Carbone
1484 2351 1668 2412 Consulibus,
1687 2356 1751 2402 ante
1763 2366 1849 2404 annos
1860 2355 2013 2419 nonaginta

1205 2434 1307 2470 unuin:
1330 2419 1503 2486 etaMagno
1516 2418 1648 2485 Pompeio
1666 2420 1758 2487 magni
1778 2419 1881 2473 theatri
1901 2421 2013 2473 dedica·

1206 2489 1300 2551 tione,
1321 2503 1389 2540 anus
1400 2502 1450 2554 pro
1462 2488 1597 2539 miraculo
1608 2485 1733 2540 reducta.
1769 2490 1935 2542 Sammolam
1946 2505 2012 2557 quo·

1205 2573 1260 2625 que
1270 2564 1380 2611 centuni
1393 2557 1471 2608 annis
1483 2557 1593 2619 vixisse,
1604 2564 1703 2609 auctor
1714 2564 1758 2610 est
1769 2560 1900 2611 Asconius
1911 2558 2011 2611 Pedio-

1205 2642 1266 2679 nus.
1302 2628 1396 2678 Minus
1407 2627 1493 2676 uiiror
1504 2624 1717 2693 Stephanionem
1737 2629 1797 2696 (qui
1812 2629 1917 2694 primus
1934 2635 2012 2695 toga·

1204 2705 1250 2748 tus
1260 2695 1363 2747 saltare
1376 2692 1515 2765 instituit)
1526 2697 1652 2763 utrisque
1671 2698 1845 2750 secularibus
1863 2697 1935 2749 ludis
1954 2698 2008 2749 sal·

1202 2773 1289 2830 tasse,
1310 2774 1339 2818 et
1349 2766 1417 2818 nii-i
1428 2766 1553 2832 Augusti,
1573 2771 1601 2816 et
1611 2780 1682 2832 quos
1693 2767 1826 2820 Claudius
1839 2769 1940 2820 Caesar
1948 2783 2012 2819 oon·

1204 2833 1559 2902 sulatusuoqusrtolecit,
1580 2834 1690 2901 quando
1711 2835 1801 2889 lxxlll
1825 2854 1879 2890 non
1892 2838 2011 2905 amplius

1205 2905 1270 2957 euni
1282 2904 1445 2965 interfuere,
1465 2919 1619 2969 quanquam
1632 2910 1660 2954 et
1677 2912 1775 2969 postea
1796 2907 1844 2957 diu
1864 2910 1944 2959 vixit.
1980 2908 2012 2958 lii

1204 2973 1298 3027 'liuoli
1311 2972 1413 3023 montis
1424 2973 1582 3031 cacumine,
1602 2972 1674 3035 quod
1687 2981 1786 3023 vocant
1796 2977 1944 3040 Tempsin,
1965 2976 2012 3028 ct.

1205 3043 1283 3094 anuis
1295 3043 1398 3101 rivere,
1420 3040 1560 3090 Matienus
1571 3045 1668 3089 auctor
1683 3045 1734 3089 est.
1771 3042 1901 3093 Totidem
1923 3061 2013 3098 annos

1205 3125 1316 3163 censum
1331 3107 1441 3160 Claudii
1451 3107 1576 3159 Caesaris
1588 3107 1709 3158 Censura
1729 3109 1763 3159 T.
1778 3109 1938 3161 Fullonium
1958 3114 2014 3164 Bo·

1204 3181 1364 3231 noniensein
1376 3195 1383 3227 t
1405 3177 1488 3243 idque
1500 3176 1612 3227 collatis
1624 3176 1753 3228 censibus
1765 3194 1834 3245 quos
1846 3186 1911 3232 ante
1931 3178 2013 3234 detu-

1205 3250 1285 3307 lerat,
1305 3248 1433 3315 vitaeque
1444 3247 1616 3314 argumentis
1627 3249 1744 3309 (etenim
1755 3248 1785 3300 id
1796 3265 1879 3302 curae
1891 3250 2011 3318 principi

1205 3317 1277 3380 erat)
1289 3331 1384 3369 rcium
1395 3318 1533 3384 apparuit.

1238 3387 1271 3438 L.
1289 3386 1409 3440 Poscere
1419 3386 1530 3440 videtur
1548 3387 1626 3440 locus
1646 3390 1705 3456 ipse
1725 3388 1855 3441 sideralis
1877 3390 2011 3443 scientiae

1203 3457 1379 3509 sententium.
1417 3456 1557 3525 Epigenes
1576 3459 1650 3511 cxtl
1673 3473 1759 3512 annos
1775 3460 1886 3528 impleri
1898 3460 2010 3528 negavit

1204 3542 1302 3594 posse:
1323 3526 1447 3578 Berosus
1468 3526 1565 3579 excedi
1588 3528 1696 3581 cxvii.
1733 3528 1824 3581 Durat
1835 3536 1863 3582 et
1874 3529 2010 3593 ea'ratio,

1203 3612 1284 3663 quam
1299 3596 1431 3647 Petosiris
1443 3611 1475 3647 ac
1486 3596 1626 3663 Necepsos
1639 3597 1824 3661 tradiderunt,
1844 3607 1872 3651 ct
1893 3604 2010 3651 tetarte-

1203 3665 1473 3730 niorionappellant,
1494 3667 1614 3716 atrium
1636 3667 1779 3735 signorum
1800 3670 1937 3734 portione,
1956 3683 2010 3734 qua

1203 3750 1285 3801 posse
1296 3734 1325 3785 in
1336 3734 1436 3786 ltaliae
1447 3741 1536 3785 tractu
1548 3734 1660 3790 cxxiv
1671 3752 1757 3789 annos
1768 3737 1844 3789 ritae
1864 3739 2009 3803 continge·

1203 3820 1234 3856 re
1244 3809 1369 3871 apparet
1404 3803 1549 3871 Negaiere
1569 3803 1622 3865 illi,
1643 3821 1800 3875 quenquam
1823 3807 1870 3859 XC
1889 3806 2010 3873 partium

1203 3875 1358 3943 exortivam
1370 3888 1525 3925 mensuram
1538 3874 1623 3941 (quod
1636 3875 1792 3943 anaphoras
1802 3882 2010 3937 rocautitrans·

1204 3943 1293 4012 gredi,
1313 3948 1342 3993 et
1352 3940 1402 3992 has
1414 3943 1490 4008 ipsas
1500 3943 1585 3995 incidi
1597 3958 1713 3996 occursu
1730 3946 1918 3998 maleficorum
1937 3944 2011 3997 side·

1204 4028 1273 4073 rum,
1284 4012 1429 4063 autetiam
1440 4012 1526 4065 radiis
1536 4030 1640 4075 eorum,
1661 4015 1797 4081 Solisque.
1835 4012 1935 4067 Schola
1946 4029 2009 4066 rur·

1203 4098 1249 4134 siis
1259 4081 1417 4147 Aesculapii
1429 4091 1539 4145 secuta,
1562 4099 1633 4150 qnae
1642 4090 1716 4135 stata
1728 4086 1803 4137 ritae
1815 4087 1905 4154 spatia
1916 4101 1932 4136 a
1942 4084 2009 4135 stel-

1203 4152 1237 4203 lis
1247 4150 1334 4216 accipi
1347 4151 1435 4215 dicitq
1457 4153 1506 4203 sed
1519 4160 1650 4218 quantum
1663 4154 1811 4219 plurimum
1824 4156 1945 4215 tribunt,
1965 4154 2008 4204 in·

1203 4227 1309 4273 certum
1322 4228 1373 4273 est.
1409 4223 1484 4273 Rara
1495 4230 1587 4274 autem
1604 4239 1664 4274 esse
1679 4224 1774 4276 dicunt
1795 4225 1922 4291 longiora
1940 4230 2009 4275 tem·

1205 4306 1282 4357 pora,
1304 4290 1524 4358 quandoquidem
1536 4292 1685 4346 momentis
1697 4293 1826 4345 horarum
1844 4294 2008 4361 insignibus,

1203 4361 1432 4421 Lunae'dieruiii,
1443 4367 1474 4410 ut
1488 4360 1539 4414 Vll
1553 4369 1636 4429 atque
1659 4361 1711 4414 XV
1730 4359 1815 4432 (quse
1825 4371 1907 4415 noete
1919 4377 1951 4415 ae
1962 4360 2009 4414 die

1204 4429 1402 4499 observantur)
1413 4432 1509 4497 ingens
1524 4431 1607 4483 turba
1625 4440 1767 4493 nascatur,
1787 4430 1902 4483 scansili
1921 4444 2009 4482 anno·

1204 4514 1264 4550 runi
1276 4499 1337 4566 lege
1350 4498 1476 4562 occidua,
1498 4516 1580 4568 quani
1593 4500 1766 4552 climacteras
1778 4498 1932 4564 appellant,
1952 4515 2010 4550 non

1203 4568 1263 4622 iere
1274 4569 1315 4619 ita
1324 4569 1426 4635 genitis
1437 4570 1501 4623 inv
1512 4585 1612 4621 annum
1625 4568 1828 4622 excedentibus.

1238 4637 1361 4688 Primum
1378 4653 1444 4704 crgo
1467 4639 1537 4689 artis
1557 4638 1644 4704 ipsius
1666 4632 1852 4687 inconstantia
1875 4630 2002 4689 declarat

1205 4706 1512 4773 quaniincertoressit.
1547 4707 1690 4756 Accedunt
1705 4701 1894 4768 experimenta
1911 4709 1940 4754 et
1962 4721 2009 4757 ex.

1204 4775 1297 4841 empla
1308 4773 1492 4825 recentissimi
1503 4788 1609 4835 census,
1621 4788 1701 4839 quein
1713 4772 1787 4822 intra
1798 4770 2010 4839 quadriennium

1204 4845 1388 4909 Imperatores
1399 4842 1532 4893 Caesares
1543 4840 1714 4906 Vespasiani,
1721 4846 1800 4907 pater
1810 4841 1938 4909 filiusque
1949 4859 2010 4895 ceii·

1204 4917 1433 5032 Atticini
1447 4910 2009 5049 ,tinctit.t'l3.t:t.¹ttfltlii¹,‘¹t.;

1204 5064 1337 5115 ponemus
1359 5047 1493 5115 exempla.
1530 5050 1649 5101 Centum
1668 5050 1769 5116 viginti
1789 5064 1877 5101 annos
1891 5050 2009 5104 Parmae

1204 5127 1262 5170 tres
1284 5117 1411 5180 edidere,
1441 5117 1558 5171 Brixelli
1579 5134 1651 5170 unus
1672 5116 1787 5182 CXXV,
1816 5118 1931 5173 Parmae
1953 5121 2008 5172 duo

1204 5187 1318 5250 cxxx,
1328 5187 1488 5240 Placentiae
1500 5203 1568 5240 uiius
1579 5186 1707 5251 cxxxi,
1726 5187 1877 5242 Faventino
1888 5204 1943 5241 uria
1951 5206 2009 5241 niu·

1204 5258 1257 5310 lier
1277 5256 1418 5317 CXXXV,
1441 5256 1583 5311 Bononiae
1601 5258 1633 5309 1..
1650 5258 1798 5312 Terentius
1815 5260 1906 5312 Marci
1926 5260 2008 5323 lilius,

1203 5327 1322 5379 Arimini
1331 5341 1399 5378 iero
1408 5326 1578 5393 M.Aponius
1589 5329 1610 5380 C
1620 5334 1648 5380 et
1657 5327 1690 5391 Is,
1702 5329 1838 5391 Tertulla,
1849 5328 2008 5382 cxxxiii

1204 5398 1281 5450 Circa
1287 5395 1458 5448 Placentiam
1469 5396 1498 5447 iu
1508 5397 1626 5449 collibus
1636 5397 1767 5466 oppidum
1778 5398 2009 5463 cstlleleiacium,

1204 5466 1233 5517 in
1245 5482 1299 5533 quo
1317 5466 1366 5517 CX
1384 5481 1469 5518 anuos
1481 5481 1529 5517 sex
1540 5466 1677 5531 detulere,
1699 5479 1818 5536 quatuor
1828 5477 1959 5521 centenos
1969 5470 2010 5519 sl·

1205 5551 1288 5590 cenos
1299 5555 1306 5587 ι
1327 5550 1397 5587 unus
1408 5534 1496 5599 CXL,
1516 5536 1556 5587 M.
1567 5534 1678 5590 Mucius
1689 5537 1728 5590 M.
1739 5541 1823 5601 lilius,
1834 5538 1949 5591 Galeria
1959 5536 2011 5589 Fe-

1205 5605 1254 5658 lix.
1290 5607 1329 5658 Ae
1339 5621 1374 5658 ne
1384 5604 1512 5673 pluribus
1523 5606 1742 5691 moremnrinps
1756 5606 1898 5667 maressa,
1918 5608 1948 5659 is
1966 5620 2014 5659 re·
