4340 6018
278 340 309 398 C.
353 337 495 397 PLlNll
539 334 744 399 SECUNDl
789 336 951 396 NATUPc
995 338 1182 399 tristes.
1226 340 1308 398 ΗΒ.
1342 340 1398 397 Vl.
1443 341 1671 407 CAN-ld.
1761 350 1802 409 8⁶

146 490 269 550 Arrechi,
278 488 371 555 Zingi,
382 486 480 540 l’sesii.
504 484 577 537 Dein
587 488 695 539 Tanain
707 499 826 547 amnem,
837 485 950 552 gemino

65 572 69 575 ’
146 553 950 620 ursinduentem,coluntSarmatar-,Mcdorum(utierunt)

148 631 273 695 soboles,
294 634 322 679 et
333 628 386 694 ipsi
396 625 425 676 iu
437 625 526 677 multa
536 638 640 693 genera
648 624 738 677 divisi.
775 624 868 675 Primo
880 622 949 675 Sau-

147 706 273 754 romatae
284 695 591 764 Gynaecocratumeni,
611 696 684 746 uude
698 696 867 747 Amazonum
883 708 953 763 con-⁰

147 769 239 823 aubia.
275 767 349 818 Dein
362 769 478 825 litasse,
495 766 603 826 Cottae,
619 764 761 825 Cicimeni,
773 762 950 824 Messeniani,

147 837 323 896 Costobocci,
340 832 491 896 Choatrae,
508 834 539 885 Zi
578 850 602 896 e,
619 831 949 897 Dandari,'l*ussagetne,

146 911 268 969 Turcae,
290 901 429 970 usquead
448 902 534 954 solitu
556 905 615 953 ines
634 902 766 953 saltuosis
776 900 949 953 convallibus

146 990 275 1044 asperas:
287 974 442 1040 ultraquae
452 971 618 1039 Arimphaei,
622 971 677 1092 gui
688 971 723 1023 ad
736 969 875 1038 Riphaeos
886 984 948 1036 per-

146 1049 234 1099 tinent
247 1052 363 1095 montes.
400 1044 508 1093 'l'anain
522 1042 611 1108 ipsum
643 1039 745 1108 cythas
756 1040 827 1091 Silia
839 1046 949 1100 vocant,

145 1118 269 1168 Maeotin
281 1111 466 1173 'Temerindm
487 1112 558 1177 quod
570 1111 710 1178 significat
724 1118 841 1162 niatrem
852 1109 948 1160 maris.

146 1185 281 1252 Oppidum
296 1186 322 1232 in
333 1183 438 1232 'l'anais
449 1194 559 1246 quoque
571 1181 646 1231 ostio
657 1179 721 1232 suit.
749 1181 877 1231 Tenuere
887 1178 947 1230 lini-

124 1282 129 1289 ·
147 1256 214 1375 tisqq
226 1254 305 1333 primi
316 1253 410 1310 Cares,
422 1249 487 1301 dein
500 1250 670 1301 Clazomenii
682 1257 711 1300 et
720 1250 864 1311 Maeones,
874 1254 949 1314 post·

145 1340 178 1377 ea
210 1331 304 1375 antica
341 1334 413 1370 uses.
948 1369 953 1380 ,

180 1394 251 1445 Sunt
271 1334 415 1457 quietam
425 1388 551 1439 Maeotin
562 1387 597 1439 ad
610 1388 762 1440 Ceraunios
773 1393 881 1438 niontes
898 1383 947 1437 has

146 1463 259 1515 tradant
289 1466 380 1511 entes.
398 1456 659 1523 AlitoreNapitas;
677 1470 817 1523 supraque
826 1456 946 1506 Essedo-

145 1549 195 1585 nes
201 1474 313 1582 0⁰1ch
323 1528 441 1587 iunctos,
453 1527 585 1577 montium
595 1526 794 1578 cacuminibus.
805 1524 876 1575 Dein
884 1526 948 1575 Car·

146 1615 251 1661 macas,
262 1599 375 1657 Oranus,
386 1598 516 1657 Autacas,
528 1597 667 1658 Mazaces,
675 1596 948 1661 Cantocaptas,Aga·

146 1669 265 1730 mathes,
277 1666 366 1727 Picus,
379 1662 577 1732 lliymosnlos,
589 1670 786 1718 Ascomarcos:
797 1671 826 1714 et
837 1664 871 1714 ad
882 1665 949 1729 iuga

145 1738 264 1793 Caucasi
273 1735 401 1796 lcatalas,
416 1734 589 1797 lmaduchos,
609 1736 718 1796 Remos,
734 1733 878 1795 Ancisem,
893 1735 949 1799 Ty·

145 1810 216 1870 dios,
228 1811 419 1867 Cerastaseos,
438 1803 619 1857 Authisndas.
658 1805 782 1871 bagnum
794 1818 902 1854 amnem
915 1815 948 1853 ex

137 1877 285 1931 'montibus
301 1874 425 1937 Catheis,
435 1875 464 1925 in
475 1890 554 1941 quem
567 1875 664 1925 delinit
675 1871 815 1940 Opharus:
832 1873 871 1923 ibi
881 1886 946 1940 gen·

144 1960 186 2001 tes
197 1944 350 2007 Caucasias,
363 1943 529 2011 Opharites:
543 1946 652 2005 Amnes,
663 1939 869 2003 Menotharum,
881 1941 946 1993 imi·

144 2026 221 2086 metu
232 2031 268 2070 ex
280 2015 420 2067 montibus
433 2014 544 2075 Cissiis,
562 2013 636 2064 inter
645 2012 762 2074 Acdeos,
775 2015 888 2070 Carnm,
901 2011 948 2061 Us-

145 2087 271 2149 cardeos,
285 2085 406 2147 Accisos,
417 2081 680 2150 Gebrns,Gogaros.
700 2079 946 2147 Circaquelootens

145 2156 262 2222 imityis,
282 2155 415 2220 imityos,
433 2151 654 2218 etApsrthenoa
691 2152 748 2203 Alii
759 2151 901 2202 inllusisse
913 2163 947 2201 eo

143 2225 264 2292 Scythas
275 2223 423 2286 Auchetae,
433 2225 577 2284 Atarneos,
588 2226 760 2288 Asampatae.
786 2222 826 2271 Ab
839 2219 881 2271 his
891 2221 947 2271 Ta·

144 2297 238 2345 naitas
254 2301 284 2345 et
299 2295 433 2359 lnapaeos
452 2292 559 2343 viritim
579 2291 694 2342 deletos.
729 2290 825 2356 Aliqui
846 2289 946 2341 dunieu

144 2361 292 2414 Ocharium
306 2363 363 2413 labi
373 2377 424 2429 per
435 2364 569 2413 Cantecos
580 2368 609 2413 et
619 2360 738 2427 Sapeos:
761 2359 869 2412 Tanain
880 2372 947 2410 vero

143 2432 279 2484 transisse
287 2430 448 2492 Phatnreos,
459 2431 615 2490 lierticeos,
625 2428 819 2496 Spondolicos,
831 2427 946 2496 Synhie-

141 2510 197 2562 tas,
218 2503 359 2561 Amasim,
380 2501 462 2560 isses,
483 2503 641 2563 Catazetos,
660 2500 804 2566 'lagoses‘
818 2501 948 2559 Catonos,

140 2570 208 2623 Neri
249 2565 947 2636 s,Agandeos,Mandereos,Satarcheos,Spaleos.

176 2638 204 2689 V
220 2640 254 2690 ll.
274 2637 391 2689 Peracta
400 2645 445 2689 est
455 2636 575 2687 interior
587 2650 645 2692 ora,
658 2649 809 2700 omnesque
822 2632 947 2685 accolae:

138 2723 216 2760 nunc
227 2706 365 2758 reddamur
374 2703 471 2769 ingens
487 2703 515 2751 in
527 2702 732 2754 mediterraneo
744 2704 831 2753 sinus:
855 2703 947 2765 inquo

136 2777 234 2832 nnita
246 2774 338 2832 aliter,
354 2786 387 2820 ac
396 2778 514 2831 veteres,
532 2768 707 2835 proditurum
719 2783 761 2820 me
772 2783 825 2819 non
838 2784 872 2819 eo
885 2768 946 2818 inii·

134 2850 209 2910 tias,
220 2849 306 2899 aunxis
326 2838 474 2908 perquisita
484 2853 560 2900 curs,
569 2840 651 2891 rebus
660 2852 748 2903 nuper
758 2838 786 2888 in
798 2852 831 2891 eo
838 2840 892 2888 situ
900 2851 946 2903 ge·

135 2921 193 2971 stis
214 2932 232 2966 a
252 2916 377 2966 Dnnntin
398 2908 571 2971 corbulone,
591 2907 756 2975 regibusque
776 2908 839 2958 inde
856 2908 948 2957 missis

136 2984 324 3052 supplicibus,
334 2990 385 3033 aut
396 2998 491 3050 regum
505 2977 601 3034 libens
612 2974 763 3028 obsidibus.
775 2988 780 2997 ·
799 2976 948 3026 ordiemur

138 3062 235 3106 autem
247 3067 265 3103 a
279 3051 471 3116 Cappadocum
484 3059 574 3118 gente.
604 3045 781 3117 ltongissime
793 3042 863 3096 haec
873 3044 946 3094 Pon·

128 3125 263 3174 mearum
275 3122 395 3170 omnium
408 3119 547 3171 introrsus
558 3118 699 3179 recedens,
711 3114 946 3170 minoremArtuc·

139 3192 227 3252 mant,
237 3191 435 3255 maioremque,
452 3197 480 3240 et
491 3191 692 3255 Commagenen
705 3189 784 3239 laevo
794 3202 844 3239 suo
858 3188 946 3239 latere

140 3260 264 3313 transit:
285 3258 386 3311 dextra
405 3272 472 3309 uero
491 3273 586 3309 omnes
603 3262 629 3308 in
647 3256 712 3310 Asia
731 3256 821 3309 dictas
838 3264 946 3325 gentes,

140 3329 270 3399 plurimis
282 3327 432 3393 superfusa
442 3328 552 3394 populis
564 3344 570 3377 :
588 3341 743 3393 magnoque
753 3328 857 3392 impetu
869 3342 945 3377 scan-

142 3397 254 3452 densad
261 3403 353 3447 ortum
362 3397 435 3448 Solis
442 3404 470 3448 et
477 3398 562 3447 'Tauri
570 3396 645 3461 iuga,
657 3394 758 3446 transit
767 3396 946 3462 Lycaoniam,

142 3467 287 3526 Pisidiam,
299 3466 441 3517 Ciliciam:
461 3465 538 3516 radit
548 3480 633 3530 super
642 3464 805 3516 Antiochiae
817 3472 946 3528 tractum,

143 3544 270 3605 eiusque
282 3535 317 3587 ad
329 3534 534 3604 Cyrrhesticam
546 3535 606 3585 eius
616 3534 773 3601 regionem,
794 3542 874 3600 parte
885 3549 946 3595 sua,

143 3612 342 3673 praevocatur
353 3605 499 3665 Cataonia,
514 3602 666 3656 contendit.
702 3604 797 3669 ltaque
809 3604 847 3656 ibi
859 3603 946 3671 longi·

143 3676 212 3728 tudo
223 3676 306 3726 Asiae
327 3674 477 3726 duodecies
493 3680 610 3725 centena
625 3672 825 3739 quinquaginta
835 3673 873 3723 M.
884 3687 947 3741 pas·

142 3760 220 3796 suum
232 3745 333 3797 efficis:
349 3743 482 3803 latitudo,
493 3742 592 3793 DCXL
602 3742 641 3792 Μ.

177 3815 223 3866 tx,
242 3814 373 3865 Armenia
390 3819 481 3863 autem
501 3812 589 3862 maior
607 3811 741 3877 incipiens
761 3810 945 3878 aParyndris

142 3884 298 3943 montibus,
320 3882 463 3949 Euphrate
478 3894 559 3933 amne
575 3880 732 3943 (utdictum
751 3885 804 3943 est)
820 3881 946 3932 aufertur

142 3952 349 4020 Cappadociae:
367 3958 395 4003 et
407 3965 461 4018 qua
471 3949 592 4002 discedit
603 3949 776 4017 Euphrates,
787 3951 945 4016 Mesopota·

141 4022 223 4083 ntiae,
235 4021 311 4073 haud
323 4021 413 4071 minus
423 4020 500 4071 claro
511 4034 593 4071 amne
606 4020 698 4088 Tigri.
720 4021 872 4087 Utrumque
883 4020 943 4070 fun·

141 4091 183 4142 dit
194 4092 270 4158 ipsa,
290 4096 319 4141 et
328 4090 438 4140 initium
452 4090 672 4154 Mesopotamiae
683 4089 765 4149 iacit,
787 4092 861 4142 inter
872 4089 943 4139 duos

141 4174 237 4212 amnes
247 4160 348 4210 iturae.
376 4159 456 4219 Quod
470 4160 525 4208 iter
534 4165 576 4209 est
587 4157 636 4222 ibi,
648 4159 856 4210 tenentArabes
868 4161 943 4211 Orci.

140 4228 189 4280 Sic
199 4231 281 4279 linem
292 4243 378 4293 usque
397 4229 425 4279 in
436 4227 595 4279 Adiabenen
607 4227 721 4293 perfert.
757 4224 798 4280 Ab
811 4245 844 4281 ea
855 4237 943 4279 trans-

140 4297 234 4348 uersis
244 4296 317 4361 iugis
330 4297 446 4358 inclusa,
467 4296 642 4347 latitudinem
658 4298 684 4347 in
704 4297 783 4348 laeua
799 4299 895 4364 pandit
908 4299 942 4349 ud

140 4368 250 4431 Cyrum
263 4378 368 4415 antncnr
381 4374 536 4418 transversa
549 4367 576 4416 in
588 4367 719 4421 ,Araxemz
740 4364 941 4433 longitudinem

138 4448 212 4486 sero
226 4431 262 4483 ad
275 4434 407 4486 minorem
420 4451 506 4503 usque
517 4435 684 4499 Armeniam,
706 4435 812 4486 Absaro
823 4450 903 4485 amne
914 4437 942 4486 iu

140 4504 261 4556 Pontum
275 4502 425 4565 defluente,
447 4511 476 4557 et
488 4505 637 4573 Paryadris
649 4503 803 4567 montibus,
825 4506 871 4572 qui
884 4503 943 4554 lun·

141 4574 212 4625 dunt
223 4573 367 4635 Abantem,
379 4573 501 4627 discreta
512 4576 546 4625 ab
558 4575 617 4626 illa.

176 4642 210 4693 X.
231 4644 321 4709 Cyrus
332 4643 458 4695 orituris
470 4644 633 4705 Heniochiis
645 4643 795 4703 montibus,
818 4658 886 4709 quos
897 4642 943 4693 alii

141 4713 292 4764 Coraxicos
304 4728 455 4767 eocarere:
477 4717 581 4765 Araxes
591 4712 689 4766 eodem
700 4721 803 4775 monte,
825 4728 878 4779 quo
892 4715 944 4765 Eu·

143 4780 265 4848 pirates,
277 4780 315 4832 Vl
325 4783 365 4834 M.
377 4798 510 4851 passuum
521 4782 682 4836 interuallo:
701 4789 852 4849 auctusque
863 4798 944 4833 antae

144 4850 229 4910 Masi,
251 4857 280 4900 et
290 4851 351 4916 ipse
363 4856 407 4911 (ut
417 4853 511 4919 plures
522 4852 726 4915 existimavere)
743 4867 760 4902 a
771 4855 844 4919 Cyro
855 4852 943 4905 deles·

141 4924 191 4968 tur
199 4920 225 4967 in
236 4920 367 4985 Caspium
379 4937 466 4975 mare.

178 4986 285 5054 Oppida
298 4988 477 5049 celebrantur
487 4992 515 5040 in
527 4989 643 5049 utiunre,
663 4990 809 5051 Caesarea,
820 4994 885 5052 Ana
896 4991 943 5042 Ni·

139 5057 260 5121 copolis:
281 5058 310 5108 iu
326 5063 451 5121 maiore,
472 5061 616 5110 Armosata
629 5058 761 5125 Euphrati
778 5062 943 5125 proximum,

140 5125 223 5191 Tigri
233 5127 476 5181 Carsathiocerta:
493 5128 519 5177 in
532 5128 641 5177 excelso
654 5134 745 5179 autem
757 5130 942 5197 Tigranocer-

136 5200 183 5246 ta:
194 5202 223 5246 at
233 5196 262 5246 in
274 5199 381 5263 campis
393 5202 473 5250 iusta
485 5198 601 5247 Arasem
614 5200 756 5249 Artaxata.
794 5198 943 5252 Universae

136 5265 944 5404 timiditastiitqltgltittt'thtictt

135 5399 290 5455 conlinitlrn
302 5407 397 5473 Caspii
409 5408 495 5459 maris
516 5414 559 5457 ter
568 5412 597 5440 ο*
606 5406 697 5440 'lerie-
709 5413 823 5455 eentena
832 5406 870 5456 Μ.
882 5418 942 5469 pas·

134 5444 520 5529 nmmzlatttadtnemmmi‘
804 5471 942 5524 reertaad

134 5542 267 5595 iberiam.
306 5547 448 5599 Dititlitnr
466 5550 495 5611 (o
857 5538 943 5586 “Mu-

135 5627 193 5673 rns,
210 5629 281 5681 quas
293 5618 453 5682 ospaeqylne
461 5627 488 5663 rs

1005 485 1071 551 gula
1081 501 1168 554 regna
1177 492 1324 555 quosdam,
1332 489 1623 546 barbarisnominibus
1632 494 1713 547 CXX.
1725 495 1804 549 Clau·

1002 556 1071 605 dunt
1082 571 1143 605 eant
1155 559 1189 607 ab
1201 561 1308 612 oriente
1320 568 1435 621 montes,
1453 560 1502 614 sed
1514 577 1568 613 non
1579 565 1686 626 statim,
1706 566 1804 618 Cerau-

1003 623 1050 704 nii,
1061 639 1112 674 nec
1122 625 1260 678 Adiabene
1271 630 1357 696 regio.
1378 631 1458 691 Quod
1466 633 1586 685 interest
1594 634 1688 701 spatii,
1698 635 1803 703 Sophe-

1003 707 1031 742 m
1042 698 1149 743 teuent:
1173 694 1263 746 abhis
1278 699 1354 764 iuga:
1377 702 1451 750 ultra
1462 701 1596 755 Adiabeni
1607 710 1714 756 tenent.
1751 703 1805 757 Per

1002 760 1143 813 convalles
1155 770 1247 814 autem
1260 767 1380 830 proximi
1391 771 1537 824 Armeniae
1553 780 1617 824 suat
1628 773 1805 836 Menobardi,

1002 838 1030 882 et
1040 830 1196 882 Moscheni.
1230 833 1388 886 Adiabenen
1398 840 1502 906 Tigris,
1512 848 1540 894 et
1549 849 1660 894 nsontes
1670 843 1737 894 iunii
1749 844 1804 894 cin·

1001 906 1079 967 gunt.
1115 900 1156 953 Ab
1169 899 1249 951 laeta
1261 902 1321 953 eius
1334 905 1412 969 regio
1424 907 1569 962 Medorum
1581 920 1632 973 est,
1652 919 1681 964 et
1691 927 1803 979 prospe·

1003 977 1065 1021 ctus
1076 970 1167 1036 Caspii
1178 969 1270 1021 mat-is.
1307 971 1349 1021 Ex
1360 987 1463 1025 oceano
1476 976 1529 1029 hoc
1541 986 1585 1042 (ut
1595 996 1646 1032 suo
1657 983 1720 1033 loco
1730 981 1803 1034 dice·

1002 1042 1075 1102 mus)
1086 1038 1248 1101 infunditur,
1260 1045 1403 1105 totumque
1411 1044 1552 1098 caucasiis
1564 1053 1704 1103 montibus
1715 1052 1802 1117 cingi·

1001 1115 1056 1159 tur.
1093 1108 1204 1160 incolae
1225 1123 1275 1176 per
1291 1108 1441 1159 confinium
1459 1114 1605 1169 Armeniae
1621 1135 1693 1172 nunc
1709 1120 1800 1172 dicen·

1001 1185 1054 1229 tur.

1035 1246 1083 1297 Xl.
1102 1247 1250 1299 Planiticm
1270 1261 1379 1298 omnem
1397 1248 1499 1314 aCyro
1512 1267 1615 1318 usquc,
1634 1258 1801 1310 Albanorum

1002 1330 1070 1382 gens
1082 1324 1158 1369 tenet
1168 1336 1175 1366 ε
1188 1331 1250 1368 nuos
1262 1317 1379 1377 iberum,
1390 1316 1512 1370 discreta
1522 1320 1601 1373 abiis
1612 1338 1692 1378 amne
1701 1329 1800 1380 Alazo-

1000 1400 1044 1445 ne,
1055 1386 1085 1435 in
1096 1387 1198 1452 Cyrum
1211 1402 1226 1438 e
1238 1387 1378 1438 Caucasiis
1391 1388 1532 1438 utentibus
1543 1390 1689 1447 defluente.
1716 1396 1799 1449 Prae·

1000 1455 1095 1506 valent
1106 1455 1215 1523 oppida,
1227 1456 1370 1519 Albaniae,
1384 1457 1535 1509 Cabalaca:
1556 1459 1671 1522 iberiae,
1686 1465 1800 1516 Harma·

1000 1524 1052 1574 stis
1063 1525 1142 1575 iusta
1152 1525 1261 1585 hussen,
1272 1526 1385 1578 Neoris:
1397 1527 1474 1594 regio
1486 1526 1599 1590 Thasie,
1608 1536 1637 1580 et
1647 1532 1746 1585 Triare
1758 1550 1801 1584 us·

1000 1608 1053 1660 que
1066 1594 1101 1645 ad
1112 1593 1270 1662 Paryadres
1282 1603 1400 1648 montes.
1434 1598 1513 1648 Ultra
1523 1604 1589 1648 sunt
1599 1598 1745 1652 Colchicae
1756 1618 1800 1651 so·

1001 1662 1143 1725 iitndines,
1154 1678 1269 1731 quarum
1280 1664 1396 1717 alatere
1407 1667 1441 1716 ad
1450 1667 1602 1718 Ceraunios
1608 1682 1698 1730 terso,
1709 1671 1802 1721 Arme·

999 1731 1801 1799 nochalybeshabitantetMoschorunrtractusadiberum
1837 1736 1843 1745 “

1001 1818 1112 1854 amnem
1125 1805 1151 1852 in
1160 1804 1262 1869 Cyrum
1277 1802 1457 1855 detinentem:
1470 1810 1499 1855 et
1508 1803 1581 1857 inira
1592 1806 1802 1865 eosSacassani,

1000 1878 1029 1924 et
1040 1871 1142 1922 deiude
1152 1871 1299 1923 Macrones
1315 1872 1350 1924 ad
1366 1871 1469 1924 humen
1480 1874 1624 1926 Absarum.
1660 1874 1706 1928 Sic
1721 1878 1803 1943 plana

1002 1957 1036 1993 ac
1046 1939 1151 1993 detera
1162 1942 1331 1992 obtinentur.
1367 1941 1474 1992 Rursus
1486 1945 1520 1995 ab
1530 1944 1662 1997 Albaniae
1672 1946 1802 2007 confinio,

999 2017 1061 2062 tota
1072 2010 1206 2061 montium
1216 2009 1310 2063 hoste
1319 2017 1418 2078 gentes
1428 2010 1568 2065 Siluorum
1580 2014 1670 2078 ierac,
1692 2022 1720 2068 et
1730 2015 1803 2066 inira

999 2078 1202 2131 Labienorum:
1215 2094 1278 2131 mox
1290 2080 1392 2133 Diduri
1402 2089 1431 2133 et
1442 2080 1529 2134 Sodii.

1035 2149 1096 2201 xli.
1114 2150 1155 2201 Ab
1166 2147 1210 2200 his
1221 2157 1286 2201 sunt
1297 2158 1395 2218 portae
1406 2153 1571 2215 Caucasiae,
1592 2168 1695 2221 magno
1707 2169 1802 2207 errore

1000 2219 1095 2269 multis
1107 2221 1222 2286 Caspiae
1233 2219 1334 2283 dictae,
1345 2221 1443 2288 ingens
1454 2228 1570 2276 naturae
1581 2237 1650 2289 opus
1662 2224 1802 2275 montibus

1000 2289 1165 2354 interruptis
1178 2296 1304 2355 repentes
1324 2290 1373 2342 ubi
1387 2291 1461 2342 iores
1472 2292 1586 2344 abditae
1596 2293 1708 2345 ferratis
1719 2294 1803 2344 trabi-

1000 2359 1060 2420 bus,
1070 2359 1167 2408 subter
1177 2360 1281 2411 medias
1295 2374 1375 2412 amne
1385 2360 1437 2411 diri
1449 2360 1665 2424 odorislluente,
1676 2362 1803 2431 citraque

1000 2429 1029 2477 in
1039 2441 1107 2493 rupe
1119 2429 1244 2490 castello,
1261 2429 1335 2495 quod
1346 2438 1462 2480 vocatur
1473 2430 1616 2493 Cumania,
1633 2434 1802 2484 communito

1000 2495 1036 2547 ad
1048 2497 1181 2548 arcendas
1191 2499 1312 2549 transitu
1325 2504 1423 2566 gentes
1434 2500 1591 2550 innumeras
1601 2517 1607 2550 s
1619 2500 1660 2552 ibi
1671 2501 1737 2562 loci,
1747 2508 1801 2553 ter·

1000 2579 1093 2615 rarum
1105 2566 1172 2617 orbe
1183 2569 1271 2631 portis
1282 2566 1411 2627 discluso,
1428 2581 1461 2616 es
1473 2568 1589 2619 adverso
1600 2569 1721 2623 maxime
1731 2569 1802 2620 Har·

999 2634 1098 2685 mastis
1110 2636 1207 2700 oppidi
1216 2635 1335 2687 iberum.
1363 2637 1384 2685 A
1396 2634 1487 2699 porti
1499 2637 1641 2687 Caucasiis
1660 2653 1710 2703 per
1724 2652 1801 2689 mon·

1001 2709 1042 2753 tes
1055 2701 1231 2768 Gordyaeos,
1247 2702 1335 2766 Valli,
1354 2701 1453 2755 Suarni
1463 2701 1617 2757 indomitae
1627 2710 1732 2772 gentes,
1742 2707 1802 2757 auri
1881 2738 1889 2747 -

1000 2778 1092 2820 umen
1103 2769 1220 2819 metalla
1230 2770 1348 2820 fodiunt.
1371 2772 1412 2822 Ab
1424 2772 1457 2818 iis
1469 2769 1503 2819 ad
1516 2771 1634 2824 Pontum
1644 2789 1732 2842 usque
1743 2776 1800 2826 lle·

1000 2837 1165 2889 niochorum
1183 2836 1265 2903 plura
1281 2852 1396 2904 genera,
1418 2852 1483 2888 nrox
1499 2836 1680 2893 Achaeorum.
1716 2844 1760 2895 lta
1773 2859 1802 2896 se

1001 2905 1085 2958 habet
1096 2915 1232 2958 terrarum
1245 2907 1321 2957 sinus
1332 2922 1348 2957 e
1358 2906 1531 2959 clarissimis.

1035 2976 1125 3044 Aliqui
1143 2977 1219 3027 inter
1228 2973 1345 3028 Pontum
1363 2984 1391 3027 ct
1402 2977 1531 3041 Caspium
1544 2992 1622 3029 mare
1633 2980 1803 3034 cchxxt

1000 3045 1039 3096 M.
1052 3059 1191 3111 passuum,
1203 3060 1258 3095 non
1266 3046 1383 3111 amplius
1395 3045 1529 3097 interesse
1537 3047 1725 3100 tradiderunt:
1736 3052 1804 3101 Cor·

1000 3114 1089 3165 neilus
1106 3113 1198 3179 Nepos
1216 3113 1286 3165 CCl.
1297 3115 1334 3164 M.
1346 3115 1445 3166 Tantis
1461 3116 1561 3169 iterum
1579 3118 1716 3186 angustiis
1731 3115 1803 3170 inle-

998 3195 1090 3240 statur
1100 3189 1172 3238 Asta.
1211 3182 1343 3238 Claudius
1355 3184 1457 3239 Cacsar
1467 3198 1484 3238 a
1496 3184 1644 3242 Cimmerio
1654 3186 1801 3257 Bosphoro

998 3258 1033 3309 ad
1045 3258 1174 3322 Caspium
1190 3271 1267 3309 snare
1284 3256 1329 3308 CL
1339 3256 1378 3307 M.
1391 3255 1526 3323 prodidit:
1549 3274 1635 3327 eaque
1655 3256 1801 3326 perfodere

998 3329 1139 3394 cogitasse
1149 3325 1309 3377 Nicatorem
1321 3325 1484 3385 Seleucum,
1505 3340 1560 3392 quo
1574 3337 1697 3395 tempore
1709 3344 1726 3379 a
1736 3327 1801 3379 Pto·
1906 3323 1913 3331 ’

999 3398 1104 3448 iemaeo
1117 3398 1239 3446 Cerauno
1257 3396 1295 3446 sit
1310 3395 1483 3447 interiectus.
1520 3403 1540 3451 A
1559 3398 1648 3462 portis
1662 3397 1801 3451 Caucaslis

999 3465 1034 3517 ad
1046 3464 1163 3515 Pontum
1173 3465 1215 3515 CC
1224 3464 1262 3515 M.
1273 3479 1403 3531 passuum
1417 3481 1477 3517 esse
1490 3473 1600 3520 constat
1611 3465 1680 3519 lere.

1032 3534 1106 3585 Xlli.
1125 3533 1232 3586 insulae
1242 3533 1511 3600 inPontol’lanctae,
1522 3537 1582 3588 sire
1592 3537 1730 3603 Cyaneae,
1741 3538 1801 3589 sive

999 3602 1206 3670 Symplegades.
1243 3602 1352 3655 Deinde
1362 3604 1517 3670 Apollonia,
1532 3604 1657 3671 Thynias
1669 3606 1753 3668 dicta,
1770 3614 1801 3657 ut

998 3672 1215 3738 distingueretur
1224 3674 1258 3723 sb
1269 3687 1315 3733 ea,
1336 3688 1407 3740 quae
1419 3682 1462 3725 est
1478 3678 1505 3726 in
1517 3675 1643 3743 Europa:
1677 3677 1773 3727 Distat
1784 3691 1801 3726 a

999 3743 1159 3794 continente
1169 3742 1297 3809 passibas
1308 3742 1356 3804 M.‚
1378 3744 1501 3811 cingitur
1511 3744 1602 3797 tribus
1613 3746 1652 3797 M.
1690 3748 1727 3798 Et
1737 3760 1800 3796 eon·

998 3819 1042 3863 tra
1054 3810 1239 3871 Pharnaceam
1251 3809 1424 3877 Chalceritis,
1446 3829 1527 3881 quam
1539 3815 1640 3867 Graeci
1651 3817 1744 3867 Arium
1757 3813 1798 3864 di-

997 3889 1106 3943 aerunt,
1126 3894 1289 3946 sacramque
1301 3882 1398 3943 Marti,
1420 3890 1448 3935 et
1459 3887 1485 3935 in
1499 3900 1532 3938 ea
1543 3884 1670 3936 rolncres
1682 3899 1741 3936 cum
1754 3883 1798 3932 ad·

997 3950 1073 4002 renis
1085 3964 1229 4018 pugnasse,
1241 3964 1391 4017 pennarum
1403 3953 1469 4005 ictu.

1030 4019 1105 4071 x1V.
1125 4020 1345 4085 Nuncomnibus,
1356 4031 1500 4089 quaesunt
1512 4019 1746 4077 interiornAsiae,
1759 4016 1799 4065 di·

997 4088 1059 4152 ciis,
1080 4089 1220 4155 Riphaeos
1231 4096 1340 4143 montes
1350 4093 1531 4144 transcendat
1545 4092 1666 4146 animus,
1688 4084 1798 4133 dextra·

996 4174 1050 4225 que
1061 4159 1139 4210 litori
1151 4162 1245 4212 oceani
1258 4161 1380 4212 incedat.
1392 4163 1495 4212 Tribus
1508 4161 1552 4207 hic
1564 4172 1578 4206 e
1590 4155 1715 4220 partibus
1725 4151 1798 4231 eseli

996 4230 1102 4280 alluens
1115 4231 1219 4280 Asianis
1234 4228 1383 4297 Scythicus
1396 4245 1413 4279 a
1424 4224 1631 4293 septemtrione,
1643 4221 1677 4271 ab
1689 4224 1798 4271 oriente

995 4298 1081 4358 Eous,
1103 4312 1120 4348 a
1131 4297 1246 4349 nteridic
1256 4300 1365 4350 indicus
1376 4302 1501 4353 vocatur,
1519 4291 1649 4353 varieque
1660 4290 1798 4355 persinas

996 4373 1024 4416 et
1045 4365 1155 4418 accolas
1176 4367 1205 4417 in
1226 4368 1367 4432 complura
1387 4362 1499 4414 nentina
1520 4357 1658 4411 dividitur.
1697 4358 1796 4412 Verum

995 4435 1076 4488 Asiae
1087 4449 1195 4503 quoque
1206 4448 1306 4500 magna
1317 4429 1748 4500 portioappositascptemtrioni‚
1757 4429 1797 4482 in·

995 4503 1068 4555 iuria
1077 4502 1174 4555 sideris
1187 4504 1309 4568 rigentis,
1319 4509 1413 4553 rastas
1422 4496 1586 4551 solitudines
1597 4495 1688 4552 habet.
1700 4501 1740 4554 Ab
1752 4515 1796 4553 ex·

996 4578 1085 4625 tremo
1096 4570 1232 4637 Aquilone
1244 4570 1279 4619 ad
1290 4562 1399 4621 initium
1410 4566 1528 4617 orientis
1538 4569 1652 4630 aestivi,
1673 4568 1796 4637 Scythae

995 4648 1068 4694 snat.
1103 4643 1191 4692 Extra
1201 4652 1249 4689 eos
1266 4636 1547 4703 ultraqueAquilonis
1557 4637 1796 4707 initiaiiyperbo·

995 4727 1058 4764 reos
1071 4710 1157 4777 aliqui
1170 4723 1295 4775 posuere,
1312 4704 1435 4770 pluribus
1447 4706 1474 4756 iu
1486 4706 1598 4775 Europa
1609 4709 1707 4761 dictos.
1738 4710 1797 4761 Pri·

996 4797 1069 4834 mum
1081 4779 1146 4831 inde
1158 4777 1506 4840 nosciturpromontcrium
1513 4777 1795 4847 Celticaeliytnrmis,

995 4851 1096 4904 fluuius
1107 4843 1295 4907 Carambucis,
1315 4846 1361 4897 ubi
1378 4846 1482 4900 lassata
1497 4863 1557 4899 cum
1573 4849 1694 4900 siderum
1711 4849 1741 4899 ei
1751 4849 1795 4900 tti-

997 4922 1149 4991 phaeorum
1170 4914 1303 4965 ntontium
1326 4915 1460 4969 deliciunt
1481 4917 1556 4987 iuga.
1592 4918 1689 4985 ibique
1709 4919 1795 4970 Arim-

997 4991 1102 5059 phaeos
1114 4982 1245 5052 quosdam
1258 4989 1421 5052 accepimus,
1432 4985 1506 5038 haud
1517 4987 1678 5039 dissimilem
1686 4987 1796 5055 Hyper·

995 5061 1089 5114 boreis
1098 5060 1216 5122 gentem.
1240 5053 1326 5109 Sedes
1336 5057 1395 5109 iilis
1406 5070 1530 5120 nemora,
1541 5057 1676 5109 alimenta
1684 5058 1796 5117 baccae,

997 5126 1114 5197 capillus
1125 5124 1206 5174 iusta
1216 5123 1325 5177 sentinis
1336 5126 1491 5194 sitisqueiu
1498 5128 1600 5192 probro
1606 5126 1794 5179 existimatur:

995 5201 1066 5251 ritus
1078 5195 1235 5247 clementes.
1252 5196 1348 5263 ltaque
1360 5211 1454 5249 sacros
1463 5194 1561 5248 haberi
1572 5201 1694 5259 sanant,
1704 5195 1794 5246 inrio-

995 5266 1124 5330 latosque
1144 5278 1205 5316 esse
1226 5266 1311 5317 etiam
1330 5265 1398 5317 ieris
1420 5266 1577 5319 accolarum
1599 5265 1722 5333 populis:
1744 5276 1795 5312 nec

996 5333 1071 5400 ipsos
1082 5334 1173 5395 modo,
1183 5334 1232 5386 sed
1244 5336 1308 5387 iilos
1319 5351 1437 5404 quoque,
1448 5337 1495 5402 qui
1507 5335 1542 5387 ad
1553 5350 1601 5387 eos
1613 5329 1795 5409 profugerint·

995 5401 1076 5453 Ultra
1086 5418 1134 5454 eos
1148 5404 1227 5471 plane
1239 5405 1292 5455 iam
1304 5404 1440 5472 Scythae,
1460 5405 1611 5466 Cimmerii,
1634 5395 1794 5475 Cissianths,

996 5470 1108 5539 Georgi,
1119 5478 1147 5523 et
1157 5474 1325 5526 Amazonum
1337 5488 1413 5543 gens.
1433 5473 1512 5527 Haec
1522 5487 1609 5541 nsque
1620 5470 1654 5520 ed
1665 5468 1792 5530 Caslnum

995 5543 1023 5588 et
1031 5538 1203 5605 Hyrcanium
1215 5556 1298 5595 mare.

1029 5605 1088 5659 xi.
1107 5610 1177 5662 Nam
1194 5619 1222 5664 et
1238 5612 1370 5677 irrumpit
1381 5610 1514 5676 Scythico
1530 5618 1634 5657 oceano
1653 5603 1681 5654 iu
1696 5617 1794 5660 aversa
