4330 6014
336 321 375 382 56
511 319 541 376 C.
588 317 737 377 l'L'lNll
781 313 989 374 SliCllNlll
1032 313 1194 375 NATUR
1237 313 1422 374 HlSTOlt.
1465 314 1635 375 Lllhlll.
1676 316 1810 375 CARA.

336 484 418 523 sunna
431 474 566 520 renrotnm
579 468 606 518 in
617 466 828 526 mediterraneo,
845 464 963 528 Obulco,
984 464 1056 532 qaod
1067 463 1137 516 Pon·

335 539 459 590 tiiiccnse
479 537 645 605 appellatur.
674 536 743 587 Mox
766 536 905 600 Bipepora
921 532 1137 597 foederatorum,

336 608 421 659 Sacili
435 607 613 668 Martialium,
632 605 737 655 Onoba.
767 603 804 653 Et
816 601 924 664 dextra,
945 601 1082 663 Corduba,
1093 618 1137 653 ca·

335 678 414 727 torna
425 675 564 727 Patriciae
575 672 755 739 oagncrmine:
773 671 838 720 inde
855 672 972 736 primum
984 670 1135 737 navigabili

336 746 427 798 Baeti.
457 745 581 811 Oppida:
604 740 734 802 Carbula,
755 739 896 791 Decuma:
916 738 1018 790 ilarius
1039 739 1137 806 Singu-

335 816 381 879 lis,
396 813 492 866 eadem
502 810 598 862 Baetis
610 808 699 860 latere
710 807 849 860 incedens.
868 808 979 874 Oppida
990 810 1137 875 Hispalen-

335 884 374 935 sis
395 886 559 933 conventus:
579 879 672 939 Celti,
695 881 786 939 Arria,
808 878 942 939 Canama,
964 879 1044 940 Bria,
1064 877 1133 943 ilipa

337 949 498 1018 cognomina
519 946 585 997 llia:
606 947 711 998 italica.
730 945 891 1007 Btalscra,
914 946 1040 1013 Hispalis
1061 947 1135 997 eolo·

335 1022 389 1082 nia,
410 1015 572 1085 cognomine
587 1014 769 1067 Romulensis.
797 1015 841 1066 Ex
862 1013 980 1066 adressa
1002 1017 1134 1083 oppidum

337 1091 426 1148 Osset,
447 1085 520 1152 quod
539 1085 751 1151 cognominatur
774 1083 846 1136 lulia
864 1086 1043 1137 Constantia:
1067 1085 1133 1137 Ver-

333 1164 460 1225 gentum,
482 1154 553 1221 quad
564 1154 626 1204 lulii
637 1152 741 1204 Genius
752 1169 759 1201 t
781 1154 895 1221 Orippo,
907 1155 1006 1215 Caura,
1017 1154 1134 1205 Siarum.

334 1226 448 1277 Flavius
458 1224 586 1286 blancha,
608 1229 636 1272 et
651 1222 711 1287 ipse
723 1237 740 1273 a
750 1221 849 1273 dextro
863 1224 951 1276 latere
962 1223 1079 1274 infusus.
1097 1224 1134 1274 At

334 1297 409 1346 inter
419 1292 560 1345 aestuaria
570 1290 676 1352 Baetis,
688 1291 818 1358 oppidum
831 1291 972 1355 Nebrissa,
993 1292 1135 1361 cognomi·

333 1381 369 1417 ne
380 1361 507 1424 Veneria,
524 1367 551 1411 et
563 1360 713 1412 Colobana.
732 1361 881 1413 Coloniae:
902 1363 980 1425 Asta,
1002 1378 1072 1429 quae
1083 1362 1135 1413 Be·

333 1435 381 1501 gia
395 1432 511 1484 dicitur:
530 1434 559 1481 et
579 1431 606 1480 in
629 1429 832 1484 mediterraneo
842 1430 935 1494 Asido,
950 1447 1022 1498 quae
1035 1433 1135 1484 Caesa·

334 1518 420 1554 rrana.

368 1566 599 1637 Singulisssnrins
618 1568 646 1619 in
660 1569 768 1633 Baetin,
788 1584 843 1637 quo
855 1569 959 1622 dictum
972 1574 1017 1622 est
1028 1569 1135 1633 ordine,

332 1643 498 1705 irrumpens,
509 1637 692 1704 astigitanam
706 1639 845 1691 coloniam
858 1640 950 1702 alluit,
971 1636 1134 1709 cognomine

331 1713 481 1777 Augustam
494 1707 622 1771 Firmani,
634 1708 669 1758 ab
680 1710 896 1778 canarigabilis.
915 1710 1006 1762 Baius
1019 1725 1136 1762 coarca-

332 1788 376 1829 tns
398 1782 462 1828 crint
482 1775 603 1846 reliquae
624 1777 752 1829 coloniae
773 1778 921 1831 immunes:
943 1782 1043 1839 Tucci,
1065 1794 1134 1846 quae

334 1844 548 1914 cognominatur
557 1847 680 1915 Angusta
691 1848 830 1900 Gemella:
848 1850 942 1911 lineri,
953 1866 1024 1918 quae
1038 1848 1134 1901 Virtus

330 1918 414 1969 lulla:
437 1915 539 1979 Attubi,
562 1931 632 1983 quae
644 1916 765 1970 Claritas
783 1918 874 1969 iulia:
897 1919 977 1984 Ursa,
997 1914 1069 1987 quae
1081 1920 1134 1970 Ge-

331 2004 385 2039 arua
395 1985 582 2038 Urbanorum:
603 1987 676 2037 iuter
697 2003 767 2054 qnae
787 1987 959 2041 iuitMnnda
980 1987 1132 2040 cumPom·

332 2058 386 2125 pell
401 2056 460 2107 lilio
472 2064 562 2121 capta.
582 2056 691 2122 Oppida
702 2056 808 2109 libera:
830 2057 920 2125 Astigi
931 2065 1019 2120 retus,
1042 2059 1134 2123 Ostip-

332 2143 377 2195 po.
395 2125 597 2191 Stipendiaria:
621 2125 720 2187 Callet,
738 2126 881 2189 Calecula,
900 2129 999 2179 Castra
1013 2129 1132 2194 gentina,

331 2196 433 2263 llipula
443 2195 544 2256 minor,
558 2195 695 2257 Merncra,
708 2194 842 2254 Sacrana,
853 2197 999 2258 Obulcula,
1011 2199 1133 2264 Oningis.

331 2268 371 2318 Ab
393 2279 443 2317 ora
463 2262 587 2316 uenienti
602 2276 687 2331 propo
707 2264 855 2316 illenabam
878 2281 986 2319 amnem
1004 2272 1031 2317 et
1043 2268 1132 2333 ipsum

332 2334 540 2403 narigabilem,
571 2332 644 2385 haud
674 2335 771 2402 procul
796 2335 927 2386 accolunt
947 2335 1133 2403 Alontigiccli,

331 2406 420 2456 Alosti
444 2405 461 2454 i.

367 2420 445 2535 Oanis
456 2478 550 2524 antam
561 2470 641 2539 regio
652 2487 669 2522 a
679 2471 760 2523 Baeti
773 2472 807 2523 ad
820 2472 932 2525 flurium
945 2475 1030 2525 Anam
1042 2472 1134 2525 tendit

331 2550 410 2593 estre
422 2541 575 2609 praedicta,
596 2542 730 2594 Baeturia
741 2542 908 2609 appellatur,
926 2544 955 2594 in
967 2543 1035 2594 duas
1046 2543 1134 2594 diiisa

330 2619 433 2679 piartes,
444 2610 615 2677 totidemque
625 2618 723 2677 gentes
735 2629 741 2661 ε
753 2612 882 2675 Celticos,
900 2615 948 2681 qui
960 2613 1133 2665 Lusitaniam

330 2683 490 2746 attingant,
522 2679 699 2745 Hispalensis
719 2689 887 2733 convontus:
916 2683 1065 2746 Turdulos,
1086 2682 1134 2750 qui

329 2748 504 2800 Lusitaniam
517 2753 546 2800 et
558 2751 795 2801 'l'arraconeascm
808 2751 945 2813 accolunt,
954 2752 1016 2803 iura
1028 2753 1132 2803 Corda·

329 2820 393 2871 bam
406 2825 511 2887 petunt.
541 2817 663 2873 Celticos
684 2820 861 2872 aceltiberis
882 2836 916 2873 ax
928 2820 1074 2873 Lusitania
1085 2821 1132 2872 ad-

328 2891 436 2941 venisse
457 2886 635 2939 manifestum
657 2894 710 2950 est,
728 2889 824 2950 saeris,
843 2890 947 2957 lingua,
968 2891 1132 2957 oppidorum

329 2957 482 3019 vocabulis,
493 2972 563 3024 quac
575 2957 784 3025 cognominibus
794 2958 945 3010 inBaetiea
956 2958 1131 3025 distinguun-

329 3036 390 3079 tnr:
420 3027 517 3078 Scriae
547 3027 679 3077 adiicitur
704 3026 792 3078 Fama
818 3027 907 3079 lulia:
938 3026 1133 3094 Nertobrigae,

330 3094 489 3148 Concordia
508 3093 599 3145 lulia:
620 3093 748 3159 Segidac,
770 3095 911 3146 Restituta
931 3095 1021 3146 Iulia:
1065 3101 1134 3147 Con·

329 3167 451 3218 tributae
481 3162 572 3223 lulia,
603 3161 833 3225 Ueultnniacum,
865 3178 936 3229 quae
968 3169 997 3214 et
1027 3166 1133 3231 Turiga

329 3251 401 3285 :irinc
427 3236 482 3283 cst:
510 3230 708 3297 laconimurgi
720 3268 728 3293 ,
750 3232 915 3283 Constantia
935 3231 1024 3283 Iulia:
1044 3235 1132 3285 Tere·

330 3305 407 3355 sibus
424 3299 602 3365 Fortunales,
622 3307 650 3351 et
664 3299 840 3352 Callensibus
858 3301 994 3354 Bmanici.
1018 3302 1134 3355 Praeter

329 3373 399 3425 lance
418 3372 447 3423 in
468 3370 592 3432 Celtica,
614 3370 768 3439 Acinippo,
791 3371 920 3433 Arunda,
942 3373 1055 3432 Aranni,
1075 3373 1131 3423 Tu·

329 3443 450 3503 rubrica,
459 3438 579 3507 Lastigi,
595 3439 705 3506 Alpcsa,
725 3439 861 3506 Saeponc,
880 3440 1009 3507 Serippo.
1036 3440 1134 3493 Altera

329 3512 470 3571 Baeturia,
491 3525 571 3577 qnam
584 3507 705 3559 diximus
716 3508 915 3571 Turdulorum,
936 3516 964 3560 et
981 3516 1133 3562 conventus

330 3579 532 3641 Cordubensis,
552 3576 635 3627 habet
656 3576 758 3642 oppida
778 3591 833 3627 non
852 3576 1005 3646 ignobilia:
1027 3581 1134 3643 Arsam,

328 3648 484 3703 Mellariam
495 3683 504 3711 ,
523 3646 718 3699 Mirobricam:
738 3646 861 3714 regidnis
882 3648 1044 3713 Osintiadis,
1061 3648 1134 3701 Sisa-

349 3734 437 3770 aneni.

328 3736 346 3788 p
364 3784 499 3839 Gaditani
510 3789 677 3836 concentus:
694 3784 794 3836 civium
806 3785 992 3839 Romanorum
1010 3788 1131 3856 Regina:

328 3857 512 3919 Latinorum,
544 3854 630 3922 Regia
651 3854 780 3916 Carissa,
811 3857 974 3923 cognomine
1000 3859 1130 3911 Aurelia:

329 3926 414 3994 Urgia
441 3924 638 3990 cognominata
669 3924 795 3974 Castrum
826 3924 947 3976 lulium:
977 3928 1043 3978 item
1065 3930 1132 3980 Cac-

327 3997 400 4046 saris
421 3991 628 4046 Salutariensis.
658 3988 865 4059 Stipendiariai
884 3995 1009 4059 Besara,
1038 3998 1132 4064 Belip-

332 4080 377 4131 po,
393 4062 555 4123 Barbesula,
578 4062 710 4129 Lacippo,
733 4064 882 4131 Baesippo,
905 4065 1005 4128 Callet,
1028 4068 1134 4134 Cappa·

331 4150 411 4252 gosp,
432 4132 578 4191 Oleastro,
600 4131 700 4195 ltucci,
720 4132 828 4195 Brana,
849 4133 961 4197 Lacibi,
984 4134 1132 4205 Saguntia,

331 4205 371 4253 An
394 4204 494 4253 arisae.

366 4271 452 4322 Porro
475 4268 678 4338 longitudinem
699 4271 857 4323 nniversam
878 4272 937 4325 eins
957 4274 1080 4341 prodidit
1094 4275 1132 4327 M.

330 4337 1133 4408 AgrippaCCCCLXVltl.passuum:latitudinemCCLVll

331 4413 370 4463 Μ.
391 4408 522 4462 sedeam
543 4408 657 4460 termini
676 4408 872 4476 Carthaginem
893 4426 981 4480 usqne
1002 4415 1133 4481 procede·

331 4486 406 4542 rent;
418 4492 488 4547 qnae
499 4492 583 4529 cansa
593 4492 709 4547 magnos
719 4493 827 4532 errores
840 4482 1049 4550 computatione
1060 4499 1134 4536 mea·

332 4562 413 4600 surae
424 4547 533 4615 saepius
545 4547 630 4615 parit,
652 4548 718 4601 alibi
735 4556 842 4602 mutato
858 4553 1065 4618 prorinciarum
1077 4570 1134 4606 mo-

332 4620 376 4680 do,
397 4618 463 4670 alibi
472 4619 601 4669 itinerum
613 4619 702 4670 auctis
713 4626 762 4670 aut
772 4620 915 4673 diminutis
926 4625 1063 4689 passibus.
1091 4624 1134 4675 ln-

331 4689 452 4742 cabuere
463 4686 552 4738 maria
571 4694 628 4738 tam
646 4687 729 4755 lango
748 4703 827 4751 acro,
848 4691 916 4743 alibi
927 4706 1088 4758 processere
1100 4693 1135 4743 li·

330 4766 404 4819 tora,
415 4765 521 4809 torsere
529 4772 560 4808 se
570 4754 713 4807 Ariminum
724 4762 772 4806 ent
785 4759 1034 4814 eorrexereilenus.
1051 4762 1135 4814 Prae·

331 4838 411 4880 terea
431 4827 543 4880 aliunde
558 4825 623 4877 aliis
643 4825 788 4876 exordium
805 4840 951 4881 mensurae
966 4839 1018 4893 est,
1039 4832 1135 4883 atalia

332 4909 453 4950 nuestus:
465 4896 507 4949 ita
517 4897 557 4957 iit,
567 4900 599 4945 nt
609 4892 678 4945 nulli
688 4893 744 4945 dno
755 4895 909 4947 concinant.
926 4898 1061 4953 Baeticae
1072 4900 1133 4951 loa·

331 4968 429 5034 gitndo
441 4981 513 5017 nunc
525 4979 542 5015 a
552 4963 710 5015 Castulonis
721 4964 816 5029 oppidi
828 4967 883 5017 line
895 4966 997 5032 Gades,
1014 4970 1082 5023 CCL
1093 4970 1134 5021 Μ.

330 5046 359 5089 et
370 5054 387 5087 a
399 5035 490 5102 llurgi
502 5031 644 5083 maritima
655 5047 705 5084 ora
714 5033 793 5085 XXV
802 5030 840 5083 nt.
852 5048 925 5099 pass.
937 5040 1064 5104 amplior.
1083 5039 1136 5090 La·

256 5150 262 5165 ,
327 5104 420 5156 titudo
430 5119 447 5155 a
459 5102 610 5153 Carteiaaa
621 5116 670 5152 ora
679 5101 837 5152 CCXXXVl
850 5103 889 5154 M.
900 5118 972 5169 pass.
985 5109 1133 5175 Agrippam

330 5172 442 5242 quidem
462 5171 492 5221 in
513 5177 593 5222 tanta
613 5170 664 5221 riri
689 5169 846 5237 diligentia,
866 5180 1031 5243 praeterque
1043 5178 1071 5228 in
1083 5177 1134 5229 hoe

331 5254 415 5308 opere
435 5253 510 5301 cura,
529 5254 590 5291 cuns
612 5240 706 5291 orbem
727 5247 864 5292 terrarum
881 5242 1133 5311 orbispectandusn

349 5308 525 5376 repositurus
545 5316 627 5368 esset,
644 5323 752 5361 errasse
772 5310 834 5376 quis
856 5309 961 5373 eredat,
981 5320 1010 5366 et
1026 5330 1087 5366 cum
1099 5332 1133 5368 eu

328 5328 432 5432 iliram
451 5377 624 5445 Angustum!
646 5380 672 5430 is
684 5394 800 5446 numque
813 5380 984 5447 complexam
996 5397 1057 5434 enm
1071 5399 1133 5451 por·

329 5452 415 5501 ticum
426 5463 462 5502 ex
472 5446 656 5501 destinatione
675 5455 703 5500 et
721 5450 930 5502 commentariis
945 5450 984 5502 hi.
995 5452 1133 5522 Agrippae

331 5534 347 5569 a
359 5535 455 5570 sorore
466 5519 526 5572 eins
537 5514 692 5569 inchoatam
705 5521 820 5587 peregit.

367 5586 411 5638 ll'.
431 5588 573 5643 Citerioris
587 5588 754 5657 Hispaniae,
772 5589 845 5642 sieut
864 5590 1049 5659 complurium
1071 5606 1134 5660 pro·

1188 464 1351 524 vinciacum,
1373 462 1543 531 aliquantum
1558 470 1637 515 retus
1651 463 1742 515 forma
1757 467 1864 514 mutata
1875 469 1934 515 est:
1954 471 1994 517 ut·

1189 539 1255 599 pate
1267 548 1327 584 cnm
1339 532 1611 600 Pompeiuslllagnus
1623 531 1766 600 trophaeis
1777 532 1845 595 suis,
1857 548 1928 600 qnae
1939 540 1994 584 sta·

1189 603 1286 654 tuebat
1298 602 1326 653 in
1339 599 1492 669 Pyrenaeo,
1503 600 1714 654 Dcchxxvt
1727 600 1828 668 oppida
1839 602 1874 653 ab
1880 602 1994 668 Alpibus

1189 671 1224 721 ad
1236 672 1304 721 lines
1317 670 1470 737 Hispaniae
1492 669 1636 723 ulterioris
1657 671 1687 721 in
1700 670 1834 721 ditionem
1847 685 1903 721 ase
1915 670 1995 722 reda·

1190 747 1235 791 cta
1246 747 1364 792 testatus
1377 741 1423 790 sit.
1455 739 1533 791 Nune
1549 741 1679 790 universa
1696 739 1840 805 prouincia
1859 739 1994 791 diriditur

1188 809 1216 860 in
1229 817 1380 861 conventus
1390 817 1511 877 septem:
1523 807 1792 874 Carthaginiensem,
1802 809 1993 860 Tarraconen·

1187 893 1256 942 sem,
1280 882 1577 946 caesaraugustanum,
1589 878 1774 939 Cluniensem,
1785 879 1925 941 Asturum,
1936 879 1992 929 Lu·

1189 963 1308 1010 censem,
1321 948 1480 1000 Bracarum.
1507 947 1777 1010 Acceduntinsnlae,
1792 962 1908 1014 quarum
1919 962 1994 999 men·

1190 1018 1267 1068 tione
1286 1018 1431 1084 seposita,
1453 1024 1564 1085 praeter
1584 1019 1713 1069 civitates
1735 1017 1910 1069 contributas
1930 1017 1995 1067 aliis

1189 1087 1329 1148 CCXClV,
1351 1086 1495 1152 prouincia
1513 1088 1574 1152 ipsa
1596 1085 1992 1153 continetoppidaCLXXlX.

1187 1155 1218 1206 ln
1230 1156 1265 1205 iis
1277 1153 1401 1206 colonias
1412 1154 1472 1218 xil,
1485 1155 1587 1221 oppida
1603 1158 1704 1207 eirinm
1716 1155 1906 1206 Romanorum
1917 1155 1991 1217 xiii,

1188 1224 1350 1275 Latinorum
1362 1229 1488 1276 veterum
1500 1222 1600 1288 xviri,
1620 1224 1830 1277 foederatorum
1841 1240 1934 1288 unum,
1945 1228 1990 1276 sti·

1187 1293 1333 1361 pendiaria
1344 1292 1478 1344 CXXXV.

1221 1362 1308 1414 Primi
1322 1364 1351 1413 ia
1371 1376 1421 1415 ora
1430 1362 1551 1414 Bastuli:
1571 1367 1636 1429 post
1646 1377 1711 1427 eos,
1732 1376 1786 1429 quo
1798 1360 1907 1414 dicetur
1918 1361 1991 1413 ordi·

1187 1448 1231 1495 ne,
1251 1434 1328 1483 intus
1343 1431 1506 1484 recedentes
1516 1432 1680 1493 Mentesani,
1691 1430 1818 1494 Oretani,
1837 1436 1867 1482 et
1885 1430 1920 1482 ad
1937 1432 1992 1483 'Fa-

1187 1516 1251 1571 gum
1264 1502 1428 1567 Carpetani:
1440 1502 1520 1553 iusta
1531 1517 1580 1553 eos
1590 1500 1720 1562 Vaccaei,
1731 1499 1882 1562 Vectones,
1893 1506 1921 1551 et
1932 1500 1991 1553 Cel·

1187 1572 1273 1624 tiberi
1291 1572 1415 1623 Arevaci.
1443 1569 1552 1638 Oppida
1563 1585 1629 1622 orae
1641 1573 1778 1637 proxima:
1799 1569 1875 1632 Urci,
1886 1569 1991 1621 adseri·

1187 1648 1320 1709 ptumqnc
1331 1640 1463 1693 Baeticae
1473 1641 1578 1692 Barea:
1594 1642 1671 1708 regio
1683 1639 1843 1702 Mavitania,
1853 1653 1918 1690 mox
1931 1637 1995 1691 Oel-

1189 1711 1276 1772 tania,
1287 1710 1352 1762 dein
1363 1710 1556 1763 Contestania:
1568 1711 1708 1777 Carthago
1719 1726 1799 1773 nora,
1810 1709 1935 1772 eoloaia3
1947 1725 2013 1783 aa..

1187 1782 1232 1832 ins
1242 1795 1260 1831 a
1271 1780 1464 1846 promontorio
1475 1781 1548 1847 qnod
1560 1780 1673 1832 Saturni
1685 1786 1810 1842 vocatur,
1826 1780 1992 1831 Caesaream

1186 1851 1377 1903 Mauritaniae
1396 1850 1493 1901 urbem
1515 1848 1693 1902 chxxvn
1705 1850 1744 1900 M.
1763 1863 1836 1915 pass.
1847 1851 1991 1900 traiectus.

1187 1920 1306 1987 Reliqua
1316 1920 1345 1970 in
1356 1934 1417 1971 ora:
1428 1918 1530 1971 danaen
1541 1918 1643 1983 'l'ader,
1654 1919 1905 1971 coloniaimmunis
1916 1917 1996 1982 lllici,

1186 1988 1260 2041 unde
1270 1989 1428 2041 illicitanus
1439 1992 1522 2040 sinus.
1543 1989 1571 2042 ln
1584 2004 1644 2041 eant
1657 1989 1870 2041 contribuuntur
1879 1986 1995 2041 lcosita·

1186 2059 1225 2110 ai.
1243 2059 1313 2110 Mox
1323 2059 1488 2111 Latinorum
1499 2058 1663 2121 Lucentum,
1672 2058 1805 2110 Dianium
1816 2056 1996 2124 stipendiari·

1185 2143 1245 2181 um:
1265 2127 1352 2180 Sucro
1368 2126 1478 2190 ilurius,
1497 2135 1526 2180 et
1538 2128 1676 2195 quondam
1695 2127 1835 2195 oppidum,
1850 2130 1995 2179 Contesta·
2058 2142 2067 2152 ·

1186 2199 1251 2250 niae
1262 2197 1335 2249 sinis.
1363 2197 1452 2266 Regio
1462 2197 1602 2249 Edetania
1616 2212 1733 2251 amoeno
1750 2195 1948 2263 praetendente
1962 2213 1994 2249 se

1186 2275 1295 2334 stagno,
1314 2267 1350 2319 ad
1371 2267 1528 2319 Celtiberos
1549 2268 1692 2321 recedens.
1725 2267 1853 2319 Valentia
1872 2266 1994 2329 colonia,

1186 2337 1224 2389 lli
1237 2338 1275 2389 Μ.
1286 2352 1359 2405 pass.
1371 2352 1389 2388 a
1402 2337 1473 2388 mari
1486 2342 1608 2389 remota:
1630 2335 1733 2389 flumen
1749 2337 1876 2399 Turium,
1896 2343 1925 2388 et
1935 2342 1996 2387 tan·

1186 2406 1301 2459 tandem
1322 2408 1418 2457 amari
1436 2405 1601 2473 Saguntum,
1622 2408 1722 2460 civium
1737 2406 1925 2459 Romanorum
1947 2418 1995 2471 op·

1185 2477 1288 2543 pidum,
1304 2475 1359 2528 lide
1381 2476 1489 2527 nobile:
1518 2474 1620 2527 ilumen
1640 2477 1751 2528 Uduba:
1774 2476 1852 2544 regio
1873 2475 1996 2544 llergaa·

1186 2561 1261 2598 liunt.
1282 2546 1378 2598 lbcrus
1390 2545 1479 2596 amnis
1491 2545 1643 2614 navigabili
1661 2546 1830 2599 commercio
1842 2545 1928 2607 (lires,
1950 2558 1994 2595 or·

1187 2622 1233 2668 tas
1244 2616 1271 2665 in
1281 2614 1438 2678 Cantabris,
1454 2613 1527 2667 haud
1538 2616 1635 2683 procul
1648 2616 1754 2683 oppido
1763 2616 1929 2675 iuliobrica‚
1944 2627 1995 2680 per

1186 2685 1297 2738 CCCCL
1308 2686 1346 2735 M.
1356 2699 1430 2751 pass.
1441 2682 1543 2738 Auens:
1565 2686 1675 2749 narium
1687 2701 1738 2754 per
1749 2686 1846 2739 CCLX
1856 2686 1896 2737 M.
1908 2700 1925 2736 a
1935 2682 1993 2735 Va·

1186 2754 1230 2804 ria
1241 2746 1344 2821 apphia
1357 2769 1459 2821 capax:
1481 2770 1562 2822 quem
1581 2763 1698 2822 propter
1718 2757 1876 2809 universam
1888 2755 1995 2821 llispa·

1187 2826 1260 2874 niam
1272 2824 1374 2875 Graeci
1389 2824 1564 2891 appellavere
1576 2826 1705 2877 iberiam.
1724 2825 1812 2893 Regio
1822 2825 1993 2884 Cessetania,

1186 2891 1287 2942 tlnmen
1299 2892 1382 2944 Subi:
1404 2894 1516 2945 colonia
1525 2896 1660 2957 'Farracm
1682 2894 1841 2960 Scipionum
1853 2908 1930 2959 opus,
1941 2892 2011 2944 sicr

1185 2966 1217 3012 nt
1228 2959 1369 3029 Carthago
1389 2960 1554 3013 Poenorum.
1573 2962 1661 3028 Bagis
1681 2962 1737 3013 ller
1756 2967 1841 3021 etum,
1858 2962 1994 3025 oppidum

1186 3029 1292 3082 Subur:
1312 3029 1414 3081 llumen
1433 3029 1624 3090 Rubricatum,
1642 3043 1660 3079 a
1673 3044 1729 3147 pao
1766 3027 1870 3078 alstani
1882 3029 1994 3080 etlndi·

1185 3104 1273 3166 getes.
1292 3096 1359 3148 Post
1371 3111 1429 3159 eos,
1449 3111 1504 3164 qna
1519 3097 1628 3149 dicetur
1640 3112 1672 3148 or
1693 3100 1745 3158 ine,
1766 3096 1841 3147 intus
1861 3095 1993 3147 receden-

1186 3174 1229 3219 tes
1247 3164 1342 3218 radice
1363 3166 1512 3232 Pyrenaei,
1531 3166 1679 3227 Ausetani,
1703 3164 1853 3219 Lacetani:
1887 3179 1992 3233 perque

1186 3231 1361 3302 Pprenueum
1375 3235 1529 3299 Cerretani,
1549 3234 1613 3287 dein
1625 3234 1775 3287 Vascones.
1794 3235 1825 3286 ln
1836 3248 1887 3285 ora
1897 3241 1990 3287 autam

1186 3304 1301 3356 colonia
1320 3305 1450 3367 Barcino,
1469 3307 1634 3374 cognomine
1654 3305 1799 3357 Faventia.
1828 3302 1940 3371 Oppida
1955 3305 1993 3355 ci-

1185 3374 1261 3424 vium
1275 3374 1475 3426 Romanorum:
1492 3374 1622 3438 Baetulo,
1633 3374 1725 3426 lluro:
1738 3374 1841 3426 flamen
1853 3373 1991 3425 Larunm:

1186 3442 1324 3496 Blandae:
1351 3443 1453 3496 llumen
1471 3444 1555 3497 Alba:
1580 3444 1742 3511 Emporiae:
1762 3443 1902 3511 geminum
1924 3441 1992 3507 hoc,

1186 3519 1311 3565 veterum
1322 3513 1486 3577 incolarum,
1493 3519 1522 3567 ct
1531 3515 1710 3577 Graecorum,
1720 3516 1767 3581 qui
1773 3512 1991 3566 Phocaeensium

1187 3580 1265 3634 luere
1284 3584 1406 3635 soboles.
1431 3583 1547 3635 Flumen
1561 3582 1667 3635 'lichia
1686 3583 1727 3635 Ab
1740 3598 1774 3636 eo
1784 3583 1928 3651 Pyrenaea
1943 3580 1992 3634 Ve-

1187 3667 1239 3704 nus
1249 3651 1277 3702 in
1287 3652 1376 3704 latere
1386 3651 1575 3718 promontorii
1585 3653 1683 3715 altero,
1695 3652 1746 3704 XL
1757 3652 1796 3704 bl.

1221 3719 1303 3773 Nune
1321 3735 1373 3788 per
1392 3720 1518 3788 singulos
1538 3730 1689 3774 conuentus
1709 3721 1861 3775 reddentur
1870 3720 1992 3788 iusignia

1186 3797 1298 3858 praeter
1316 3805 1401 3858 supra
1421 3791 1505 3843 dictu.
1540 3793 1700 3844 Tarracone
1720 3791 1876 3859 disceptant
1897 3790 1993 3858 papuli

1186 3860 1296 3922 XLlll,
1326 3875 1444 3927 quornm
1465 3862 1653 3925 celeberrimi,
1684 3862 1784 3913 ciuium
1803 3862 1992 3913 Romanorum

1186 3928 1346 3992 Dertusani,
1360 3930 1565 3999 Bisgurgitani:
1583 3930 1762 3996 Latinorum,
1775 3930 1916 3991 Ausetani,
1927 3932 1993 3981 Cer·

1186 3999 1287 4062 retani,
1305 4000 1353 4067 qui
1363 3999 1467 4051 luliaui
1478 4000 1717 4068 cognominantur,
1728 4007 1757 4053 et
1768 4001 1815 4068 qui
1827 4000 1993 4069 Augustani:

1186 4067 1319 4132 Edetani,
1336 4069 1540 4135 Gerundenses,
1557 4070 1766 4124 Caesarienses:
1786 4072 1880 4131 Teani,
1891 4069 1938 4135 qni
1949 4069 1991 4120 lu·

1186 4137 1299 4190 lienses.
1328 4137 1593 4205 stipendiariorum:
1613 4140 1839 4210 Aquicaldenses,
1858 4140 1991 4197 Oeenses,

1186 4205 1419 4261 Baeculanenses.

1222 4279 1447 4344 Caesaraugusta
1457 4279 1569 4332 colonia
1584 4279 1722 4341 immunis,
1741 4276 1911 4331 amnelbero
1923 4273 1992 4327 ailu-

1186 4364 1228 4413 sa,
1247 4348 1296 4400 ubi
1309 4347 1441 4415 oppidum
1461 4357 1526 4402 ante
1541 4350 1695 4402 recabatur
1711 4347 1850 4409 Salduba,
1867 4345 1991 4413 regionis

1186 4418 1351 4480 Edetaniae,
1373 4419 1473 4486 recipit
1483 4420 1602 4488 populos
1614 4420 1696 4471 CLll.
1714 4419 1757 4470 Bu
1773 4418 1817 4469 his
1829 4417 1927 4468 uirium
1939 4415 1992 4466 llo·

1187 4502 1334 4540 manornm
1354 4487 1518 4554 Belitauos,
1542 4489 1694 4550 celsenses,
1715 4502 1750 4539 ex
1765 4486 1889 4538 colonia:
1914 4484 1992 4533 Cala·

1186 4557 1351 4628 garitanos,
1382 4561 1428 4625 qui
1453 4560 1563 4611 Nassici
1592 4558 1840 4625 cognominantur:
1872 4550 1989 4604 llarden·

1186 4644 1240 4689 ses,
1260 4626 1433 4679 Surdaonum
1449 4629 1554 4707 gentis;
1573 4626 1654 4676 iuxta
1669 4640 1738 4689 quos
1748 4623 1854 4674 Sicoris
1873 4621 1989 4673 Aurius:

1187 4697 1332 4758 Oscenses,
1351 4699 1474 4760 regionis
1484 4694 1676 4747 Vescitanine:
1688 4692 1918 4751 Turiasoneases,
1932 4689 1988 4741 La·

1187 4766 1309 4816 tinorum
1319 4771 1458 4815 ueterum:
1471 4760 1894 4828 cucantenseaargaueenses,
1905 4759 1989 4811 Grac·

1188 4833 1338 4892 curitanos,
1353 4830 1549 4893 Leonicenses,
1560 4828 1788 4897 Ossigerdenses.
1807 4828 1989 4890 Foederatos‚

1187 4903 1385 4966 Tarragensas.
1412 4899 1635 4967 stipendiarios:
1656 4900 1881 4961 Arcobricenses,
1900 4896 1989 4948 Ando-

1186 4971 1332 5039 logeuses,
1351 4970 1557 5033 Aracelitancs,
1578 4969 1798 5032 Bursauncnses,
1816 4967 1988 5035 calagurita-

1187 5055 1238 5092 nos
1249 5039 1297 5106 qai
1306 5037 1503 5092 Fibularenses
1514 5039 1752 5108 cognominantur,
1769 5036 1990 5104 complutenses,

1188 5111 1340 5171 Carenem,
1368 5109 1534 5173 Cineenses,
1554 5112 1757 5173 Cortonenses,
1776 5106 1990 5167 Dumnitonae,

1187 5179 1358 5241 Larnanses,
1378 5177 1545 5242 Lnrsenses,
1570 5178 1797 5242 Lamberitanos‚
1822 5178 1989 5237 Lacetanos,

1187 5248 1352 5309 Labicuses,
1369 5245 1610 5310 Pompelanenses,
1621 5246 1778 5314 Segienses.

1223 5315 1420 5382 Carthaginem
1431 5321 1598 5371 conveniunt
1610 5318 1704 5384 popuii
1713 5315 1801 5382 LXV,
1812 5318 1937 5383 exceptis
1947 5315 1988 5365 in·

1187 5386 1312 5439 salarum
1328 5386 1436 5438 ineolis.
1465 5389 1509 5440 Ba
1525 5388 1634 5440 colonia
1647 5387 1779 5440 Accitana
1790 5387 1989 5443 Gemellensea

1188 5462 1217 5510 et
1237 5456 1404 5509 Libisosona
1425 5454 1591 5527 cognomine
1611 5456 1858 5525 Foroaugustana,
1888 5453 1988 5521 quibus

1187 5526 1294 5578 duabus
1305 5527 1349 5577 ins
1360 5526 1459 5580 ltaliae
1470 5528 1578 5580 datum:
1598 5543 1633 5579 ex
1650 5528 1760 5580 colonia
1770 5526 1928 5581 Salariense
1941 5535 1988 5586 ap·

1186 5595 1283 5663 pldaai
1293 5595 1369 5649 Latii
1382 5599 1485 5651 veteris
1501 5596 1724 5661 Castulonenses,
1740 5599 1787 5666 qai
1803 5592 1914 5650 cassari
1931 5588 1955 5640 V
1958 5604 1985 5640 e·
