<?xml version="1.0" encoding="UTF-8"?>
<!DOCTYPE html PUBLIC "-//W3C//DTD XHTML 1.0 Transitional//EN"
    "http://www.w3.org/TR/xhtml1/DTD/xhtml1-transitional.dtd">
<html xmlns="http://www.w3.org/1999/xhtml" xml:lang="en" lang="en">
 <head>
  <title>
</title>
<meta http-equiv="Content-Type" content="text/html;charset=utf-8" />
  <meta name='ocr-system' content='tesseract 3.04.00' />
  <meta name='ocr-capabilities' content='ocr_page ocr_carea ocr_par ocr_line ocrx_word'/>
</head>
<body>
  <div class='ocr_page' id='page_1' title='image "./historiaenatura00plingoog/historiaenatura00plingoog_0070.png"; bbox 0 0 4330 6014; ppageno 0'>
   <div class='ocr_carea' id='block_1_1' title="bbox 9 480 11 551">
    <p class='ocr_par' dir='ltr' id='par_1_1' title="bbox 9 480 11 551">
     <span class='ocr_line' id='line_1_1' title="bbox 9 480 11 551; baseline 0 0"><span class='ocrx_word' id='word_1_1' title='bbox 9 480 11 551; x_wconf 81' lang='lat' dir='ltr'><strong>l</strong></span> 
     </span>
    </p>
   </div>
   <div class='ocr_carea' id='block_1_2' title="bbox 185 266 1814 419">
    <p class='ocr_par' dir='ltr' id='par_1_2' title="bbox 185 266 1814 419">
     <span class='ocr_line' id='line_1_2' title="bbox 185 266 1814 419; baseline 0.006 -52"><span class='ocrx_word' id='word_1_2' title='bbox 185 362 190 367; x_wconf 83' lang='grc'><strong>.</strong></span> <span class='ocrx_word' id='word_1_3' title='bbox 237 312 314 419; x_wconf 52' lang='grc' dir='ltr'><strong>Ἰο.</strong></span> <span class='ocrx_word' id='word_1_4' title='bbox 357 266 508 373; x_wconf 78' lang='lat' dir='ltr'><strong>aaran</strong></span> <span class='ocrx_word' id='word_1_5' title='bbox 552 309 760 379; x_wconf 82' lang='lat' dir='ltr'><strong>secunus</strong></span> <span class='ocrx_word' id='word_1_6' title='bbox 804 310 972 375; x_wconf 79' lang='lat' dir='ltr'><strong>aaran</strong></span> <span class='ocrx_word' id='word_1_7' title='bbox 1017 315 1203 378; x_wconf 79' lang='lat' dir='ltr'><strong>aaaron.</strong></span> <span class='ocrx_word' id='word_1_8' title='bbox 1248 315 1326 376; x_wconf 83' lang='lat' dir='ltr'><strong>ara.</strong></span> <span class='ocrx_word' id='word_1_9' title='bbox 1349 314 1414 375; x_wconf 91' lang='grc' dir='ltr'>ιιι.</span> <span class='ocrx_word' id='word_1_10' title='bbox 1457 315 1673 376; x_wconf 79' lang='lat' dir='ltr'><strong>esaum.</strong></span> <span class='ocrx_word' id='word_1_11' title='bbox 1773 319 1814 385; x_wconf 78' lang='lat' dir='ltr'><strong>no</strong></span> 
     </span>
    </p>
   </div>
   <div class='ocr_carea' id='block_1_3' title="bbox 143 458 1844 3097">
    <p class='ocr_par' dir='ltr' id='par_1_3' title="bbox 143 458 1844 3097">
     <span class='ocr_line' id='line_1_3' title="bbox 144 458 1814 544; baseline 0.004 -27"><span class='ocrx_word' id='word_1_12' title='bbox 144 478 193 517; x_wconf 83' lang='lat' dir='ltr'><strong>nnn</strong></span> <span class='ocrx_word' id='word_1_13' title='bbox 205 460 377 544; x_wconf 55' lang='lat' dir='ltr'><strong>medanam</strong></span> <span class='ocrx_word' id='word_1_14' title='bbox 386 458 494 542; x_wconf 80' lang='lat' dir='ltr'><strong>habuit,</strong></span> <span class='ocrx_word' id='word_1_15' title='bbox 512 460 616 531; x_wconf 77' lang='lat' dir='ltr'><strong>Orbem</strong></span> <span class='ocrx_word' id='word_1_16' title='bbox 625 460 772 543; x_wconf 67' lang='grc' dir='ltr'>ιιιῃιιιιιι</span> <span class='ocrx_word' id='word_1_17' title='bbox 783 475 801 513; x_wconf 90' lang='lat' dir='ltr'><strong>a</strong></span> <span class='ocrx_word' id='word_1_18' title='bbox 811 460 903 540; x_wconf 66' lang='lat' dir='ltr'><strong>Callia</strong></span> <span class='ocrx_word' id='word_1_19' title='bbox 914 475 958 515; x_wconf 88' lang='lat' dir='ltr'><strong>cn·</strong></span> <span class='ocrx_word' id='word_1_20' title='bbox 1008 468 1111 528; x_wconf 70' lang='lat' dir='ltr'><strong>nunni,</strong></span> <span class='ocrx_word' id='word_1_21' title='bbox 1121 481 1172 521; x_wconf 88' lang='lat' dir='ltr'><strong>ore</strong></span> <span class='ocrx_word' id='word_1_22' title='bbox 1180 469 1307 539; x_wconf 80' lang='lat' dir='ltr'><strong>obligato</strong></span> <span class='ocrx_word' id='word_1_23' title='bbox 1319 468 1519 536; x_wconf 62' lang='lat' dir='ltr'><strong>obsignatoque</strong></span> <span class='ocrx_word' id='word_1_24' title='bbox 1530 466 1706 518; x_wconf 79' lang='lat' dir='ltr'><strong>simulacrum</strong></span> <span class='ocrx_word' id='word_1_25' title='bbox 1721 468 1814 523; x_wconf 74' lang='lat' dir='ltr'><strong>boum.</strong></span> 
     </span>
     <span class='ocr_line' id='line_1_4' title="bbox 144 529 1815 606; baseline 0.001 -19"><span class='ocrx_word' id='word_1_26' title='bbox 144 542 221 603; x_wconf 84' lang='lat' dir='ltr'><strong>ptaur</strong></span> <span class='ocrx_word' id='word_1_27' title='bbox 239 533 328 585; x_wconf 71' lang='lat' dir='ltr'><strong>dsunt:</strong></span> <span class='ocrx_word' id='word_1_28' title='bbox 342 529 507 593; x_wconf 68' lang='lat' dir='ltr'><strong>⁴t“.lrtarehea</strong></span> <span class='ocrx_word' id='word_1_29' title='bbox 526 532 768 597; x_wconf 73' lang='lat' dir='ltr'><strong>abeoproumsus,</strong></span> <span class='ocrx_word' id='word_1_30' title='bbox 789 530 958 598; x_wconf 79' lang='lat' dir='ltr'><strong>legationem</strong></span> <span class='ocrx_word' id='word_1_31' title='bbox 1045 534 1147 587; x_wconf 85' lang='lat' dir='ltr'><strong>Urbem</strong></span> <span class='ocrx_word' id='word_1_32' title='bbox 1172 546 1229 589; x_wconf 88' lang='lat' dir='ltr'><strong>tres</strong></span> <span class='ocrx_word' id='word_1_33' title='bbox 1251 546 1345 605; x_wconf 89' lang='lat' dir='ltr'><strong>partas</strong></span> <span class='ocrx_word' id='word_1_34' title='bbox 1370 536 1515 591; x_wconf 83' lang='lat' dir='ltr'><strong>lrabeatem</strong></span> <span class='ocrx_word' id='word_1_35' title='bbox 1536 535 1672 587; x_wconf 75' lang='lat' dir='ltr'><strong>Romulus</strong></span> <span class='ocrx_word' id='word_1_36' title='bbox 1689 538 1815 606; x_wconf 86' lang='lat' dir='ltr'><strong>reliquit,</strong></span> 
     </span>
     <span class='ocr_line' id='line_1_5' title="bbox 148 599 1815 672; baseline 0.001 -15"><span class='ocrx_word' id='word_1_37' title='bbox 148 610 257 657; x_wconf 73' lang='lat' dir='ltr'><strong>mrum</strong></span> <span class='ocrx_word' id='word_1_38' title='bbox 266 599 303 653; x_wconf 89' lang='lat' dir='ltr'><strong>ad</strong></span> <span class='ocrx_word' id='word_1_39' title='bbox 314 600 504 653; x_wconf 80' lang='lat' dir='ltr'><strong>Alexandrum</strong></span> <span class='ocrx_word' id='word_1_40' title='bbox 522 601 662 665; x_wconf 72' lang='lat' dir='ltr'><strong>masam)</strong></span> <span class='ocrx_word' id='word_1_41' title='bbox 681 599 726 654; x_wconf 89' lang='lat' dir='ltr'><strong>hic</strong></span> <span class='ocrx_word' id='word_1_42' title='bbox 740 601 798 661; x_wconf 80' lang='lat' dir='ltr'><strong>ian</strong></span> <span class='ocrx_word' id='word_1_43' title='bbox 809 601 957 667; x_wconf 78' lang='lat' dir='ltr'><strong>plusquam</strong></span> <span class='ocrx_word' id='word_1_44' title='bbox 1008 610 1060 655; x_wconf 84' lang='grc' dir='ltr'>ιιιι</span> <span class='ocrx_word' id='word_1_45' title='bbox 1080 609 1134 665; x_wconf 77' lang='lat' dir='ltr'><strong>&lt;ut</strong></span> <span class='ocrx_word' id='word_1_46' title='bbox 1153 604 1287 670; x_wconf 87' lang='lat' dir='ltr'><strong>plurimus</strong></span> <span class='ocrx_word' id='word_1_47' title='bbox 1308 607 1484 659; x_wconf 84' lang='lat' dir='ltr'><strong>tradentibus</strong></span> <span class='ocrx_word' id='word_1_48' title='bbox 1504 604 1667 669; x_wconf 84' lang='lat' dir='ltr'><strong>eradamus)</strong></span> <span class='ocrx_word' id='word_1_49' title='bbox 1687 614 1815 672; x_wconf 87' lang='lat' dir='ltr'><strong>quatuor.</strong></span> 
     </span>
     <span class='ocr_line' id='line_1_6' title="bbox 149 669 1815 743; baseline 0.001 -18"><span class='ocrx_word' id='word_1_50' title='bbox 149 682 176 728; x_wconf 83' lang='lat' dir='ltr'><strong>et</strong></span> <span class='ocrx_word' id='word_1_51' title='bbox 186 672 271 732; x_wconf 83' lang='lat' dir='ltr'><strong>lama,</strong></span> <span class='ocrx_word' id='word_1_52' title='bbox 284 669 455 723; x_wconf 88' lang='lat' dir='ltr'><strong>Circeiorum</strong></span> <span class='ocrx_word' id='word_1_53' title='bbox 467 670 745 743; x_wconf 79' lang='lat' dir='ltr'><strong>insulaemensaram</strong></span> <span class='ocrx_word' id='word_1_54' title='bbox 758 671 855 737; x_wconf 90' lang='lat' dir='ltr'><strong>posuit</strong></span> <span class='ocrx_word' id='word_1_55' title='bbox 865 669 959 725; x_wconf 86' lang='lat' dir='ltr'><strong>stadia</strong></span> <span class='ocrx_word' id='word_1_56' title='bbox 1010 672 1122 725; x_wconf 87' lang='lat' dir='ltr'><strong>Moenia</strong></span> <span class='ocrx_word' id='word_1_57' title='bbox 1140 675 1199 723; x_wconf 84' lang='lat' dir='ltr'><strong>eius</strong></span> <span class='ocrx_word' id='word_1_58' title='bbox 1212 676 1350 741; x_wconf 78' lang='lat' dir='ltr'><strong>collegero</strong></span> <span class='ocrx_word' id='word_1_59' title='bbox 1361 678 1469 730; x_wconf 81' lang='lat' dir='ltr'><strong>anrbitu</strong></span> <span class='ocrx_word' id='word_1_60' title='bbox 1484 675 1704 741; x_wconf 78' lang='lat' dir='ltr'><strong>inoperatoribas</strong></span> <span class='ocrx_word' id='word_1_61' title='bbox 1714 678 1815 728; x_wconf 83' lang='lat' dir='ltr'><strong>Censo-</strong></span> 
     </span>
     <span class='ocr_line' id='line_1_7' title="bbox 148 738 1815 809; baseline 0 -15"><span class='ocrx_word' id='word_1_62' title='bbox 148 741 302 808; x_wconf 85' lang='lat' dir='ltr'><strong>netoginta,</strong></span> <span class='ocrx_word' id='word_1_63' title='bbox 321 739 349 789; x_wconf 90' lang='lat' dir='ltr'><strong>in</strong></span> <span class='ocrx_word' id='word_1_64' title='bbox 369 755 402 792; x_wconf 89' lang='lat' dir='ltr'><strong>ea</strong></span> <span class='ocrx_word' id='word_1_65' title='bbox 424 738 571 803; x_wconf 77' lang='lat' dir='ltr'><strong>uolumine,</strong></span> <span class='ocrx_word' id='word_1_66' title='bbox 595 740 672 809; x_wconf 88' lang='lat' dir='ltr'><strong>quod</strong></span> <span class='ocrx_word' id='word_1_67' title='bbox 687 741 800 808; x_wconf 90' lang='lat' dir='ltr'><strong>scripsit</strong></span> <span class='ocrx_word' id='word_1_68' title='bbox 817 739 958 795; x_wconf 78' lang='lat' dir='ltr'><strong>Nicodoro</strong></span> <span class='ocrx_word' id='word_1_69' title='bbox 1009 742 1087 795; x_wconf 71' lang='lat' dir='ltr'><strong>ribus</strong></span> <span class='ocrx_word' id='word_1_70' title='bbox 1108 758 1142 793; x_wconf 89' lang='lat' dir='ltr'><strong>ue</strong></span> <span class='ocrx_word' id='word_1_71' title='bbox 1172 743 1348 808; x_wconf 83' lang='lat' dir='ltr'><strong>vespasianis</strong></span> <span class='ocrx_word' id='word_1_72' title='bbox 1372 762 1448 798; x_wconf 87' lang='lat' dir='ltr'><strong>anne</strong></span> <span class='ocrx_word' id='word_1_73' title='bbox 1461 745 1596 797; x_wconf 81' lang='lat' dir='ltr'><strong>¹conditae</strong></span> <span class='ocrx_word' id='word_1_74' title='bbox 1619 742 1815 796; x_wconf 81' lang='lat' dir='ltr'><strong>ncocxxvit</strong></span> 
     </span>
     <span class='ocr_line' id='line_1_8' title="bbox 147 806 1815 885; baseline -0.003 -17"><span class='ocrx_word' id='word_1_75' title='bbox 147 811 359 868; x_wconf 72' lang='lat' dir='ltr'><strong>Atheniensium</strong></span> <span class='ocrx_word' id='word_1_76' title='bbox 381 806 567 885; x_wconf 78' lang='lat' dir='ltr'><strong>magistratuq</strong></span> <span class='ocrx_word' id='word_1_77' title='bbox 597 812 644 877; x_wconf 87' lang='lat' dir='ltr'><strong>qui</strong></span> <span class='ocrx_word' id='word_1_78' title='bbox 662 809 719 863; x_wconf 83' lang='lat' dir='ltr'><strong>luit</strong></span> <span class='ocrx_word' id='word_1_79' title='bbox 739 810 822 875; x_wconf 83' lang='lat' dir='ltr'><strong>Urbis</strong></span> <span class='ocrx_word' id='word_1_80' title='bbox 844 816 959 871; x_wconf 79' lang='lat' dir='ltr'><strong>nostras</strong></span> <span class='ocrx_word' id='word_1_81' title='bbox 1010 822 1084 878; x_wconf 86' lang='lat' dir='ltr'><strong>pass.</strong></span> <span class='ocrx_word' id='word_1_82' title='bbox 1125 812 1161 861; x_wconf 91' lang='lat' dir='ltr'><strong>lll</strong></span> <span class='ocrx_word' id='word_1_83' title='bbox 1174 811 1212 861; x_wconf 88' lang='lat' dir='ltr'><strong>ld.</strong></span> <span class='ocrx_word' id='word_1_84' title='bbox 1224 815 1276 863; x_wconf 81' lang='lat' dir='ltr'><strong>CC.</strong></span> <span class='ocrx_word' id='word_1_85' title='bbox 1296 815 1448 879; x_wconf 73' lang='lat' dir='ltr'><strong>Complura</strong></span> <span class='ocrx_word' id='word_1_86' title='bbox 1457 820 1692 881; x_wconf 81' lang='lat' dir='ltr'><strong>orontesseptem,</strong></span> <span class='ocrx_word' id='word_1_87' title='bbox 1705 817 1764 879; x_wconf 88' lang='lat' dir='ltr'><strong>ipsa</strong></span> <span class='ocrx_word' id='word_1_88' title='bbox 1775 813 1815 863; x_wconf 84' lang='lat' dir='ltr'><strong>di-</strong></span> 
     </span>
     <span class='ocr_line' id='line_1_9' title="bbox 148 878 1814 951; baseline -0.002 -16"><span class='ocrx_word' id='word_1_89' title='bbox 148 878 386 935; x_wconf 64' lang='lat' dir='ltr'><strong>CCCCXloanno.</strong></span> <span class='ocrx_word' id='word_1_90' title='bbox 412 878 553 946; x_wconf 68' lang='lat' dir='ltr'><strong>Quidquid</strong></span> <span class='ocrx_word' id='word_1_91' title='bbox 570 888 691 948; x_wconf 82' lang='lat' dir='ltr'><strong>estergo</strong></span> <span class='ocrx_word' id='word_1_92' title='bbox 710 889 860 941; x_wconf 85' lang='lat' dir='ltr'><strong>terrarum,</strong></span> <span class='ocrx_word' id='word_1_93' title='bbox 875 894 957 945; x_wconf 79' lang='lat' dir='ltr'><strong>prae·</strong></span> <span class='ocrx_word' id='word_1_94' title='bbox 1010 881 1118 933; x_wconf 77' lang='lat' dir='ltr'><strong>viditur</strong></span> <span class='ocrx_word' id='word_1_95' title='bbox 1139 881 1167 931; x_wconf 91' lang='lat' dir='ltr'><strong>in</strong></span> <span class='ocrx_word' id='word_1_96' title='bbox 1182 881 1313 946; x_wconf 82' lang='lat' dir='ltr'><strong>regiones</strong></span> <span class='ocrx_word' id='word_1_97' title='bbox 1325 884 1547 948; x_wconf 81' lang='lat' dir='ltr'><strong>quatuordeeim,</strong></span> <span class='ocrx_word' id='word_1_98' title='bbox 1567 883 1814 951; x_wconf 81' lang='lat' dir='ltr'><strong>conspitaLnriam</strong></span> 
     </span>
     <span class='ocr_line' id='line_1_10' title="bbox 148 947 1815 1016; baseline -0.001 -11"><span class='ocrx_word' id='word_1_99' title='bbox 148 960 190 1005; x_wconf 90' lang='lat' dir='ltr'><strong>ter</strong></span> <span class='ocrx_word' id='word_1_100' title='bbox 201 949 298 1005; x_wconf 85' lang='lat' dir='ltr'><strong>decem</strong></span> <span class='ocrx_word' id='word_1_101' title='bbox 310 948 399 999; x_wconf 91' lang='lat' dir='ltr'><strong>millia</strong></span> <span class='ocrx_word' id='word_1_102' title='bbox 409 964 540 1015; x_wconf 86' lang='lat' dir='ltr'><strong>passuum</strong></span> <span class='ocrx_word' id='word_1_103' title='bbox 560 964 650 1016; x_wconf 87' lang='lat' dir='ltr'><strong>prope</strong></span> <span class='ocrx_word' id='word_1_104' title='bbox 671 950 801 1014; x_wconf 89' lang='lat' dir='ltr'><strong>ambitus,</strong></span> <span class='ocrx_word' id='word_1_105' title='bbox 821 948 969 1009; x_wconf 81' lang='lat' dir='ltr'><strong>adnexum.</strong></span> <span class='ocrx_word' id='word_1_106' title='bbox 1010 947 1142 1005; x_wconf 76' lang='lat' dir='ltr'><strong>CCLXV.</strong></span> <span class='ocrx_word' id='word_1_107' title='bbox 1162 950 1293 1001; x_wconf 78' lang='lat' dir='ltr'><strong>Eiusdem</strong></span> <span class='ocrx_word' id='word_1_108' title='bbox 1306 954 1437 1014; x_wconf 88' lang='lat' dir='ltr'><strong>spatium,</strong></span> <span class='ocrx_word' id='word_1_109' title='bbox 1448 969 1578 1007; x_wconf 88' lang='lat' dir='ltr'><strong>mensura</strong></span> <span class='ocrx_word' id='word_1_110' title='bbox 1589 960 1718 1007; x_wconf 72' lang='lat' dir='ltr'><strong>surmate</strong></span> <span class='ocrx_word' id='word_1_111' title='bbox 1729 951 1815 1004; x_wconf 89' lang='lat' dir='ltr'><strong>amil-</strong></span> 
     </span>
     <span class='ocr_line' id='line_1_11' title="bbox 148 1018 1815 1091; baseline -0.001 -16"><span class='ocrx_word' id='word_1_112' title='bbox 148 1020 267 1081; x_wconf 87' lang='lat' dir='ltr'><strong>iaselae,</strong></span> <span class='ocrx_word' id='word_1_113' title='bbox 285 1026 351 1085; x_wconf 90' lang='lat' dir='ltr'><strong>past</strong></span> <span class='ocrx_word' id='word_1_114' title='bbox 362 1033 425 1070; x_wconf 88' lang='lat' dir='ltr'><strong>eum</strong></span> <span class='ocrx_word' id='word_1_115' title='bbox 435 1032 537 1070; x_wconf 87' lang='lat' dir='ltr'><strong>annum</strong></span> <span class='ocrx_word' id='word_1_116' title='bbox 551 1019 669 1071; x_wconf 82' lang='lat' dir='ltr'><strong>accessit</strong></span> <span class='ocrx_word' id='word_1_117' title='bbox 680 1019 787 1072; x_wconf 87' lang='lat' dir='ltr'><strong>ltaliae.</strong></span> <span class='ocrx_word' id='word_1_118' title='bbox 1008 1021 1103 1081; x_wconf 87' lang='lat' dir='ltr'><strong>liario,</strong></span> <span class='ocrx_word' id='word_1_119' title='bbox 1114 1020 1142 1069; x_wconf 88' lang='lat' dir='ltr'><strong>in</strong></span> <span class='ocrx_word' id='word_1_120' title='bbox 1151 1024 1241 1086; x_wconf 87' lang='lat' dir='ltr'><strong>capite</strong></span> <span class='ocrx_word' id='word_1_121' title='bbox 1253 1020 1371 1070; x_wconf 80' lang='lat' dir='ltr'><strong>Ronruni</strong></span> <span class='ocrx_word' id='word_1_122' title='bbox 1382 1018 1439 1071; x_wconf 82' lang='lat' dir='ltr'><strong>lori</strong></span> <span class='ocrx_word' id='word_1_123' title='bbox 1449 1030 1565 1087; x_wconf 87' lang='lat' dir='ltr'><strong>statuto,</strong></span> <span class='ocrx_word' id='word_1_124' title='bbox 1575 1025 1613 1075; x_wconf 88' lang='lat' dir='ltr'><strong>ad</strong></span> <span class='ocrx_word' id='word_1_125' title='bbox 1622 1024 1815 1091; x_wconf 80' lang='lat' dir='ltr'><strong>singulaspor·</strong></span> 
     </span>
     <span class='ocr_line' id='line_1_12' title="bbox 179 1087 1816 1160; baseline 0 -18"><span class='ocrx_word' id='word_1_126' title='bbox 179 1088 263 1143; x_wconf 91' lang='lat' dir='ltr'><strong>Aliud</strong></span> <span class='ocrx_word' id='word_1_127' title='bbox 279 1089 457 1140; x_wconf 81' lang='lat' dir='ltr'><strong>miraculum:</strong></span> <span class='ocrx_word' id='word_1_128' title='bbox 478 1090 502 1140; x_wconf 92' lang='lat' dir='ltr'><strong>A</strong></span> <span class='ocrx_word' id='word_1_129' title='bbox 521 1089 636 1143; x_wconf 76' lang='lat' dir='ltr'><strong>Circeiis</strong></span> <span class='ocrx_word' id='word_1_130' title='bbox 653 1090 733 1154; x_wconf 86' lang='lat' dir='ltr'><strong>palus</strong></span> <span class='ocrx_word' id='word_1_131' title='bbox 746 1089 957 1156; x_wconf 84' lang='lat' dir='ltr'><strong>Pomptinaest,</strong></span> <span class='ocrx_word' id='word_1_132' title='bbox 1007 1098 1065 1150; x_wconf 81' lang='lat' dir='ltr'><strong>tos,</strong></span> <span class='ocrx_word' id='word_1_133' title='bbox 1078 1105 1151 1158; x_wconf 90' lang='lat' dir='ltr'><strong>quae</strong></span> <span class='ocrx_word' id='word_1_134' title='bbox 1165 1097 1232 1143; x_wconf 91' lang='lat' dir='ltr'><strong>sunt</strong></span> <span class='ocrx_word' id='word_1_135' title='bbox 1245 1087 1717 1160; x_wconf 66' lang='lat' dir='ltr'><strong>nodeonmcrotriqontosoptem,</strong></span> <span class='ocrx_word' id='word_1_136' title='bbox 1731 1093 1816 1143; x_wconf 88' lang='lat' dir='ltr'><strong>itaut</strong></span> 
     </span>
     <span class='ocr_line' id='line_1_13' title="bbox 150 1157 1816 1230; baseline 0.001 -17"><span class='ocrx_word' id='word_1_137' title='bbox 150 1161 329 1228; x_wconf 80' lang='lat' dir='ltr'><strong>querulosam</strong></span> <span class='ocrx_word' id='word_1_138' title='bbox 340 1158 576 1210; x_wconf 78' lang='lat' dir='ltr'><strong>XXXlllurbium</strong></span> <span class='ocrx_word' id='word_1_139' title='bbox 587 1157 826 1211; x_wconf 80' lang='lat' dir='ltr'><strong>luisseblaeianus</strong></span> <span class='ocrx_word' id='word_1_140' title='bbox 838 1160 959 1213; x_wconf 83' lang='lat' dir='ltr'><strong>terCon·</strong></span> <span class='ocrx_word' id='word_1_141' title='bbox 1011 1159 1158 1213; x_wconf 80' lang='lat' dir='ltr'><strong>duodecim</strong></span> <span class='ocrx_word' id='word_1_142' title='bbox 1179 1158 1269 1212; x_wconf 82' lang='lat' dir='ltr'><strong>senrel</strong></span> <span class='ocrx_word' id='word_1_143' title='bbox 1290 1165 1478 1221; x_wconf 82' lang='lat' dir='ltr'><strong>onerarentur,</strong></span> <span class='ocrx_word' id='word_1_144' title='bbox 1499 1168 1765 1230; x_wconf 66' lang='lat' dir='ltr'><strong>praetereanturque</strong></span> <span class='ocrx_word' id='word_1_145' title='bbox 1780 1176 1816 1215; x_wconf 82' lang='lat' dir='ltr'><strong>ex</strong></span> 
     </span>
     <span class='ocr_line' id='line_1_14' title="bbox 150 1224 1815 1298; baseline -0.001 -15"><span class='ocrx_word' id='word_1_146' title='bbox 150 1228 337 1297; x_wconf 83' lang='lat' dir='ltr'><strong>sulprodidit.</strong></span> <span class='ocrx_word' id='word_1_147' title='bbox 355 1224 541 1280; x_wconf 83' lang='lat' dir='ltr'><strong>Deinllemen</strong></span> <span class='ocrx_word' id='word_1_148' title='bbox 555 1228 649 1290; x_wconf 81' lang='lat' dir='ltr'><strong>Ufens,</strong></span> <span class='ocrx_word' id='word_1_149' title='bbox 667 1243 755 1294; x_wconf 89' lang='lat' dir='ltr'><strong>supra</strong></span> <span class='ocrx_word' id='word_1_150' title='bbox 769 1228 844 1295; x_wconf 90' lang='lat' dir='ltr'><strong>quod</strong></span> <span class='ocrx_word' id='word_1_151' title='bbox 856 1230 957 1279; x_wconf 85' lang='lat' dir='ltr'><strong>Terra·</strong></span> <span class='ocrx_word' id='word_1_152' title='bbox 994 1229 1154 1281; x_wconf 62' lang='lat' dir='ltr'><strong>relatibus</strong></span> <span class='ocrx_word' id='word_1_153' title='bbox 1170 1235 1293 1295; x_wconf 85' lang='lat' dir='ltr'><strong>septem,</strong></span> <span class='ocrx_word' id='word_1_154' title='bbox 1316 1242 1386 1294; x_wconf 85' lang='lat' dir='ltr'><strong>quas</strong></span> <span class='ocrx_word' id='word_1_155' title='bbox 1403 1244 1464 1281; x_wconf 88' lang='lat' dir='ltr'><strong>esse</strong></span> <span class='ocrx_word' id='word_1_156' title='bbox 1484 1228 1635 1293; x_wconf 82' lang='lat' dir='ltr'><strong>desierunt,</strong></span> <span class='ocrx_word' id='word_1_157' title='bbox 1655 1231 1741 1285; x_wconf 86' lang='lat' dir='ltr'><strong>efficit</strong></span> <span class='ocrx_word' id='word_1_158' title='bbox 1754 1244 1815 1298; x_wconf 85' lang='lat' dir='ltr'><strong>pas·</strong></span> 
     </span>
     <span class='ocr_line' id='line_1_15' title="bbox 149 1297 1816 1367; baseline -0.001 -14"><span class='ocrx_word' id='word_1_159' title='bbox 149 1300 211 1353; x_wconf 85' lang='lat' dir='ltr'><strong>eina</strong></span> <span class='ocrx_word' id='word_1_160' title='bbox 225 1298 368 1365; x_wconf 89' lang='lat' dir='ltr'><strong>oppidum,</strong></span> <span class='ocrx_word' id='word_1_161' title='bbox 389 1298 484 1365; x_wconf 83' lang='lat' dir='ltr'><strong>lingua</strong></span> <span class='ocrx_word' id='word_1_162' title='bbox 495 1298 661 1367; x_wconf 81' lang='lat' dir='ltr'><strong>Vplscurem</strong></span> <span class='ocrx_word' id='word_1_163' title='bbox 678 1299 773 1348; x_wconf 75' lang='lat' dir='ltr'><strong>Anxur</strong></span> <span class='ocrx_word' id='word_1_164' title='bbox 793 1297 909 1349; x_wconf 78' lang='lat' dir='ltr'><strong>dictam:</strong></span> <span class='ocrx_word' id='word_1_165' title='bbox 930 1305 959 1351; x_wconf 85' lang='lat' dir='ltr'><strong>et</strong></span> <span class='ocrx_word' id='word_1_166' title='bbox 1010 1302 1091 1350; x_wconf 86' lang='lat' dir='ltr'><strong>suum</strong></span> <span class='ocrx_word' id='word_1_167' title='bbox 1109 1313 1160 1364; x_wconf 87' lang='lat' dir='ltr'><strong>per</strong></span> <span class='ocrx_word' id='word_1_168' title='bbox 1177 1299 1313 1350; x_wconf 89' lang='lat' dir='ltr'><strong>directum</strong></span> <span class='ocrx_word' id='word_1_169' title='bbox 1323 1298 1404 1350; x_wconf 77' lang='lat' dir='ltr'><strong>XXX</strong></span> <span class='ocrx_word' id='word_1_170' title='bbox 1412 1298 1452 1349; x_wconf 88' lang='grc' dir='ltr'><strong>Μ.</strong></span> <span class='ocrx_word' id='word_1_171' title='bbox 1466 1298 1620 1350; x_wconf 68' lang='lat' dir='ltr'><strong>DCCLXV.</strong></span> <span class='ocrx_word' id='word_1_172' title='bbox 1638 1300 1679 1352; x_wconf 91' lang='lat' dir='ltr'><strong>Ad</strong></span> <span class='ocrx_word' id='word_1_173' title='bbox 1690 1307 1816 1353; x_wconf 73' lang='lat' dir='ltr'><strong>exueres</strong></span> 
     </span>
     <span class='ocr_line' id='line_1_16' title="bbox 149 1365 1814 1449; baseline -0.001 -27"><span class='ocrx_word' id='word_1_174' title='bbox 149 1369 195 1422; x_wconf 88' lang='lat' dir='ltr'><strong>ubi</strong></span> <span class='ocrx_word' id='word_1_175' title='bbox 205 1369 284 1421; x_wconf 82' lang='lat' dir='ltr'><strong>inere</strong></span> <span class='ocrx_word' id='word_1_176' title='bbox 291 1366 433 1433; x_wconf 81' lang='lat' dir='ltr'><strong>Amyclae,</strong></span> <span class='ocrx_word' id='word_1_177' title='bbox 445 1368 646 1432; x_wconf 87' lang='lat' dir='ltr'><strong>aserpeatibas</strong></span> <span class='ocrx_word' id='word_1_178' title='bbox 657 1365 778 1447; x_wconf 78' lang='lat' dir='ltr'><strong>deletae.</strong></span> <span class='ocrx_word' id='word_1_179' title='bbox 796 1366 870 1421; x_wconf 84' lang='lat' dir='ltr'><strong>Deio</strong></span> <span class='ocrx_word' id='word_1_180' title='bbox 880 1366 959 1447; x_wconf 80' lang='lat' dir='ltr'><strong>loces</strong></span> <span class='ocrx_word' id='word_1_181' title='bbox 1012 1382 1078 1449; x_wconf 68' lang='lat' dir='ltr'><strong>uero</strong></span> <span class='ocrx_word' id='word_1_182' title='bbox 1087 1376 1227 1419; x_wconf 90' lang='lat' dir='ltr'><strong>tectorem</strong></span> <span class='ocrx_word' id='word_1_183' title='bbox 1237 1382 1298 1418; x_wconf 88' lang='lat' dir='ltr'><strong>eum</strong></span> <span class='ocrx_word' id='word_1_184' title='bbox 1311 1369 1412 1420; x_wconf 82' lang='lat' dir='ltr'><strong>eastris</strong></span> <span class='ocrx_word' id='word_1_185' title='bbox 1428 1367 1584 1420; x_wconf 76' lang='lat' dir='ltr'><strong>Praetores</strong></span> <span class='ocrx_word' id='word_1_186' title='bbox 1596 1370 1630 1419; x_wconf 87' lang='lat' dir='ltr'><strong>ab</strong></span> <span class='ocrx_word' id='word_1_187' title='bbox 1642 1369 1740 1421; x_wconf 88' lang='lat' dir='ltr'><strong>eodem</strong></span> <span class='ocrx_word' id='word_1_188' title='bbox 1751 1369 1814 1421; x_wconf 88' lang='lat' dir='ltr'><strong>mil·</strong></span> 
     </span>
     <span class='ocr_line' id='line_1_17' title="bbox 148 1435 1816 1576; baseline -0.002 -14"><span class='ocrx_word' id='word_1_189' title='bbox 148 1435 960 1572; x_wconf 49' lang='lat' dir='ltr'><strong>talitalitdlillli.leitilai.itt:</strong></span> <span class='ocrx_word' id='word_1_190' title='bbox 1011 1437 1097 1573; x_wconf 71' lang='lat' dir='ltr'><strong>llll</strong></span> <span class='ocrx_word' id='word_1_191' title='bbox 1114 1451 1545 1576; x_wconf 53' lang='lat' dir='ltr'><strong>tinil.⁰‘..til¹,llt:lltlt</strong></span> <span class='ocrx_word' id='word_1_192' title='bbox 1558 1439 1816 1573; x_wconf 49' lang='lat' dir='ltr'><strong>&#39;leotwini</strong></span> 
     </span>
     <span class='ocr_line' id='line_1_18' title="bbox 150 1572 1817 1644; baseline -0.002 -11"><span class='ocrx_word' id='word_1_193' title='bbox 150 1592 281 1641; x_wconf 83' lang='lat' dir='ltr'><strong>merere,</strong></span> <span class='ocrx_word' id='word_1_194' title='bbox 301 1575 417 1642; x_wconf 87' lang='lat' dir='ltr'><strong>antiqua</strong></span> <span class='ocrx_word' id='word_1_195' title='bbox 437 1575 661 1641; x_wconf 77' lang='lat' dir='ltr'><strong>Laestrygonum</strong></span> <span class='ocrx_word' id='word_1_196' title='bbox 683 1573 773 1627; x_wconf 81' lang='lat' dir='ltr'><strong>sedes</strong></span> <span class='ocrx_word' id='word_1_197' title='bbox 803 1574 884 1626; x_wconf 88' lang='lat' dir='ltr'><strong>Ultra</strong></span> <span class='ocrx_word' id='word_1_198' title='bbox 902 1572 959 1625; x_wconf 80' lang='lat' dir='ltr'><strong>loir</strong></span> <span class='ocrx_word' id='word_1_199' title='bbox 1011 1577 1037 1628; x_wconf 90' lang='lat' dir='ltr'><strong>si</strong></span> <span class='ocrx_word' id='word_1_200' title='bbox 1054 1577 1117 1642; x_wconf 89' lang='lat' dir='ltr'><strong>quis</strong></span> <span class='ocrx_word' id='word_1_201' title='bbox 1131 1577 1311 1629; x_wconf 87' lang='lat' dir='ltr'><strong>altitudinem</strong></span> <span class='ocrx_word' id='word_1_202' title='bbox 1328 1583 1466 1629; x_wconf 83' lang='lat' dir='ltr'><strong>tectarum</strong></span> <span class='ocrx_word' id='word_1_203' title='bbox 1480 1576 1577 1640; x_wconf 87' lang='lat' dir='ltr'><strong>addat,</strong></span> <span class='ocrx_word' id='word_1_204' title='bbox 1597 1576 1708 1644; x_wconf 79' lang='lat' dir='ltr'><strong>dignam</strong></span> <span class='ocrx_word' id='word_1_205' title='bbox 1725 1576 1817 1641; x_wconf 79' lang='lat' dir='ltr'><strong>profe·</strong></span> 
     </span>
     <span class='ocr_line' id='line_1_19' title="bbox 149 1643 1817 1783; baseline -0.002 -14"><span class='ocrx_word' id='word_1_206' title='bbox 149 1643 960 1781; x_wconf 56' lang='lat' dir='ltr'><strong>atltailiititl‘&#39;tolitl‘elalihtlil‘i</strong></span> <span class='ocrx_word' id='word_1_207' title='bbox 1011 1645 1817 1783; x_wconf 55' lang='lat' dir='ltr'><strong>illitterati..titilll.s.‘²l.lt:t”.isilli?</strong></span> 
     </span>
     <span class='ocr_line' id='line_1_20' title="bbox 210 1741 1817 1777; baseline -0.002 -17"><span class='ocrx_word' id='word_1_208' title='bbox 210 1752 219 1777; x_wconf 88' lang='lat'><strong>,</strong></span> <span class='ocrx_word' id='word_1_209' title='bbox 470 1750 478 1766; x_wconf 82' lang='lat'><strong>.</strong></span> <span class='ocrx_word' id='word_1_210' title='bbox 1806 1741 1817 1756; x_wconf 93' lang='lat'><strong>.</strong></span> 
     </span>
     <span class='ocr_line' id='line_1_21' title="bbox 149 1732 1818 1853; baseline -0.001 -15"><span class='ocrx_word' id='word_1_211' title='bbox 149 1787 180 1838; x_wconf 89' lang='lat' dir='ltr'><strong>in</strong></span> <span class='ocrx_word' id='word_1_212' title='bbox 197 1785 308 1839; x_wconf 81' lang='lat' dir='ltr'><strong>adiecto</strong></span> <span class='ocrx_word' id='word_1_213' title='bbox 327 1784 420 1848; x_wconf 85' lang='lat' dir='ltr'><strong>Latia,</strong></span> <span class='ocrx_word' id='word_1_214' title='bbox 441 1799 524 1851; x_wconf 89' lang='lat' dir='ltr'><strong>quam</strong></span> <span class='ocrx_word' id='word_1_215' title='bbox 542 1784 655 1850; x_wconf 87' lang='lat' dir='ltr'><strong>quidam</strong></span> <span class='ocrx_word' id='word_1_216' title='bbox 670 1783 795 1850; x_wconf 88' lang='lat' dir='ltr'><strong>Sinopen</strong></span> <span class='ocrx_word' id='word_1_217' title='bbox 806 1782 960 1839; x_wconf 81' lang='lat' dir='ltr'><strong>dixerero·</strong></span> <span class='ocrx_word' id='word_1_218' title='bbox 1012 1785 1078 1836; x_wconf 72' lang='lat' dir='ltr'><strong>rari.</strong></span> <span class='ocrx_word' id='word_1_219' title='bbox 1096 1784 1245 1836; x_wconf 89' lang='lat' dir='ltr'><strong>Clauditur</strong></span> <span class='ocrx_word' id='word_1_220' title='bbox 1255 1786 1289 1836; x_wconf 91' lang='lat' dir='ltr'><strong>ah</strong></span> <span class='ocrx_word' id='word_1_221' title='bbox 1300 1786 1408 1837; x_wconf 87' lang='lat' dir='ltr'><strong>oriente</strong></span> <span class='ocrx_word' id='word_1_222' title='bbox 1420 1732 1682 1853; x_wconf 46' lang='lat' dir='ltr'><strong>aggessit&#39;arqoioii</strong></span> <span class='ocrx_word' id='word_1_223' title='bbox 1692 1781 1818 1848; x_wconf 85' lang='lat' dir='ltr'><strong>Superbi,</strong></span> 
     </span>
     <span class='ocr_line' id='line_1_22' title="bbox 149 1853 1818 1923; baseline -0.004 -14"><span class='ocrx_word' id='word_1_224' title='bbox 149 1857 275 1909; x_wconf 72' lang='lat' dir='ltr'><strong>dietam.</strong></span> <span class='ocrx_word' id='word_1_225' title='bbox 1010 1853 1408 1921; x_wconf 89' lang='lat' dir='ltr'><strong>interprimaoperemirohili.</strong></span> <span class='ocrx_word' id='word_1_226' title='bbox 1421 1856 1616 1923; x_wconf 74' lang='lat' dir='ltr'><strong>Namqueeum</strong></span> <span class='ocrx_word' id='word_1_227' title='bbox 1625 1853 1818 1919; x_wconf 85' lang='lat' dir='ltr'><strong>murisaoquu·</strong></span> 
     </span>
     <span class='ocr_line' id='line_1_23' title="bbox 184 1922 1820 1991; baseline -0.002 -14"><span class='ocrx_word' id='word_1_228' title='bbox 184 1926 260 1977; x_wconf 83' lang='lat' dir='ltr'><strong>lllrrc</strong></span> <span class='ocrx_word' id='word_1_229' title='bbox 280 1924 350 1977; x_wconf 79' lang='lat' dir='ltr'><strong>felix</strong></span> <span class='ocrx_word' id='word_1_230' title='bbox 367 1923 418 1975; x_wconf 89' lang='lat' dir='ltr'><strong>ills</strong></span> <span class='ocrx_word' id='word_1_231' title='bbox 440 1923 594 1991; x_wconf 83' lang='lat' dir='ltr'><strong>Campusria</strong></span> <span class='ocrx_word' id='word_1_232' title='bbox 612 1930 664 1978; x_wconf 83' lang='lat' dir='ltr'><strong>est.</strong></span> <span class='ocrx_word' id='word_1_233' title='bbox 681 1926 734 1978; x_wconf 82' lang='lat' dir='ltr'><strong>Ab</strong></span> <span class='ocrx_word' id='word_1_234' title='bbox 754 1922 960 1983; x_wconf 79' lang='lat' dir='ltr'><strong>hoosinuiani·</strong></span> <span class='ocrx_word' id='word_1_235' title='bbox 1012 1928 1062 1986; x_wconf 85' lang='lat' dir='ltr'><strong>rit,</strong></span> <span class='ocrx_word' id='word_1_236' title='bbox 1084 1939 1140 1991; x_wconf 87' lang='lat' dir='ltr'><strong>qua</strong></span> <span class='ocrx_word' id='word_1_237' title='bbox 1159 1924 1281 1977; x_wconf 80' lang='lat' dir='ltr'><strong>menime</strong></span> <span class='ocrx_word' id='word_1_238' title='bbox 1303 1926 1506 1990; x_wconf 84' lang='lat' dir='ltr'><strong>patebataditu</strong></span> <span class='ocrx_word' id='word_1_239' title='bbox 1521 1926 1613 1990; x_wconf 84' lang='lat' dir='ltr'><strong>pleno.</strong></span> <span class='ocrx_word' id='word_1_240' title='bbox 1639 1924 1741 1975; x_wconf 57' lang='lat' dir='ltr'><strong>&amp;tero</strong></span> <span class='ocrx_word' id='word_1_241' title='bbox 1761 1934 1820 1973; x_wconf 87' lang='lat' dir='ltr'><strong>mu·</strong></span> 
     </span>
     <span class='ocr_line' id='line_1_24' title="bbox 148 1990 1818 2064; baseline -0.001 -18"><span class='ocrx_word' id='word_1_242' title='bbox 148 1997 226 2064; x_wconf 83' lang='lat' dir='ltr'><strong>pient</strong></span> <span class='ocrx_word' id='word_1_243' title='bbox 236 1993 345 2047; x_wconf 79' lang='lat' dir='ltr'><strong>uitiferi</strong></span> <span class='ocrx_word' id='word_1_244' title='bbox 358 1993 455 2057; x_wconf 83' lang='lat' dir='ltr'><strong>colles,</strong></span> <span class='ocrx_word' id='word_1_245' title='bbox 476 2002 504 2046; x_wconf 90' lang='lat' dir='ltr'><strong>et</strong></span> <span class='ocrx_word' id='word_1_246' title='bbox 516 1994 682 2047; x_wconf 87' lang='lat' dir='ltr'><strong>temulentia</strong></span> <span class='ocrx_word' id='word_1_247' title='bbox 698 1995 800 2049; x_wconf 89' lang='lat' dir='ltr'><strong>nobilis</strong></span> <span class='ocrx_word' id='word_1_248' title='bbox 811 2008 895 2047; x_wconf 86' lang='lat' dir='ltr'><strong>saeco</strong></span> <span class='ocrx_word' id='word_1_249' title='bbox 910 2007 960 2062; x_wconf 90' lang='lat' dir='ltr'><strong>per</strong></span> <span class='ocrx_word' id='word_1_250' title='bbox 1011 1997 1072 2046; x_wconf 84' lang='lat' dir='ltr'><strong>nita</strong></span> <span class='ocrx_word' id='word_1_251' title='bbox 1083 2001 1146 2047; x_wconf 87' lang='lat' dir='ltr'><strong>crat</strong></span> <span class='ocrx_word' id='word_1_252' title='bbox 1156 1993 1307 2061; x_wconf 89' lang='lat' dir='ltr'><strong>praeeelsis</strong></span> <span class='ocrx_word' id='word_1_253' title='bbox 1318 1997 1412 2056; x_wconf 90' lang='lat' dir='ltr'><strong>muris,</strong></span> <span class='ocrx_word' id='word_1_254' title='bbox 1423 2001 1472 2045; x_wconf 90' lang='lat' dir='ltr'><strong>aut</strong></span> <span class='ocrx_word' id='word_1_255' title='bbox 1482 1995 1610 2060; x_wconf 89' lang='lat' dir='ltr'><strong>abreptis</strong></span> <span class='ocrx_word' id='word_1_256' title='bbox 1621 1991 1769 2055; x_wconf 87' lang='lat' dir='ltr'><strong>arantibus,</strong></span> <span class='ocrx_word' id='word_1_257' title='bbox 1778 1990 1818 2045; x_wconf 88' lang='lat' dir='ltr'><strong>ui·</strong></span> 
     </span>
     <span class='ocr_line' id='line_1_25' title="bbox 148 2062 1774 2131; baseline -0.004 -14"><span class='ocrx_word' id='word_1_258' title='bbox 148 2081 246 2117; x_wconf 86' lang='lat' dir='ltr'><strong>omnes</strong></span> <span class='ocrx_word' id='word_1_259' title='bbox 257 2073 347 2116; x_wconf 86' lang='lat' dir='ltr'><strong>terras</strong></span> <span class='ocrx_word' id='word_1_260' title='bbox 359 2063 476 2129; x_wconf 71' lang='lat' dir='ltr'><strong>inclyto,</strong></span> <span class='ocrx_word' id='word_1_261' title='bbox 493 2070 577 2130; x_wconf 84' lang='lat' dir='ltr'><strong>atque</strong></span> <span class='ocrx_word' id='word_1_262' title='bbox 588 2064 632 2121; x_wconf 80' lang='lat' dir='ltr'><strong>(ut</strong></span> <span class='ocrx_word' id='word_1_263' title='bbox 644 2070 754 2117; x_wconf 81' lang='lat' dir='ltr'><strong>veteres</strong></span> <span class='ocrx_word' id='word_1_264' title='bbox 765 2063 872 2125; x_wconf 78' lang='lat' dir='ltr'><strong>dixere)</strong></span> <span class='ocrx_word' id='word_1_265' title='bbox 883 2078 959 2115; x_wconf 91' lang='lat' dir='ltr'><strong>sum·</strong></span> <span class='ocrx_word' id='word_1_266' title='bbox 1011 2063 1123 2131; x_wconf 88' lang='lat' dir='ltr'><strong>siquod</strong></span> <span class='ocrx_word' id='word_1_267' title='bbox 1134 2063 1321 2130; x_wconf 67' lang='lat' dir='ltr'><strong>exspatiantia</strong></span> <span class='ocrx_word' id='word_1_268' title='bbox 1333 2070 1408 2118; x_wconf 89' lang='lat' dir='ltr'><strong>tecta</strong></span> <span class='ocrx_word' id='word_1_269' title='bbox 1422 2065 1524 2115; x_wconf 78' lang='lat' dir='ltr'><strong>nrultem</strong></span> <span class='ocrx_word' id='word_1_270' title='bbox 1535 2062 1668 2115; x_wconf 78' lang='lat' dir='ltr'><strong>addidere</strong></span> <span class='ocrx_word' id='word_1_271' title='bbox 1681 2063 1774 2114; x_wconf 82' lang='lat' dir='ltr'><strong>urben.</strong></span> 
     </span>
     <span class='ocr_line' id='line_1_26' title="bbox 148 2130 1820 2200; baseline -0.002 -13"><span class='ocrx_word' id='word_1_272' title='bbox 148 2150 223 2187; x_wconf 74' lang='lat' dir='ltr'><strong>uum</strong></span> <span class='ocrx_word' id='word_1_273' title='bbox 235 2135 329 2186; x_wconf 86' lang='lat' dir='ltr'><strong>Liberi</strong></span> <span class='ocrx_word' id='word_1_274' title='bbox 343 2135 506 2187; x_wconf 88' lang='lat' dir='ltr'><strong>Patriacum</strong></span> <span class='ocrx_word' id='word_1_275' title='bbox 518 2136 621 2186; x_wconf 87' lang='lat' dir='ltr'><strong>Cerere</strong></span> <span class='ocrx_word' id='word_1_276' title='bbox 635 2142 785 2187; x_wconf 72' lang='grc' dir='ltr'>οιιιιιιιιιιι.</span> <span class='ocrx_word' id='word_1_277' title='bbox 803 2133 877 2184; x_wconf 86' lang='lat' dir='ltr'><strong>Hinc</strong></span> <span class='ocrx_word' id='word_1_278' title='bbox 887 2130 960 2185; x_wconf 79' lang='lat' dir='ltr'><strong>Seti-</strong></span> <span class='ocrx_word' id='word_1_279' title='bbox 1047 2135 1079 2184; x_wconf 89' lang='lat' dir='ltr'><strong>ln</strong></span> <span class='ocrx_word' id='word_1_280' title='bbox 1089 2135 1180 2199; x_wconf 80' lang='lat' dir='ltr'><strong>prima</strong></span> <span class='ocrx_word' id='word_1_281' title='bbox 1192 2134 1307 2200; x_wconf 85' lang='lat' dir='ltr'><strong>regione</strong></span> <span class='ocrx_word' id='word_1_282' title='bbox 1331 2141 1477 2200; x_wconf 84' lang='lat' dir='ltr'><strong>praeterea</strong></span> <span class='ocrx_word' id='word_1_283' title='bbox 1496 2132 1586 2184; x_wconf 79' lang='lat' dir='ltr'><strong>mere:</strong></span> <span class='ocrx_word' id='word_1_284' title='bbox 1607 2134 1635 2181; x_wconf 91' lang='lat' dir='ltr'><strong>in</strong></span> <span class='ocrx_word' id='word_1_285' title='bbox 1646 2130 1732 2182; x_wconf 90' lang='lat' dir='ltr'><strong>Latio</strong></span> <span class='ocrx_word' id='word_1_286' title='bbox 1742 2130 1820 2184; x_wconf 84' lang='lat' dir='ltr'><strong>clara</strong></span> 
     </span>
     <span class='ocr_line' id='line_1_27' title="bbox 149 2200 1820 2271; baseline -0.001 -16"><span class='ocrx_word' id='word_1_287' title='bbox 149 2204 180 2255; x_wconf 88' lang='lat' dir='ltr'><strong>ai</strong></span> <span class='ocrx_word' id='word_1_288' title='bbox 192 2211 222 2255; x_wconf 90' lang='lat' dir='ltr'><strong>et</strong></span> <span class='ocrx_word' id='word_1_289' title='bbox 230 2203 350 2256; x_wconf 85' lang='lat' dir='ltr'><strong>Caecubi</strong></span> <span class='ocrx_word' id='word_1_290' title='bbox 363 2202 568 2270; x_wconf 91' lang='lat' dir='ltr'><strong>protenduntur</strong></span> <span class='ocrx_word' id='word_1_291' title='bbox 578 2203 649 2268; x_wconf 84' lang='lat' dir='ltr'><strong>egri.</strong></span> <span class='ocrx_word' id='word_1_292' title='bbox 673 2204 728 2255; x_wconf 80' lang='lat' dir='ltr'><strong>llis</strong></span> <span class='ocrx_word' id='word_1_293' title='bbox 743 2207 895 2271; x_wconf 87' lang='lat' dir='ltr'><strong>iunguntur</strong></span> <span class='ocrx_word' id='word_1_294' title='bbox 906 2201 958 2255; x_wconf 72' lang='lat' dir='ltr'><strong>aa·</strong></span> <span class='ocrx_word' id='word_1_295' title='bbox 1012 2204 1128 2271; x_wconf 87' lang='lat' dir='ltr'><strong>oppida,</strong></span> <span class='ocrx_word' id='word_1_296' title='bbox 1148 2202 1305 2265; x_wconf 85' lang='lat' dir='ltr'><strong>Satricum,</strong></span> <span class='ocrx_word' id='word_1_297' title='bbox 1325 2204 1462 2265; x_wconf 83' lang='lat' dir='ltr'><strong>Pometia,</strong></span> <span class='ocrx_word' id='word_1_298' title='bbox 1484 2202 1605 2268; x_wconf 83' lang='lat' dir='ltr'><strong>Scaptia,</strong></span> <span class='ocrx_word' id='word_1_299' title='bbox 1622 2200 1754 2263; x_wconf 82' lang='lat' dir='ltr'><strong>Pitaium,</strong></span> <span class='ocrx_word' id='word_1_300' title='bbox 1767 2200 1820 2253; x_wconf 82' lang='lat' dir='ltr'><strong>Pe·</strong></span> 
     </span>
     <span class='ocr_line' id='line_1_28' title="bbox 148 2271 1819 2340; baseline -0.002 -15"><span class='ocrx_word' id='word_1_301' title='bbox 148 2274 233 2335; x_wconf 76' lang='lat' dir='ltr'><strong>lurni,</strong></span> <span class='ocrx_word' id='word_1_302' title='bbox 253 2273 361 2325; x_wconf 81' lang='lat' dir='ltr'><strong>csleoi.</strong></span> <span class='ocrx_word' id='word_1_303' title='bbox 392 2273 466 2325; x_wconf 87' lang='lat' dir='ltr'><strong>Dein</strong></span> <span class='ocrx_word' id='word_1_304' title='bbox 487 2278 660 2340; x_wconf 78' lang='lat' dir='ltr'><strong>consurgent</strong></span> <span class='ocrx_word' id='word_1_305' title='bbox 680 2274 803 2334; x_wconf 85' lang='lat' dir='ltr'><strong>Massici,</strong></span> <span class='ocrx_word' id='word_1_306' title='bbox 826 2271 959 2331; x_wconf 77' lang='lat' dir='ltr'><strong>Gaurani,</strong></span> <span class='ocrx_word' id='word_1_307' title='bbox 1000 2272 1145 2334; x_wconf 65' lang='lat' dir='ltr'><strong>nlitorium,</strong></span> <span class='ocrx_word' id='word_1_308' title='bbox 1165 2273 1289 2332; x_wconf 79' lang='lat' dir='ltr'><strong>Tellena,</strong></span> <span class='ocrx_word' id='word_1_309' title='bbox 1302 2273 1407 2334; x_wconf 67' lang='lat' dir='ltr'><strong>diluta,</strong></span> <span class='ocrx_word' id='word_1_310' title='bbox 1419 2272 1550 2334; x_wconf 88' lang='lat' dir='ltr'><strong>Caenina,</strong></span> <span class='ocrx_word' id='word_1_311' title='bbox 1570 2271 1689 2334; x_wconf 82' lang='lat' dir='ltr'><strong>Ficana,</strong></span> <span class='ocrx_word' id='word_1_312' title='bbox 1707 2272 1819 2323; x_wconf 88' lang='lat' dir='ltr'><strong>Crustu·</strong></span> 
     </span>
     <span class='ocr_line' id='line_1_29' title="bbox 148 2339 1819 2410; baseline -0.002 -15"><span class='ocrx_word' id='word_1_313' title='bbox 148 2341 363 2410; x_wconf 80' lang='lat' dir='ltr'><strong>Surrentinique</strong></span> <span class='ocrx_word' id='word_1_314' title='bbox 378 2349 494 2395; x_wconf 85' lang='lat' dir='ltr'><strong>montes.</strong></span> <span class='ocrx_word' id='word_1_315' title='bbox 523 2342 566 2393; x_wconf 91' lang='lat' dir='ltr'><strong>lbi</strong></span> <span class='ocrx_word' id='word_1_316' title='bbox 582 2343 718 2406; x_wconf 76' lang='lat' dir='ltr'><strong>Labarini</strong></span> <span class='ocrx_word' id='word_1_317' title='bbox 730 2341 821 2408; x_wconf 85' lang='lat' dir='ltr'><strong>campi</strong></span> <span class='ocrx_word' id='word_1_318' title='bbox 841 2341 960 2395; x_wconf 83' lang='lat' dir='ltr'><strong>sternel-</strong></span> <span class='ocrx_word' id='word_1_319' title='bbox 1013 2343 1150 2402; x_wconf 81' lang='lat' dir='ltr'><strong>saeuiens,</strong></span> <span class='ocrx_word' id='word_1_320' title='bbox 1170 2341 1324 2404; x_wconf 76' lang='grc' dir='ltr'>Λιιιειιοιιι,</span> <span class='ocrx_word' id='word_1_321' title='bbox 1347 2341 1497 2403; x_wconf 86' lang='lat' dir='ltr'><strong>Medullia,</strong></span> <span class='ocrx_word' id='word_1_322' title='bbox 1518 2341 1706 2403; x_wconf 88' lang='lat' dir='ltr'><strong>Corniculum,</strong></span> <span class='ocrx_word' id='word_1_323' title='bbox 1724 2339 1819 2393; x_wconf 77' lang='lat' dir='ltr'><strong>Satur·</strong></span> 
     </span>
     <span class='ocr_line' id='line_1_30' title="bbox 148 2409 1817 2479; baseline -0.002 -14"><span class='ocrx_word' id='word_1_324' title='bbox 148 2420 205 2475; x_wconf 86' lang='lat' dir='ltr'><strong>tur,</strong></span> <span class='ocrx_word' id='word_1_325' title='bbox 226 2422 254 2466; x_wconf 89' lang='lat' dir='ltr'><strong>et</strong></span> <span class='ocrx_word' id='word_1_326' title='bbox 264 2413 292 2464; x_wconf 92' lang='lat' dir='ltr'><strong>in</strong></span> <span class='ocrx_word' id='word_1_327' title='bbox 305 2412 423 2464; x_wconf 88' lang='lat' dir='ltr'><strong>delicies</strong></span> <span class='ocrx_word' id='word_1_328' title='bbox 439 2413 530 2463; x_wconf 86' lang='lat' dir='ltr'><strong>alicae</strong></span> <span class='ocrx_word' id='word_1_329' title='bbox 539 2414 691 2479; x_wconf 87' lang='lat' dir='ltr'><strong>populatur</strong></span> <span class='ocrx_word' id='word_1_330' title='bbox 701 2413 809 2465; x_wconf 79' lang='lat' dir='ltr'><strong>niensis.</strong></span> <span class='ocrx_word' id='word_1_331' title='bbox 827 2413 909 2467; x_wconf 82' lang='lat' dir='ltr'><strong>Haeo</strong></span> <span class='ocrx_word' id='word_1_332' title='bbox 919 2411 959 2463; x_wconf 89' lang='lat' dir='ltr'><strong>in·</strong></span> <span class='ocrx_word' id='word_1_333' title='bbox 1012 2415 1067 2473; x_wconf 87' lang='lat' dir='ltr'><strong>ala,</strong></span> <span class='ocrx_word' id='word_1_334' title='bbox 1089 2411 1385 2463; x_wconf 85' lang='lat' dir='ltr'><strong>ubinenellomaest:</strong></span> <span class='ocrx_word' id='word_1_335' title='bbox 1407 2411 1558 2477; x_wconf 74' lang='lat' dir='ltr'><strong>Antipolis,</strong></span> <span class='ocrx_word' id='word_1_336' title='bbox 1580 2409 1817 2478; x_wconf 85' lang='lat' dir='ltr'><strong>quodnunclani·</strong></span> 
     </span>
     <span class='ocr_line' id='line_1_31' title="bbox 147 2479 1831 2550; baseline -0.001 -17"><span class='ocrx_word' id='word_1_337' title='bbox 147 2482 350 2535; x_wconf 80' lang='lat' dir='ltr'><strong>tussientibus</strong></span> <span class='ocrx_word' id='word_1_338' title='bbox 363 2480 465 2532; x_wconf 86' lang='lat' dir='ltr'><strong>calidis</strong></span> <span class='ocrx_word' id='word_1_339' title='bbox 480 2483 627 2550; x_wconf 78' lang='lat' dir='ltr'><strong>riganturr</strong></span> <span class='ocrx_word' id='word_1_340' title='bbox 648 2488 813 2550; x_wconf 82' lang='lat' dir='ltr'><strong>praeterque</strong></span> <span class='ocrx_word' id='word_1_341' title='bbox 824 2489 919 2534; x_wconf 87' lang='lat' dir='ltr'><strong>cetera</strong></span> <span class='ocrx_word' id='word_1_342' title='bbox 934 2482 958 2531; x_wconf 92' lang='lat' dir='ltr'><strong>si</strong></span> <span class='ocrx_word' id='word_1_343' title='bbox 1012 2481 1104 2533; x_wconf 90' lang='lat' dir='ltr'><strong>culum</strong></span> <span class='ocrx_word' id='word_1_344' title='bbox 1120 2484 1148 2531; x_wconf 93' lang='lat' dir='ltr'><strong>ia</strong></span> <span class='ocrx_word' id='word_1_345' title='bbox 1165 2487 1245 2547; x_wconf 90' lang='lat' dir='ltr'><strong>parte</strong></span> <span class='ocrx_word' id='word_1_346' title='bbox 1257 2482 1373 2531; x_wconf 77' lang='lat' dir='ltr'><strong>Romae:</strong></span> <span class='ocrx_word' id='word_1_347' title='bbox 1390 2482 1551 2541; x_wconf 75' lang='lat' dir='ltr'><strong>Antemnae,</strong></span> <span class='ocrx_word' id='word_1_348' title='bbox 1575 2480 1740 2541; x_wconf 81' lang='lat' dir='ltr'><strong>Caesarium,</strong></span> <span class='ocrx_word' id='word_1_349' title='bbox 1757 2479 1831 2531; x_wconf 52' lang='lat' dir='ltr'><strong>Cels</strong></span> 
     </span>
     <span class='ocr_line' id='line_1_32' title="bbox 147 2546 1818 2618; baseline -0.003 -15"><span class='ocrx_word' id='word_1_350' title='bbox 147 2557 211 2603; x_wconf 89' lang='lat' dir='ltr'><strong>toto</strong></span> <span class='ocrx_word' id='word_1_351' title='bbox 220 2555 291 2604; x_wconf 89' lang='lat' dir='ltr'><strong>mari</strong></span> <span class='ocrx_word' id='word_1_352' title='bbox 301 2550 450 2618; x_wconf 85' lang='lat' dir='ltr'><strong>conchylia</strong></span> <span class='ocrx_word' id='word_1_353' title='bbox 460 2558 489 2602; x_wconf 92' lang='lat' dir='ltr'><strong>et</strong></span> <span class='ocrx_word' id='word_1_354' title='bbox 499 2553 575 2616; x_wconf 82' lang='lat' dir='ltr'><strong>piace</strong></span> <span class='ocrx_word' id='word_1_355' title='bbox 586 2553 676 2602; x_wconf 88' lang='lat' dir='ltr'><strong>nobili</strong></span> <span class='ocrx_word' id='word_1_356' title='bbox 688 2556 867 2603; x_wconf 83' lang='lat' dir='ltr'><strong>annotantur.</strong></span> <span class='ocrx_word' id='word_1_357' title='bbox 886 2550 960 2601; x_wconf 88' lang='lat' dir='ltr'><strong>Nae·</strong></span> <span class='ocrx_word' id='word_1_358' title='bbox 1012 2551 1092 2612; x_wconf 86' lang='lat' dir='ltr'><strong>lotia,</strong></span> <span class='ocrx_word' id='word_1_359' title='bbox 1114 2551 1274 2611; x_wconf 85' lang='lat' dir='ltr'><strong>Amitinum,</strong></span> <span class='ocrx_word' id='word_1_360' title='bbox 1288 2550 1391 2609; x_wconf 80' lang='lat' dir='ltr'><strong>Norbe,</strong></span> <span class='ocrx_word' id='word_1_361' title='bbox 1411 2548 1523 2599; x_wconf 84' lang='lat' dir='ltr'><strong>Sulmo:</strong></span> <span class='ocrx_word' id='word_1_362' title='bbox 1541 2556 1642 2599; x_wconf 87' lang='lat' dir='ltr'><strong>etcum</strong></span> <span class='ocrx_word' id='word_1_363' title='bbox 1655 2546 1697 2598; x_wconf 87' lang='lat' dir='ltr'><strong>his</strong></span> <span class='ocrx_word' id='word_1_364' title='bbox 1709 2562 1818 2600; x_wconf 87' lang='lat' dir='ltr'><strong>carnem</strong></span> 
     </span>
     <span class='ocr_line' id='line_1_33' title="bbox 147 2615 1818 2743; baseline -0.006 0"><span class='ocrx_word' id='word_1_365' title='bbox 147 2619 960 2743; x_wconf 50' lang='lat' dir='ltr'><strong>diffinitalitteraliteiiti“dilituit</strong></span> <span class='ocrx_word' id='word_1_366' title='bbox 1013 2618 1265 2738; x_wconf 55' lang='lat' dir='ltr'><strong>{latitate</strong></span> <span class='ocrx_word' id='word_1_367' title='bbox 1280 2615 1818 2738; x_wconf 50' lang='lat' dir='ltr'><strong>inlidititur&#39;illitati</strong></span> 
     </span>
     <span class='ocr_line' id='line_1_34' title="bbox 146 2703 1819 2822; baseline -0.005 -11"><span class='ocrx_word' id='word_1_368' title='bbox 146 2761 203 2822; x_wconf 86' lang='lat' dir='ltr'><strong>bri,</strong></span> <span class='ocrx_word' id='word_1_369' title='bbox 221 2758 336 2815; x_wconf 80' lang='lat' dir='ltr'><strong>Thesei,</strong></span> <span class='ocrx_word' id='word_1_370' title='bbox 354 2703 497 2820; x_wconf 56' lang='lat' dir='ltr'><strong>morosior.</strong></span> <span class='ocrx_word' id='word_1_371' title='bbox 746 2720 754 2748; x_wconf 53' lang='lat'><strong>³</strong></span> <span class='ocrx_word' id='word_1_372' title='bbox 877 2719 886 2747; x_wconf 57' lang='grc'><strong>’</strong></span> <span class='ocrx_word' id='word_1_373' title='bbox 1014 2721 1258 2816; x_wconf 59' lang='lat' dir='ltr'><strong>leni,’Cuseetani:</strong></span> <span class='ocrx_word' id='word_1_374' title='bbox 1271 2720 1427 2817; x_wconf 60' lang='lat' dir='ltr'><strong>Coriolani:</strong></span> <span class='ocrx_word' id='word_1_375' title='bbox 1440 2719 1599 2814; x_wconf 62' lang='lat' dir='ltr'><strong>Fidenates,</strong></span> <span class='ocrx_word' id='word_1_376' title='bbox 1614 2752 1730 2812; x_wconf 86' lang='lat' dir='ltr'><strong>Foretii,</strong></span> <span class='ocrx_word' id='word_1_377' title='bbox 1739 2718 1819 2803; x_wconf 60' lang='lat' dir='ltr'><strong>’llor-</strong></span> 
     </span>
     <span class='ocr_line' id='line_1_35' title="bbox 185 2820 1821 2890; baseline -0.004 -12"><span class='ocrx_word' id='word_1_378' title='bbox 185 2828 294 2881; x_wconf 79' lang='lat' dir='ltr'><strong>irrora</strong></span> <span class='ocrx_word' id='word_1_379' title='bbox 318 2824 391 2875; x_wconf 80' lang='lat' dir='ltr'><strong>Sero</strong></span> <span class='ocrx_word' id='word_1_380' title='bbox 413 2823 524 2874; x_wconf 83' lang='lat' dir='ltr'><strong>ilarius:</strong></span> <span class='ocrx_word' id='word_1_381' title='bbox 555 2823 724 2875; x_wconf 88' lang='lat' dir='ltr'><strong>Vulturnum</strong></span> <span class='ocrx_word' id='word_1_382' title='bbox 746 2823 960 2889; x_wconf 76' lang='lat' dir='ltr'><strong>oppidanorum</strong></span> <span class='ocrx_word' id='word_1_383' title='bbox 1014 2832 1116 2885; x_wconf 84' lang='lat' dir='ltr'><strong>tensas,</strong></span> <span class='ocrx_word' id='word_1_384' title='bbox 1126 2823 1312 2885; x_wconf 77' lang='lat' dir='ltr'><strong>Latinienses,</strong></span> <span class='ocrx_word' id='word_1_385' title='bbox 1323 2820 1491 2890; x_wconf 80' lang='lat' dir='ltr'><strong>Lorrgalani,</strong></span> <span class='ocrx_word' id='word_1_386' title='bbox 1513 2822 1651 2884; x_wconf 87' lang='lat' dir='ltr'><strong>Manates,</strong></span> <span class='ocrx_word' id='word_1_387' title='bbox 1671 2820 1821 2883; x_wconf 83' lang='lat' dir='ltr'><strong>Macrales,</strong></span> 
     </span>
     <span class='ocr_line' id='line_1_36' title="bbox 143 2888 1821 2955; baseline -0.002 -10"><span class='ocrx_word' id='word_1_388' title='bbox 143 2910 245 2955; x_wconf 74' lang='lat' dir='ltr'><strong>mnne,</strong></span> <span class='ocrx_word' id='word_1_389' title='bbox 263 2894 415 2954; x_wconf 69' lang='lat' dir='ltr'><strong>internum,</strong></span> <span class='ocrx_word' id='word_1_390' title='bbox 438 2894 541 2945; x_wconf 86' lang='lat' dir='ltr'><strong>Cumae</strong></span> <span class='ocrx_word' id='word_1_391' title='bbox 559 2891 792 2954; x_wconf 77' lang='lat' dir='ltr'><strong>Chalcidensium,</strong></span> <span class='ocrx_word' id='word_1_392' title='bbox 805 2893 961 2951; x_wconf 75' lang='lat' dir='ltr'><strong>Misenum,</strong></span> <span class='ocrx_word' id='word_1_393' title='bbox 1013 2894 1255 2953; x_wconf 82' lang='lat' dir='ltr'><strong>Mutucumensea,</strong></span> <span class='ocrx_word' id='word_1_394' title='bbox 1275 2894 1447 2953; x_wconf 81' lang='lat' dir='ltr'><strong>Munienses,</strong></span> <span class='ocrx_word' id='word_1_395' title='bbox 1467 2891 1675 2953; x_wconf 87' lang='lat' dir='ltr'><strong>Numinicnses,</strong></span> <span class='ocrx_word' id='word_1_396' title='bbox 1688 2888 1821 2943; x_wconf 83' lang='lat' dir='ltr'><strong>Ollicula·</strong></span> 
     </span>
     <span class='ocr_line' id='line_1_37' title="bbox 144 2957 1821 3033; baseline -0.001 -21"><span class='ocrx_word' id='word_1_397' title='bbox 144 2972 249 3033; x_wconf 76' lang='lat' dir='ltr'><strong>portus</strong></span> <span class='ocrx_word' id='word_1_398' title='bbox 260 2963 411 3024; x_wconf 88' lang='lat' dir='ltr'><strong>Baiarum,</strong></span> <span class='ocrx_word' id='word_1_399' title='bbox 428 2961 520 3023; x_wconf 87' lang='lat' dir='ltr'><strong>Bauli,</strong></span> <span class='ocrx_word' id='word_1_400' title='bbox 536 2963 615 3013; x_wconf 86' lang='lat' dir='ltr'><strong>lacus</strong></span> <span class='ocrx_word' id='word_1_401' title='bbox 629 2961 765 3013; x_wconf 87' lang='lat' dir='ltr'><strong>Lucrinus</strong></span> <span class='ocrx_word' id='word_1_402' title='bbox 782 2969 812 3015; x_wconf 84' lang='lat' dir='ltr'><strong>et</strong></span> <span class='ocrx_word' id='word_1_403' title='bbox 826 2964 961 3023; x_wconf 83' lang='lat' dir='ltr'><strong>Avernus,</strong></span> <span class='ocrx_word' id='word_1_404' title='bbox 1014 2964 1051 3023; x_wconf 88' lang='lat' dir='ltr'><strong>ni,</strong></span> <span class='ocrx_word' id='word_1_405' title='bbox 1069 2962 1210 3023; x_wconf 85' lang='lat' dir='ltr'><strong>Octulani,</strong></span> <span class='ocrx_word' id='word_1_406' title='bbox 1227 2962 1342 3023; x_wconf 87' lang='lat' dir='ltr'><strong>Pedani,</strong></span> <span class='ocrx_word' id='word_1_407' title='bbox 1358 2961 1520 3022; x_wconf 83' lang='lat' dir='ltr'><strong>Pollentini,</strong></span> <span class='ocrx_word' id='word_1_408' title='bbox 1542 2959 1769 3027; x_wconf 77' lang='lat' dir='ltr'><strong>Querquetulani,</strong></span> <span class='ocrx_word' id='word_1_409' title='bbox 1780 2957 1821 3011; x_wconf 86' lang='lat' dir='ltr'><strong>Sl·</strong></span> 
     </span>
     <span class='ocr_line' id='line_1_38' title="bbox 147 3026 1844 3097; baseline -0.003 -11"><span class='ocrx_word' id='word_1_410' title='bbox 147 3036 320 3097; x_wconf 77' lang='lat' dir='ltr'><strong>iuxtaquem</strong></span> <span class='ocrx_word' id='word_1_411' title='bbox 332 3030 651 3096; x_wconf 87' lang='lat' dir='ltr'><strong>Cimmeriumoppidum</strong></span> <span class='ocrx_word' id='word_1_412' title='bbox 663 3029 811 3094; x_wconf 86' lang='lat' dir='ltr'><strong>quondam.</strong></span> <span class='ocrx_word' id='word_1_413' title='bbox 831 3030 902 3081; x_wconf 83' lang='lat' dir='ltr'><strong>lleia</strong></span> <span class='ocrx_word' id='word_1_414' title='bbox 911 3031 961 3081; x_wconf 85' lang='lat' dir='ltr'><strong>Pu·</strong></span> <span class='ocrx_word' id='word_1_415' title='bbox 1014 3032 1087 3091; x_wconf 87' lang='lat' dir='ltr'><strong>caui,</strong></span> <span class='ocrx_word' id='word_1_416' title='bbox 1098 3031 1266 3092; x_wconf 77' lang='lat' dir='ltr'><strong>Sisolenses,</strong></span> <span class='ocrx_word' id='word_1_417' title='bbox 1287 3032 1473 3089; x_wconf 65' lang='lat' dir='ltr'><strong>&#39;falesienses</strong></span> <span class='ocrx_word' id='word_1_418' title='bbox 1484 3030 1642 3091; x_wconf 66' lang='lat' dir='ltr'><strong>&#39;l&#39;etiensea</strong></span> <span class='ocrx_word' id='word_1_419' title='bbox 1659 3026 1819 3081; x_wconf 81' lang='lat' dir='ltr'><strong>Vimitella·</strong></span> <span class='ocrx_word' id='word_1_420' title='bbox 1841 3048 1844 3053; x_wconf 94' lang='lat'>·</span> 
     </span>
    </p>
   </div>
   <div class='ocr_carea' id='block_1_4' title="bbox 148 3097 962 4071">
    <p class='ocr_par' dir='ltr' id='par_1_4' title="bbox 148 3097 962 4071">
     <span class='ocr_line' id='line_1_39' title="bbox 150 3097 961 3164; baseline -0.009 -9"><span class='ocrx_word' id='word_1_421' title='bbox 150 3100 234 3161; x_wconf 86' lang='lat' dir='ltr'><strong>teoli,</strong></span> <span class='ocrx_word' id='word_1_422' title='bbox 254 3098 560 3152; x_wconf 83' lang='lat' dir='ltr'><strong>coloniallicaeerchia</strong></span> <span class='ocrx_word' id='word_1_423' title='bbox 579 3099 661 3150; x_wconf 88' lang='lat' dir='ltr'><strong>dicti:</strong></span> <span class='ocrx_word' id='word_1_424' title='bbox 679 3105 799 3164; x_wconf 87' lang='lat' dir='ltr'><strong>postque</strong></span> <span class='ocrx_word' id='word_1_425' title='bbox 810 3097 961 3163; x_wconf 74' lang='lat' dir='ltr'><strong>Phlegraei</strong></span> 
     </span>
     <span class='ocr_line' id='line_1_40' title="bbox 151 3166 959 3235; baseline -0.006 -11"><span class='ocrx_word' id='word_1_426' title='bbox 151 3171 250 3235; x_wconf 84' lang='lat' dir='ltr'><strong>campi,</strong></span> <span class='ocrx_word' id='word_1_427' title='bbox 267 3169 419 3221; x_wconf 88' lang='lat' dir='ltr'><strong>Acherusia</strong></span> <span class='ocrx_word' id='word_1_428' title='bbox 430 3170 510 3235; x_wconf 86' lang='lat' dir='ltr'><strong>pelas</strong></span> <span class='ocrx_word' id='word_1_429' title='bbox 521 3169 617 3221; x_wconf 89' lang='lat' dir='ltr'><strong>Cumis</strong></span> <span class='ocrx_word' id='word_1_430' title='bbox 629 3169 728 3218; x_wconf 80' lang='lat' dir='ltr'><strong>viciae.</strong></span> <span class='ocrx_word' id='word_1_431' title='bbox 752 3166 852 3218; x_wconf 85' lang='lat' dir='ltr'><strong>Litore</strong></span> <span class='ocrx_word' id='word_1_432' title='bbox 866 3173 959 3219; x_wconf 84' lang='lat' dir='ltr'><strong>autem</strong></span> 
     </span>
     <span class='ocr_line' id='line_1_41' title="bbox 149 3233 961 3305; baseline -0.009 -12"><span class='ocrx_word' id='word_1_433' title='bbox 149 3239 285 3305; x_wconf 80' lang='lat' dir='ltr'><strong>Neapolis</strong></span> <span class='ocrx_word' id='word_1_434' title='bbox 297 3237 518 3293; x_wconf 85' lang='lat' dir='ltr'><strong>Chalcidensium</strong></span> <span class='ocrx_word' id='word_1_435' title='bbox 529 3246 559 3290; x_wconf 87' lang='lat' dir='ltr'><strong>et</strong></span> <span class='ocrx_word' id='word_1_436' title='bbox 569 3238 640 3303; x_wconf 88' lang='lat' dir='ltr'><strong>ipsa,</strong></span> <span class='ocrx_word' id='word_1_437' title='bbox 651 3233 831 3301; x_wconf 87' lang='lat' dir='ltr'><strong>Parthenope</strong></span> <span class='ocrx_word' id='word_1_438' title='bbox 841 3251 859 3287; x_wconf 87' lang='lat' dir='ltr'><strong>a</strong></span> <span class='ocrx_word' id='word_1_439' title='bbox 870 3245 961 3289; x_wconf 86' lang='lat' dir='ltr'><strong>tunsa·</strong></span> 
     </span>
     <span class='ocr_line' id='line_1_42' title="bbox 148 3304 961 3374; baseline -0.007 -11"><span class='ocrx_word' id='word_1_440' title='bbox 148 3311 181 3363; x_wconf 89' lang='lat' dir='ltr'><strong>lo</strong></span> <span class='ocrx_word' id='word_1_441' title='bbox 193 3309 297 3361; x_wconf 85' lang='lat' dir='ltr'><strong>Sirenis</strong></span> <span class='ocrx_word' id='word_1_442' title='bbox 315 3309 470 3374; x_wconf 83' lang='lat' dir='ltr'><strong>appellata:</strong></span> <span class='ocrx_word' id='word_1_443' title='bbox 492 3308 708 3359; x_wconf 86' lang='lat' dir='ltr'><strong>llercalnnimn:</strong></span> <span class='ocrx_word' id='word_1_444' title='bbox 731 3304 867 3371; x_wconf 88' lang='lat' dir='ltr'><strong>Pompeii,</strong></span> <span class='ocrx_word' id='word_1_445' title='bbox 889 3304 961 3357; x_wconf 86' lang='lat' dir='ltr'><strong>haud</strong></span> 
     </span>
     <span class='ocr_line' id='line_1_43' title="bbox 171 3376 960 3445; baseline -0.004 -15"><span class='ocrx_word' id='word_1_446' title='bbox 171 3376 253 3430; x_wconf 87' lang='lat' dir='ltr'><strong>racel</strong></span> <span class='ocrx_word' id='word_1_447' title='bbox 280 3384 442 3445; x_wconf 82' lang='lat' dir='ltr'><strong>aspectante</strong></span> <span class='ocrx_word' id='word_1_448' title='bbox 463 3386 558 3431; x_wconf 87' lang='lat' dir='ltr'><strong>moute</strong></span> <span class='ocrx_word' id='word_1_449' title='bbox 585 3376 722 3439; x_wconf 75' lang='lat' dir='ltr'><strong>Vesuvio,</strong></span> <span class='ocrx_word' id='word_1_450' title='bbox 748 3377 875 3429; x_wconf 86' lang='lat' dir='ltr'><strong>alluente</strong></span> <span class='ocrx_word' id='word_1_451' title='bbox 895 3391 960 3428; x_wconf 84' lang='lat' dir='ltr'><strong>reru</strong></span> 
     </span>
     <span class='ocr_line' id='line_1_44' title="bbox 151 3394 961 3512; baseline -0.005 -11"><span class='ocrx_word' id='word_1_452' title='bbox 151 3394 242 3501; x_wconf 57' lang='lat' dir='ltr'><strong>§aren</strong></span> <span class='ocrx_word' id='word_1_453' title='bbox 263 3462 357 3500; x_wconf 85' lang='lat' dir='ltr'><strong>amne:</strong></span> <span class='ocrx_word' id='word_1_454' title='bbox 376 3460 445 3512; x_wconf 86' lang='lat' dir='ltr'><strong>ager</strong></span> <span class='ocrx_word' id='word_1_455' title='bbox 455 3446 622 3499; x_wconf 86' lang='lat' dir='ltr'><strong>Nucerinus:</strong></span> <span class='ocrx_word' id='word_1_456' title='bbox 645 3452 674 3496; x_wconf 88' lang='lat' dir='ltr'><strong>et</strong></span> <span class='ocrx_word' id='word_1_457' title='bbox 690 3458 791 3497; x_wconf 84' lang='lat' dir='ltr'><strong>norem</strong></span> <span class='ocrx_word' id='word_1_458' title='bbox 800 3444 961 3512; x_wconf 87' lang='lat' dir='ltr'><strong>milliepas·</strong></span> 
     </span>
     <span class='ocr_line' id='line_1_45' title="bbox 152 3502 960 3583; baseline -0.006 -13"><span class='ocrx_word' id='word_1_459' title='bbox 152 3533 233 3571; x_wconf 78' lang='lat' dir='ltr'><strong>mum</strong></span> <span class='ocrx_word' id='word_1_460' title='bbox 245 3534 263 3569; x_wconf 89' lang='lat' dir='ltr'><strong>a</strong></span> <span class='ocrx_word' id='word_1_461' title='bbox 276 3517 355 3578; x_wconf 87' lang='lat' dir='ltr'><strong>mari,</strong></span> <span class='ocrx_word' id='word_1_462' title='bbox 365 3519 428 3583; x_wconf 89' lang='lat' dir='ltr'><strong>ipsa</strong></span> <span class='ocrx_word' id='word_1_463' title='bbox 437 3515 563 3567; x_wconf 78' lang='lat' dir='ltr'><strong>Nuceria.</strong></span> <span class='ocrx_word' id='word_1_464' title='bbox 582 3502 747 3567; x_wconf 68' lang='lat' dir='ltr'><strong>Surrentum</strong></span> <span class='ocrx_word' id='word_1_465' title='bbox 757 3528 819 3567; x_wconf 82' lang='lat' dir='ltr'><strong>euno</strong></span> <span class='ocrx_word' id='word_1_466' title='bbox 835 3529 960 3581; x_wconf 88' lang='lat' dir='ltr'><strong>promon-</strong></span> 
     </span>
     <span class='ocr_line' id='line_1_46' title="bbox 153 3583 960 3651; baseline -0.009 -11"><span class='ocrx_word' id='word_1_467' title='bbox 153 3588 226 3641; x_wconf 90' lang='lat' dir='ltr'><strong>torio</strong></span> <span class='ocrx_word' id='word_1_468' title='bbox 236 3587 391 3648; x_wconf 81' lang='lat' dir='ltr'><strong>Minervae,</strong></span> <span class='ocrx_word' id='word_1_469' title='bbox 407 3585 537 3637; x_wconf 82' lang='lat' dir='ltr'><strong>Sirenum</strong></span> <span class='ocrx_word' id='word_1_470' title='bbox 554 3585 693 3649; x_wconf 88' lang='lat' dir='ltr'><strong>quondam</strong></span> <span class='ocrx_word' id='word_1_471' title='bbox 710 3583 788 3636; x_wconf 80' lang='lat' dir='ltr'><strong>sede.</strong></span> <span class='ocrx_word' id='word_1_472' title='bbox 809 3583 960 3651; x_wconf 80' lang='lat' dir='ltr'><strong>Navigatio</strong></span> 
     </span>
     <span class='ocr_line' id='line_1_47' title="bbox 151 3653 962 3722; baseline -0.002 -12"><span class='ocrx_word' id='word_1_473' title='bbox 151 3658 296 3710; x_wconf 87' lang='lat' dir='ltr'><strong>aCirceiis</strong></span> <span class='ocrx_word' id='word_1_474' title='bbox 306 3654 544 3722; x_wconf 82' lang='lat' dir='ltr'><strong>duodeoctogiata</strong></span> <span class='ocrx_word' id='word_1_475' title='bbox 559 3653 647 3704; x_wconf 92' lang='lat' dir='ltr'><strong>millio</strong></span> <span class='ocrx_word' id='word_1_476' title='bbox 657 3667 788 3718; x_wconf 84' lang='lat' dir='ltr'><strong>passuum</strong></span> <span class='ocrx_word' id='word_1_477' title='bbox 804 3659 890 3719; x_wconf 89' lang='lat' dir='ltr'><strong>petet.</strong></span> <span class='ocrx_word' id='word_1_478' title='bbox 910 3654 962 3709; x_wconf 80' lang='lat' dir='ltr'><strong>Ro·</strong></span> 
     </span>
     <span class='ocr_line' id='line_1_48' title="bbox 150 3723 962 3796; baseline -0.005 -17"><span class='ocrx_word' id='word_1_479' title='bbox 150 3729 197 3796; x_wconf 87' lang='lat' dir='ltr'><strong>gio</strong></span> <span class='ocrx_word' id='word_1_480' title='bbox 208 3742 244 3779; x_wconf 88' lang='lat' dir='ltr'><strong>ea</strong></span> <span class='ocrx_word' id='word_1_481' title='bbox 252 3742 270 3779; x_wconf 86' lang='lat' dir='ltr'><strong>a</strong></span> <span class='ocrx_word' id='word_1_482' title='bbox 280 3725 375 3777; x_wconf 84' lang='lat' dir='ltr'><strong>&#39;liberi</strong></span> <span class='ocrx_word' id='word_1_483' title='bbox 387 3723 475 3792; x_wconf 89' lang='lat' dir='ltr'><strong>prima</strong></span> <span class='ocrx_word' id='word_1_484' title='bbox 485 3724 583 3776; x_wconf 85' lang='lat' dir='ltr'><strong>ltaliae</strong></span> <span class='ocrx_word' id='word_1_485' title='bbox 594 3729 732 3788; x_wconf 77' lang='lat' dir='ltr'><strong>narratur,</strong></span> <span class='ocrx_word' id='word_1_486' title='bbox 751 3736 786 3776; x_wconf 82' lang='lat' dir='ltr'><strong>nx</strong></span> <span class='ocrx_word' id='word_1_487' title='bbox 798 3724 962 3788; x_wconf 88' lang='lat' dir='ltr'><strong>descriptio·</strong></span> 
     </span>
     <span class='ocr_line' id='line_1_49' title="bbox 149 3796 920 3849; baseline -0.008 0"><span class='ocrx_word' id='word_1_488' title='bbox 149 3798 237 3849; x_wconf 88' lang='lat' dir='ltr'><strong>neAu</strong></span> <span class='ocrx_word' id='word_1_489' title='bbox 260 3796 325 3847; x_wconf 88' lang='lat' dir='ltr'><strong>usti.</strong></span> <span class='ocrx_word' id='word_1_490' title='bbox 917 3830 920 3835; x_wconf 84' lang='lat'><strong>.</strong></span> 
     </span>
     <span class='ocr_line' id='line_1_50' title="bbox 187 3812 962 3931; baseline -0.004 -14"><span class='ocrx_word' id='word_1_491' title='bbox 187 3812 267 3918; x_wconf 48' lang='lat' dir='ltr'><strong>latiis</strong></span> <span class='ocrx_word' id='word_1_492' title='bbox 279 3864 418 3918; x_wconf 86' lang='lat' dir='ltr'><strong>coloniae:</strong></span> <span class='ocrx_word' id='word_1_493' title='bbox 438 3865 534 3931; x_wconf 88' lang='lat' dir='ltr'><strong>Capua</strong></span> <span class='ocrx_word' id='word_1_494' title='bbox 549 3864 585 3915; x_wconf 89' lang='lat' dir='ltr'><strong>ab</strong></span> <span class='ocrx_word' id='word_1_495' title='bbox 600 3878 697 3930; x_wconf 87' lang='lat' dir='ltr'><strong>campo</strong></span> <span class='ocrx_word' id='word_1_496' title='bbox 715 3863 799 3924; x_wconf 88' lang='lat' dir='ltr'><strong>dicta,</strong></span> <span class='ocrx_word' id='word_1_497' title='bbox 815 3861 962 3928; x_wconf 88' lang='lat' dir='ltr'><strong>Aquinum,</strong></span> 
     </span>
     <span class='ocr_line' id='line_1_51' title="bbox 153 3933 961 4000; baseline -0.005 -12"><span class='ocrx_word' id='word_1_498' title='bbox 153 3936 266 3998; x_wconf 71' lang='lat' dir='ltr'><strong>Suessa</strong></span> <span class='ocrx_word' id='word_1_499' title='bbox 281 3933 444 3994; x_wconf 77' lang='lat' dir='ltr'><strong>Venafrum,</strong></span> <span class='ocrx_word' id='word_1_500' title='bbox 461 3933 541 3996; x_wconf 83' lang='lat' dir='ltr'><strong>Sora,</strong></span> <span class='ocrx_word' id='word_1_501' title='bbox 557 3936 684 3987; x_wconf 85' lang='lat' dir='ltr'><strong>&#39;Faenum</strong></span> <span class='ocrx_word' id='word_1_502' title='bbox 696 3933 849 3985; x_wconf 84' lang='lat' dir='ltr'><strong>Sidicinum</strong></span> <span class='ocrx_word' id='word_1_503' title='bbox 861 3946 961 4000; x_wconf 83' lang='lat' dir='ltr'><strong>cogno·</strong></span> 
     </span>
     <span class='ocr_line' id='line_1_52' title="bbox 153 4001 961 4071; baseline -0.005 -14"><span class='ocrx_word' id='word_1_504' title='bbox 153 4007 244 4069; x_wconf 81' lang='lat' dir='ltr'><strong>atine,</strong></span> <span class='ocrx_word' id='word_1_505' title='bbox 255 4005 336 4058; x_wconf 81' lang='lat' dir='ltr'><strong>Nola.</strong></span> <span class='ocrx_word' id='word_1_506' title='bbox 359 4002 483 4071; x_wconf 85' lang='lat' dir='ltr'><strong>Oppida:</strong></span> <span class='ocrx_word' id='word_1_507' title='bbox 501 4003 679 4065; x_wconf 85' lang='lat' dir='ltr'><strong>Abellinum,</strong></span> <span class='ocrx_word' id='word_1_508' title='bbox 694 4004 805 4064; x_wconf 84' lang='lat' dir='ltr'><strong>Aricia,</strong></span> <span class='ocrx_word' id='word_1_509' title='bbox 819 4001 891 4053; x_wconf 85' lang='lat' dir='ltr'><strong>Alba</strong></span> <span class='ocrx_word' id='word_1_510' title='bbox 903 4003 961 4053; x_wconf 86' lang='lat' dir='ltr'><strong>lon·</strong></span> 
     </span>
    </p>
   </div>
   <div class='ocr_carea' id='block_1_5' title="bbox 1013 3097 1822 4068">
    <p class='ocr_par' dir='ltr' id='par_1_5' title="bbox 1013 3097 1822 3999">
     <span class='ocr_line' id='line_1_53' title="bbox 1014 3097 1818 3162; baseline -0.001 -11"><span class='ocrx_word' id='word_1_511' title='bbox 1014 3101 1059 3162; x_wconf 91' lang='lat' dir='ltr'><strong>rii,</strong></span> <span class='ocrx_word' id='word_1_512' title='bbox 1071 3100 1227 3161; x_wconf 86' lang='lat' dir='ltr'><strong>Velienses,</strong></span> <span class='ocrx_word' id='word_1_513' title='bbox 1248 3098 1424 3160; x_wconf 83' lang='lat' dir='ltr'><strong>Venetulani,</strong></span> <span class='ocrx_word' id='word_1_514' title='bbox 1446 3098 1623 3149; x_wconf 83' lang='lat' dir='ltr'><strong>Vitellenses.</strong></span> <span class='ocrx_word' id='word_1_515' title='bbox 1647 3097 1690 3148; x_wconf 86' lang='lat' dir='ltr'><strong>lta</strong></span> <span class='ocrx_word' id='word_1_516' title='bbox 1700 3112 1733 3148; x_wconf 80' lang='lat' dir='ltr'><strong>ex</strong></span> <span class='ocrx_word' id='word_1_517' title='bbox 1745 3099 1818 3150; x_wconf 83' lang='lat' dir='ltr'><strong>anti·</strong></span> 
     </span>
     <span class='ocr_line' id='line_1_54' title="bbox 1014 3166 1820 3237; baseline -0.006 -16"><span class='ocrx_word' id='word_1_518' title='bbox 1014 3184 1068 3237; x_wconf 88' lang='lat' dir='ltr'><strong>quo</strong></span> <span class='ocrx_word' id='word_1_519' title='bbox 1088 3170 1171 3220; x_wconf 84' lang='lat' dir='ltr'><strong>Latio</strong></span> <span class='ocrx_word' id='word_1_520' title='bbox 1185 3169 1246 3219; x_wconf 88' lang='lat' dir='ltr'><strong>Llll</strong></span> <span class='ocrx_word' id='word_1_521' title='bbox 1268 3169 1364 3234; x_wconf 89' lang='lat' dir='ltr'><strong>populi</strong></span> <span class='ocrx_word' id='word_1_522' title='bbox 1387 3168 1519 3220; x_wconf 84' lang='lat' dir='ltr'><strong>interiere</strong></span> <span class='ocrx_word' id='word_1_523' title='bbox 1538 3166 1598 3218; x_wconf 89' lang='lat' dir='ltr'><strong>sine</strong></span> <span class='ocrx_word' id='word_1_524' title='bbox 1618 3166 1755 3234; x_wconf 76' lang='lat' dir='ltr'><strong>vestigiis.</strong></span> <span class='ocrx_word' id='word_1_525' title='bbox 1790 3167 1820 3217; x_wconf 87' lang='lat' dir='ltr'><strong>ln</strong></span> 
     </span>
     <span class='ocr_line' id='line_1_55' title="bbox 1013 3233 1820 3305; baseline -0.004 -15"><span class='ocrx_word' id='word_1_526' title='bbox 1013 3243 1152 3304; x_wconf 82' lang='lat' dir='ltr'><strong>Caurpnno</strong></span> <span class='ocrx_word' id='word_1_527' title='bbox 1163 3245 1337 3305; x_wconf 84' lang='lat' dir='ltr'><strong>eutamagro</strong></span> <span class='ocrx_word' id='word_1_528' title='bbox 1349 3236 1462 3288; x_wconf 82' lang='lat' dir='ltr'><strong>Stabiae</strong></span> <span class='ocrx_word' id='word_1_529' title='bbox 1483 3235 1616 3304; x_wconf 88' lang='lat' dir='ltr'><strong>oppidum</strong></span> <span class='ocrx_word' id='word_1_530' title='bbox 1634 3233 1713 3287; x_wconf 82' lang='lat' dir='ltr'><strong>more</strong></span> <span class='ocrx_word' id='word_1_531' title='bbox 1733 3249 1820 3302; x_wconf 89' lang='lat' dir='ltr'><strong>usquo</strong></span> 
     </span>
     <span class='ocr_line' id='line_1_56' title="bbox 1014 3302 1819 3371; baseline -0.006 -11"><span class='ocrx_word' id='word_1_532' title='bbox 1014 3310 1049 3360; x_wconf 88' lang='lat' dir='ltr'><strong>nd</strong></span> <span class='ocrx_word' id='word_1_533' title='bbox 1071 3312 1120 3359; x_wconf 82' lang='lat' dir='ltr'><strong>Cn.</strong></span> <span class='ocrx_word' id='word_1_534' title='bbox 1142 3307 1304 3371; x_wconf 88' lang='lat' dir='ltr'><strong>Pompeium</strong></span> <span class='ocrx_word' id='word_1_535' title='bbox 1327 3314 1356 3357; x_wconf 85' lang='lat' dir='ltr'><strong>et</strong></span> <span class='ocrx_word' id='word_1_536' title='bbox 1366 3306 1399 3358; x_wconf 82' lang='lat'><strong>1..</strong></span> <span class='ocrx_word' id='word_1_537' title='bbox 1412 3309 1545 3357; x_wconf 84' lang='lat' dir='ltr'><strong>Catonem</strong></span> <span class='ocrx_word' id='word_1_538' title='bbox 1563 3302 1707 3365; x_wconf 87' lang='lat' dir='ltr'><strong>Consules,</strong></span> <span class='ocrx_word' id='word_1_539' title='bbox 1727 3305 1819 3370; x_wconf 88' lang='lat' dir='ltr'><strong>pridie</strong></span> 
     </span>
     <span class='ocr_line' id='line_1_57' title="bbox 1014 3372 1820 3441; baseline -0.009 -11"><span class='ocrx_word' id='word_1_540' title='bbox 1014 3376 1134 3430; x_wconf 84' lang='lat' dir='ltr'><strong>Kalend.</strong></span> <span class='ocrx_word' id='word_1_541' title='bbox 1147 3377 1225 3437; x_wconf 77' lang='lat' dir='ltr'><strong>diali,</strong></span> <span class='ocrx_word' id='word_1_542' title='bbox 1243 3391 1299 3441; x_wconf 88' lang='lat' dir='ltr'><strong>quo</strong></span> <span class='ocrx_word' id='word_1_543' title='bbox 1316 3376 1363 3426; x_wconf 90' lang='lat' dir='ltr'><strong>dio</strong></span> <span class='ocrx_word' id='word_1_544' title='bbox 1379 3375 1410 3426; x_wconf 78' lang='lat'><strong>1..</strong></span> <span class='ocrx_word' id='word_1_545' title='bbox 1422 3373 1621 3439; x_wconf 82' lang='lat' dir='ltr'><strong>Sullalegatus</strong></span> <span class='ocrx_word' id='word_1_546' title='bbox 1631 3372 1709 3424; x_wconf 88' lang='lat' dir='ltr'><strong>bello</strong></span> <span class='ocrx_word' id='word_1_547' title='bbox 1719 3372 1820 3423; x_wconf 80' lang='lat' dir='ltr'><strong>sociali</strong></span> 
     </span>
     <span class='ocr_line' id='line_1_58' title="bbox 1013 3440 1821 3511; baseline -0.009 -13"><span class='ocrx_word' id='word_1_548' title='bbox 1013 3448 1043 3499; x_wconf 92' lang='lat' dir='ltr'><strong>id</strong></span> <span class='ocrx_word' id='word_1_549' title='bbox 1064 3445 1176 3506; x_wconf 82' lang='lat' dir='ltr'><strong>deleuit,</strong></span> <span class='ocrx_word' id='word_1_550' title='bbox 1196 3444 1269 3511; x_wconf 91' lang='lat' dir='ltr'><strong>quad</strong></span> <span class='ocrx_word' id='word_1_551' title='bbox 1283 3461 1354 3497; x_wconf 90' lang='lat' dir='ltr'><strong>nunc</strong></span> <span class='ocrx_word' id='word_1_552' title='bbox 1369 3445 1397 3494; x_wconf 90' lang='lat' dir='ltr'><strong>in</strong></span> <span class='ocrx_word' id='word_1_553' title='bbox 1410 3445 1504 3494; x_wconf 78' lang='lat' dir='ltr'><strong>sillam</strong></span> <span class='ocrx_word' id='word_1_554' title='bbox 1516 3444 1594 3493; x_wconf 89' lang='lat' dir='ltr'><strong>abiit.</strong></span> <span class='ocrx_word' id='word_1_555' title='bbox 1623 3440 1768 3494; x_wconf 89' lang='lat' dir='ltr'><strong>latercidit</strong></span> <span class='ocrx_word' id='word_1_556' title='bbox 1780 3441 1821 3492; x_wconf 89' lang='lat' dir='ltr'><strong>ibi</strong></span> 
     </span>
     <span class='ocr_line' id='line_1_59' title="bbox 1014 3510 1820 3578; baseline -0.007 -10"><span class='ocrx_word' id='word_1_557' title='bbox 1014 3525 1043 3568; x_wconf 90' lang='lat' dir='ltr'><strong>et</strong></span> <span class='ocrx_word' id='word_1_558' title='bbox 1057 3514 1206 3568; x_wconf 85' lang='lat' dir='ltr'><strong>Taurania.</strong></span> <span class='ocrx_word' id='word_1_559' title='bbox 1233 3513 1303 3565; x_wconf 83' lang='lat' dir='ltr'><strong>Sunt</strong></span> <span class='ocrx_word' id='word_1_560' title='bbox 1323 3521 1353 3566; x_wconf 89' lang='lat' dir='ltr'><strong>et</strong></span> <span class='ocrx_word' id='word_1_561' title='bbox 1372 3513 1519 3565; x_wconf 84' lang='lat' dir='ltr'><strong>esurientis</strong></span> <span class='ocrx_word' id='word_1_562' title='bbox 1539 3511 1655 3562; x_wconf 82' lang='lat' dir='ltr'><strong>Casilini</strong></span> <span class='ocrx_word' id='word_1_563' title='bbox 1673 3510 1820 3578; x_wconf 85' lang='lat' dir='ltr'><strong>reliquiae.</strong></span> 
     </span>
     <span class='ocr_line' id='line_1_60' title="bbox 1015 3579 1819 3648; baseline -0.009 -10"><span class='ocrx_word' id='word_1_564' title='bbox 1015 3586 1167 3638; x_wconf 82' lang='lat' dir='ltr'><strong>Praeterea</strong></span> <span class='ocrx_word' id='word_1_565' title='bbox 1186 3592 1284 3635; x_wconf 85' lang='lat' dir='ltr'><strong>auctor</strong></span> <span class='ocrx_word' id='word_1_566' title='bbox 1307 3591 1350 3634; x_wconf 87' lang='lat' dir='ltr'><strong>est</strong></span> <span class='ocrx_word' id='word_1_567' title='bbox 1370 3583 1476 3643; x_wconf 82' lang='lat' dir='ltr'><strong>Antias,</strong></span> <span class='ocrx_word' id='word_1_568' title='bbox 1497 3580 1629 3648; x_wconf 87' lang='lat' dir='ltr'><strong>oppidum</strong></span> <span class='ocrx_word' id='word_1_569' title='bbox 1652 3579 1819 3631; x_wconf 79' lang='lat' dir='ltr'><strong>Latinorum</strong></span> 
     </span>
     <span class='ocr_line' id='line_1_61' title="bbox 1014 3648 1822 3723; baseline -0.01 -15"><span class='ocrx_word' id='word_1_570' title='bbox 1014 3655 1127 3723; x_wconf 90' lang='lat' dir='ltr'><strong>Apiolas</strong></span> <span class='ocrx_word' id='word_1_571' title='bbox 1139 3660 1250 3719; x_wconf 84' lang='lat' dir='ltr'><strong>captum</strong></span> <span class='ocrx_word' id='word_1_572' title='bbox 1260 3668 1277 3703; x_wconf 87' lang='lat' dir='ltr'><strong>a</strong></span> <span class='ocrx_word' id='word_1_573' title='bbox 1289 3652 1322 3703; x_wconf 81' lang='lat' dir='ltr'><strong>l..</strong></span> <span class='ocrx_word' id='word_1_574' title='bbox 1334 3652 1485 3718; x_wconf 81' lang='lat' dir='ltr'><strong>Tarquinio</strong></span> <span class='ocrx_word' id='word_1_575' title='bbox 1497 3666 1572 3718; x_wconf 82' lang='lat' dir='ltr'><strong>rege,</strong></span> <span class='ocrx_word' id='word_1_576' title='bbox 1580 3666 1616 3703; x_wconf 84' lang='lat' dir='ltr'><strong>err</strong></span> <span class='ocrx_word' id='word_1_577' title='bbox 1627 3651 1707 3701; x_wconf 86' lang='lat' dir='ltr'><strong>cuius</strong></span> <span class='ocrx_word' id='word_1_578' title='bbox 1718 3648 1822 3715; x_wconf 84' lang='lat' dir='ltr'><strong>praeda</strong></span> 
     </span>
     <span class='ocr_line' id='line_1_62' title="bbox 1015 3718 1819 3792; baseline -0.007 -15"><span class='ocrx_word' id='word_1_579' title='bbox 1015 3725 1185 3792; x_wconf 86' lang='lat' dir='ltr'><strong>Capitolium</strong></span> <span class='ocrx_word' id='word_1_580' title='bbox 1207 3722 1230 3772; x_wconf 88' lang='lat' dir='ltr'><strong>is</strong></span> <span class='ocrx_word' id='word_1_581' title='bbox 1253 3721 1438 3772; x_wconf 78' lang='lat' dir='ltr'><strong>inchoaverit.</strong></span> <span class='ocrx_word' id='word_1_582' title='bbox 1464 3721 1634 3773; x_wconf 82' lang='lat' dir='ltr'><strong>ASurreoto</strong></span> <span class='ocrx_word' id='word_1_583' title='bbox 1651 3718 1687 3771; x_wconf 89' lang='lat' dir='ltr'><strong>ad</strong></span> <span class='ocrx_word' id='word_1_584' title='bbox 1700 3718 1819 3771; x_wconf 86' lang='lat' dir='ltr'><strong>Silerum</strong></span> 
     </span>
     <span class='ocr_line' id='line_1_63' title="bbox 1015 3788 1822 3859; baseline -0.01 -13"><span class='ocrx_word' id='word_1_585' title='bbox 1015 3809 1124 3847; x_wconf 88' lang='lat' dir='ltr'><strong>amnem</strong></span> <span class='ocrx_word' id='word_1_586' title='bbox 1135 3792 1251 3859; x_wconf 84' lang='lat' dir='ltr'><strong>triginta</strong></span> <span class='ocrx_word' id='word_1_587' title='bbox 1266 3791 1356 3842; x_wconf 87' lang='lat' dir='ltr'><strong>millia</strong></span> <span class='ocrx_word' id='word_1_588' title='bbox 1365 3805 1495 3856; x_wconf 86' lang='lat' dir='ltr'><strong>passuum</strong></span> <span class='ocrx_word' id='word_1_589' title='bbox 1515 3804 1583 3856; x_wconf 84' lang='lat' dir='ltr'><strong>ager</strong></span> <span class='ocrx_word' id='word_1_590' title='bbox 1593 3788 1752 3841; x_wconf 87' lang='lat' dir='ltr'><strong>Picentinus</strong></span> <span class='ocrx_word' id='word_1_591' title='bbox 1768 3789 1822 3838; x_wconf 79' lang='lat' dir='ltr'><strong>luit</strong></span> 
     </span>
     <span class='ocr_line' id='line_1_64' title="bbox 1014 3856 1819 3927; baseline -0.011 -11"><span class='ocrx_word' id='word_1_592' title='bbox 1014 3866 1179 3923; x_wconf 83' lang='lat' dir='ltr'><strong>Tuscorum,</strong></span> <span class='ocrx_word' id='word_1_593' title='bbox 1198 3861 1302 3927; x_wconf 86' lang='lat' dir='ltr'><strong>templo</strong></span> <span class='ocrx_word' id='word_1_594' title='bbox 1314 3860 1426 3912; x_wconf 84' lang='lat' dir='ltr'><strong>lenonis</strong></span> <span class='ocrx_word' id='word_1_595' title='bbox 1437 3860 1556 3927; x_wconf 82' lang='lat' dir='ltr'><strong>Argisue</strong></span> <span class='ocrx_word' id='word_1_596' title='bbox 1569 3860 1604 3910; x_wconf 89' lang='lat' dir='ltr'><strong>ab</strong></span> <span class='ocrx_word' id='word_1_597' title='bbox 1614 3859 1715 3910; x_wconf 74' lang='lat' dir='ltr'><strong>lasarm</strong></span> <span class='ocrx_word' id='word_1_598' title='bbox 1725 3856 1819 3908; x_wconf 81' lang='lat' dir='ltr'><strong>modi-</strong></span> 
     </span>
     <span class='ocr_line' id='line_1_65' title="bbox 1014 3927 1695 3999; baseline -0.012 -13"><span class='ocrx_word' id='word_1_599' title='bbox 1014 3941 1046 3986; x_wconf 91' lang='lat' dir='ltr'><strong>to</strong></span> <span class='ocrx_word' id='word_1_600' title='bbox 1056 3930 1181 3999; x_wconf 80' lang='lat' dir='ltr'><strong>insignis.</strong></span> <span class='ocrx_word' id='word_1_601' title='bbox 1198 3929 1276 3981; x_wconf 88' lang='lat' dir='ltr'><strong>lates</strong></span> <span class='ocrx_word' id='word_1_602' title='bbox 1287 3929 1417 3996; x_wconf 87' lang='lat' dir='ltr'><strong>oppidem</strong></span> <span class='ocrx_word' id='word_1_603' title='bbox 1430 3929 1552 3991; x_wconf 82' lang='lat' dir='ltr'><strong>Salerni,</strong></span> <span class='ocrx_word' id='word_1_604' title='bbox 1561 3927 1695 3980; x_wconf 89' lang='lat' dir='ltr'><strong>Picentia.</strong></span> 
     </span>
    </p>

    <p class='ocr_par' dir='ltr' id='par_1_6' title="bbox 1048 3994 1819 4068">
     <span class='ocr_line' id='line_1_66' title="bbox 1048 3994 1819 4068; baseline -0.013 -15"><span class='ocrx_word' id='word_1_605' title='bbox 1048 4004 1083 4053; x_wconf 84' lang='lat' dir='ltr'><strong>X.</strong></span> <span class='ocrx_word' id='word_1_606' title='bbox 1093 4003 1116 4053; x_wconf 89' lang='lat' dir='ltr'><strong>A</strong></span> <span class='ocrx_word' id='word_1_607' title='bbox 1127 3999 1220 4052; x_wconf 82' lang='lat' dir='ltr'><strong>Silero</strong></span> <span class='ocrx_word' id='word_1_608' title='bbox 1230 4001 1311 4068; x_wconf 86' lang='lat' dir='ltr'><strong>regio</strong></span> <span class='ocrx_word' id='word_1_609' title='bbox 1322 4001 1419 4059; x_wconf 86' lang='lat' dir='ltr'><strong>tertia,</strong></span> <span class='ocrx_word' id='word_1_610' title='bbox 1435 4006 1464 4049; x_wconf 87' lang='lat' dir='ltr'><strong>et</strong></span> <span class='ocrx_word' id='word_1_611' title='bbox 1476 4013 1544 4065; x_wconf 84' lang='lat' dir='ltr'><strong>ager</strong></span> <span class='ocrx_word' id='word_1_612' title='bbox 1554 3999 1682 4049; x_wconf 88' lang='lat' dir='ltr'><strong>Lucanus</strong></span> <span class='ocrx_word' id='word_1_613' title='bbox 1693 3994 1819 4045; x_wconf 82' lang='lat' dir='ltr'><strong>Brutian-</strong></span> 
     </span>
    </p>
   </div>
   <div class='ocr_carea' id='block_1_6' title="bbox 151 4063 1823 5529">
    <p class='ocr_par' dir='ltr' id='par_1_7' title="bbox 151 4063 1823 5529">
     <span class='ocr_line' id='line_1_67' title="bbox 153 4063 1820 4144; baseline -0.01 -16"><span class='ocrx_word' id='word_1_614' title='bbox 153 4090 204 4144; x_wconf 78' lang='lat' dir='ltr'><strong>ge,</strong></span> <span class='ocrx_word' id='word_1_615' title='bbox 222 4076 368 4135; x_wconf 85' lang='lat' dir='ltr'><strong>Acerrani,</strong></span> <span class='ocrx_word' id='word_1_616' title='bbox 388 4072 517 4133; x_wconf 80' lang='lat' dir='ltr'><strong>attilani,</strong></span> <span class='ocrx_word' id='word_1_617' title='bbox 539 4074 679 4134; x_wconf 86' lang='lat' dir='ltr'><strong>Atinates,</strong></span> <span class='ocrx_word' id='word_1_618' title='bbox 696 4072 873 4131; x_wconf 81' lang='lat' dir='ltr'><strong>Aletrinates,</strong></span> <span class='ocrx_word' id='word_1_619' title='bbox 892 4073 961 4123; x_wconf 75' lang='lat' dir='ltr'><strong>Aoe-</strong></span> <span class='ocrx_word' id='word_1_620' title='bbox 1014 4069 1192 4139; x_wconf 83' lang='lat' dir='ltr'><strong>queineipit:</strong></span> <span class='ocrx_word' id='word_1_621' title='bbox 1216 4084 1266 4122; x_wconf 90' lang='lat' dir='ltr'><strong>nec</strong></span> <span class='ocrx_word' id='word_1_622' title='bbox 1277 4068 1315 4120; x_wconf 89' lang='lat' dir='ltr'><strong>ihi</strong></span> <span class='ocrx_word' id='word_1_623' title='bbox 1328 4083 1393 4120; x_wconf 87' lang='lat' dir='ltr'><strong>rara</strong></span> <span class='ocrx_word' id='word_1_624' title='bbox 1409 4069 1562 4119; x_wconf 86' lang='lat' dir='ltr'><strong>incolarum</strong></span> <span class='ocrx_word' id='word_1_625' title='bbox 1575 4065 1737 4117; x_wconf 87' lang='lat' dir='ltr'><strong>metatione.</strong></span> <span class='ocrx_word' id='word_1_626' title='bbox 1765 4063 1820 4112; x_wconf 84' lang='lat' dir='ltr'><strong>&#39;Fe-</strong></span> 
     </span>
     <span class='ocr_line' id='line_1_68' title="bbox 155 4127 1822 4213; baseline -0.011 -18"><span class='ocrx_word' id='word_1_627' title='bbox 155 4145 243 4213; x_wconf 85' lang='lat' dir='ltr'><strong>gnini,</strong></span> <span class='ocrx_word' id='word_1_628' title='bbox 262 4144 392 4205; x_wconf 88' lang='lat' dir='ltr'><strong>Atellani,</strong></span> <span class='ocrx_word' id='word_1_629' title='bbox 401 4142 520 4202; x_wconf 89' lang='lat' dir='ltr'><strong>Aliilani,</strong></span> <span class='ocrx_word' id='word_1_630' title='bbox 531 4142 688 4210; x_wconf 85' lang='lat' dir='ltr'><strong>Arpinates,</strong></span> <span class='ocrx_word' id='word_1_631' title='bbox 697 4142 867 4201; x_wconf 87' lang='lat' dir='ltr'><strong>Auuimates,</strong></span> <span class='ocrx_word' id='word_1_632' title='bbox 882 4141 961 4193; x_wconf 86' lang='lat' dir='ltr'><strong>Auel·</strong></span> <span class='ocrx_word' id='word_1_633' title='bbox 1014 4146 1135 4195; x_wconf 85' lang='lat' dir='ltr'><strong>onerent</strong></span> <span class='ocrx_word' id='word_1_634' title='bbox 1144 4154 1205 4191; x_wconf 86' lang='lat' dir='ltr'><strong>cem</strong></span> <span class='ocrx_word' id='word_1_635' title='bbox 1219 4138 1339 4205; x_wconf 84' lang='lat' dir='ltr'><strong>Pelasgi,</strong></span> <span class='ocrx_word' id='word_1_636' title='bbox 1351 4137 1486 4198; x_wconf 89' lang='lat' dir='ltr'><strong>Oenotrii,</strong></span> <span class='ocrx_word' id='word_1_637' title='bbox 1497 4137 1570 4193; x_wconf 88' lang='lat' dir='ltr'><strong>itali,</strong></span> <span class='ocrx_word' id='word_1_638' title='bbox 1581 4135 1734 4196; x_wconf 84' lang='lat' dir='ltr'><strong>Morgetea,</strong></span> <span class='ocrx_word' id='word_1_639' title='bbox 1744 4127 1822 4210; x_wconf 80' lang='lat' dir='ltr'><strong>Sicu·</strong></span> 
     </span>
     <span class='ocr_line' id='line_1_69' title="bbox 154 4197 1821 4281; baseline -0.011 -15"><span class='ocrx_word' id='word_1_640' title='bbox 154 4214 234 4276; x_wconf 86' lang='lat' dir='ltr'><strong>leni,</strong></span> <span class='ocrx_word' id='word_1_641' title='bbox 252 4213 399 4265; x_wconf 80' lang='lat' dir='ltr'><strong>Alfaterni:</strong></span> <span class='ocrx_word' id='word_1_642' title='bbox 422 4211 517 4278; x_wconf 91' lang='lat' dir='ltr'><strong>etqui</strong></span> <span class='ocrx_word' id='word_1_643' title='bbox 538 4227 572 4263; x_wconf 85' lang='lat' dir='ltr'><strong>ex</strong></span> <span class='ocrx_word' id='word_1_644' title='bbox 594 4228 663 4279; x_wconf 89' lang='lat' dir='ltr'><strong>egro</strong></span> <span class='ocrx_word' id='word_1_645' title='bbox 678 4212 791 4271; x_wconf 86' lang='lat' dir='ltr'><strong>Latina,</strong></span> <span class='ocrx_word' id='word_1_646' title='bbox 812 4211 881 4262; x_wconf 84' lang='lat' dir='ltr'><strong>item</strong></span> <span class='ocrx_word' id='word_1_647' title='bbox 890 4212 962 4262; x_wconf 79' lang='lat' dir='ltr'><strong>tior·</strong></span> <span class='ocrx_word' id='word_1_648' title='bbox 1014 4214 1043 4274; x_wconf 91' lang='lat' dir='ltr'><strong>li,</strong></span> <span class='ocrx_word' id='word_1_649' title='bbox 1063 4210 1202 4264; x_wconf 83' lang='lat' dir='ltr'><strong>Orneciae</strong></span> <span class='ocrx_word' id='word_1_650' title='bbox 1223 4210 1344 4259; x_wconf 81' lang='lat' dir='ltr'><strong>maxime</strong></span> <span class='ocrx_word' id='word_1_651' title='bbox 1366 4206 1483 4272; x_wconf 80' lang='lat' dir='ltr'><strong>populi:</strong></span> <span class='ocrx_word' id='word_1_652' title='bbox 1509 4203 1658 4281; x_wconf 73' lang='lat' dir='ltr'><strong>norissima</strong></span> <span class='ocrx_word' id='word_1_653' title='bbox 1679 4197 1821 4248; x_wconf 75' lang='lat' dir='ltr'><strong>Lucane</strong></span> 
     </span>
     <span class='ocr_line' id='line_1_70' title="bbox 154 4263 1821 4348; baseline -0.011 -13"><span class='ocrx_word' id='word_1_654' title='bbox 154 4285 239 4342; x_wconf 85' lang='lat' dir='ltr'><strong>nico,</strong></span> <span class='ocrx_word' id='word_1_655' title='bbox 259 4281 326 4333; x_wconf 88' lang='lat' dir='ltr'><strong>item</strong></span> <span class='ocrx_word' id='word_1_656' title='bbox 346 4281 486 4333; x_wconf 86' lang='lat' dir='ltr'><strong>Labicano</strong></span> <span class='ocrx_word' id='word_1_657' title='bbox 503 4282 708 4348; x_wconf 81' lang='lat' dir='ltr'><strong>cognomineti:</strong></span> <span class='ocrx_word' id='word_1_658' title='bbox 741 4279 889 4341; x_wconf 81' lang='lat' dir='ltr'><strong>Bouillae,</strong></span> <span class='ocrx_word' id='word_1_659' title='bbox 909 4282 961 4331; x_wconf 81' lang='lat' dir='ltr'><strong>Ca·</strong></span> <span class='ocrx_word' id='word_1_660' title='bbox 1014 4281 1185 4334; x_wconf 82' lang='lat' dir='ltr'><strong>Samnitibus</strong></span> <span class='ocrx_word' id='word_1_661' title='bbox 1207 4279 1264 4328; x_wconf 89' lang='lat' dir='ltr'><strong>orti</strong></span> <span class='ocrx_word' id='word_1_662' title='bbox 1289 4279 1362 4328; x_wconf 89' lang='lat' dir='ltr'><strong>duce</strong></span> <span class='ocrx_word' id='word_1_663' title='bbox 1385 4274 1482 4325; x_wconf 83' lang='lat' dir='ltr'><strong>Lucio.</strong></span> <span class='ocrx_word' id='word_1_664' title='bbox 1520 4267 1659 4333; x_wconf 78' lang='lat' dir='ltr'><strong>Oppidum</strong></span> <span class='ocrx_word' id='word_1_665' title='bbox 1681 4263 1821 4331; x_wconf 73' lang='lat' dir='ltr'><strong>Paestum,</strong></span> 
     </span>
     <span class='ocr_line' id='line_1_71' title="bbox 154 4335 1822 4416; baseline -0.016 -4"><span class='ocrx_word' id='word_1_666' title='bbox 154 4349 257 4410; x_wconf 62' lang='grc' dir='ltr'><strong>Ῑιίίῧθ»</strong></span> <span class='ocrx_word' id='word_1_667' title='bbox 287 4350 425 4410; x_wconf 51' lang='lat' dir='ltr'><strong>(minum,</strong></span> <span class='ocrx_word' id='word_1_668' title='bbox 455 4351 598 4413; x_wconf 63' lang='lat' dir='ltr'><strong>Calenum,</strong></span> <span class='ocrx_word' id='word_1_669' title='bbox 618 4350 780 4416; x_wconf 83' lang='lat' dir='ltr'><strong>Capitulum</strong></span> <span class='ocrx_word' id='word_1_670' title='bbox 799 4349 961 4409; x_wconf 83' lang='lat' dir='ltr'><strong>Hernicum,</strong></span> <span class='ocrx_word' id='word_1_671' title='bbox 1016 4350 1133 4402; x_wconf 80' lang='lat' dir='ltr'><strong>Graecis</strong></span> <span class='ocrx_word' id='word_1_672' title='bbox 1144 4346 1297 4399; x_wconf 89' lang='lat' dir='ltr'><strong>Posidonia</strong></span> <span class='ocrx_word' id='word_1_673' title='bbox 1308 4341 1584 4409; x_wconf 77' lang='lat' dir='ltr'><strong>appellatumraiuus</strong></span> <span class='ocrx_word' id='word_1_674' title='bbox 1595 4335 1761 4386; x_wconf 74' lang='lat' dir='ltr'><strong>Paestanum</strong></span> <span class='ocrx_word' id='word_1_675' title='bbox 1774 4350 1822 4402; x_wconf 89' lang='lat' dir='ltr'><strong>op-</strong></span> 
     </span>
     <span class='ocr_line' id='line_1_72' title="bbox 157 4404 1820 4486; baseline -0.008 -14"><span class='ocrx_word' id='word_1_676' title='bbox 157 4417 303 4472; x_wconf 85' lang='lat' dir='ltr'><strong>Cereatiui</strong></span> <span class='ocrx_word' id='word_1_677' title='bbox 327 4416 373 4484; x_wconf 89' lang='lat' dir='ltr'><strong>qui</strong></span> <span class='ocrx_word' id='word_1_678' title='bbox 398 4418 516 4471; x_wconf 78' lang='lat' dir='ltr'><strong>Mariani</strong></span> <span class='ocrx_word' id='word_1_679' title='bbox 540 4420 789 4486; x_wconf 80' lang='lat' dir='ltr'><strong>cognominantur:</strong></span> <span class='ocrx_word' id='word_1_680' title='bbox 821 4417 924 4467; x_wconf 88' lang='lat' dir='ltr'><strong>Ooreoi</strong></span> <span class='ocrx_word' id='word_1_681' title='bbox 945 4432 963 4467; x_wconf 83' lang='lat' dir='ltr'><strong>a</strong></span> <span class='ocrx_word' id='word_1_682' title='bbox 1016 4419 1110 4484; x_wconf 90' lang='lat' dir='ltr'><strong>pidum</strong></span> <span class='ocrx_word' id='word_1_683' title='bbox 1122 4417 1215 4475; x_wconf 79' lang='lat' dir='ltr'><strong>ilelia,</strong></span> <span class='ocrx_word' id='word_1_684' title='bbox 1232 4407 1486 4479; x_wconf 81' lang='lat' dir='ltr'><strong>quaenuaelr&#39;elia.</strong></span> <span class='ocrx_word' id='word_1_685' title='bbox 1508 4405 1731 4457; x_wconf 86' lang='lat' dir='ltr'><strong>Promontorium</strong></span> <span class='ocrx_word' id='word_1_686' title='bbox 1745 4404 1820 4458; x_wconf 74' lang='lat' dir='ltr'><strong>Pali·</strong></span> 
     </span>
     <span class='ocr_line' id='line_1_73' title="bbox 154 4474 1821 4549; baseline -0.009 -6"><span class='ocrx_word' id='word_1_687' title='bbox 154 4486 294 4543; x_wconf 70' lang='lat' dir='ltr'><strong>naraon</strong></span> <span class='ocrx_word' id='word_1_688' title='bbox 314 4488 436 4539; x_wconf 82' lang='lat' dir='ltr'><strong>Troiano</strong></span> <span class='ocrx_word' id='word_1_689' title='bbox 456 4491 525 4541; x_wconf 88' lang='lat' dir='ltr'><strong>arti:</strong></span> <span class='ocrx_word' id='word_1_690' title='bbox 548 4489 731 4548; x_wconf 87' lang='lat' dir='ltr'><strong>Cubulterini,</strong></span> <span class='ocrx_word' id='word_1_691' title='bbox 749 4485 964 4537; x_wconf 86' lang='lat' dir='ltr'><strong>Castrimnnien·</strong></span> <span class='ocrx_word' id='word_1_692' title='bbox 1017 4498 1129 4537; x_wconf 84' lang='lat' dir='ltr'><strong>neramr</strong></span> <span class='ocrx_word' id='word_1_693' title='bbox 1141 4501 1159 4536; x_wconf 89' lang='lat' dir='ltr'><strong>e</strong></span> <span class='ocrx_word' id='word_1_694' title='bbox 1168 4499 1223 4549; x_wconf 91' lang='lat' dir='ltr'><strong>quo</strong></span> <span class='ocrx_word' id='word_1_695' title='bbox 1234 4482 1299 4533; x_wconf 92' lang='lat' dir='ltr'><strong>sine</strong></span> <span class='ocrx_word' id='word_1_696' title='bbox 1311 4476 1459 4531; x_wconf 73' lang='lat' dir='ltr'><strong>medente</strong></span> <span class='ocrx_word' id='word_1_697' title='bbox 1469 4476 1605 4528; x_wconf 86' lang='lat' dir='ltr'><strong>traiectus</strong></span> <span class='ocrx_word' id='word_1_698' title='bbox 1616 4474 1652 4526; x_wconf 85' lang='lat' dir='ltr'><strong>ad</strong></span> <span class='ocrx_word' id='word_1_699' title='bbox 1664 4476 1821 4528; x_wconf 84' lang='lat' dir='ltr'><strong>columnam</strong></span> 
     </span>
     <span class='ocr_line' id='line_1_74' title="bbox 155 4543 1821 4623; baseline -0.008 -13"><span class='ocrx_word' id='word_1_700' title='bbox 155 4573 210 4620; x_wconf 88' lang='lat' dir='ltr'><strong>ses,</strong></span> <span class='ocrx_word' id='word_1_701' title='bbox 228 4557 390 4623; x_wconf 75' lang='lat' dir='ltr'><strong>Cingulani:</strong></span> <span class='ocrx_word' id='word_1_702' title='bbox 406 4557 572 4619; x_wconf 82' lang='lat' dir='ltr'><strong>Fabieoses,</strong></span> <span class='ocrx_word' id='word_1_703' title='bbox 588 4559 723 4609; x_wconf 84' lang='lat' dir='ltr'><strong>inornate</strong></span> <span class='ocrx_word' id='word_1_704' title='bbox 738 4555 857 4605; x_wconf 87' lang='lat' dir='ltr'><strong>Albano:</strong></span> <span class='ocrx_word' id='word_1_705' title='bbox 873 4552 961 4604; x_wconf 87' lang='lat' dir='ltr'><strong>Foro·</strong></span> <span class='ocrx_word' id='word_1_706' title='bbox 1016 4554 1151 4621; x_wconf 81' lang='lat' dir='ltr'><strong>Rhegium</strong></span> <span class='ocrx_word' id='word_1_707' title='bbox 1171 4558 1282 4603; x_wconf 90' lang='lat' dir='ltr'><strong>centum</strong></span> <span class='ocrx_word' id='word_1_708' title='bbox 1304 4549 1344 4600; x_wconf 86' lang='grc' dir='ltr'><strong>Μ.</strong></span> <span class='ocrx_word' id='word_1_709' title='bbox 1362 4561 1432 4614; x_wconf 86' lang='lat' dir='ltr'><strong>pass.</strong></span> <span class='ocrx_word' id='word_1_710' title='bbox 1462 4546 1621 4597; x_wconf 82' lang='lat' dir='ltr'><strong>Proximum</strong></span> <span class='ocrx_word' id='word_1_711' title='bbox 1642 4552 1736 4599; x_wconf 86' lang='lat' dir='ltr'><strong>aetem</strong></span> <span class='ocrx_word' id='word_1_712' title='bbox 1757 4543 1821 4597; x_wconf 88' lang='lat' dir='ltr'><strong>huic</strong></span> 
     </span>
     <span class='ocr_line' id='line_1_75' title="bbox 156 4614 1821 4696; baseline -0.009 -16"><span class='ocrx_word' id='word_1_713' title='bbox 156 4626 350 4696; x_wconf 87' lang='lat' dir='ltr'><strong>populienses,</strong></span> <span class='ocrx_word' id='word_1_714' title='bbox 371 4642 406 4679; x_wconf 81' lang='lat' dir='ltr'><strong>ex</strong></span> <span class='ocrx_word' id='word_1_715' title='bbox 417 4627 550 4681; x_wconf 83' lang='lat' dir='ltr'><strong>Falerno:</strong></span> <span class='ocrx_word' id='word_1_716' title='bbox 568 4627 746 4687; x_wconf 81' lang='lat' dir='ltr'><strong>Frusinates,</strong></span> <span class='ocrx_word' id='word_1_717' title='bbox 763 4623 963 4685; x_wconf 87' lang='lat' dir='ltr'><strong>Ferentinates,</strong></span> <span class='ocrx_word' id='word_1_718' title='bbox 1017 4625 1119 4677; x_wconf 83' lang='lat' dir='ltr'><strong>Aearen</strong></span> <span class='ocrx_word' id='word_1_719' title='bbox 1131 4622 1258 4686; x_wconf 80' lang='lat' dir='ltr'><strong>Melpesr</strong></span> <span class='ocrx_word' id='word_1_720' title='bbox 1269 4616 1401 4685; x_wconf 90' lang='lat' dir='ltr'><strong>oppidum</strong></span> <span class='ocrx_word' id='word_1_721' title='bbox 1411 4616 1579 4679; x_wconf 81' lang='lat' dir='ltr'><strong>Buxentum,</strong></span> <span class='ocrx_word' id='word_1_722' title='bbox 1588 4615 1698 4667; x_wconf 77' lang='lat' dir='ltr'><strong>Graece</strong></span> <span class='ocrx_word' id='word_1_723' title='bbox 1708 4614 1821 4682; x_wconf 75' lang='lat' dir='ltr'><strong>Pyxus:</strong></span> 
     </span>
     <span class='ocr_line' id='line_1_76' title="bbox 154 4684 1822 4766; baseline -0.009 -15"><span class='ocrx_word' id='word_1_724' title='bbox 154 4698 340 4766; x_wconf 76' lang='lat' dir='ltr'><strong>Freginates,</strong></span> <span class='ocrx_word' id='word_1_725' title='bbox 366 4697 533 4751; x_wconf 85' lang='lat' dir='ltr'><strong>Fabraterni</strong></span> <span class='ocrx_word' id='word_1_726' title='bbox 554 4704 680 4757; x_wconf 82' lang='lat' dir='ltr'><strong>ueteres,</strong></span> <span class='ocrx_word' id='word_1_727' title='bbox 705 4694 870 4745; x_wconf 88' lang='lat' dir='ltr'><strong>Fabraterni</strong></span> <span class='ocrx_word' id='word_1_728' title='bbox 890 4694 963 4754; x_wconf 85' lang='lat' dir='ltr'><strong>nori,</strong></span> <span class='ocrx_word' id='word_1_729' title='bbox 1017 4692 1206 4746; x_wconf 83' lang='lat' dir='ltr'><strong>Laiisamnia:</strong></span> <span class='ocrx_word' id='word_1_730' title='bbox 1222 4686 1705 4754; x_wconf 80' lang='lat' dir='ltr'><strong>luitotappidemeodemnomine.</strong></span> <span class='ocrx_word' id='word_1_731' title='bbox 1733 4684 1774 4735; x_wconf 92' lang='lat' dir='ltr'><strong>Ab</strong></span> <span class='ocrx_word' id='word_1_732' title='bbox 1785 4697 1822 4736; x_wconf 87' lang='lat' dir='ltr'><strong>eo</strong></span> 
     </span>
     <span class='ocr_line' id='line_1_77' title="bbox 155 4752 1820 4835; baseline -0.01 -16"><span class='ocrx_word' id='word_1_733' title='bbox 155 4764 785 4835; x_wconf 63' lang='lat' dir='ltr'><strong>FicolenseaForoappii,Forentaniiiabioi,</strong></span> <span class='ocrx_word' id='word_1_734' title='bbox 797 4766 964 4815; x_wconf 87' lang='lat' dir='ltr'><strong>interamna·</strong></span> <span class='ocrx_word' id='word_1_735' title='bbox 1017 4762 1146 4815; x_wconf 82' lang='lat' dir='ltr'><strong>Brutiem</strong></span> <span class='ocrx_word' id='word_1_736' title='bbox 1171 4758 1258 4809; x_wconf 79' lang='lat' dir='ltr'><strong>literar</strong></span> <span class='ocrx_word' id='word_1_737' title='bbox 1281 4756 1413 4826; x_wconf 87' lang='lat' dir='ltr'><strong>oppidum</strong></span> <span class='ocrx_word' id='word_1_738' title='bbox 1432 4756 1566 4815; x_wconf 63' lang='lat' dir='ltr'><strong>iliande,¹</strong></span> <span class='ocrx_word' id='word_1_739' title='bbox 1584 4753 1686 4806; x_wconf 86' lang='lat' dir='ltr'><strong>ilumen</strong></span> <span class='ocrx_word' id='word_1_740' title='bbox 1706 4752 1820 4835; x_wconf 67' lang='grc' dir='ltr'>Βιιιιιιιι</span> 
     </span>
     <span class='ocr_line' id='line_1_78' title="bbox 156 4822 1822 4904; baseline -0.011 -13"><span class='ocrx_word' id='word_1_741' title='bbox 156 4836 364 4899; x_wconf 81' lang='lat' dir='ltr'><strong>tesSaccasini,</strong></span> <span class='ocrx_word' id='word_1_742' title='bbox 385 4837 779 4904; x_wconf 81' lang='lat' dir='ltr'><strong>quietLiriaatesroeanlurr</strong></span> <span class='ocrx_word' id='word_1_743' title='bbox 800 4832 964 4896; x_wconf 83' lang='lat' dir='ltr'><strong>llioaensst,</strong></span> <span class='ocrx_word' id='word_1_744' title='bbox 1017 4840 1115 4900; x_wconf 85' lang='lat' dir='ltr'><strong>portus</strong></span> <span class='ocrx_word' id='word_1_745' title='bbox 1136 4826 1300 4881; x_wconf 88' lang='lat' dir='ltr'><strong>Parthenius</strong></span> <span class='ocrx_word' id='word_1_746' title='bbox 1318 4827 1519 4880; x_wconf 87' lang='lat' dir='ltr'><strong>Phocensiem:</strong></span> <span class='ocrx_word' id='word_1_747' title='bbox 1545 4826 1623 4876; x_wconf 84' lang='lat' dir='ltr'><strong>ainus</strong></span> <span class='ocrx_word' id='word_1_748' title='bbox 1643 4822 1822 4887; x_wconf 78' lang='lat' dir='ltr'><strong>Vibonensis,</strong></span> 
     </span>
     <span class='ocr_line' id='line_1_79' title="bbox 156 4892 1821 4971; baseline -0.009 -12"><span class='ocrx_word' id='word_1_749' title='bbox 156 4902 964 4971; x_wconf 57' lang='lat' dir='ltr'><strong>huntedoniam,Nonieoraoai’soeoesttoi,orbeqooa</strong></span> <span class='ocrx_word' id='word_1_750' title='bbox 1017 4903 1096 4955; x_wconf 83' lang='lat' dir='ltr'><strong>locus</strong></span> <span class='ocrx_word' id='word_1_751' title='bbox 1116 4899 1304 4965; x_wconf 84' lang='lat' dir='ltr'><strong>Clampetiae:</strong></span> <span class='ocrx_word' id='word_1_752' title='bbox 1327 4898 1457 4966; x_wconf 88' lang='lat' dir='ltr'><strong>oppidum</strong></span> <span class='ocrx_word' id='word_1_753' title='bbox 1479 4898 1592 4957; x_wconf 81' lang='lat' dir='ltr'><strong>&#39;1¹emsa,</strong></span> <span class='ocrx_word' id='word_1_754' title='bbox 1612 4892 1754 4945; x_wconf 86' lang='lat' dir='ltr'><strong>eGruecis</strong></span> <span class='ocrx_word' id='word_1_755' title='bbox 1766 4894 1821 4944; x_wconf 81' lang='lat' dir='ltr'><strong>&#39;l&#39;e-</strong></span> 
     </span>
     <span class='ocr_line' id='line_1_80' title="bbox 157 4962 1823 5043; baseline -0.01 -15"><span class='ocrx_word' id='word_1_756' title='bbox 157 4976 220 5028; x_wconf 87' lang='lat' dir='ltr'><strong>dam</strong></span> <span class='ocrx_word' id='word_1_757' title='bbox 238 4976 381 5043; x_wconf 86' lang='lat' dir='ltr'><strong>Stephane</strong></span> <span class='ocrx_word' id='word_1_758' title='bbox 398 4977 487 5039; x_wconf 89' lang='lat' dir='ltr'><strong>dicta,</strong></span> <span class='ocrx_word' id='word_1_759' title='bbox 508 4976 693 5036; x_wconf 80' lang='lat' dir='ltr'><strong>Priuernates,</strong></span> <span class='ocrx_word' id='word_1_760' title='bbox 716 4971 824 5035; x_wconf 82' lang='lat' dir='ltr'><strong>Setini,</strong></span> <span class='ocrx_word' id='word_1_761' title='bbox 845 4972 963 5039; x_wconf 83' lang='lat' dir='ltr'><strong>Signini,</strong></span> <span class='ocrx_word' id='word_1_762' title='bbox 985 5022 986 5025; x_wconf 75' lang='grc'>,</span> <span class='ocrx_word' id='word_1_763' title='bbox 1016 4971 1219 5037; x_wconf 82' lang='lat' dir='ltr'><strong>mosedictuns:</strong></span> <span class='ocrx_word' id='word_1_764' title='bbox 1241 4978 1269 5021; x_wconf 84' lang='lat' dir='ltr'><strong>et</strong></span> <span class='ocrx_word' id='word_1_765' title='bbox 1280 4968 1504 5021; x_wconf 86' lang='lat' dir='ltr'><strong>Crotoniensium</strong></span> <span class='ocrx_word' id='word_1_766' title='bbox 1518 4968 1632 5025; x_wconf 81' lang='lat' dir='ltr'><strong>&#39;l&#39;eriaa,</strong></span> <span class='ocrx_word' id='word_1_767' title='bbox 1641 4963 1772 5030; x_wconf 87' lang='lat' dir='ltr'><strong>sinusque</strong></span> <span class='ocrx_word' id='word_1_768' title='bbox 1782 4962 1823 5012; x_wconf 90' lang='lat' dir='ltr'><strong>in·</strong></span> 
     </span>
     <span class='ocr_line' id='line_1_81' title="bbox 156 5034 1822 5113; baseline -0.009 -15"><span class='ocrx_word' id='word_1_769' title='bbox 156 5042 439 5110; x_wconf 83' lang='lat' dir='ltr'><strong>Seesmrlarri,l&#39;elini,</strong></span> <span class='ocrx_word' id='word_1_770' title='bbox 449 5045 599 5099; x_wconf 88' lang='lat' dir='ltr'><strong>Trebulani</strong></span> <span class='ocrx_word' id='word_1_771' title='bbox 611 5042 964 5112; x_wconf 77' lang='lat' dir='ltr'><strong>cognominellalinienses,</strong></span> <span class='ocrx_word' id='word_1_772' title='bbox 1017 5042 1085 5109; x_wconf 85' lang='lat' dir='ltr'><strong>geas</strong></span> <span class='ocrx_word' id='word_1_773' title='bbox 1096 5040 1260 5093; x_wconf 78' lang='lat' dir='ltr'><strong>&#39;l&#39;erinaeua</strong></span> <span class='ocrx_word' id='word_1_774' title='bbox 1278 5038 1417 5106; x_wconf 88' lang='lat' dir='ltr'><strong>Oppidum</strong></span> <span class='ocrx_word' id='word_1_775' title='bbox 1433 5035 1592 5095; x_wconf 84' lang='lat' dir='ltr'><strong>Consentia,</strong></span> <span class='ocrx_word' id='word_1_776' title='bbox 1610 5034 1696 5084; x_wconf 89' lang='lat' dir='ltr'><strong>intus.</strong></span> <span class='ocrx_word' id='word_1_777' title='bbox 1713 5034 1745 5083; x_wconf 92' lang='lat' dir='ltr'><strong>ln</strong></span> <span class='ocrx_word' id='word_1_778' title='bbox 1754 5045 1822 5113; x_wconf 71' lang='lat' dir='ltr'><strong>pea-</strong></span> 
     </span>
     <span class='ocr_line' id='line_1_82' title="bbox 155 5101 1821 5178; baseline -0.009 -13"><span class='ocrx_word' id='word_1_779' title='bbox 155 5115 294 5178; x_wconf 82' lang='lat' dir='ltr'><strong>Trebani,</strong></span> <span class='ocrx_word' id='word_1_780' title='bbox 314 5116 483 5178; x_wconf 78' lang='lat' dir='ltr'><strong>Tusculani,</strong></span> <span class='ocrx_word' id='word_1_781' title='bbox 503 5114 654 5177; x_wconf 89' lang='lat' dir='ltr'><strong>Verulaai,</strong></span> <span class='ocrx_word' id='word_1_782' title='bbox 672 5113 819 5173; x_wconf 87' lang='lat' dir='ltr'><strong>Veliterni,</strong></span> <span class='ocrx_word' id='word_1_783' title='bbox 830 5112 963 5165; x_wconf 85' lang='lat' dir='ltr'><strong>Ulubroo·</strong></span> <span class='ocrx_word' id='word_1_784' title='bbox 1017 5109 1217 5164; x_wconf 67' lang='lat' dir='ltr'><strong>mmoaoaos</strong></span> <span class='ocrx_word' id='word_1_785' title='bbox 1228 5106 1365 5169; x_wconf 86' lang='lat' dir='ltr'><strong>Acheron,</strong></span> <span class='ocrx_word' id='word_1_786' title='bbox 1386 5122 1403 5156; x_wconf 85' lang='lat' dir='ltr'><strong>a</strong></span> <span class='ocrx_word' id='word_1_787' title='bbox 1415 5120 1470 5173; x_wconf 91' lang='lat' dir='ltr'><strong>quo</strong></span> <span class='ocrx_word' id='word_1_788' title='bbox 1490 5103 1620 5171; x_wconf 78' lang='lat' dir='ltr'><strong>oppidani</strong></span> <span class='ocrx_word' id='word_1_789' title='bbox 1636 5101 1821 5155; x_wconf 74' lang='lat' dir='ltr'><strong>Acherontini.</strong></span> 
     </span>
     <span class='ocr_line' id='line_1_83' title="bbox 154 5170 1820 5253; baseline -0.011 -19"><span class='ocrx_word' id='word_1_790' title='bbox 154 5198 209 5246; x_wconf 86' lang='lat' dir='ltr'><strong>ses,</strong></span> <span class='ocrx_word' id='word_1_791' title='bbox 226 5186 406 5239; x_wconf 78' lang='lat' dir='ltr'><strong>Ulrernates:</strong></span> <span class='ocrx_word' id='word_1_792' title='bbox 427 5199 565 5253; x_wconf 86' lang='lat' dir='ltr'><strong>superque</strong></span> <span class='ocrx_word' id='word_1_793' title='bbox 583 5187 670 5235; x_wconf 77' lang='lat' dir='ltr'><strong>hensa</strong></span> <span class='ocrx_word' id='word_1_794' title='bbox 684 5183 757 5248; x_wconf 84' lang='lat' dir='ltr'><strong>ipsa:</strong></span> <span class='ocrx_word' id='word_1_795' title='bbox 775 5184 853 5233; x_wconf 88' lang='lat' dir='ltr'><strong>cuius</strong></span> <span class='ocrx_word' id='word_1_796' title='bbox 864 5196 964 5234; x_wconf 82' lang='lat' dir='ltr'><strong>nonnae</strong></span> <span class='ocrx_word' id='word_1_797' title='bbox 1017 5183 1121 5249; x_wconf 86' lang='lat' dir='ltr'><strong>llippo,</strong></span> <span class='ocrx_word' id='word_1_798' title='bbox 1143 5178 1216 5246; x_wconf 90' lang='lat' dir='ltr'><strong>quod</strong></span> <span class='ocrx_word' id='word_1_799' title='bbox 1229 5194 1301 5230; x_wconf 85' lang='lat' dir='ltr'><strong>nune</strong></span> <span class='ocrx_word' id='word_1_800' title='bbox 1313 5177 1448 5229; x_wconf 90' lang='lat' dir='ltr'><strong>Vibonem</strong></span> <span class='ocrx_word' id='word_1_801' title='bbox 1460 5173 1622 5227; x_wconf 83' lang='lat' dir='ltr'><strong>Valentiam</strong></span> <span class='ocrx_word' id='word_1_802' title='bbox 1633 5170 1820 5238; x_wconf 77' lang='lat' dir='ltr'><strong>appellamusr</strong></span> 
     </span>
     <span class='ocr_line' id='line_1_84' title="bbox 154 5244 1821 5319; baseline -0.011 -14"><span class='ocrx_word' id='word_1_803' title='bbox 154 5253 277 5309; x_wconf 65' lang='lat' dir='ltr'><strong>abarum</strong></span> <span class='ocrx_word' id='word_1_804' title='bbox 289 5254 395 5319; x_wconf 86' lang='lat' dir='ltr'><strong>dicere,</strong></span> <span class='ocrx_word' id='word_1_805' title='bbox 407 5256 519 5309; x_wconf 75' lang='lat' dir='ltr'><strong>meanis</strong></span> <span class='ocrx_word' id='word_1_806' title='bbox 537 5252 768 5307; x_wconf 72' lang='lat' dir='ltr'><strong>conmmaniareno</strong></span> <span class='ocrx_word' id='word_1_807' title='bbox 785 5251 863 5304; x_wconf 79' lang='lat' dir='ltr'><strong>nelas</strong></span> <span class='ocrx_word' id='word_1_808' title='bbox 882 5251 963 5304; x_wconf 83' lang='lat' dir='ltr'><strong>habe·</strong></span> <span class='ocrx_word' id='word_1_809' title='bbox 1017 5248 1270 5309; x_wconf 84' lang='lat' dir='ltr'><strong>Portuslierculis‚</strong></span> <span class='ocrx_word' id='word_1_810' title='bbox 1292 5247 1438 5299; x_wconf 80' lang='lat' dir='ltr'><strong>Metauras</strong></span> <span class='ocrx_word' id='word_1_811' title='bbox 1451 5245 1549 5304; x_wconf 86' lang='lat' dir='ltr'><strong>omnis,</strong></span> <span class='ocrx_word' id='word_1_812' title='bbox 1567 5244 1756 5294; x_wconf 84' lang='lat' dir='ltr'><strong>&#39;l&#39;aaroentum</strong></span> <span class='ocrx_word' id='word_1_813' title='bbox 1769 5250 1821 5300; x_wconf 88' lang='lat' dir='ltr'><strong>op·</strong></span> 
     </span>
     <span class='ocr_line' id='line_1_85' title="bbox 154 5302 1821 5392; baseline -0.011 -19"><span class='ocrx_word' id='word_1_814' title='bbox 154 5330 212 5391; x_wconf 76' lang='lat' dir='ltr'><strong>tur:</strong></span> <span class='ocrx_word' id='word_1_815' title='bbox 234 5326 399 5392; x_wconf 87' lang='lat' dir='ltr'><strong>optimaque</strong></span> <span class='ocrx_word' id='word_1_816' title='bbox 414 5333 442 5378; x_wconf 91' lang='lat' dir='ltr'><strong>et</strong></span> <span class='ocrx_word' id='word_1_817' title='bbox 457 5322 644 5379; x_wconf 85' lang='lat' dir='ltr'><strong>salutarilldc</strong></span> <span class='ocrx_word' id='word_1_818' title='bbox 658 5321 794 5374; x_wconf 86' lang='lat' dir='ltr'><strong>abolitum</strong></span> <span class='ocrx_word' id='word_1_819' title='bbox 808 5322 964 5374; x_wconf 81' lang='lat' dir='ltr'><strong>enuntiarit</strong></span> <span class='ocrx_word' id='word_1_820' title='bbox 1019 5321 1122 5390; x_wconf 89' lang='lat' dir='ltr'><strong>pidum,</strong></span> <span class='ocrx_word' id='word_1_821' title='bbox 1141 5320 1244 5371; x_wconf 90' lang='lat' dir='ltr'><strong>Portus</strong></span> <span class='ocrx_word' id='word_1_822' title='bbox 1264 5316 1383 5377; x_wconf 70' lang='lat' dir='ltr'><strong>Orestia</strong></span> <span class='ocrx_word' id='word_1_823' title='bbox 1404 5320 1433 5366; x_wconf 86' lang='lat' dir='ltr'><strong>et</strong></span> <span class='ocrx_word' id='word_1_824' title='bbox 1444 5310 1566 5364; x_wconf 79' lang='lat' dir='ltr'><strong>Medma.</strong></span> <span class='ocrx_word' id='word_1_825' title='bbox 1595 5309 1731 5376; x_wconf 80' lang='lat' dir='ltr'><strong>Oppidum</strong></span> <span class='ocrx_word' id='word_1_826' title='bbox 1742 5302 1821 5368; x_wconf 80' lang='lat' dir='ltr'><strong>Scyl·</strong></span> 
     </span>
     <span class='ocr_line' id='line_1_86' title="bbox 151 5370 1821 5461; baseline -0.011 -16"><span class='ocrx_word' id='word_1_827' title='bbox 151 5391 432 5458; x_wconf 80' lang='lat' dir='ltr'><strong>ValeriusSoranus,</strong></span> <span class='ocrx_word' id='word_1_828' title='bbox 442 5395 551 5461; x_wconf 89' lang='lat' dir='ltr'><strong>luitque</strong></span> <span class='ocrx_word' id='word_1_829' title='bbox 560 5406 626 5447; x_wconf 77' lang='lat' dir='ltr'><strong>mox</strong></span> <span class='ocrx_word' id='word_1_830' title='bbox 636 5405 749 5459; x_wconf 85' lang='lat' dir='ltr'><strong>paenas.</strong></span> <span class='ocrx_word' id='word_1_831' title='bbox 767 5389 830 5442; x_wconf 87' lang='lat' dir='ltr'><strong>Noa</strong></span> <span class='ocrx_word' id='word_1_832' title='bbox 843 5390 963 5443; x_wconf 76' lang='lat' dir='ltr'><strong>alienum</strong></span> <span class='ocrx_word' id='word_1_833' title='bbox 1017 5393 1120 5453; x_wconf 86' lang='lat' dir='ltr'><strong>laeum,</strong></span> <span class='ocrx_word' id='word_1_834' title='bbox 1132 5388 1250 5442; x_wconf 76' lang='lat' dir='ltr'><strong>Creteis</strong></span> <span class='ocrx_word' id='word_1_835' title='bbox 1273 5386 1385 5447; x_wconf 71' lang='lat' dir='ltr'><strong>derina</strong></span> <span class='ocrx_word' id='word_1_836' title='bbox 1405 5389 1496 5434; x_wconf 78' lang='lat' dir='ltr'><strong>notor</strong></span> <span class='ocrx_word' id='word_1_837' title='bbox 1516 5379 1679 5442; x_wconf 78' lang='lat' dir='ltr'><strong>(atdinnre)</strong></span> <span class='ocrx_word' id='word_1_838' title='bbox 1699 5370 1821 5434; x_wconf 67' lang='lat' dir='ltr'><strong>Scyllae·</strong></span> 
     </span>
     <span class='ocr_line' id='line_1_87' title="bbox 154 5437 1823 5529; baseline -0.008 -15"><span class='ocrx_word' id='word_1_839' title='bbox 154 5463 266 5519; x_wconf 86' lang='lat' dir='ltr'><strong>ridetur</strong></span> <span class='ocrx_word' id='word_1_840' title='bbox 280 5464 405 5519; x_wconf 69' lang='lat' dir='ltr'><strong>tuaene</strong></span> <span class='ocrx_word' id='word_1_841' title='bbox 419 5462 473 5517; x_wconf 90' lang='lat' dir='ltr'><strong>hoc</strong></span> <span class='ocrx_word' id='word_1_842' title='bbox 487 5465 551 5516; x_wconf 87' lang='lat' dir='ltr'><strong>loeo</strong></span> <span class='ocrx_word' id='word_1_843' title='bbox 562 5462 718 5529; x_wconf 81' lang='lat' dir='ltr'><strong>exemplam</strong></span> <span class='ocrx_word' id='word_1_844' title='bbox 732 5460 881 5529; x_wconf 74' lang='lat' dir='ltr'><strong>religionis</strong></span> <span class='ocrx_word' id='word_1_845' title='bbox 893 5461 965 5511; x_wconf 69' lang='lat' dir='ltr'><strong>anm</strong></span> <span class='ocrx_word' id='word_1_846' title='bbox 1017 5460 1091 5513; x_wconf 84' lang='lat' dir='ltr'><strong>Oein</strong></span> <span class='ocrx_word' id='word_1_847' title='bbox 1100 5461 1231 5512; x_wconf 86' lang='lat' dir='ltr'><strong>colurnsa</strong></span> <span class='ocrx_word' id='word_1_848' title='bbox 1239 5455 1365 5523; x_wconf 71' lang='lat' dir='ltr'><strong>ltnogno</strong></span> <span class='ocrx_word' id='word_1_849' title='bbox 1385 5450 1642 5505; x_wconf 60' lang='lat' dir='ltr'><strong>annonariam.</strong></span> <span class='ocrx_word' id='word_1_850' title='bbox 1664 5455 1696 5489; x_wconf 73' lang='lat'><strong>⁸⁰</strong></span> <span class='ocrx_word' id='word_1_851' title='bbox 1709 5437 1766 5486; x_wconf 74' lang='lat'>‘¹⁸⁸⁰</span> <span class='ocrx_word' id='word_1_852' title='bbox 1776 5438 1823 5490; x_wconf 67' lang='lat'><strong>²⁶·</strong></span> 
     </span>
    </p>
   </div>
   <div class='ocr_carea' id='block_1_7' title="bbox 153 5505 1826 5709">
    <p class='ocr_par' dir='ltr' id='par_1_8' title="bbox 153 5505 1826 5709">
     <span class='ocr_line' id='line_1_88' title="bbox 154 5505 1825 5598; baseline -0.023 -10"><span class='ocrx_word' id='word_1_853' title='bbox 154 5547 236 5598; x_wconf 79' lang='lat' dir='ltr'><strong>qaue,</strong></span> <span class='ocrx_word' id='word_1_854' title='bbox 257 5536 295 5587; x_wconf 89' lang='lat' dir='ltr'><strong>ab</strong></span> <span class='ocrx_word' id='word_1_855' title='bbox 306 5532 361 5587; x_wconf 86' lang='lat' dir='ltr'><strong>hae</strong></span> <span class='ocrx_word' id='word_1_856' title='bbox 371 5533 642 5587; x_wconf 72' lang='lat' dir='ltr'><strong>maxanenileatium</strong></span> <span class='ocrx_word' id='word_1_857' title='bbox 655 5532 809 5585; x_wconf 86' lang='lat' dir='ltr'><strong>institutae.</strong></span> <span class='ocrx_word' id='word_1_858' title='bbox 839 5529 964 5595; x_wconf 80' lang='lat' dir='ltr'><strong>Namque</strong></span> <span class='ocrx_word' id='word_1_859' title='bbox 1018 5544 1099 5581; x_wconf 80' lang='lat' dir='ltr'><strong>uorsa</strong></span> <span class='ocrx_word' id='word_1_860' title='bbox 1109 5527 1318 5596; x_wconf 78' lang='lat' dir='ltr'><strong>prnnrontnrior</strong></span> <span class='ocrx_word' id='word_1_861' title='bbox 1341 5538 1375 5576; x_wconf 82' lang='lat' dir='ltr'><strong>ox</strong></span> <span class='ocrx_word' id='word_1_862' title='bbox 1386 5521 1472 5575; x_wconf 88' lang='lat' dir='ltr'><strong>ltalia</strong></span> <span class='ocrx_word' id='word_1_863' title='bbox 1482 5521 1601 5581; x_wconf 83' lang='lat' dir='ltr'><strong>Cnenys,</strong></span> <span class='ocrx_word' id='word_1_864' title='bbox 1622 5524 1656 5560; x_wconf 81' lang='lat' dir='ltr'><strong>ex</strong></span> <span class='ocrx_word' id='word_1_865' title='bbox 1667 5505 1765 5557; x_wconf 60' lang='lat' dir='ltr'><strong>&amp;eilia</strong></span> <span class='ocrx_word' id='word_1_866' title='bbox 1777 5507 1825 5560; x_wconf 65' lang='lat' dir='ltr'><strong>Pe.</strong></span> 
     </span>
     <span class='ocr_line' id='line_1_89' title="bbox 153 5571 1826 5709; baseline -0.032 -30"><span class='ocrx_word' id='word_1_867' title='bbox 153 5598 965 5674; x_wconf 60' lang='lat' dir='ltr'><strong>mimimomimrrifioetarad.1lt.lialeao.ro</strong></span> <span class='ocrx_word' id='word_1_868' title='bbox 1018 5598 1119 5661; x_wconf 77' lang='lat' dir='ltr'><strong>lesum,</strong></span> <span class='ocrx_word' id='word_1_869' title='bbox 1140 5595 1286 5649; x_wconf 74' lang='lat' dir='ltr'><strong>mmdseim</strong></span> <span class='ocrx_word' id='word_1_870' title='bbox 1308 5593 1465 5709; x_wconf 53' lang='lat' dir='ltr'><strong>magianum</strong></span> <span class='ocrx_word' id='word_1_871' title='bbox 1485 5578 1645 5637; x_wconf 74' lang='lat' dir='ltr'><strong>interuallis</strong></span> <span class='ocrx_word' id='word_1_872' title='bbox 1664 5571 1742 5626; x_wconf 85' lang='lat' dir='ltr'><strong>llude</strong></span> <span class='ocrx_word' id='word_1_873' title='bbox 1751 5571 1826 5631; x_wconf 69' lang='lat' dir='ltr'><strong>libe</strong></span> 
     </span>
    </p>
   </div>
   <div class='ocr_carea' id='block_1_8' title="bbox 836 5706 853 5738">
    <p class='ocr_par' dir='ltr' id='par_1_9' title="bbox 836 5706 853 5738">
     <span class='ocr_line' id='line_1_90' title="bbox 836 5706 853 5738; baseline 0 0"><span class='ocrx_word' id='word_1_874' title='bbox 836 5706 853 5738; x_wconf 67' lang='grc' dir='ltr'><em>Ο</em></span> 
     </span>
    </p>
   </div>
   <div class='ocr_carea' id='block_1_9' title="bbox 0 0 2172 6004">
    <p class='ocr_par' dir='ltr' id='par_1_10' title="bbox 0 0 2172 6004">
     <span class='ocr_line' id='line_1_91' title="bbox 0 0 2172 6004; baseline 0 0"><span class='ocrx_word' id='word_1_875' title='bbox 0 0 2172 6004; x_wconf 95' lang='lat' dir='ltr'><strong> </strong></span> 
     </span>
    </p>
   </div>
  </div>
 </body>
</html>
