4356 6014
299 273 330 334 C.
360 268 735 337 rururlsuuuuur
772 272 937 366 uetuit
975 275 1162 342 ulatur.
1201 283 1285 345 ulls
1313 283 1414 348 XIX„
1455 286 1685 355 (illata-53.
1780 294 1844 357 sla

193 440 260 481 core
272 422 384 487 saturi,
402 422 503 475 erebro
523 421 651 490 purgari,
669 425 762 477 careri
777 438 814 479 aa
827 439 889 477 enm
900 424 995 483 barbis

1080 429 1197 487 xlivll.
1215 433 1320 487 Eodem
1331 438 1456 502 tempore
1464 438 1569 492 seritur
1579 447 1672 495 menta
1681 442 1790 509 planta:
1800 445 1845 498 vei
1860 458 1873 479 ²-

193 496 330 551 evelletur
341 506 505 560 asparagus.
535 491 994 551 Prrmoanaostrumentnabhio·
1048 501 1205 553 sinendum
1218 504 1366 568 germinat,
1381 507 1505 573 spongia.
1540 511 1634 563 Minus
1651 511 1844 568 baeehumido

192 581 237 619 me
257 564 384 632 protegi:
406 576 473 613 rere
494 562 611 628 aperiri,
630 563 739 624 sarriri,
758 565 885 617 runcari:
907 567 993 618 tertio
1046 568 1160 635 pandet.
1195 572 1310 625 Aestate
1323 573 1647 636 riret,hiemeilnreseit.
1678 576 1844 637 Gdnuseius

193 632 406 688 iacendiserno.
443 630 505 694 tino
516 630 652 682 maturina
665 631 793 685 incensus
804 641 856 695 est,
874 632 926 687 hnc
938 650 994 687 mc·
1045 637 1175 689 silvestre
1185 649 1433 707 mentastrumest.
1462 646 1562 699 bltboc
1573 657 1751 718 propagatur,
1763 660 1795 703 ut
1806 654 1843 704 vi-

194 703 248 756 lius
259 703 397 769 provenit.
428 701 526 766 ltaque
538 699 712 751 arundinetis
723 701 841 753 inarime
854 705 993 767 convenit,
1046 707 1092 767 tis,
1101 706 1147 758 vel
1156 709 1180 756 si
1192 707 1293 761 inversi
1303 714 1374 763 rami
1384 723 1519 766 serantur.
1543 717 1657 770 illectae
1667 734 1766 772 acmen
1780 737 1843 775 sua.

175 812 179 821 .
194 788 265 841 quac
274 772 411 827 festinant
421 767 540 822 incendi.
559 769 663 820 Sarriri
672 769 750 823 iubet
761 769 904 833 idem,aon
916 780 992 825 ante·
1045 776 1118 827 vites
1129 774 1225 829 odoris
1235 780 1307 845 apud
1315 781 1439 834 Graecos
1451 786 1576 847 mutarit,
1585 801 1648 837 curn
1659 787 1763 854 alioqui
1774 792 1842 844 min.

194 855 439 912 quamaspsragus
451 845 534 889 natus
544 837 678 900 fueritne
687 840 715 891 in
727 838 871 891 sarriendo
884 841 994 894 radices
1045 843 1096 894 tha
1107 852 1264 910 vocaretur,
1276 849 1350 900 unde
1360 858 1470 904 veteres
1478 856 1568 906 nostri
1578 857 1841 914 someadeciinave·

194 918 338 964 vexentur.
371 910 414 961 lix
428 924 461 961 eo
474 907 538 959 velli
549 923 714 974 asparagum
724 908 759 958 ab
771 908 880 961 radice:
894 925 958 962 nam
968 911 994 963 si
1045 920 1119 964 runt
1146 914 1236 967 Grato
1248 925 1342 971 menta
1353 932 1462 972 mensas
1472 924 1559 975 odora
1570 927 1710 991 percurrit
1721 928 1750 978 ia
1762 931 1844 981 rusti·

194 980 378 1047 defringatur,
392 980 570 1042 stirpescere,
585 982 614 1026 ct
626 977 781 1027 intermori.
811 976 994 1041 Velll,donec
1045 983 1087 1035 ris
1098 982 1223 1049 dapibus.
1251 984 1342 1038 Semel
1354 998 1424 1050 sats,
1434 989 1541 1046 diutius
1552 1000 1647 1047 aetate
1657 995 1748 1048 durae,
1775 1000 1844 1051 cm.

192 1049 394 1103 intumescat.
429 1046 462 1097 ld
472 1052 568 1097 autem
577 1050 764 1100 maturescere
775 1045 811 1096 ad
822 1063 880 1109 rer,
898 1046 992 1101 hicce.
1045 1050 1121 1117 ἕως
1135 1052 1460 1119 p„10350‚0„5„3nm
1475 1063 1840 1119 mmaimflmmm
1907 1110 1916 1119 ·

194 1118 292 1185 dique:
314 1133 346 1170 ne
360 1130 471 1177 rursus,
488 1130 549 1165 curn
559 1116 722 1181 apparuerit
732 1130 893 1181 asparagus,
911 1118 993 1169 sarri·
1045 1119 1156 1186 saepius
1167 1121 1303 1175 dictaest.
1331 1126 1410 1177 llaec
1419 1142 1527 1195 quoque
1539 1141 1688 1185 servantur
1698 1135 1785 1188 simili
1796 1150 1842 1202 ge·

193 1188 219 1239 ri
228 1204 262 1241 ac
271 1184 432 1241 stercorari.
467 1185 505 1235 dc
517 1192 579 1249 post
590 1199 678 1235 annos
693 1200 799 1248 novem,
809 1200 870 1237 curn
883 1188 937 1239 iam
947 1201 993 1239 ve·

195 1265 240 1310 tus
249 1259 296 1318 sit,
304 1256 394 1323 digeri
404 1254 518 1305 subacto
529 1253 591 1305 soie
602 1260 822 1321 stercoratoque.
834 1256 905 1306 'l'um
914 1270 994 1322 spon-

213 1326 247 1376 iis
257 1326 323 1387 seri,
330 1324 500 1391 singulorum
512 1322 612 1389 pedum
624 1322 784 1376 intervalla.
801 1324 875 1386 Quin
887 1332 915 1377 et
925 1325 995 1377 ovil-

206 1411 223 1445 o
233 1396 301 1447 limo
317 1393 477 1445 nourinatim
495 1393 544 1454 uti,
564 1396 691 1459 quoniam
707 1392 784 1444 aliud
797 1391 897 1446 herbas
908 1401 993 1448 creet.

192 1464 250 1518 Nec
262 1462 414 1533 quidquam
427 1467 525 1527 postea
539 1468 675 1513 tentatum
694 1462 791 1513 utilius
803 1465 943 1528 apparuit,
954 1464 993 1515 nl·

190 1533 216 1584 si
229 1533 305 1600 quod
324 1534 398 1583 circa
415 1532 479 1582 ldus
491 1531 634 1584 Februarii
644 1530 757 1584 defosso
768 1532 874 1585 semiue
884 1547 993 1585 merra·

189 1605 241 1653 tim
253 1600 375 1668 parvulis
385 1600 527 1651 scrobibus
538 1608 643 1660 aarum,
662 1602 810 1666 plurimum
824 1609 993 1657 maceratum

190 1672 268 1723 hmo.
303 1669 376 1720 Dein
388 1669 468 1719 nexis
480 1669 593 1721 interae
606 1668 749 1721 radicibus
760 1672 894 1738 spongias
904 1672 994 1725 factas

190 1745 256 1808 post
273 1738 478 1805 aequinoctium
499 1738 624 1790 autumni
635 1737 787 1805 disponunt
797 1740 941 1805 pedulibus
953 1740 993 1793 iu·

190 1806 326 1866 tesseliis,
339 1807 485 1859 fertilitate
495 1806 523 1857 in
534 1806 620 1859 denos
630 1824 717 1861 annos
728 1810 855 1861 durante.
878 1810 992 1863 Nullum

193 1877 302 1946 prauus
314 1874 358 1927 his
368 1874 468 1937 solues,
482 1891 563 1943 quarn
575 1877 776 1930 Ravennatiuss
788 1877 940 1931 hortorum.

76 1954 89 1981 ⁸
164 1969 184 2015 4
228 1945 410 1998 indicarimus
433 1952 462 1997 et
481 1945 637 1998 corrudam.
674 1948 757 1999 Hunc
774 1948 846 2001 enim
864 1948 992 2018 intelligo

137 2050 152 2087 s
193 2015 349 2068 silvestrem
360 2029 534 2082 asparagum,
552 2030 630 2081 quem
643 2014 745 2069 Graeci
755 2015 926 2080 hermerium,
943 2027 993 2072 aut

193 2081 378 2153 mpacanthon
392 2091 499 2146 vocant,
512 2085 609 2138 aliisve
624 2087 791 2138 numinibus.
821 2088 935 2141 lareuio
946 2104 994 2142 aa·

193 2156 274 2207 scitu
285 2154 381 2206 arietis
393 2150 520 2203 cornibus
533 2155 603 2203 tusis
613 2162 696 2221 atque
709 2156 838 2209 defossis.

229 2221 328 2274 dell.
346 2222 482 2273 Poterant
493 2222 581 2273 videri
591 2222 665 2275 dicta
674 2228 768 2278 omnis
779 2241 849 2293 quae
860 2227 890 2279 iu
901 2227 992 2294 pretio

193 2299 268 2354 sunt,
277 2291 330 2342 nisi
339 2296 461 2343 restaret
470 2304 515 2342 res
526 2292 640 2343 maximi
649 2300 791 2358 quaestus,
810 2311 864 2347 non
873 2298 934 2349 sine
946 2313 991 2363 pu·

192 2363 261 2415 dore
271 2360 396 2412 dicenda.
425 2362 537 2412 Certum
548 2367 591 2412 ost
603 2363 704 2429 quippe
716 2362 836 2429 carduos
847 2366 992 2431 npudcar-

191 2429 334 2498 thugincm
345 2442 483 2497 magnam,
497 2428 709 2496 Cordubaanua
720 2429 877 2498 praecipue,
892 2438 992 2484 sester-

190 2501 263 2550 tium
279 2514 348 2551 sean
364 2499 486 2551 millias
502 2501 594 2562 parvis
615 2499 732 2550 reddere
752 2502 840 2551 areisr
863 2501 992 2567 quoniam

189 2574 326 2637 portenta
334 2570 587 2631 qaisqueterrsrum
598 2567 626 2612 ln
636 2578 752 2627 ganeam
763 2570 991 2630 vertimuaetiam

190 2651 228 2690 sa
242 2649 312 2700 qnae
329 2629 470 2698 refugiunt
486 2630 677 2697 quadrupedes
694 2633 829 2684 conamen.
866 2629 991 2683 carduos

190 2718 260 2771 argo
273 2701 381 2753 duobus
392 2698 598 2751 modisseruut:
616 2705 748 2752 autumno
760 2700 864 2766 planta,
874 2700 992 2751 etsami·

190 2788 229 2825 ns
240 2776 306 2823 ante
317 2769 412 2821 Nonas
423 2769 554 2821 Martias:
572 2767 739 2836 plastaeque
750 2784 784 2820 ax
794 2786 828 2819 eo
840 2770 991 2832 disponun-

190 2850 240 2894 tur
259 2846 323 2892 nsto
334 2837 398 2889 idus
411 2836 587 2897 Novembris,
607 2846 656 2885 sot
667 2839 697 2886 in
715 2834 786 2885 locis
798 2833 907 2901 frigidis
918 2834 992 2886 eirca

190 2909 355 2963 Favonium.
391 2905 590 2957 Stercorantnr
599 2904 694 2965 etiam,
709 2905 736 2956 si
746 2903 801 2954 diis
815 2904 915 2972 placet,
936 2904 992 2955 lue·

190 2980 304 3045 tiusque
321 2976 501 3042 proveniunt:
522 2973 745 3040 condiunturque
760 2981 842 3024 aceto
855 2972 937 3025 mella
948 2973 990 3025 di·

190 3049 263 3110 lutn,
274 3045 371 3098 addita
380 3042 478 3096 luseris
494 3043 597 3105 radice,
607 3048 636 3095 et
645 3042 757 3104 cumini,
768 3057 803 3094 no
814 3044 876 3109 quis
887 3041 946 3094 dies
956 3042 992 3093 ai·

190 3132 228 3173 ne
239 3114 340 3167 carduo
352 3114 398 3165 sit.

229 3185 327 3238 erv.
345 3184 449 3234 Cetera
461 3182 489 3231 in
509 3188 671 3233 tmnscursu
690 3179 747 3233 dici
766 3186 892 3248 possunt
927 3180 990 3231 Oci-

193 3269 269 3307 mnm
281 3252 420 3304 Parilibus
431 3251 536 3317 optime
545 3251 603 3303 seri
614 3247 721 3302 ferunt:
743 3251 856 3317 quidam
871 3256 900 3302 et
910 3255 991 3302 autu-

194 3339 273 3376 mno:
293 3322 456 3387 lubensque,
476 3335 538 3371 cum
558 3318 777 3381 hiemsscratur,
797 3325 878 3371 aceto
898 3334 992 3371 mursa

192 3391 334 3460 perfundi.
372 3391 466 3440 Eruca
476 3402 584 3455 qunque
594 3393 623 3438 st
632 3390 809 3450 nasturtium,
828 3388 872 3439 vel
885 3393 992 3440 aestate

193 3460 239 3513 vel
251 3459 340 3512 humo
351 3459 487 3511 facillime
498 3461 656 3508 nuscuntur.
686 3457 778 3507 unica
788 3457 934 3523 praecipue
944 3455 993 3507 lsi·

194 3545 294 3598 goram
305 3528 483 3589 contemnis,
499 3526 626 3577 diversae
638 3532 690 3588 est,
705 3540 788 3592 quam
803 3527 920 3587 lactuca,
942 3540 991 3576 na·

192 3610 281 3661 turae,
301 3597 470 3651 concitatrix
480 3595 612 3649 Veneris:
627 3594 869 3661 idcireorungitur
880 3596 922 3646 illi
932 3595 992 3647 fore

191 3670 223 3721 in
234 3668 313 3732 cibis,
324 3674 357 3719 ut
366 3666 453 3719 nimio
463 3665 563 3733 frigori
573 3679 625 3731 par
633 3663 729 3715 servor
737 3664 880 3715 immixtus
890 3672 992 3730 tempe-

192 3744 346 3790 ramentum
358 3741 467 3804 aequet.
503 3732 679 3786 Nasturtium
690 3748 790 3785 nonaen
802 3735 910 3800 accepit
919 3744 993 3786 ana-

109 3839 120 3849 ν
192 3808 265 3860 rium
276 3814 423 3858 tormento.
461 3804 498 3856 St
509 3803 574 3857 inde
586 3804 689 3870 vigoris
700 3802 869 3870 significatio
881 3817 992 3869 prover·

194 3877 243 3929 bia
252 3874 451 3928 idrocabuium
463 3873 710 3940 usurpavit,veluti
722 3880 862 3939 torperem
873 3874 992 3925 excitan-

17 3926 39 4021 ¹.
69 3950 112 4011 ...I
137 3988 152 4007 .
168 4000 173 4005 ,
193 3947 240 3997 tis.
276 3947 306 3996 lu
317 3945 420 3998 Arabia
432 3944 517 3995 mirae
527 3942 719 4008 amplitudinis
734 3943 836 3994 dicitur
846 3943 931 4009 gigni.

228 4014 313 4067 xbv.
332 4016 405 4066 liuta
419 4026 528 4080 quoque
539 4011 642 4063 saritur
656 4010 790 4070 Favonio,
812 4018 840 4062 ct
856 4012 890 4062 ab
901 4010 993 4076 seqni-

194 4084 291 4134 noetie
305 4083 445 4136 autumni:
467 4081 529 4131 odit
540 4079 672 4140 hiemem,
693 4085 721 4130 et
741 4077 900 4140 humorem,
919 4081 992 4130 acil-

195 4165 278 4203 mnm.
314 4152 424 4217 Aprieis
434 4149 537 4215 gaudet
549 4156 577 4200 et
586 4149 678 4208 siccis,
689 4154 766 4199 turra
779 4163 861 4213 quam
872 4150 992 4200 maxime

192 4220 338 4277 lateraria.
373 4219 474 4269 Giners
484 4217 546 4266 vuli
557 4216 675 4267 nutriri:
691 4212 737 4266 hic
747 4218 885 4267 arsemini
896 4220 992 4268 misce

192 4298 249 4350 tur,
265 4296 298 4339 ut
316 4293 412 4339 carcat
430 4284 528 4337 erucis.
565 4283 726 4336 Auctoritas
743 4285 828 4336 etiarn
843 4284 992 4349 peculiaris

192 4357 268 4425 apud
283 4356 412 4420 antiquos
424 4355 448 4404 ei
460 4352 523 4403 l'ult.
550 4351 665 4404 invenio
678 4359 797 4402 mustum
809 4359 932 4403 rutatum
941 4367 990 4419 pc·

211 4426 260 4476 ulo
281 4424 375 4475 datum
397 4438 415 4472 s
432 4419 561 4472 Cornelia
579 4420 713 4487 Cethego,
735 4424 764 4471 in
776 4421 922 4473 consulatu
937 4423 993 4473 col-

191 4442 258 4563 fegn
268 4492 379 4556 Quintii
389 4490 550 4551 Flaminini,
566 4489 688 4541 comitiis
699 4489 827 4554 peractis.
860 4492 992 4543 Amicitia
1005 4516 1013 4525 ·

194 4573 238 4615 sst
247 4564 274 4615 ei
285 4570 314 4615 et
325 4578 386 4614 cnm
397 4564 460 4621 lico,
472 4561 499 4611 iu
508 4565 664 4621 tantum,ut
672 4572 805 4626 nusquam
818 4559 921 4613 laetior
930 4575 992 4627 pro·

193 4633 385 4700 veulst,qusm
396 4632 447 4682 sub
458 4628 510 4683 hac
521 4630 629 4681 arbore.
648 4628 758 4680 Seritur
767 4635 797 4681 et
807 4629 992 4693 surculo,me·

194 4700 468 4768 liuslnperiorstam
491 4699 584 4752 fabam
605 4697 705 4758 indito,
725 4712 890 4763 quaesuceo
902 4699 991 4751 nutrit

196 4770 453 4840 comprehendendo
479 4768 630 4821 surculum.
667 4767 776 4819 Seritur
802 4775 831 4819 at
855 4783 873 4820 a
890 4769 991 4835 seipsa.

194 4839 320 4908 Namque
333 4842 478 4892 incurvato
497 4840 639 4890 cacumine
649 4836 768 4887 alicuius
778 4838 859 4898 rami,
874 4853 935 4889 cnm
950 4849 991 4889 at·

195 4911 292 4980 tigerit
303 4918 414 4971 terram,
434 4907 529 4959 statim
547 4906 698 4957 radicatur.
735 4904 841 4958 Eadem
854 4914 884 4957 et
899 4909 990 4959 emmo

196 4987 303 5043 natura,
312 4982 365 5031 nisi
376 4976 450 5047 quod
458 4975 601 5028 difficilius
613 4978 722 5026 erescit.
750 4975 806 5029 Sed
816 4975 915 5028 durata
925 4991 990 5028 run·

195 5055 275 5100 catur
290 5066 343 5101 non
354 5051 415 5101 sine
428 5045 601 5106 difficultate,
620 5044 765 5111 pruritivis
776 5043 941 5108 hulceribus,
962 5046 991 5096 ni

195 5118 306 5169 munitis
319 5119 442 5171 manibus
453 5116 482 5169 id
493 5118 551 5177 liat,
562 5116 659 5166 oleove
669 5112 799 5166 defensis.
828 5117 991 5168 cendmtnr

197 5194 288 5240 autem
300 5194 329 5240 ot
339 5190 398 5240 sins
409 5187 488 5249 folia,
505 5190 709 5249 servanturque
718 5182 865 5235 fasciculis.

180 5288 188 5293 -
228 5256 328 5311 ΧΙΝΙ.
345 5257 386 5308 sb
397 5255 575 5322 aequinoctio
583 5267 669 5305 verno
681 5252 786 5303 seritur
796 5255 899 5321 apium,
911 5256 991 5304 semi·

195 5341 230 5378 na
239 5326 381 5392 paululant
392 5326 421 5376 in
429 5325 487 5390 pila
495 5323 617 5389 paleato.
647 5322 771 5387 Crispina
782 5322 823 5372 sic
833 5329 934 5388 putant
944 5322 991 5374 lla·

195 5398 226 5457 ri,
245 5402 293 5446 ast
305 5395 330 5445 si
340 5401 431 5445 satum
446 5392 571 5444 calcetur
587 5386 715 5455 cylindro
727 5390 888 5456 pedibusve.
925 5390 990 5442 l’ro·

195 5464 339 5529 mal,
430 5461 664 5517 mamasac
690 5459 789 5512 tiosos
799 5461 855 5529 ipsi
864 5463 893 5512 in
905 5460 992 5515 deba·

194 5530 230 5589 is.
614 5530 778 5585 mtamrs'u
792 5530 923 5585 Nemaea

64 5854 194 5934 A

1045 1193 1336 1271 aeramentamdico,
1352 1196 1554 1264 pelagiumque,
1571 1209 1599 1253 et
1609 1212 1746 1269 nepetam.
1846 1242 1856 1249 --

1081 1259 1324 1340 Sondrmeutorum
1337 1272 1428 1317 tamen
1439 1268 1560 1319 omniurn
1570 1268 1692 1322 fastidiis
1703 1275 1841 1329 cuninam

1045 1330 1252 1382 amicissimum.
1289 1334 1419 1385 Nascitur
1434 1338 1460 1385 in
1476 1352 1585 1388 suntme
1598 1339 1701 1393 tellure
1717 1347 1762 1394 rix
1779 1344 1843 1397 nse-

1045 1412 1122 1461 rens,
1144 1406 1172 1451 et
1187 1399 1214 1450 in
1230 1401 1349 1454 sublime
1366 1404 1489 1457 tendens.
1519 1408 1554 1457 in
1571 1409 1690 1473 putridis
1699 1420 1729 1462 et
1743 1413 1842 1464 eaildls

1045 1467 1164 1520 maxime
1174 1468 1253 1532 iocis,
1271 1470 1362 1523 medic
1377 1475 1525 1527 serendum
1536 1492 1609 1528 rere.
1644 1479 1768 1532 Alteram
1781 1483 1842 1534 eins

1043 1550 1133 1604 genus
1143 1537 1280 1602 silvestre,
1302 1541 1374 1607 quod
1390 1546 1526 1596 rusticam
1537 1552 1646 1609 recent,
1661 1548 1712 1598 alii
1722 1551 1841 1604 'idebui-

1045 1621 1123 1657 cunr:
1144 1609 1170 1659 si
1181 1611 1276 1660 tritum
1288 1624 1321 1661 es
1333 1627 1405 1678 aqua
1415 1620 1538 1678 potatur,
1558 1616 1586 1665 in
1598 1616 1696 1669 dolore
1706 1619 1843 1671 stomachi

1045 1678 1167 1742 prodest.
1204 1678 1234 1730 lu
1246 1680 1413 1746 Carpetania
1423 1684 1515 1735 nostri
1526 1685 1602 1737 orbis
1617 1685 1738 1738 masims
1749 1687 1843 1739 lauda·

1044 1756 1104 1796 tur:
1127 1745 1232 1813 alioqui
1253 1749 1416 1817 Aethiopico
1425 1752 1575 1820 diricoque
1585 1756 1679 1821 palma
1689 1766 1739 1809 est.
1776 1758 1843 1821 Qui·

1045 1814 1110 1865 dam
1123 1813 1185 1866 huic
1196 1817 1366 1884 Aegyptium
1377 1821 1546 1886 praeferunt.
1582 1870 1590 1877 .

1079 1884 1156 1936 XLV
1160 1884 1205 1951 ili.
1224 1886 1279 1939 Sed
1295 1891 1442 1956 praecipue
1455 1892 1610 1947 olusatrum
1624 1894 1710 1945 aritae
1727 1902 1841 1947 naturae
1853 1912 1878 1955 e
1917 1922 1929 1945 e

1044 1960 1096 2005 est.
1133 1953 1348 2020 Hipposelinum
1361 1957 1461 2011 Graeci
1478 1968 1587 2022 vocant,
1608 1963 1658 2014 alii
1677 1966 1840 2030 snryrrrium.

1045 2022 1195 2074 illacrima
1206 2026 1485 2081 caulissuinascitur.
1505 2031 1761 2085 Serituretrsdice.
1777 2034 1843 2086 Suc·
1939 2062 1950 2077 ι
2049 2079 2055 2092 .

1044 2107 1106 2143 aum
1117 2093 1179 2144 eius
1187 2095 1333 2164 colligant,
1341 2098 1472 2164 myrrhae
1482 2115 1610 2168 saporem
1622 2100 1727 2157 habere
1736 2103 1841 2155 dicunt.

1044 2164 1201 2244 ductorque
1222 2173 1266 2216 est
1287 2165 1505 2236 Theophrastus,
1525 2171 1641 2239 myrrha
1659 2179 1722 2225 sata
1738 2181 1841 2225 natum.

1045 2231 1258 2313 Hipposebnum
1271 2246 1377 2290 veteres
1389 2242 1626 2308 praeceperantin
1638 2242 1707 2294 iacis
1718 2243 1842 2304 incultis,

1043 2299 1186 2383 lapidosis,
1203 2303 1282 2355 iuxta
1293 2309 1441 2360 maceriam
1453 2312 1526 2362 serit
1549 2325 1620 2362 nunc
1630 2320 1660 2363 et
1670 2313 1843 2379 repastinato

1042 2378 1154 2433 seritur,
1177 2380 1206 2424 et
1224 2373 1377 2427 aFaronio
1397 2385 1460 2442 post
1480 2382 1686 2447 aequinoctium
1706 2381 1841 2433 untnrnsl.

1043 2438 1151 2503 Quippe
1168 2455 1228 2491 cum
1245 2445 1357 2509 cappari
1375 2459 1484 2513 quoque
1495 2455 1608 2499 seratur
1622 2448 1702 2500 slecis
1714 2452 1843 2511 unanime,

1043 2518 1110 2556 urta
1120 2506 1149 2554 iu
1159 2505 1271 2557 (desidum
1282 2520 1390 2572 cirrata,
1399 2516 1521 2568 finisque,
1533 2516 1653 2567 umidam·
1664 2519 1829 2555 nimime...

1043 2573 1097 2613 αἱ.
1108 2573 1215 2627 uptus»
1235 2576 1305 2612 ursas
1316 2568 1450 2627 uagatur
1462 2579 1512 2629 per
1521 2578 1614 2630 agros,
1627 2571 1656 2614 et
1664 2566 1740 2631 cogit
1751 2566 1840 2614 solnm

1043 2626 1226 2682 sterilescere.
1261 2630 1360 2681 Floret
1374 2636 1494 2682 aestate:
1517 2635 1591 2683 viret
1602 2644 1688 2696 usque
1699 2634 1733 2683 ad
1745 2633 1841 2699 Vorgi-

1043 2700 1144 2750 iiurum
1156 2712 1294 2759 occasum,
1312 2697 1451 2749 sabulosis
1468 2698 1726 2751 familiarissimum.
1762 2703 1842 2755 Vitia

1042 2767 1112 2828 eius,
1131 2766 1204 2833 qaod
1218 2775 1295 2817 trans
1308 2768 1398 2819 maria
1409 2769 1541 2829 nascitur,
1558 2768 1679 2819 diximus
1692 2770 1766 2822 lnter
1777 2785 1840 2836 per·

1042 2835 1154 2902 egrinos
1173 2834 1295 2887 frutices.
1712 2844 1725 2867 ·

1077 2904 1176 2955 xulx.
1194 2903 1375 2973 Peregrinum
1388 2907 1553 2967 etcamum,
1565 2908 1656 2971 genus
1668 2906 1712 2957 sui
1728 2906 1841 2961 nomine
1850 2920 1876 2953 t

1042 2974 1221 3040 appellatum,
1241 2974 1342 3025 culinis
1353 2974 1513 3040 principale.
1549 2976 1578 3027 ln
1590 2988 1753 3043 quacunque
1765 2984 1841 3029 terra
1872 3030 1877 3039 ,

1042 3044 1178 3104 nstituit,
1191 3044 1301 3095 ratione
1312 3043 1418 3104 eadem,
1436 3058 1491 3111 qua
1501 3042 1663 3095 olusatrum.
1693 3045 1842 3099 Laudatis·

1044 3114 1144 3164 simum
1153 3119 1246 3163 mmsn
1257 3112 1287 3162 in
1297 3113 1388 3173 caria,
1399 3113 1554 3178 proximum
1564 3113 1698 3181 Phrygia.

1077 3182 1110 3233 l..
1122 3182 1297 3248 Ligusticum
1308 3182 1435 3233 silvestre
1447 3188 1490 3234 est
1502 3182 1671 3249 rahtgarius
1683 3198 1749 3237 suae
1761 3200 1839 3239 mon·
1853 3198 1881 3245 4-

1043 3251 1134 3302 tibus:
1154 3253 1255 3302 seritur
1275 3251 1387 3316 ubique:
1408 3251 1520 3302 suavius
1531 3253 1660 3314 sativam,
1671 3254 1721 3306 sed
1732 3255 1793 3307 sine
1804 3258 1843 3307 ri·

1042 3321 1128 3372 ribus.
1147 3319 1282 3370 l‘anacem
1294 3318 1382 3384 aliqui
1390 3326 1499 3370 vocant.
1529 3321 1662 3372 crateras
1673 3322 1745 3388 apud
1757 3323 1847 3377 Grae·

1044 3403 1092 3440 cos
1103 3388 1220 3439 cunilam
1228 3387 1359 3439 bubulam
1371 3404 1404 3440 eo
1415 3390 1526 3439 nomine
1538 3390 1674 3456 appellati
1686 3394 1771 3443 ceteri
1782 3393 1841 3445 fere
1852 3408 1868 3447 e

1042 3472 1188 3525 cunyaam,
1200 3456 1228 3508 id
1240 3461 1291 3519 ast,
1303 3457 1504 3524 cunilaginemi
1515 3454 1674 3525 thymbram
1684 3472 1758 3523 vero,
1770 3474 1841 3528 quae

1043 3529 1080 3579 sit
1092 3525 1192 3577 cunila.
1210 3527 1290 3578 ilaec
1301 3526 1374 3593 apud
1384 3541 1435 3577 nos
1446 3524 1530 3578 habet
1539 3527 1704 3579 vocabulum
1716 3536 1744 3580 et
1754 3529 1842 3591 allud,

1043 3596 1167 3665 satureia
1187 3594 1263 3647 dicta
1281 3597 1310 3647 in
1340 3596 1561 3648 condimentario
1583 3609 1693 3661 genere.
1730 3597 1842 3651 Seritur
1853 3614 1879 3647 a·

1043 3680 1137 3719 mense
1148 3664 1310 3727 Februario,
1321 3666 1440 3734 origano
1447 3665 1566 3716 aemula.
1585 3664 1727 3733 Nusquam
1737 3674 1841 3718 utrum·

1043 3750 1097 3804 qae
1117 3734 1237 3797 additur,
1259 3735 1358 3801 quippe
1380 3735 1481 3786 similis
1501 3733 1628 3785 effectus.
1663 3735 1720 3788 Sed
1731 3737 1841 3788 cunilae

1043 3806 1212 3871 Aegyptium
1224 3806 1370 3870 origanum
1382 3808 1490 3855 tantum
1503 3801 1669 3869 praefertur.
1847 3802 1863 3829 “¹

1078 3874 1124 3925 Ll.
1144 3874 1321 3941 Peregrinum
1332 3873 1386 3925 tuit
1397 3878 1426 3926 et
1436 3873 1580 3940 lepidium.
1608 3870 1841 3925 Serituraano-
1859 3834 1876 3915 ¹·
1984 3894 1988 3899 ·

1044 3942 1105 3994 nio:
1125 3942 1190 3994 dein
1206 3958 1268 3994 eum
1279 3943 1432 4004 fruticavit,
1455 3942 1647 3993 iuxtaterram
1659 3942 1840 4009 praeciditur:

1042 4018 1109 4064 tunc
1129 4019 1268 4073 runcatur,
1289 4018 1532 4078 stercoraturque:
1555 4026 1605 4077 per
1623 4011 1765 4063 bienmum
1781 4009 1841 4061 hoc.

1044 4081 1249 4134 Postealisdem
1260 4079 1409 4134 fruticibus
1419 4086 1544 4141 utuntur,
1552 4082 1575 4129 si
1586 4093 1641 4131 non
1651 4078 1771 4131 saevitia
1781 4076 1839 4129 blo·

1043 4152 1097 4201 mis
1118 4151 1254 4217 ingravat,
1277 4149 1387 4217 qnando
1401 4148 1675 4216 impatientissimum
1698 4154 1741 4198 est
1756 4145 1842 4213 {dgn-
1904 4146 1909 4155 '

1042 4233 1112 4269 rum.
1148 4220 1215 4270 lisit
1224 4224 1254 4270 et
1264 4218 1292 4268 in
1304 4218 1452 4269 cubitalem
1462 4215 1650 4275 altitudinem,
1669 4214 1841 4266 foliisleurl·

1043 4288 1094 4346 nis,
1111 4287 1160 4338 sed
1172 4286 1315 4337 mollibus:
1336 4300 1457 4350 ususque
1473 4287 1532 4334 elus
1544 4298 1599 4334 non
1610 4284 1671 4334 sine
1682 4284 1764 4336 lacte.

1077 4355 1136 4407 Lli.
1155 4354 1221 4406 Gitir
1238 4353 1377 4421 pistrinis,
1398 4352 1505 4402 anisum
1517 4358 1546 4403 et
1561 4349 1691 4402 anethum
1701 4351 1801 4404 cullnis
1812 4359 1843 4405 et

1043 4424 1189 4477 medicinis
1201 4429 1359 4475 nascuntur.
1378 4420 1563 4486 Sacopenium
1575 4428 1604 4475 et
1614 4424 1702 4488 ipsum
1712 4423 1742 4474 in
1753 4422 1841 4475 hortis

1043 4492 1161 4560 quidem,
1173 4492 1222 4544 sed
1236 4490 1391 4543 medicinae
1400 4498 1518 4541 tantitas.

1078 4561 1149 4613 Lill.
1168 4559 1382 4627 Suntqusedam
1394 4560 1559 4613 comitantia
1571 4559 1690 4611 alierum
1700 4568 1787 4623 satus,
1808 4568 1840 4613 ut

1043 4644 1172 4698 papaver.
1210 4630 1335 4697 Namque
1349 4644 1411 4681 cum
1426 4629 1549 4681 brassica
1562 4631 1667 4683 seritur
1675 4644 1708 4680 ac
1718 4631 1851 4697 portula·

1042 4717 1088 4753 cs:
1110 4709 1139 4753 et
1148 4714 1232 4752 eruca
1243 4712 1305 4751 cum
1320 4699 1438 4750 lactuca.
1475 4699 1625 4767 Papaveris
1637 4700 1719 4751 satiri
1731 4701 1786 4751 tria
1796 4712 1842 4767 ge·

1043 4786 1122 4822 nera:
1141 4768 1306 4829 candidum,
1326 4770 1404 4819 cuius
1424 4782 1519 4820 semen
1541 4774 1645 4819 tostum
1666 4769 1696 4820 in
1719 4768 1843 4821 secunda

1042 4854 1137 4892 mensa
1157 4853 1219 4891 eum
1240 4837 1326 4890 melie
1346 4837 1420 4905 apud
1432 4837 1701 4903 antiquosdabatur.
1738 4838 1843 4890 Hocet

1043 4910 1122 4975 panis
1141 4909 1239 4960 rustici
1261 4912 1369 4960 crustas
1384 4907 1563 4973 inspergitur,
1586 4907 1675 4958 affuso
1686 4905 1843 4961 ovelnhae·

1042 4993 1116 5038 rens,
1137 4979 1184 5030 ubi
1203 4975 1363 5028 inferiorem
1376 4985 1496 5028 crustam
1513 4978 1605 5044 apium
1617 4975 1733 5045 githque
1749 4988 1842 5030 cerea·

1042 5048 1063 5098 ii
1084 5060 1184 5115 sapere
1206 5046 1347 5099 condiunt.
1383 5046 1507 5097 Alterum
1527 5061 1615 5114 genus
1635 5054 1678 5098 est
1698 5046 1840 5114 papaveris

1042 5117 1162 5184 nigrum,
1183 5115 1260 5166 cuins
1272 5128 1357 5182 sespe
1366 5115 1457 5166 inciso
1468 5115 1575 5167 lacteus
1586 5128 1683 5169 succus
1693 5114 1840 5180 excipitur.

1043 5187 1170 5238 Tertium
1182 5198 1269 5252 genus
1279 5182 1393 5237 rhoeam
1413 5184 1640 5246 vocantGraeei,
1660 5183 1690 5235 ld
1701 5181 1789 5235 nostri
1800 5194 1842 5232 er·

1041 5257 1168 5307 raticnns.
1204 5254 1308 5320 Sponte
1328 5252 1450 5322 quidem,
1470 5252 1519 5305 sed
1539 5256 1567 5306 in
1579 5255 1723 5305 arriscam
1736 5249 1840 5302 hordeo

1042 5325 1161 5375 maxime
1172 5323 1314 5385 nascitur,
1326 5338 1425 5376 erucae
1434 5322 1533 5384 simile,
1554 5323 1670 5373 rnbltali
1683 5318 1840 5379 altitudine,
1929 5372 1936 5389 .

1042 5391 1112 5446 liora
1122 5385 1840 5459 rutoerprotrnususerdno:uneeetnomensurss·
1936 5392 1943 5403 '

1042 5463 1083 5515 eis
1094 5462 1212 5530 accepit.
1247 5462 1291 5515 De
1300 5462 1417 5529 reliquis
1428 5459 1575 5529 genadius
1587 5454 1731 5524 papaveris
1741 5463 1841 5522 sponte

1042 5534 1185 5588 aasoeatis
1194 5527 1606 5587 dloammiamedielaasloco.
1637 5523 1839 5580 Fuisssautam

1463 5601 1520 5656 dl*
