4368 6008
342 262 404 324 268
443 257 476 320 G.
498 253 616 318 ruiti.
639 250 730 315 silc.
753 246 1332 313 tini.1i1s'r.iiu.xxi.csr.
1357 252 1515 313 toa-lue.
1539 250 1624 310 hili.
1647 250 1751 313 xxii
1774 253 1806 314 C.
1835 260 1917 316 1-3.

340 422 426 472 mum,
446 406 504 459 nisi
522 403 661 460 hirsutior
669 402 757 456 ramis
767 414 801 454 uc
810 399 889 454 loliis
901 405 985 468 esset,
1005 400 1143 456 etadmo·
1201 434 1207 443 ι
1230 400 1305 465 linia
1317 401 1477 455 etalterum
1487 415 1586 468 genus,
1606 402 1680 468 quod
1693 401 1877 459 halicacabon
1886 418 2002 474 vocant,

243 524 245 535 .
344 480 409 532 dum
420 476 550 530 odorata.
586 476 649 528 ciet
660 488 770 526 meuses
781 476 810 526 et
820 472 924 523 urinas.
1194 471 1382 540 soporiferam
1395 476 1447 532 est,
1469 478 1554 537 atque
1565 471 1649 524 etiam
1665 470 1730 538 opio
1741 476 1866 527 velocius
1877 477 1915 528 ad
1926 492 2002 530 nior·

309 558 313 565 '
377 548 433 602 cii.
453 543 601 602 Colocasia
611 543 745 596 Glaucias
762 543 842 595 acria
862 539 987 608 corporis
1000 539 1083 595 leniri
1095 555 1144 609 pu·
1194 548 1266 595 tem:
1288 543 1324 595 alr
1346 541 1410 593 aliis
1430 540 1553 602 marion,
1574 540 1609 593 ab
1631 540 1696 592 aliis
1717 543 1797 609 moly
1816 546 1999 613 appellatum.

342 618 423 680 tavit,
434 625 463 670 ct
472 614 645 669 stomachum
656 612 758 665 iurari.
1195 611 1352 665 Laudatam
1362 624 1429 663 vere
1441 626 1458 662 a
1470 608 1572 661 Diocle
1582 615 1612 662 et
1621 610 1758 672 Eranare,
1771 612 1926 668 'l'imaristo
1938 621 2000 685 qui-

376 683 588 746 eiiiamhsiii,
599 681 673 751 quod
684 682 818 751 Aegyptii
829 679 925 743 edunt,
936 678 1142 732 nullumalium
1195 682 1259 734 dem
1277 682 1364 734 etiam
1386 680 1530 742 carmine,
1550 682 1622 730 mira
1641 679 1783 732 oblivione
1805 683 1999 739 innocentiae:

150 784 257 839 GM
303 758 532 832 4reperiusum.
569 753 625 805 Sed
644 756 688 806 est
709 752 796 806 herba
809 749 978 825 anthyllion,
999 764 1080 817 quam
1092 749 1143 802 alii
1195 747 1700 819 quippopraesentancumremcdium
1712 750 1886 805 addentium
1905 757 1998 808 mobi-

341 826 499 894 anthyllum
509 829 619 904 nocant,
638 821 755 874 duorum
766 836 910 890 generum,
931 819 1143 871 loliisetramis
1194 821 1237 873 les
1257 820 1417 881 firmandos,
1439 821 1463 871 si
1483 818 1676 872 colluerentur
1691 818 1855 875 halicacabo
1877 824 1998 878 larino:

339 895 491 952 lenticulae
501 892 611 955 similis,
621 891 707 960 palmi
716 890 880 953 altitudine,
889 888 1030 942 sabulosis
1040 889 1144 955 apricis
1195 892 1387 957 exceptionem
1399 887 1544 951 addidere,
1563 905 1598 941 ne
1613 888 1720 940 diutius
1733 889 1764 940 id
1780 892 1873 945 tieret:
1895 893 2000 948 delira·
2031 928 2041 950 .

146 1007 150 1017 ,
223 1004 229 1022 .
339 980 467 1027 nuceas,
487 963 617 1015 subsalsa
625 962 761 1030 gustanti.
795 962 893 1013 Altera
909 956 1097 1026 chamaepityi
1106 958 1143 1009 si·
1195 960 1299 1012 tionem
1311 959 1384 1011 enim
1396 958 1485 1027 gigni.
1505 958 1547 1010 Eo
1559 958 1776 1012 demonstranda
1785 962 1919 1028 renrcdia,
1929 977 1998 1031 qao.

109 1028 203 1099 «Ἧι
220 1030 273 1063 0⁹²
339 1026 1144 1101 milis,bl'eriorethirsutior‚pnrpureiilariacdoregra·
1194 1043 1256 1081 ram
1267 1029 1406 1082 medicina
1417 1027 1531 1080 maioris
1544 1030 1611 1081 mali
1621 1029 1777 1096 periculum
1789 1031 1899 1086 alienat.
1917 1035 1999 1086 Com·

139 1134 144 1141 ·
176 1128 180 1137 ·
228 1140 244 1151 0
339 1105 391 1170 ris,
410 1105 439 1156 in
455 1102 567 1157 saxosis
584 1115 712 1154 amaena.
740 1096 922 1153 Priorrulris
938 1097 1144 1165 aptissimam
1195 1097 1420 1166 raendaturcrga
1440 1098 1470 1150 in
1486 1095 1681 1167 cibistertinm
1694 1113 1793 1168 genus,
1813 1102 2065 1170 ricapecora-is·

345 1188 462 1227 rosaceo
474 1189 508 1226 ac
518 1172 593 1226 lacte
605 1173 746 1238 imposita,
757 1175 786 1222 et
795 1168 965 1221 vulneribus.
992 1166 1105 1219 Bibitur
1116 1167 1144 1217 in
1194 1172 1274 1240 ratur
1285 1167 1458 1222 hortensium
1471 1167 1628 1235 saporibus.
1665 1170 1702 1220 Et
1714 1169 1783 1222 nihil
1795 1186 1856 1225 esse
1868 1174 1997 1241 corporis

339 1243 675 1311 stranguriameniumque
686 1239 880 1302 areniamibus
891 1234 1038 1289 drachmis.
1050 1236 1146 1289 llltera
1194 1238 1341 1301 malorum,
1362 1239 1405 1290 cui
1415 1238 1656 1292 consalutaresit
1674 1239 1835 1307 strychnos,
1852 1242 1996 1296 Xenocra·

339 1312 445 1366 bibitur
455 1312 485 1364 in
494 1311 601 1365 duritia
609 1310 799 1371 rulvaram,et
807 1307 837 1359 in
848 1306 1092 1368 torminibunetin
1102 1320 1146 1357 co·
1195 1314 1238 1359 tes
1248 1308 1400 1376 praedicat.
1437 1308 1828 1361 Noatameaautiliaeorom
1839 1313 1912 1364 tanti
1923 1321 1997 1377 sunt

340 1380 629 1443 mitialimorbo,cum
638 1372 1144 1445 melleetaceto,quatuordraclimis.
1194 1383 1226 1429 ut
1245 1378 1290 1429 vel
1302 1376 1460 1444 'prolatura
1480 1378 1515 1428 dc
1535 1378 1572 1427 iis
1592 1377 1872 1431 commemoraretur
1891 1390 1996 1447 putem,

346 1449 448 1505 eclV.
466 1449 658 1512 Parthenium,
679 1447 728 1501 aiii
743 1445 917 1509 leucanthes,
936 1444 987 1498 alii
999 1458 1145 1497 anraacum
1194 1448 1361 1513 praesertim
1383 1451 1464 1497 tanta
1480 1446 1561 1511 copia
1576 1445 1753 1499 innoxiorum
1774 1448 1997 1503 medicaminum.

341 1527 454 1574 rorant.
490 1519 589 1572 &laus
599 1518 674 1586 apud
691 1532 752 1580 nos,
771 1517 936 1584 perdicium,
958 1522 987 1568 et
999 1513 1143 1566 muralem.
1194 1515 1360 1568 ilaiicacabi
1370 1514 1491 1567 radicem
1502 1515 1611 1577 bibunt,
1623 1516 1671 1583 qui
1682 1520 1748 1569 suot
1758 1519 1930 1572 vaticinandi
1942 1522 1997 1574 cal·

339 1590 366 1644 N
369 1590 474 1644 ascitur
484 1590 513 1640 ia
524 1587 672 1641 hortorum
683 1588 805 1655 sepibus,
816 1587 886 1640 llere
898 1585 974 1647 albo,
986 1583 1073 1635 odore
1086 1596 1143 1633 nra·
1194 1585 1294 1647 lentes,
1317 1583 1391 1654 quad
1410 1585 1505 1637 lurore
1521 1584 1558 1635 ad
1570 1586 1773 1639 confirmandas
1784 1591 1997 1655 superstitiones

339 1660 603 1727 li,sapureamare.
639 1655 876 1717 Adinsidendum,
893 1653 1143 1707 decoctumiodu·
1194 1655 1282 1775 adfici
1293 1670 1325 1706 se
1336 1654 1440 1707 reluat.
1476 1655 1611 1707 llemedio
1624 1662 1667 1709 est
1677 1656 1718 1716 (id
1728 1659 1801 1709 enim
1814 1660 1946 1711 tritemius
1955 1675 1998 1713 re·

338 1729 409 1783 ritis
416 1727 569 1788 vulvarum,
581 1730 610 1778 et
619 1724 894 1778 inflammationibus.
914 1723 995 1775 Sicca
1005 1737 1066 1774 cunr
1078 1720 1144 1772 mel·
1194 1732 1225 1775 tn
1238 1723 1319 1786 erim)
1336 1737 1409 1791 aqua
1418 1724 1535 1792 copiosa
1546 1726 1635 1777 mulsa
1645 1725 1736 1778 calida
1746 1729 1825 1794 potui
1836 1727 1910 1781 data.
1939 1731 1998 1783 Nec

339 1798 370 1852 le
380 1804 410 1850 et
421 1804 502 1850 aceto
512 1795 657 1863 imposita,
672 1794 759 1849 bilem
771 1792 894 1846 detrahit
906 1798 1006 1843 atram.
1036 1791 1078 1843 0b
1091 1788 1143 1841 hoc
1193 1791 1263 1844 illud
1280 1793 1452 1859 praeteribo,
1472 1795 1598 1861 aspidum
1620 1801 1737 1849 naturae
1756 1797 1947 1850 halicacabum
1968 1800 1997 1849 in

339 1874 439 1921 contra
457 1866 609 1933 vertigines
626 1863 715 1926 utilis,
733 1870 763 1916 at
780 1861 936 1915 calculosis.
973 1860 1096 1913 illinitur
1114 1866 1144 1911 et
1194 1868 1302 1914 tantum
1314 1862 1614 1926 adversam,utrsdice
1626 1864 1688 1916 elas
1699 1865 1938 1934 propiasadmota
1950 1883 1994 1919 so·

338 1952 420 1990 ssero
429 1936 505 2006 igni:
526 1938 595 1989 item
617 1935 742 1995 strumis,
763 1948 828 1985 cum
842 1929 966 1998 axungia
977 1930 1143 2010 incatenate.
1194 1931 1484 1999 pareturillasopare
1504 1948 1622 1986 mecam
1635 1937 1675 1986 ris
1697 1950 1800 1989 earum.
1836 1935 1916 2004 Ergo
1927 1938 1998 1988 trita

305 2007 421 2074 adelagi
443 2011 540 2058 contra
560 2007 696 2057 tertianas
717 2002 833 2054 sinistra
842 2015 925 2051 manu
937 1998 1020 2052 evelli
1031 2013 1092 2051 eam
1103 2000 1143 2050 in·
1194 2016 1229 2055 ex
1240 2002 1305 2054 oleo
1315 2003 1456 2069 percussis
1465 2002 1627 2055 auxiliatur.
2077 2014 2082 2017 ·

341 2075 415 2137 ient,
436 2072 546 2141 (licique
566 2075 647 2129 cuius
667 2087 753 2125 causa
772 2070 905 2132 vellatur,
926 2083 978 2120 nac
991 2068 1142 2134 respicere.
1229 2071 1299 2124 cvi.
1319 2071 1489 2135 corchorum
1503 2071 1679 2124 Alexandrini
1691 2072 1747 2123 cibi
1759 2072 1847 2124 herba
1861 2080 1914 2135 est,
1934 2089 1997 2126 con·

340 2143 415 2199 Dein
427 2145 488 2198 eius
499 2143 599 2196 iulium
611 2142 692 2209 aegri
702 2141 815 2208 linguae
826 2140 975 2201 subiicere,
993 2144 1026 2190 ut
1036 2151 1102 2189 mox
1112 2137 1143 2188 in
1195 2141 1298 2192 volutis
1309 2139 1387 2222 loliis
1399 2141 1436 2195 ad
1446 2141 1657 2221 similitudinem
1670 2143 1750 2203 mari
1770 2143 1944 2210 praecordiis
1953 2148 1998 2198 tut

339 2213 446 2336 cygssp
452 2212 704 2349 rffirgfflffinm
706 2246 818 2345 quidam
829 2273 984 2345 strychnon
994 2274 1142 2341 scripsere,
1193 2208 1994 2355 ἰηῗιῐὲἓᾞὲιιιιῆοῧίεξῖὲῗᾳιῖῗιῖῖιέἓιιιιξεὲἷιίοῗῖιῖῗᾱςζίῖ.
2018 2274 2028 2329 ἓ

339 2353 447 2405 ufinsm
458 2365 511 2405 aec
521 2350 661 2403 coronarii
671 2351 699 2400 io
709 2350 838 2416 Aegypto
849 2352 1005 2409 uterentur,
1021 2360 1091 2413 qnos
1102 2345 1143 2396 in·
1194 2346 1326 2400 cmrdrum
1338 2347 1449 2415 quidem
1471 2354 1500 2402 et
1510 2350 1685 2417 serpentium
1703 2364 1823 2417 morsus,
1844 2359 1996 2423 antequam

338 2422 415 2473 vitat
433 2418 535 2473 florum
552 2419 717 2481 similitudo,
739 2417 770 2469 in
791 2417 900 2470 duobus
912 2416 972 2468 cius
983 2414 1143 2484 generibus.
1193 2415 1304 2471 durent.

340 2482 467 2553 Quorum
478 2490 608 2553 alteram,
623 2489 671 2541 cui
681 2487 754 2541 amni
765 2486 898 2550 coccinei,
909 2485 1022 2553 granosi
1033 2483 1142 2536 follicu·
1188 2484 1207 2537 ·i
1229 2485 1311 2541 cvii.
1331 2486 1390 2542 Nec
1407 2486 1441 2541 dc
1452 2487 1532 2547 caica
1541 2488 1603 2542 slve
1615 2488 1784 2557 atractylide
1793 2490 1939 2544 verbosius
1952 2490 1996 2543 di-

340 2559 371 2624 li,
382 2558 576 2613 halicacabum
592 2564 702 2622 cocant,
721 2557 771 2611 alli
791 2556 905 2610 callioa.
941 2553 1039 2607 Nostri
1049 2561 1143 2606 autem
1194 2555 1280 2623 cipar
1290 2563 1374 2622 esset,
1392 2557 1640 2627 Aegyptiaherba,
1661 2562 1829 2629 oimagnum
1841 2566 1995 2613 castrare·

342 2628 518 2693 resicariam,
529 2629 661 2696 quoniam
671 2629 783 2681 vesicae
793 2634 822 2679 et
831 2624 946 2680 calamis
958 2624 1057 2693 prosit.
1074 2622 1143 2673 iia-
1193 2631 1296 2679 uenata
1306 2628 1442 2681 animalia
1453 2629 1601 2696 praeberet
1611 2630 1760 2682 auxilium:
1784 2630 1852 2683 item
1863 2629 1996 2682 adversus

340 2702 391 2753 tex
410 2705 454 2751 est
475 2697 638 2751 surculosus
658 2697 762 2760 verim,
782 2710 866 2763 quam
887 2695 986 2748 herbar
1009 2692 1144 2746 folliculis
1193 2697 1304 2764 fungos.
1341 2700 1469 2762 constat,
1494 2714 1512 2752 n
1530 2702 1679 2765 scorpione
1690 2714 1846 2767 percussos,
1866 2698 1995 2768 quamdiu

339 2769 459 2839 magnis,
469 2767 599 2836 latisque,
619 2774 648 2820 et
658 2767 817 2827 turbinatis,
836 2763 936 2833 grandi
955 2764 1031 2815 intus
1053 2763 1143 2824 acino,
1194 2773 1308 2818 teneant
1319 2781 1381 2820 eam
1396 2769 1518 2831 herbam,
1530 2769 1704 2820 consentire
1715 2772 1879 2822 cruciatam.

340 2834 388 2905 qui
403 2838 564 2890 maturescit
577 2836 734 2889 Novembri
746 2848 850 2886 mense.
885 2835 986 2886 ‘i'ertio
997 2831 1068 2884 iulia
1078 2837 1143 2883 suot
1228 2836 1327 2887 cviii.
1344 2837 1383 2885 Et
1402 2838 1575 2900 persolutam
1593 2841 1741 2900 Aegyptus
1760 2838 1790 2887 ln
1813 2838 1904 2890 hortis
1920 2839 2062 2902 seriata
2143 2889 2148 2899 ,

339 2906 436 2969 ocimi,
457 2906 572 2959 minime
592 2905 743 2971 diiigenter
764 2902 996 2961 demonstrando,
1017 2900 1143 2952 remedia
1195 2917 1361 2955 coronarum
1373 2901 1474 2971 gratia.
1492 2902 1556 2953 Duo
1569 2915 1670 2967 genera
1682 2903 1757 2954 eius:
1768 2905 1995 2962 ieminaacmas.

336 2989 394 3028 noa
415 2989 523 3029 venena
546 2974 747 3028 tractantibus:
783 2972 884 3040 quippe
905 2969 1042 3022 insanium
1064 2969 1144 3031 iacit,
1193 2972 1319 3038 Utraque
1339 2973 1455 3026 subdita
1463 2970 1598 3024 Venerem
1618 2969 1750 3035 inhiberi,
1770 2974 1895 3026 virorum
1907 2977 1995 3028 maai·

336 3057 425 3110 parra
436 3057 547 3112 quoque
556 3059 651 3099 ariaco.
681 3042 844 3109 Quanquam
858 3046 886 3091 et
898 3038 1000 3091 Graeci
1012 3045 1142 3091 auctores
1195 3056 1247 3103 me,
1259 3041 1384 3094 tradunt.
1545 3084 1548 3089 ,

336 3114 369 3165 ἰιι
380 3112 474 3164 iocum
486 3124 605 3165 restare.
642 3110 799 3164 [inachaiae
821 3112 892 3162 enim
912 3108 1036 3173 pondere
1052 3108 1142 3158 lasum
1230 3110 1298 3162 eix.
1317 3110 1355 3162 lit
1366 3109 1495 3179 quonlam
1506 3109 1536 3162 in
1547 3109 1685 3162 mensuris
1696 3124 1806 3178 qaoque
1821 3125 1854 3163 ac
1866 3110 1999 3178 ponderi.

336 3181 454 3250 pudoris
466 3181 545 3250 gigni
561 3181 700 3243 dixerunt,
721 3179 829 3247 species
847 3192 934 3230 ranas
953 3177 1143 3245 imaginesque
1193 3178 1245 3233 bus
1266 3181 1363 3235 erebro
1375 3181 1491 3233 Graecis
1512 3179 1672 3232 nominibus
1689 3180 1821 3232 utendum
1834 3186 1887 3243 est,
1908 3182 1998 3235 inter·

338 3252 505 3319 conspicuas
527 3252 673 3305 obversari
693 3252 927 3304 demonstrantes.
963 3246 1142 3313 Duplicatum
1195 3252 1381 3316 pretationem
1404 3266 1501 3303 coram
1528 3249 1615 3302 mmai
1636 3248 1665 3300 in
1687 3248 1740 3302 boc
1767 3249 1831 3303 loco
1852 3265 1996 3318 ponemus.

337 3319 411 3374 hunc
421 3323 544 3385 modum,
555 3321 711 3391 legitimam
723 3319 858 3373 insaniam
869 3318 973 3370 lacere.
999 3315 1143 3384 Quidquid
1195 3318 1336 3372 Dmchmn
1346 3320 1442 3373 Attica
1462 3320 1534 3384 (lere
1545 3320 1620 3372 enim
1632 3319 1725 3371 Attica
1736 3321 1931 3373 observatione
1942 3336 1998 3375 me·

341 3406 406 3443 vero
418 3392 569 3444 arliiciatur
580 3390 707 3456 ponderi,
715 3389 919 3458 repraesentari
931 3391 1059 3438 mortem.
1080 3386 1143 3437 lloc
1194 3389 1251 3441 dici
1262 3390 1502 3453 arantumdenarii
1512 3390 1639 3458 argentei
1651 3387 1736 3443 habet
1748 3390 1870 3457 pondus:
1886 3390 1998 3444 eadem·

337 3466 540 3521 astronianum,
561 3457 635 3526 quod
650 3459 876 3513 innocentissimi
893 3454 1143 3522 auctoressimpli·
1195 3472 1307 3525 quesex
1328 3460 1429 3513 obolos
1448 3459 1572 3526 pondera
1591 3458 1685 3512 eliicit.
1722 3458 1997 3513 obolasilchaIeos.

338 3526 409 3580 citer
418 3526 577 3593 dorycnion
593 3530 779 3593 appellavere,
800 3528 834 3580 ab
852 3544 896 3591 eo,
917 3525 991 3595 quod
1010 3525 1142 3593 cuspides
1195 3527 1321 3595 cyathus
1332 3530 1437 3595 pendet
1447 3528 1596 3582 drachmas
1606 3530 1641 3581 X.
1679 3531 1747 3581 cum
1765 3528 1903 3581 acetabuli
1919 3545 1996 3582 mea·

337 3598 367 3646 in
385 3594 502 3660 proeliis
518 3594 693 3661 tingerentur
712 3598 763 3648 illu
781 3597 886 3664 passim
909 3599 1050 3649 nascente.
1086 3594 1141 3657 Qui
1194 3612 1260 3648 sura
1271 3597 1382 3661 dicitur,
1403 3600 1542 3667 significat
1553 3598 1681 3651 heminae
1690 3606 1816 3665 quartam
1830 3604 1946 3664 partem,
1967 3599 1998 3651 id

339 3663 452 3731 parcius
464 3664 679 3727 insectabantur,
694 3665 822 3719 manicon
833 3666 1080 3734 cognominavere:
1093 3663 1142 3731 qui
1193 3673 1244 3727 est,
1257 3665 1403 3720 drachmas
1411 3668 1471 3721 xV.
1489 3671 1566 3730 blaa,
1577 3682 1657 3734 quom
1670 3667 1759 3719 nostri
1769 3667 1873 3721 minam
1885 3677 1996 3730 vocant,

336 3731 466 3798 nequiter
475 3730 662 3794 occultabant,
670 3727 870 3801 erythrumaut
884 3733 1021 3786 neurada:
1032 3738 1064 3784 ut
1075 3747 1140 3783 noa·
1192 3737 1296 3800 pendet
1307 3735 1455 3789 drachmas
1466 3738 1576 3791 Atticas
1586 3742 1706 3788 centum.

338 3800 415 3864 nulli,
436 3800 576 3869 periston:
599 3801 715 3853 cavendi
730 3815 816 3855 causa
831 3802 969 3854 curiosius
982 3796 1139 3863 dicendum.

773 4180 1565 4272 C.PLINIISECUN1)1

388 4361 1121 4468 Narussanis
1225 4362 1948 4469 Hlsioitluii

910 4566 1432 4644 cruasxxrr.

1047 4776 1295 4795 ῃ

337 4873 674 4976 l.lrrn1.cssspoterant
693 4911 859 4967 miraculum
876 4915 922 4968 sai
941 4922 1043 4971 natura
1058 4922 1142 4985 atque
1195 4915 1224 4969 in
1245 4914 1407 4982 corporibus
1426 4914 1483 4967 suls
1502 4913 1613 4983 aliquas
1638 4916 1796 4964 exterarum
1811 4909 1938 4978 gentium
1954 4911 2000 4963 nti

338 4979 433 5042 tellus,
444 4980 633 5044 reputantium
647 4984 690 5034 vel
701 4985 802 5049 prioris
814 4991 922 5038 tantum
934 4987 1083 5040 voluminis
1094 4987 1142 5040 do·
1196 4984 1289 5038 berbls
1300 4983 1474 5049 quibusdam,
1495 4983 1613 5038 adverto
1626 4984 1756 5034 animum.
1791 4981 1910 5033 illinunt
1920 4987 2001 5034 certe

338 5056 391 5114 tes,
403 5054 501 5116 totque
512 5062 615 5115 genera
625 5048 786 5116 herbarum,
805 5056 978 5111 utilitatibus
991 5057 1141 5121 hominum,
1196 5054 1344 5109 aliisaliae
1364 5054 1466 5109 inciens
1485 5055 1513 5106 in
1533 5053 1647 5121 populis
1660 5052 1849 5105 Barbarorum
1868 5050 1999 5112 semime,

339 5117 709 5187 autraluptatibusgcoita.
741 5122 1141 5195 aedquantopiarnresmntt
1195 5138 1341 5192 maresque
1364 5124 1450 5177 etiam
1471 5124 1545 5192 apud
1561 5123 1655 5176 Dacos
1676 5129 1705 5176 et
1721 5121 1865 5175 Sarmatas
1879 5134 2000 5186 corpora

339 5189 826 5257 quantoquemirabilioraioventul
846 5194 1142 5251 lllaeaimmaiorein
1195 5189 1998 5263 suainscrihunt.aSimileplantaginiglastuminGallia
2032 5186 2059 5245 *π
2157 5208 2160 5263 ι

339 5267 422 5327 parte
432 5260 488 5311 cibi
508 5264 558 5311 sut
568 5258 664 5311 odoris
675 5259 817 5313 decorisve
829 5265 1031 5319 conimendatio
1044 5268 1080 5320 ad
1091 5283 1142 5320 na·
1194 5271 1321 5329 racntur,
1342 5280 1396 5332 quo
1419 5264 1619 5318 Britannorum
1632 5264 1765 5331 coniuges
1779 5275 1918 5327 nurusque
1935 5264 1997 5310 toto

340 5342 452 5382 ”mm
462 5344 496 5382 0¹
518 5328 654 5382 elimenta
666 5328 755 5381 ⁰⁰¹5&
767 5328 946 5400 Reliquorum
957 5340 1084 5402 potentia
1094 5353 1143 5405 ap·
1196 5350 1314 5402 corpore
1324 5334 1440 5399 oblitae,
1460 5334 1625 5402 quibusdam
1637 5334 1667 5387 in
1680 5332 1769 5387 sacrm
1780 5339 1810 5386 et
1821 5329 1911 5384 nudae
1920 5328 1995 5380 incc-

340 5399 454 5465 probat,
474 5344 545 5452 nillil
558 5412 678 5453 acerum
688 5404 790 5452 natura
810 5401 870 5454 sine
884 5403 977 5472 aliqua
987 5408 1143 5461 occultiora
1196 5405 1274 5469 dunt,
1284 5403 1451 5474 Aethiopum
1463 5406 1586 5460 colorem
1596 5404 1750 5458 imitantes.
1882 5467 1889 5481 ·
1905 5468 1911 5480 .

341 5480 427 5520 (ΝΜ
438 5469 526 5536 dibni·
1231 5476 1278 5529 ill.
1296 5479 1354 5529 iam
1365 5488 1432 5529 rere
1443 5476 1517 5528 inlici
1528 5480 1621 5528 rentes
1632 5475 1736 5529 scimus
1756 5466 1911 5525 admirabili
1922 5463 1996 5517 iaco.

374 5536 410 5589 ¹¹·
429 5537 566 5608 liquidnm
588 5545 617 5596 ti
632 5538 741 5597 lumea
756 5538 850 5613 gratia
867 5539 994 5614 ritusque
1004 5544 1143 5613 perpetui,
1196 5545 1285 5618 itque
1295 5554 1327 5600 ut
1335 5546 1475 5613 adeamus,
1484 5545 1747 5613 castimoniae,
1757 5538 1921 5598 Lusitaniae
1931 5547 1996 5603 cra·
