<?xml version="1.0" encoding="UTF-8"?>
<!DOCTYPE html PUBLIC "-//W3C//DTD XHTML 1.0 Transitional//EN"
    "http://www.w3.org/TR/xhtml1/DTD/xhtml1-transitional.dtd">
<html xmlns="http://www.w3.org/1999/xhtml" xml:lang="en" lang="en">
 <head>
  <title>
</title>
<meta http-equiv="Content-Type" content="text/html;charset=utf-8" />
  <meta name='ocr-system' content='tesseract 3.04.00' />
  <meta name='ocr-capabilities' content='ocr_page ocr_carea ocr_par ocr_line ocrx_word'/>
</head>
<body>
  <div class='ocr_page' id='page_1' title='image "./historiaenatura00plingoog/historiaenatura00plingoog_0238.png"; bbox 0 0 4356 6014; ppageno 0'>
   <div class='ocr_carea' id='block_1_1' title="bbox 259 302 1833 397">
    <p class='ocr_par' dir='ltr' id='par_1_1' title="bbox 259 302 1833 397">
     <span class='ocr_line' id='line_1_1' title="bbox 259 302 1833 397; baseline 0.013 -21"><span class='ocrx_word' id='word_1_1' title='bbox 259 315 290 376; x_wconf 87' lang='lat' dir='ltr'><strong>e.</strong></span> <span class='ocrx_word' id='word_1_2' title='bbox 324 313 474 377; x_wconf 78' lang='lat' dir='ltr'><strong>rainu</strong></span> <span class='ocrx_word' id='word_1_3' title='bbox 507 312 720 375; x_wconf 81' lang='lat' dir='ltr'><strong>sueonos</strong></span> <span class='ocrx_word' id='word_1_4' title='bbox 756 313 926 379; x_wconf 82' lang='lat' dir='ltr'><strong>nnana.</strong></span> <span class='ocrx_word' id='word_1_5' title='bbox 959 302 1154 387; x_wconf 81' lang='lat' dir='ltr'><strong>nterea</strong></span> <span class='ocrx_word' id='word_1_6' title='bbox 1189 328 1275 390; x_wconf 83' lang='lat' dir='ltr'><strong>err.</strong></span> <span class='ocrx_word' id='word_1_7' title='bbox 1299 327 1437 391; x_wconf 86' lang='lat' dir='ltr'><strong>xvrrr.</strong></span> <span class='ocrx_word' id='word_1_8' title='bbox 1467 327 1555 391; x_wconf 81' lang='lat' dir='ltr'><strong>car.</strong></span> <span class='ocrx_word' id='word_1_9' title='bbox 1577 328 1699 395; x_wconf 81' lang='lat' dir='ltr'><strong>sr-m.</strong></span> <span class='ocrx_word' id='word_1_10' title='bbox 1770 333 1833 397; x_wconf 79' lang='lat' dir='ltr'><strong>aar</strong></span> 
     </span>
    </p>
   </div>
   <div class='ocr_carea' id='block_1_2' title="bbox 128 463 998 5667">
    <p class='ocr_par' dir='ltr' id='par_1_2' title="bbox 171 463 998 1156">
     <span class='ocr_line' id='line_1_2' title="bbox 175 463 979 530; baseline 0.001 -8"><span class='ocrx_word' id='word_1_11' title='bbox 175 465 272 522; x_wconf 86' lang='lat' dir='ltr'><strong>noctIo</strong></span> <span class='ocrx_word' id='word_1_12' title='bbox 283 464 424 517; x_wconf 79' lang='lat' dir='ltr'><strong>autumni:</strong></span> <span class='ocrx_word' id='word_1_13' title='bbox 455 463 486 515; x_wconf 89' lang='lat' dir='ltr'><strong>in</strong></span> <span class='ocrx_word' id='word_1_14' title='bbox 497 463 596 519; x_wconf 85' lang='lat' dir='ltr'><strong>calidis</strong></span> <span class='ocrx_word' id='word_1_15' title='bbox 606 465 696 519; x_wconf 86' lang='lat' dir='ltr'><strong>serius</strong></span> <span class='ocrx_word' id='word_1_16' title='bbox 706 499 715 530; x_wconf 91' lang='lat'><strong>,</strong></span> <span class='ocrx_word' id='word_1_17' title='bbox 736 483 771 521; x_wconf 88' lang='lat' dir='ltr'><strong>ne</strong></span> <span class='ocrx_word' id='word_1_18' title='bbox 782 472 846 523; x_wconf 85' lang='lat' dir='ltr'><strong>ante</strong></span> <span class='ocrx_word' id='word_1_19' title='bbox 858 466 979 523; x_wconf 87' lang='lat' dir='ltr'><strong>hiemem</strong></span> 
     </span>
     <span class='ocr_line' id='line_1_3' title="bbox 174 532 977 600; baseline 0.001 -10"><span class='ocrx_word' id='word_1_20' title='bbox 174 532 327 590; x_wconf 77' lang='lat' dir='ltr'><strong>insanient.</strong></span> <span class='ocrx_word' id='word_1_21' title='bbox 362 532 438 586; x_wconf 82' lang='lat' dir='ltr'>Inter</span> <span class='ocrx_word' id='word_1_22' title='bbox 449 549 543 587; x_wconf 90' lang='lat' dir='ltr'><strong>omnes</strong></span> <span class='ocrx_word' id='word_1_23' title='bbox 554 543 647 588; x_wconf 88' lang='lat' dir='ltr'><strong>autem</strong></span> <span class='ocrx_word' id='word_1_24' title='bbox 660 537 807 600; x_wconf 84' lang='lat' dir='ltr'><strong>convenit,</strong></span> <span class='ocrx_word' id='word_1_25' title='bbox 827 536 977 593; x_wconf 88' lang='lat' dir='ltr'><strong>nireahru·</strong></span> 
     </span>
     <span class='ocr_line' id='line_1_4' title="bbox 174 602 976 677; baseline 0.001 -18"><span class='ocrx_word' id='word_1_26' title='bbox 174 602 405 659; x_wconf 88' lang='lat' dir='ltr'><strong>mameercndnm</strong></span> <span class='ocrx_word' id='word_1_27' title='bbox 426 618 567 668; x_wconf 89' lang='lat' dir='ltr'><strong>nonesse,</strong></span> <span class='ocrx_word' id='word_1_28' title='bbox 589 620 689 673; x_wconf 85' lang='lat' dir='ltr'><strong>magno</strong></span> <span class='ocrx_word' id='word_1_29' title='bbox 710 615 887 674; x_wconf 86' lang='lat' dir='ltr'><strong>argumento:</strong></span> <span class='ocrx_word' id='word_1_30' title='bbox 909 623 976 677; x_wconf 85' lang='lat' dir='ltr'><strong>quo·</strong></span> 
     </span>
     <span class='ocr_line' id='line_1_5' title="bbox 174 671 998 743; baseline 0.002 -16"><span class='ocrx_word' id='word_1_31' title='bbox 174 679 247 727; x_wconf 89' lang='lat' dir='ltr'><strong>niam</strong></span> <span class='ocrx_word' id='word_1_32' title='bbox 261 671 375 726; x_wconf 88' lang='lat' dir='ltr'><strong>hiberna</strong></span> <span class='ocrx_word' id='word_1_33' title='bbox 393 673 510 737; x_wconf 89' lang='lat' dir='ltr'><strong>semina,</strong></span> <span class='ocrx_word' id='word_1_34' title='bbox 532 690 592 724; x_wconf 90' lang='lat' dir='ltr'><strong>cnm</strong></span> <span class='ocrx_word' id='word_1_35' title='bbox 614 681 679 726; x_wconf 90' lang='lat' dir='ltr'><strong>ante</strong></span> <span class='ocrx_word' id='word_1_36' title='bbox 700 676 825 728; x_wconf 90' lang='lat' dir='ltr'><strong>brumam</strong></span> <span class='ocrx_word' id='word_1_37' title='bbox 837 678 977 740; x_wconf 88' lang='lat' dir='ltr'><strong>satasint,</strong></span> <span class='ocrx_word' id='word_1_38' title='bbox 997 736 998 743; x_wconf 9' lang='grc' dir='ltr'>ἵ</span> 
     </span>
     <span class='ocr_line' id='line_1_6' title="bbox 174 742 975 814; baseline 0.001 -17"><span class='ocrx_word' id='word_1_39' title='bbox 174 744 294 812; x_wconf 84' lang='lat' dir='ltr'><strong>septimo</strong></span> <span class='ocrx_word' id='word_1_40' title='bbox 305 742 350 795; x_wconf 91' lang='lat' dir='ltr'><strong>die</strong></span> <span class='ocrx_word' id='word_1_41' title='bbox 363 750 520 809; x_wconf 89' lang='lat' dir='ltr'><strong>erumpant:</strong></span> <span class='ocrx_word' id='word_1_42' title='bbox 541 743 564 793; x_wconf 91' lang='lat' dir='ltr'><strong>si</strong></span> <span class='ocrx_word' id='word_1_43' title='bbox 577 751 641 809; x_wconf 88' lang='lat' dir='ltr'><strong>post</strong></span> <span class='ocrx_word' id='word_1_44' title='bbox 651 742 786 807; x_wconf 90' lang='lat' dir='ltr'><strong>brumam,</strong></span> <span class='ocrx_word' id='word_1_45' title='bbox 799 746 844 798; x_wconf 80' lang='lat' dir='ltr'><strong>ris</strong></span> <span class='ocrx_word' id='word_1_46' title='bbox 856 746 975 814; x_wconf 87' lang='lat' dir='ltr'><strong>quadra·</strong></span> 
     </span>
     <span class='ocr_line' id='line_1_7' title="bbox 174 810 975 882; baseline 0.002 -17"><span class='ocrx_word' id='word_1_47' title='bbox 174 814 289 881; x_wconf 77' lang='lat' dir='ltr'><strong>gesimo.</strong></span> <span class='ocrx_word' id='word_1_48' title='bbox 325 810 394 864; x_wconf 83' lang='lat' dir='ltr'><strong>Sunt</strong></span> <span class='ocrx_word' id='word_1_49' title='bbox 406 817 450 880; x_wconf 91' lang='lat' dir='ltr'><strong>qui</strong></span> <span class='ocrx_word' id='word_1_50' title='bbox 463 819 621 879; x_wconf 80' lang='lat' dir='ltr'><strong>properent,</strong></span> <span class='ocrx_word' id='word_1_51' title='bbox 644 820 727 881; x_wconf 80' lang='lat' dir='ltr'><strong>atque</strong></span> <span class='ocrx_word' id='word_1_52' title='bbox 737 815 777 867; x_wconf 89' lang='lat' dir='ltr'><strong>ita</strong></span> <span class='ocrx_word' id='word_1_53' title='bbox 788 817 975 882; x_wconf 79' lang='lat' dir='ltr'><strong>pronuntient,</strong></span> 
     </span>
     <span class='ocr_line' id='line_1_8' title="bbox 174 882 976 950; baseline 0 -14"><span class='ocrx_word' id='word_1_54' title='bbox 174 882 333 936; x_wconf 77' lang='lat' dir='ltr'><strong>festinatam</strong></span> <span class='ocrx_word' id='word_1_55' title='bbox 344 890 497 933; x_wconf 74' lang='lat' dir='ltr'><strong>sementem</strong></span> <span class='ocrx_word' id='word_1_56' title='bbox 510 898 591 948; x_wconf 90' lang='lat' dir='ltr'><strong>saepe</strong></span> <span class='ocrx_word' id='word_1_57' title='bbox 602 883 896 950; x_wconf 89' lang='lat' dir='ltr'><strong>decipere‚serotinam</strong></span> <span class='ocrx_word' id='word_1_58' title='bbox 905 901 976 937; x_wconf 89' lang='lat' dir='ltr'><strong>sem·</strong></span> 
     </span>
     <span class='ocr_line' id='line_1_9' title="bbox 171 951 976 1019; baseline -0.001 -15"><span class='ocrx_word' id='word_1_59' title='bbox 171 967 231 1019; x_wconf 89' lang='lat' dir='ltr'><strong>per.</strong></span> <span class='ocrx_word' id='word_1_60' title='bbox 266 952 290 1001; x_wconf 83' lang='grc' dir='ltr'><em>Ε</em></span> <span class='ocrx_word' id='word_1_61' title='bbox 311 952 453 1003; x_wconf 83' lang='lat' dir='ltr'><strong>contrario</strong></span> <span class='ocrx_word' id='word_1_62' title='bbox 476 952 535 1013; x_wconf 90' lang='lat' dir='ltr'><strong>alii,</strong></span> <span class='ocrx_word' id='word_1_63' title='bbox 556 951 600 1002; x_wconf 89' lang='lat' dir='ltr'><strong>vei</strong></span> <span class='ocrx_word' id='word_1_64' title='bbox 621 966 686 1003; x_wconf 84' lang='lat' dir='ltr'><strong>vere</strong></span> <span class='ocrx_word' id='word_1_65' title='bbox 705 953 798 1018; x_wconf 91' lang='lat' dir='ltr'><strong>potius</strong></span> <span class='ocrx_word' id='word_1_66' title='bbox 818 953 976 1015; x_wconf 87' lang='lat' dir='ltr'><strong>serendum,</strong></span> 
     </span>
     <span class='ocr_line' id='line_1_10' title="bbox 174 1019 976 1089; baseline 0.004 -18"><span class='ocrx_word' id='word_1_67' title='bbox 174 1035 256 1089; x_wconf 88' lang='lat' dir='ltr'><strong>quam</strong></span> <span class='ocrx_word' id='word_1_68' title='bbox 268 1020 494 1072; x_wconf 90' lang='lat' dir='ltr'><strong>maloautumno.</strong></span> <span class='ocrx_word' id='word_1_69' title='bbox 529 1019 910 1088; x_wconf 75' lang='lat' dir='ltr'><strong>Atquenbiineritnecesse,</strong></span> <span class='ocrx_word' id='word_1_70' title='bbox 937 1025 976 1075; x_wconf 91' lang='lat' dir='ltr'><strong>in·</strong></span> 
     </span>
     <span class='ocr_line' id='line_1_11' title="bbox 172 1088 769 1156; baseline -0.003 -11"><span class='ocrx_word' id='word_1_71' title='bbox 172 1097 218 1145; x_wconf 88' lang='lat' dir='ltr'><strong>ter</strong></span> <span class='ocrx_word' id='word_1_72' title='bbox 227 1089 380 1142; x_wconf 68' lang='lat' dir='ltr'><strong>Favonium</strong></span> <span class='ocrx_word' id='word_1_73' title='bbox 392 1096 420 1142; x_wconf 91' lang='lat' dir='ltr'><strong>et</strong></span> <span class='ocrx_word' id='word_1_74' title='bbox 431 1104 542 1143; x_wconf 88' lang='lat' dir='ltr'><strong>vernum</strong></span> <span class='ocrx_word' id='word_1_75' title='bbox 556 1088 769 1156; x_wconf 78' lang='lat' dir='ltr'><strong>aequinoctium.</strong></span> 
     </span>
    </p>

    <p class='ocr_par' dir='ltr' id='par_1_3' title="bbox 128 1158 979 2407">
     <span class='ocr_line' id='line_1_12' title="bbox 207 1158 977 1227; baseline 0.001 -18"><span class='ocrx_word' id='word_1_76' title='bbox 207 1160 328 1223; x_wconf 75' lang='lat' dir='ltr'><strong>Quidam</strong></span> <span class='ocrx_word' id='word_1_77' title='bbox 340 1160 444 1211; x_wconf 87' lang='lat' dir='ltr'><strong>omissa</strong></span> <span class='ocrx_word' id='word_1_78' title='bbox 456 1159 570 1212; x_wconf 88' lang='lat' dir='ltr'><strong>caelesti</strong></span> <span class='ocrx_word' id='word_1_79' title='bbox 582 1174 668 1221; x_wconf 88' lang='lat' dir='ltr'><strong>cura,</strong></span> <span class='ocrx_word' id='word_1_80' title='bbox 689 1165 720 1211; x_wconf 91' lang='lat' dir='ltr'><strong>nt</strong></span> <span class='ocrx_word' id='word_1_81' title='bbox 732 1159 835 1223; x_wconf 91' lang='lat' dir='ltr'><strong>inutili,</strong></span> <span class='ocrx_word' id='word_1_82' title='bbox 847 1158 977 1227; x_wconf 89' lang='lat' dir='ltr'><strong>tempori-</strong></span> 
     </span>
     <span class='ocr_line' id='line_1_13' title="bbox 128 1227 977 1297; baseline -0.001 -17"><span class='ocrx_word' id='word_1_83' title='bbox 128 1284 133 1293; x_wconf 56' lang='lat'><strong>,</strong></span> <span class='ocrx_word' id='word_1_84' title='bbox 173 1230 225 1281; x_wconf 89' lang='lat' dir='ltr'><strong>bus</strong></span> <span class='ocrx_word' id='word_1_85' title='bbox 237 1229 381 1281; x_wconf 84' lang='lat' dir='ltr'><strong>definiunt.</strong></span> <span class='ocrx_word' id='word_1_86' title='bbox 416 1227 491 1281; x_wconf 89' lang='lat' dir='ltr'><strong>Vere</strong></span> <span class='ocrx_word' id='word_1_87' title='bbox 504 1229 600 1291; x_wconf 89' lang='lat' dir='ltr'><strong>linum,</strong></span> <span class='ocrx_word' id='word_1_88' title='bbox 618 1235 783 1297; x_wconf 71' lang='lat' dir='ltr'><strong>etaveoanq,</strong></span> <span class='ocrx_word' id='word_1_89' title='bbox 804 1238 832 1282; x_wconf 91' lang='lat' dir='ltr'><strong>et</strong></span> <span class='ocrx_word' id='word_1_90' title='bbox 843 1244 977 1297; x_wconf 74' lang='lat' dir='ltr'><strong>papaver:</strong></span> 
     </span>
     <span class='ocr_line' id='line_1_14' title="bbox 172 1297 977 1366; baseline -0.001 -18"><span class='ocrx_word' id='word_1_91' title='bbox 172 1308 255 1366; x_wconf 88' lang='lat' dir='ltr'><strong>atque</strong></span> <span class='ocrx_word' id='word_1_92' title='bbox 268 1299 308 1350; x_wconf 90' lang='lat' dir='ltr'><strong>nti</strong></span> <span class='ocrx_word' id='word_1_93' title='bbox 321 1299 489 1349; x_wconf 88' lang='lat' dir='ltr'><strong>nuncetiam</strong></span> <span class='ocrx_word' id='word_1_94' title='bbox 501 1297 697 1366; x_wconf 80' lang='lat' dir='ltr'><strong>Transpadani</strong></span> <span class='ocrx_word' id='word_1_95' title='bbox 708 1303 829 1361; x_wconf 86' lang='lat' dir='ltr'><strong>servant,</strong></span> <span class='ocrx_word' id='word_1_96' title='bbox 851 1298 977 1364; x_wconf 88' lang='lat' dir='ltr'><strong>usquein</strong></span> 
     </span>
     <span class='ocr_line' id='line_1_15' title="bbox 172 1366 976 1436; baseline -0.004 -18"><span class='ocrx_word' id='word_1_97' title='bbox 172 1368 380 1435; x_wconf 77' lang='lat' dir='ltr'><strong>Quinquatrus:</strong></span> <span class='ocrx_word' id='word_1_98' title='bbox 399 1366 511 1429; x_wconf 82' lang='lat' dir='ltr'><strong>fabam,</strong></span> <span class='ocrx_word' id='word_1_99' title='bbox 533 1367 675 1436; x_wconf 81' lang='lat' dir='ltr'><strong>siliginem</strong></span> <span class='ocrx_word' id='word_1_100' title='bbox 698 1366 846 1419; x_wconf 80' lang='lat' dir='ltr'><strong>Novembri</strong></span> <span class='ocrx_word' id='word_1_101' title='bbox 868 1382 976 1419; x_wconf 85' lang='lat' dir='ltr'><strong>mense:</strong></span> 
     </span>
     <span class='ocr_line' id='line_1_16' title="bbox 170 1436 978 1504; baseline -0.004 -15"><span class='ocrx_word' id='word_1_102' title='bbox 170 1438 216 1490; x_wconf 81' lang='lat' dir='ltr'><strong>iar</strong></span> <span class='ocrx_word' id='word_1_103' title='bbox 228 1436 382 1502; x_wconf 80' lang='lat' dir='ltr'><strong>Septembri</strong></span> <span class='ocrx_word' id='word_1_104' title='bbox 394 1444 521 1488; x_wconf 85' lang='lat' dir='ltr'><strong>extremo</strong></span> <span class='ocrx_word' id='word_1_105' title='bbox 538 1439 662 1504; x_wconf 88' lang='lat' dir='ltr'><strong>usquein</strong></span> <span class='ocrx_word' id='word_1_106' title='bbox 675 1436 739 1488; x_wconf 92' lang='lat' dir='ltr'><strong>Idus</strong></span> <span class='ocrx_word' id='word_1_107' title='bbox 750 1436 888 1490; x_wconf 85' lang='lat' dir='ltr'><strong>Octobris.</strong></span> <span class='ocrx_word' id='word_1_108' title='bbox 923 1436 978 1487; x_wconf 82' lang='lat' dir='ltr'><strong>Alii</strong></span> 
     </span>
     <span class='ocr_line' id='line_1_17' title="bbox 171 1504 978 1573; baseline -0.002 -16"><span class='ocrx_word' id='word_1_109' title='bbox 171 1514 237 1573; x_wconf 85' lang='lat' dir='ltr'><strong>post</strong></span> <span class='ocrx_word' id='word_1_110' title='bbox 260 1505 332 1556; x_wconf 90' lang='lat' dir='ltr'><strong>hune</strong></span> <span class='ocrx_word' id='word_1_111' title='bbox 355 1505 430 1558; x_wconf 89' lang='lat' dir='ltr'><strong>dIem</strong></span> <span class='ocrx_word' id='word_1_112' title='bbox 450 1506 478 1556; x_wconf 93' lang='lat' dir='ltr'><strong>in</strong></span> <span class='ocrx_word' id='word_1_113' title='bbox 500 1504 642 1559; x_wconf 84' lang='lat' dir='ltr'><strong>Kalendas</strong></span> <span class='ocrx_word' id='word_1_114' title='bbox 664 1507 836 1559; x_wconf 88' lang='lat' dir='ltr'><strong>Novembris.</strong></span> <span class='ocrx_word' id='word_1_115' title='bbox 871 1506 915 1556; x_wconf 90' lang='lat' dir='ltr'><strong>Ita</strong></span> <span class='ocrx_word' id='word_1_116' title='bbox 935 1504 978 1555; x_wconf 91' lang='lat' dir='ltr'><strong>his</strong></span> 
     </span>
     <span class='ocr_line' id='line_1_18' title="bbox 169 1576 979 1640; baseline -0.001 -14"><span class='ocrx_word' id='word_1_117' title='bbox 169 1576 252 1627; x_wconf 83' lang='lat' dir='ltr'><strong>nulla</strong></span> <span class='ocrx_word' id='word_1_118' title='bbox 273 1581 388 1627; x_wconf 88' lang='lat' dir='ltr'><strong>naturae</strong></span> <span class='ocrx_word' id='word_1_119' title='bbox 410 1590 476 1627; x_wconf 89' lang='lat' dir='ltr'><strong>cura</strong></span> <span class='ocrx_word' id='word_1_120' title='bbox 495 1583 550 1628; x_wconf 82' lang='lat' dir='ltr'><strong>est:</strong></span> <span class='ocrx_word' id='word_1_121' title='bbox 567 1576 626 1628; x_wconf 90' lang='lat' dir='ltr'><strong>illis</strong></span> <span class='ocrx_word' id='word_1_122' title='bbox 649 1576 744 1640; x_wconf 84' lang='lat' dir='ltr'><strong>niorin,</strong></span> <span class='ocrx_word' id='word_1_123' title='bbox 763 1583 791 1628; x_wconf 90' lang='lat' dir='ltr'><strong>et</strong></span> <span class='ocrx_word' id='word_1_124' title='bbox 813 1576 876 1627; x_wconf 90' lang='lat' dir='ltr'><strong>ideo</strong></span> <span class='ocrx_word' id='word_1_125' title='bbox 896 1588 979 1626; x_wconf 83' lang='lat' dir='ltr'><strong>caeca</strong></span> 
     </span>
     <span class='ocr_line' id='line_1_19' title="bbox 169 1643 978 1713; baseline -0.004 -16"><span class='ocrx_word' id='word_1_126' title='bbox 169 1643 330 1708; x_wconf 89' lang='lat' dir='ltr'><strong>subtilitas;</strong></span> <span class='ocrx_word' id='word_1_127' title='bbox 342 1660 403 1696; x_wconf 92' lang='lat' dir='ltr'><strong>cnm</strong></span> <span class='ocrx_word' id='word_1_128' title='bbox 416 1660 462 1696; x_wconf 88' lang='lat' dir='ltr'><strong>res</strong></span> <span class='ocrx_word' id='word_1_129' title='bbox 472 1647 547 1697; x_wconf 89' lang='lat' dir='ltr'><strong>inter</strong></span> <span class='ocrx_word' id='word_1_130' title='bbox 556 1646 678 1697; x_wconf 88' lang='lat' dir='ltr'><strong>rusticos</strong></span> <span class='ocrx_word' id='word_1_131' title='bbox 688 1653 811 1713; x_wconf 86' lang='lat' dir='ltr'><strong>geratur,</strong></span> <span class='ocrx_word' id='word_1_132' title='bbox 822 1646 978 1696; x_wconf 88' lang='lat' dir='ltr'><strong>literarum·</strong></span> 
     </span>
     <span class='ocr_line' id='line_1_20' title="bbox 170 1714 978 1785; baseline 0 -21"><span class='ocrx_word' id='word_1_133' title='bbox 170 1730 224 1785; x_wconf 91' lang='lat' dir='ltr'><strong>qne</strong></span> <span class='ocrx_word' id='word_1_134' title='bbox 238 1720 375 1779; x_wconf 85' lang='lat' dir='ltr'><strong>expertes,</strong></span> <span class='ocrx_word' id='word_1_135' title='bbox 397 1729 451 1765; x_wconf 89' lang='lat' dir='ltr'><strong>non</strong></span> <span class='ocrx_word' id='word_1_136' title='bbox 468 1714 550 1765; x_wconf 81' lang='lat' dir='ltr'><strong>niodo</strong></span> <span class='ocrx_word' id='word_1_137' title='bbox 566 1714 698 1767; x_wconf 89' lang='lat' dir='ltr'><strong>siderum.</strong></span> <span class='ocrx_word' id='word_1_138' title='bbox 737 1716 773 1766; x_wconf 84' lang='lat' dir='ltr'><strong>Et</strong></span> <span class='ocrx_word' id='word_1_139' title='bbox 794 1714 978 1767; x_wconf 83' lang='lat' dir='ltr'><strong>confitendum</strong></span> 
     </span>
     <span class='ocr_line' id='line_1_21' title="bbox 171 1783 977 1852; baseline -0.004 -15"><span class='ocrx_word' id='word_1_140' title='bbox 171 1783 313 1844; x_wconf 71' lang='lat' dir='ltr'><strong>estcaelo</strong></span> <span class='ocrx_word' id='word_1_141' title='bbox 330 1783 452 1835; x_wconf 83' lang='lat' dir='ltr'><strong>maxime</strong></span> <span class='ocrx_word' id='word_1_142' title='bbox 468 1791 598 1837; x_wconf 83' lang='lat' dir='ltr'><strong>constare</strong></span> <span class='ocrx_word' id='word_1_143' title='bbox 615 1799 664 1836; x_wconf 88' lang='lat' dir='ltr'><strong>ea:</strong></span> <span class='ocrx_word' id='word_1_144' title='bbox 685 1783 787 1852; x_wconf 89' lang='lat' dir='ltr'><strong>quippe</strong></span> <span class='ocrx_word' id='word_1_145' title='bbox 807 1783 926 1851; x_wconf 78' lang='lat' dir='ltr'><strong>Virgilio</strong></span> <span class='ocrx_word' id='word_1_146' title='bbox 938 1785 977 1834; x_wconf 92' lang='lat' dir='ltr'><strong>iu-</strong></span> 
     </span>
     <span class='ocr_line' id='line_1_22' title="bbox 145 1851 975 1918; baseline -0.005 -12"><span class='ocrx_word' id='word_1_147' title='bbox 145 1852 151 1859; x_wconf 83' lang='lat'>&#39;</span> <span class='ocrx_word' id='word_1_148' title='bbox 170 1855 254 1906; x_wconf 85' lang='lat' dir='ltr'><strong>beate</strong></span> <span class='ocrx_word' id='word_1_149' title='bbox 266 1851 404 1918; x_wconf 86' lang='lat' dir='ltr'><strong>praedisci</strong></span> <span class='ocrx_word' id='word_1_150' title='bbox 415 1860 512 1904; x_wconf 89' lang='lat' dir='ltr'><strong>ventos</strong></span> <span class='ocrx_word' id='word_1_151' title='bbox 529 1862 594 1906; x_wconf 89' lang='lat' dir='ltr'><strong>ante</strong></span> <span class='ocrx_word' id='word_1_152' title='bbox 611 1855 715 1915; x_wconf 90' lang='lat' dir='ltr'><strong>omnia,</strong></span> <span class='ocrx_word' id='word_1_153' title='bbox 736 1852 903 1908; x_wconf 74' lang='lat' dir='ltr'><strong>desiderum</strong></span> <span class='ocrx_word' id='word_1_154' title='bbox 915 1867 975 1903; x_wconf 92' lang='lat' dir='ltr'><strong>mo·</strong></span> 
     </span>
     <span class='ocr_line' id='line_1_23' title="bbox 171 1921 978 1991; baseline -0.002 -17"><span class='ocrx_word' id='word_1_155' title='bbox 171 1938 234 1984; x_wconf 73' lang='lat' dir='ltr'><strong>res,</strong></span> <span class='ocrx_word' id='word_1_156' title='bbox 253 1936 341 1989; x_wconf 88' lang='lat' dir='ltr'><strong>neque</strong></span> <span class='ocrx_word' id='word_1_157' title='bbox 353 1922 446 1987; x_wconf 87' lang='lat' dir='ltr'><strong>aliter,</strong></span> <span class='ocrx_word' id='word_1_158' title='bbox 457 1937 538 1990; x_wconf 92' lang='lat' dir='ltr'><strong>qnam</strong></span> <span class='ocrx_word' id='word_1_159' title='bbox 551 1924 759 1991; x_wconf 79' lang='lat' dir='ltr'><strong>navigantibus,</strong></span> <span class='ocrx_word' id='word_1_160' title='bbox 773 1925 889 1976; x_wconf 87' lang='lat' dir='ltr'><strong>servari.</strong></span> <span class='ocrx_word' id='word_1_161' title='bbox 908 1921 978 1988; x_wconf 88' lang='lat' dir='ltr'><strong>Spes</strong></span> 
     </span>
     <span class='ocr_line' id='line_1_24' title="bbox 172 1991 977 2060; baseline -0.001 -16"><span class='ocrx_word' id='word_1_162' title='bbox 172 1992 261 2044; x_wconf 87' lang='lat' dir='ltr'><strong>ardua</strong></span> <span class='ocrx_word' id='word_1_163' title='bbox 271 1997 300 2043; x_wconf 89' lang='lat' dir='ltr'><strong>et</strong></span> <span class='ocrx_word' id='word_1_164' title='bbox 310 1992 454 2055; x_wconf 89' lang='lat' dir='ltr'><strong>immensa,</strong></span> <span class='ocrx_word' id='word_1_165' title='bbox 467 1994 582 2045; x_wconf 87' lang='lat' dir='ltr'><strong>misceri</strong></span> <span class='ocrx_word' id='word_1_166' title='bbox 593 2008 676 2060; x_wconf 92' lang='lat' dir='ltr'><strong>posse</strong></span> <span class='ocrx_word' id='word_1_167' title='bbox 688 1995 835 2046; x_wconf 90' lang='lat' dir='ltr'><strong>caelestem</strong></span> <span class='ocrx_word' id='word_1_168' title='bbox 848 1991 977 2043; x_wconf 88' lang='lat' dir='ltr'><strong>divinita·</strong></span> 
     </span>
     <span class='ocr_line' id='line_1_25' title="bbox 172 2060 976 2131; baseline 0 -20"><span class='ocrx_word' id='word_1_169' title='bbox 172 2066 229 2112; x_wconf 90' lang='lat' dir='ltr'><strong>tem</strong></span> <span class='ocrx_word' id='word_1_170' title='bbox 240 2060 411 2128; x_wconf 86' lang='lat' dir='ltr'><strong>imperitiae:</strong></span> <span class='ocrx_word' id='word_1_171' title='bbox 430 2062 479 2115; x_wconf 90' lang='lat' dir='ltr'><strong>sed</strong></span> <span class='ocrx_word' id='word_1_172' title='bbox 491 2063 627 2115; x_wconf 87' lang='lat' dir='ltr'><strong>tentanda</strong></span> <span class='ocrx_word' id='word_1_173' title='bbox 637 2069 695 2114; x_wconf 89' lang='lat' dir='ltr'><strong>tam</strong></span> <span class='ocrx_word' id='word_1_174' title='bbox 705 2063 805 2131; x_wconf 88' lang='lat' dir='ltr'><strong>grandi</strong></span> <span class='ocrx_word' id='word_1_175' title='bbox 816 2063 891 2113; x_wconf 85' lang='lat' dir='ltr'><strong>vitae</strong></span> <span class='ocrx_word' id='word_1_176' title='bbox 902 2076 976 2113; x_wconf 88' lang='lat' dir='ltr'><strong>emo·</strong></span> 
     </span>
     <span class='ocr_line' id='line_1_26' title="bbox 170 2129 976 2200; baseline 0 -19"><span class='ocrx_word' id='word_1_177' title='bbox 170 2130 306 2183; x_wconf 89' lang='lat' dir='ltr'><strong>lumento.</strong></span> <span class='ocrx_word' id='word_1_178' title='bbox 341 2129 423 2183; x_wconf 86' lang='lat' dir='ltr'><strong>Prius</strong></span> <span class='ocrx_word' id='word_1_179' title='bbox 445 2138 538 2184; x_wconf 88' lang='lat' dir='ltr'><strong>tamen</strong></span> <span class='ocrx_word' id='word_1_180' title='bbox 559 2134 687 2185; x_wconf 87' lang='lat' dir='ltr'><strong>sideralis</strong></span> <span class='ocrx_word' id='word_1_181' title='bbox 708 2132 877 2194; x_wconf 86' lang='lat' dir='ltr'><strong>difficultas,</strong></span> <span class='ocrx_word' id='word_1_182' title='bbox 895 2147 976 2200; x_wconf 91' lang='lat' dir='ltr'><strong>quam</strong></span> 
     </span>
     <span class='ocr_line' id='line_1_27' title="bbox 172 2199 977 2270; baseline 0 -20"><span class='ocrx_word' id='word_1_183' title='bbox 172 2214 285 2251; x_wconf 88' lang='lat' dir='ltr'><strong>sensere</strong></span> <span class='ocrx_word' id='word_1_184' title='bbox 296 2199 380 2251; x_wconf 90' lang='lat' dir='ltr'><strong>etiam</strong></span> <span class='ocrx_word' id='word_1_185' title='bbox 392 2202 908 2270; x_wconf 86' lang='lat' dir='ltr'><strong>periti,subiiciendacontemplationi</strong></span> <span class='ocrx_word' id='word_1_186' title='bbox 922 2208 977 2253; x_wconf 84' lang='lat' dir='ltr'><strong>est:</strong></span> 
     </span>
     <span class='ocr_line' id='line_1_28' title="bbox 171 2269 979 2337; baseline 0.001 -17"><span class='ocrx_word' id='word_1_187' title='bbox 171 2283 227 2337; x_wconf 84' lang='lat' dir='ltr'><strong>qne</strong></span> <span class='ocrx_word' id='word_1_188' title='bbox 242 2269 342 2323; x_wconf 89' lang='lat' dir='ltr'><strong>deinde</strong></span> <span class='ocrx_word' id='word_1_189' title='bbox 361 2270 464 2323; x_wconf 87' lang='lat' dir='ltr'><strong>laetior</strong></span> <span class='ocrx_word' id='word_1_190' title='bbox 480 2285 558 2323; x_wconf 88' lang='lat' dir='ltr'><strong>mens</strong></span> <span class='ocrx_word' id='word_1_191' title='bbox 578 2273 733 2324; x_wconf 85' lang='lat' dir='ltr'><strong>discednta</strong></span> <span class='ocrx_word' id='word_1_192' title='bbox 752 2274 841 2335; x_wconf 87' lang='lat' dir='ltr'><strong>caclo,</strong></span> <span class='ocrx_word' id='word_1_193' title='bbox 864 2270 979 2325; x_wconf 83' lang='lat' dir='ltr'><strong>etfucta</strong></span> 
     </span>
     <span class='ocr_line' id='line_1_29' title="bbox 171 2340 823 2407; baseline -0.002 -15"><span class='ocrx_word' id='word_1_194' title='bbox 171 2340 284 2403; x_wconf 85' lang='lat' dir='ltr'><strong>sentiat,</strong></span> <span class='ocrx_word' id='word_1_195' title='bbox 316 2356 367 2391; x_wconf 88' lang='lat' dir='ltr'><strong>uae</strong></span> <span class='ocrx_word' id='word_1_196' title='bbox 378 2341 474 2391; x_wconf 78' lang='lat' dir='ltr'><strong>futura</strong></span> <span class='ocrx_word' id='word_1_197' title='bbox 484 2341 630 2407; x_wconf 87' lang='lat' dir='ltr'><strong>praenosci</strong></span> <span class='ocrx_word' id='word_1_198' title='bbox 641 2358 695 2391; x_wconf 88' lang='lat' dir='ltr'><strong>non</strong></span> <span class='ocrx_word' id='word_1_199' title='bbox 708 2342 823 2407; x_wconf 79' lang='lat' dir='ltr'><strong>possint.</strong></span> 
     </span>
    </p>

    <p class='ocr_par' dir='ltr' id='par_1_4' title="bbox 165 2406 981 4269">
     <span class='ocr_line' id='line_1_30' title="bbox 205 2406 978 2478; baseline -0.003 -17"><span class='ocrx_word' id='word_1_200' title='bbox 205 2406 301 2461; x_wconf 68' lang='lat' dir='ltr'><strong>LVII.</strong></span> <span class='ocrx_word' id='word_1_201' title='bbox 330 2408 430 2461; x_wconf 80' lang='lat' dir='ltr'><strong>riorum</strong></span> <span class='ocrx_word' id='word_1_202' title='bbox 447 2410 569 2460; x_wconf 89' lang='lat' dir='ltr'><strong>omnium</strong></span> <span class='ocrx_word' id='word_1_203' title='bbox 583 2409 688 2461; x_wconf 91' lang='lat' dir='ltr'><strong>dierum</strong></span> <span class='ocrx_word' id='word_1_204' title='bbox 712 2412 837 2478; x_wconf 89' lang='lat' dir='ltr'><strong>ipsorum</strong></span> <span class='ocrx_word' id='word_1_205' title='bbox 851 2407 915 2459; x_wconf 90' lang='lat' dir='ltr'><strong>anni</strong></span> <span class='ocrx_word' id='word_1_206' title='bbox 929 2406 978 2459; x_wconf 88' lang='lat' dir='ltr'><strong>So·</strong></span> 
     </span>
     <span class='ocr_line' id='line_1_31' title="bbox 169 2475 978 2546; baseline -0.006 -16"><span class='ocrx_word' id='word_1_207' title='bbox 169 2476 262 2544; x_wconf 89' lang='lat' dir='ltr'><strong>lisque</strong></span> <span class='ocrx_word' id='word_1_208' title='bbox 282 2484 375 2529; x_wconf 90' lang='lat' dir='ltr'><strong>motos</strong></span> <span class='ocrx_word' id='word_1_209' title='bbox 400 2493 486 2546; x_wconf 89' lang='lat' dir='ltr'><strong>prope</strong></span> <span class='ocrx_word' id='word_1_210' title='bbox 511 2478 721 2545; x_wconf 77' lang='lat' dir='ltr'><strong>inexplicabilis</strong></span> <span class='ocrx_word' id='word_1_211' title='bbox 746 2482 818 2531; x_wconf 88' lang='lat' dir='ltr'><strong>ratio</strong></span> <span class='ocrx_word' id='word_1_212' title='bbox 850 2484 901 2529; x_wconf 89' lang='lat' dir='ltr'><strong>est.</strong></span> <span class='ocrx_word' id='word_1_213' title='bbox 937 2475 978 2528; x_wconf 83' lang='lat' dir='ltr'><strong>nd</strong></span> 
     </span>
     <span class='ocr_line' id='line_1_32' title="bbox 172 2541 979 2600; baseline -0.006 -1"><span class='ocrx_word' id='word_1_214' title='bbox 172 2546 317 2600; x_wconf 80' lang='lat' dir='ltr'>CCCLXV</span> <span class='ocrx_word' id='word_1_215' title='bbox 328 2547 465 2598; x_wconf 73' lang='lat' dir='ltr'><strong>adiiciunt</strong></span> <span class='ocrx_word' id='word_1_216' title='bbox 484 2549 634 2599; x_wconf 89' lang='lat' dir='ltr'><strong>etiamnum</strong></span> <span class='ocrx_word' id='word_1_217' title='bbox 653 2548 793 2600; x_wconf 88' lang='lat' dir='ltr'><strong>intercala</strong></span> <span class='ocrx_word' id='word_1_218' title='bbox 810 2548 852 2597; x_wconf 84' lang='lat' dir='ltr'><strong>‘os</strong></span> <span class='ocrx_word' id='word_1_219' title='bbox 864 2541 917 2595; x_wconf 87' lang='lat' dir='ltr'><strong>diei</strong></span> <span class='ocrx_word' id='word_1_220' title='bbox 930 2560 979 2595; x_wconf 89' lang='lat' dir='ltr'><strong>no·</strong></span> 
     </span>
     <span class='ocr_line' id='line_1_33' title="bbox 172 2564 978 2682; baseline -0.006 -14"><span class='ocrx_word' id='word_1_221' title='bbox 172 2616 283 2682; x_wconf 91' lang='lat' dir='ltr'><strong>etisque</strong></span> <span class='ocrx_word' id='word_1_222' title='bbox 295 2614 475 2681; x_wconf 85' lang='lat' dir='ltr'><strong>quadrantes.</strong></span> <span class='ocrx_word' id='word_1_223' title='bbox 498 2613 542 2666; x_wconf 89' lang='lat' dir='ltr'><strong>lta</strong></span> <span class='ocrx_word' id='word_1_224' title='bbox 551 2616 593 2677; x_wconf 89' lang='lat' dir='ltr'><strong>Iit,</strong></span> <span class='ocrx_word' id='word_1_225' title='bbox 606 2622 636 2666; x_wconf 90' lang='lat' dir='ltr'><strong>ut</strong></span> <span class='ocrx_word' id='word_1_226' title='bbox 649 2616 722 2666; x_wconf 88' lang='lat' dir='ltr'><strong>tradi</strong></span> <span class='ocrx_word' id='word_1_227' title='bbox 734 2633 787 2667; x_wconf 88' lang='lat' dir='ltr'><strong>oon</strong></span> <span class='ocrx_word' id='word_1_228' title='bbox 796 2564 907 2682; x_wconf 48' lang='lat' dir='ltr'><strong>dossiot</strong></span> <span class='ocrx_word' id='word_1_229' title='bbox 919 2629 978 2664; x_wconf 89' lang='lat' dir='ltr'><strong>cer·</strong></span> 
     </span>
     <span class='ocr_line' id='line_1_34' title="bbox 169 2683 978 2749; baseline -0.004 -12"><span class='ocrx_word' id='word_1_230' title='bbox 169 2692 201 2737; x_wconf 88' lang='lat' dir='ltr'><strong>ta</strong></span> <span class='ocrx_word' id='word_1_231' title='bbox 222 2686 344 2735; x_wconf 88' lang='lat' dir='ltr'><strong>siderum</strong></span> <span class='ocrx_word' id='word_1_232' title='bbox 367 2690 502 2749; x_wconf 90' lang='lat' dir='ltr'><strong>tempora.</strong></span> <span class='ocrx_word' id='word_1_233' title='bbox 538 2683 794 2738; x_wconf 76' lang='lat' dir='ltr'><strong>Acceditcooiessa</strong></span> <span class='ocrx_word' id='word_1_234' title='bbox 814 2698 905 2734; x_wconf 89' lang='lat' dir='ltr'><strong>rernm</strong></span> <span class='ocrx_word' id='word_1_235' title='bbox 929 2683 978 2734; x_wconf 88' lang='lat' dir='ltr'><strong>ob·</strong></span> 
     </span>
     <span class='ocr_line' id='line_1_35' title="bbox 170 2752 980 2821; baseline -0.007 -14"><span class='ocrx_word' id='word_1_236' title='bbox 170 2752 303 2813; x_wconf 89' lang='lat' dir='ltr'><strong>scuritas,</strong></span> <span class='ocrx_word' id='word_1_237' title='bbox 316 2768 388 2804; x_wconf 80' lang='lat' dir='ltr'><strong>unsre</strong></span> <span class='ocrx_word' id='word_1_238' title='bbox 403 2758 608 2819; x_wconf 87' lang='lat' dir='ltr'><strong>praecurrente,</strong></span> <span class='ocrx_word' id='word_1_239' title='bbox 621 2768 674 2806; x_wconf 85' lang='lat' dir='ltr'><strong>nee</strong></span> <span class='ocrx_word' id='word_1_240' title='bbox 687 2755 781 2821; x_wconf 87' lang='lat' dir='ltr'><strong>paneis</strong></span> <span class='ocrx_word' id='word_1_241' title='bbox 792 2753 901 2813; x_wconf 90' lang='lat' dir='ltr'><strong>diebus,</strong></span> <span class='ocrx_word' id='word_1_242' title='bbox 913 2758 980 2805; x_wconf 88' lang='lat' dir='ltr'><strong>tem·</strong></span> 
     </span>
     <span class='ocr_line' id='line_1_36' title="bbox 169 2818 980 2891; baseline -0.006 -16"><span class='ocrx_word' id='word_1_243' title='bbox 169 2828 312 2891; x_wconf 88' lang='lat' dir='ltr'><strong>pestatum</strong></span> <span class='ocrx_word' id='word_1_244' title='bbox 333 2823 500 2887; x_wconf 82' lang='lat' dir='ltr'><strong>significatu,</strong></span> <span class='ocrx_word' id='word_1_245' title='bbox 522 2822 597 2889; x_wconf 92' lang='lat' dir='ltr'><strong>quod</strong></span> <span class='ocrx_word' id='word_1_246' title='bbox 618 2826 789 2890; x_wconf 63' lang='lat' dir='ltr'><strong>upoprtpums</strong></span> <span class='ocrx_word' id='word_1_247' title='bbox 810 2818 912 2875; x_wconf 83' lang='lat' dir='ltr'><strong>Graeci</strong></span> <span class='ocrx_word' id='word_1_248' title='bbox 934 2836 980 2871; x_wconf 89' lang='lat' dir='ltr'><strong>vo·</strong></span> 
     </span>
     <span class='ocr_line' id='line_1_37' title="bbox 165 2890 978 2958; baseline -0.001 -14"><span class='ocrx_word' id='word_1_249' title='bbox 165 2900 251 2957; x_wconf 71' lang='lat' dir='ltr'><strong>⁴canit:</strong></span> <span class='ocrx_word' id='word_1_250' title='bbox 270 2891 559 2958; x_wconf 83' lang='lat' dir='ltr'><strong>ouncpostsenieote,</strong></span> <span class='ocrx_word' id='word_1_251' title='bbox 586 2890 659 2958; x_wconf 91' lang='lat' dir='ltr'><strong>quod</strong></span> <span class='ocrx_word' id='word_1_252' title='bbox 682 2892 854 2956; x_wconf 68' lang='grc' dir='ltr'><strong>ἑπιχείμασινι</strong></span> <span class='ocrx_word' id='word_1_253' title='bbox 878 2896 906 2942; x_wconf 92' lang='lat' dir='ltr'><strong>et</strong></span> <span class='ocrx_word' id='word_1_254' title='bbox 920 2890 978 2957; x_wconf 89' lang='lat' dir='ltr'><strong>ple·</strong></span> 
     </span>
     <span class='ocr_line' id='line_1_38' title="bbox 171 2956 980 3027; baseline -0.004 -14"><span class='ocrx_word' id='word_1_255' title='bbox 171 2976 287 3027; x_wconf 89' lang='lat' dir='ltr'><strong>rumque</strong></span> <span class='ocrx_word' id='word_1_256' title='bbox 299 2961 369 3011; x_wconf 82' lang='lat' dir='ltr'><strong>altas</strong></span> <span class='ocrx_word' id='word_1_257' title='bbox 380 2962 471 3022; x_wconf 89' lang='lat' dir='ltr'><strong>citius,</strong></span> <span class='ocrx_word' id='word_1_258' title='bbox 484 2962 554 3013; x_wconf 85' lang='lat' dir='ltr'><strong>alias</strong></span> <span class='ocrx_word' id='word_1_259' title='bbox 566 2961 673 3012; x_wconf 89' lang='lat' dir='ltr'><strong>tardius</strong></span> <span class='ocrx_word' id='word_1_260' title='bbox 686 2956 755 3010; x_wconf 89' lang='lat' dir='ltr'><strong>caeli</strong></span> <span class='ocrx_word' id='word_1_261' title='bbox 767 2958 866 3012; x_wconf 83' lang='lat' dir='ltr'><strong>effectu</strong></span> <span class='ocrx_word' id='word_1_262' title='bbox 879 2959 915 3010; x_wconf 88' lang='lat' dir='ltr'><strong>ad</strong></span> <span class='ocrx_word' id='word_1_263' title='bbox 927 2970 980 3012; x_wconf 90' lang='lat' dir='ltr'><strong>ter·</strong></span> 
     </span>
     <span class='ocr_line' id='line_1_39' title="bbox 172 3026 979 3096; baseline -0.007 -12"><span class='ocrx_word' id='word_1_264' title='bbox 172 3046 234 3084; x_wconf 80' lang='lat' dir='ltr'><strong>rain</strong></span> <span class='ocrx_word' id='word_1_265' title='bbox 256 3028 388 3081; x_wconf 81' lang='lat' dir='ltr'><strong>deciduo=</strong></span> <span class='ocrx_word' id='word_1_266' title='bbox 410 3028 494 3096; x_wconf 79' lang='lat' dir='ltr'><strong>vulgo</strong></span> <span class='ocrx_word' id='word_1_267' title='bbox 515 3030 669 3081; x_wconf 86' lang='lat' dir='ltr'><strong>serenitate</strong></span> <span class='ocrx_word' id='word_1_268' title='bbox 692 3026 802 3080; x_wconf 90' lang='lat' dir='ltr'><strong>reddita</strong></span> <span class='ocrx_word' id='word_1_269' title='bbox 822 3028 979 3081; x_wconf 86' lang='lat' dir='ltr'><strong>coniectum</strong></span> 
     </span>
     <span class='ocr_line' id='line_1_40' title="bbox 172 3096 979 3161; baseline -0.004 -9"><span class='ocrx_word' id='word_1_270' title='bbox 172 3100 251 3152; x_wconf 90' lang='lat' dir='ltr'><strong>sidus</strong></span> <span class='ocrx_word' id='word_1_271' title='bbox 271 3099 405 3150; x_wconf 87' lang='lat' dir='ltr'><strong>audimus.</strong></span> <span class='ocrx_word' id='word_1_272' title='bbox 443 3098 595 3151; x_wconf 87' lang='lat' dir='ltr'><strong>Praeterea</strong></span> <span class='ocrx_word' id='word_1_273' title='bbox 616 3114 682 3161; x_wconf 51' lang='lat' dir='ltr'><strong>eum,</strong></span> <span class='ocrx_word' id='word_1_274' title='bbox 698 3099 791 3148; x_wconf 88' lang='lat' dir='ltr'><strong>onsnia</strong></span> <span class='ocrx_word' id='word_1_275' title='bbox 806 3096 875 3150; x_wconf 88' lang='lat' dir='ltr'><strong>haee</strong></span> <span class='ocrx_word' id='word_1_276' title='bbox 895 3099 979 3149; x_wconf 87' lang='lat' dir='ltr'><strong>statIs</strong></span> 
     </span>
     <span class='ocr_line' id='line_1_41' title="bbox 173 3166 978 3235; baseline -0.002 -14"><span class='ocrx_word' id='word_1_277' title='bbox 173 3167 313 3221; x_wconf 87' lang='lat' dir='ltr'><strong>sideribus</strong></span> <span class='ocrx_word' id='word_1_278' title='bbox 324 3170 457 3235; x_wconf 88' lang='lat' dir='ltr'><strong>caeloque</strong></span> <span class='ocrx_word' id='word_1_279' title='bbox 468 3170 559 3221; x_wconf 80' lang='lat' dir='ltr'><strong>affixis</strong></span> <span class='ocrx_word' id='word_1_280' title='bbox 572 3173 709 3228; x_wconf 84' lang='lat' dir='ltr'><strong>constent,</strong></span> <span class='ocrx_word' id='word_1_281' title='bbox 720 3166 908 3218; x_wconf 82' lang='lat' dir='ltr'><strong>interveniunt</strong></span> <span class='ocrx_word' id='word_1_282' title='bbox 919 3182 978 3219; x_wconf 91' lang='lat' dir='ltr'><strong>mo·</strong></span> 
     </span>
     <span class='ocr_line' id='line_1_42' title="bbox 172 3234 980 3304; baseline -0.004 -14"><span class='ocrx_word' id='word_1_283' title='bbox 172 3244 204 3290; x_wconf 90' lang='lat' dir='ltr'><strong>tn</strong></span> <span class='ocrx_word' id='word_1_284' title='bbox 215 3236 360 3290; x_wconf 87' lang='lat' dir='ltr'><strong>stellarum</strong></span> <span class='ocrx_word' id='word_1_285' title='bbox 372 3238 530 3304; x_wconf 89' lang='lat' dir='ltr'><strong>grandines,</strong></span> <span class='ocrx_word' id='word_1_286' title='bbox 541 3238 655 3300; x_wconf 88' lang='lat' dir='ltr'><strong>imbres,</strong></span> <span class='ocrx_word' id='word_1_287' title='bbox 674 3243 704 3289; x_wconf 91' lang='lat' dir='ltr'><strong>et</strong></span> <span class='ocrx_word' id='word_1_288' title='bbox 714 3236 768 3301; x_wconf 92' lang='lat' dir='ltr'><strong>ipsi</strong></span> <span class='ocrx_word' id='word_1_289' title='bbox 780 3251 835 3286; x_wconf 90' lang='lat' dir='ltr'><strong>non</strong></span> <span class='ocrx_word' id='word_1_290' title='bbox 847 3236 903 3287; x_wconf 82' lang='lat' dir='ltr'><strong>leri</strong></span> <span class='ocrx_word' id='word_1_291' title='bbox 915 3234 980 3287; x_wconf 82' lang='lat' dir='ltr'><strong>effe·</strong></span> 
     </span>
     <span class='ocr_line' id='line_1_43' title="bbox 174 3304 980 3374; baseline -0.006 -15"><span class='ocrx_word' id='word_1_292' title='bbox 174 3314 229 3370; x_wconf 86' lang='lat' dir='ltr'><strong>ctu,</strong></span> <span class='ocrx_word' id='word_1_293' title='bbox 251 3312 283 3359; x_wconf 90' lang='lat' dir='ltr'><strong>ut</strong></span> <span class='ocrx_word' id='word_1_294' title='bbox 301 3306 455 3368; x_wconf 84' lang='lat' dir='ltr'><strong>docuimus,</strong></span> <span class='ocrx_word' id='word_1_295' title='bbox 477 3306 647 3374; x_wconf 87' lang='lat' dir='ltr'><strong>turbantque</strong></span> <span class='ocrx_word' id='word_1_296' title='bbox 665 3311 816 3371; x_wconf 85' lang='lat' dir='ltr'><strong>conceptae</strong></span> <span class='ocrx_word' id='word_1_297' title='bbox 831 3304 892 3371; x_wconf 92' lang='lat' dir='ltr'><strong>spei</strong></span> <span class='ocrx_word' id='word_1_298' title='bbox 908 3304 980 3355; x_wconf 90' lang='lat' dir='ltr'><strong>ordi-</strong></span> 
     </span>
     <span class='ocr_line' id='line_1_44' title="bbox 173 3372 980 3442; baseline -0.007 -13"><span class='ocrx_word' id='word_1_299' title='bbox 173 3392 247 3429; x_wconf 87' lang='lat' dir='ltr'><strong>nem.</strong></span> <span class='ocrx_word' id='word_1_300' title='bbox 283 3376 371 3442; x_wconf 87' lang='lat' dir='ltr'><strong>quue</strong></span> <span class='ocrx_word' id='word_1_301' title='bbox 383 3392 417 3426; x_wconf 89' lang='lat' dir='ltr'><strong>ne</strong></span> <span class='ocrx_word' id='word_1_302' title='bbox 430 3376 509 3427; x_wconf 89' lang='lat' dir='ltr'><strong>nohis</strong></span> <span class='ocrx_word' id='word_1_303' title='bbox 520 3382 630 3427; x_wconf 88' lang='lat' dir='ltr'><strong>tantum</strong></span> <span class='ocrx_word' id='word_1_304' title='bbox 641 3381 771 3441; x_wconf 90' lang='lat' dir='ltr'><strong>putemus</strong></span> <span class='ocrx_word' id='word_1_305' title='bbox 783 3372 911 3426; x_wconf 85' lang='lat' dir='ltr'><strong>aceldere</strong></span> <span class='ocrx_word' id='word_1_306' title='bbox 923 3409 931 3435; x_wconf 93' lang='lat'><strong>,</strong></span> <span class='ocrx_word' id='word_1_307' title='bbox 952 3380 980 3424; x_wconf 91' lang='lat' dir='ltr'><strong>et</strong></span> 
     </span>
     <span class='ocr_line' id='line_1_45' title="bbox 174 3443 979 3513; baseline -0.007 -15"><span class='ocrx_word' id='word_1_308' title='bbox 174 3444 367 3513; x_wconf 83' lang='lat' dir='ltr'><strong>reliquafallit</strong></span> <span class='ocrx_word' id='word_1_309' title='bbox 384 3444 516 3496; x_wconf 89' lang='lat' dir='ltr'><strong>animalia</strong></span> <span class='ocrx_word' id='word_1_310' title='bbox 534 3444 684 3513; x_wconf 87' lang='lat' dir='ltr'><strong>sagaciora</strong></span> <span class='ocrx_word' id='word_1_311' title='bbox 697 3444 773 3495; x_wconf 89' lang='lat' dir='ltr'><strong>cirea</strong></span> <span class='ocrx_word' id='word_1_312' title='bbox 790 3443 864 3506; x_wconf 92' lang='lat' dir='ltr'><strong>hoe,</strong></span> <span class='ocrx_word' id='word_1_313' title='bbox 885 3451 979 3509; x_wconf 91' lang='lat' dir='ltr'><strong>utquo</strong></span> 
     </span>
     <span class='ocr_line' id='line_1_46' title="bbox 173 3513 981 3582; baseline -0.005 -16"><span class='ocrx_word' id='word_1_314' title='bbox 173 3516 345 3567; x_wconf 71' lang='lat' dir='ltr'><strong>nitasuram</strong></span> <span class='ocrx_word' id='word_1_315' title='bbox 367 3520 488 3566; x_wconf 86' lang='lat' dir='ltr'><strong>constet:</strong></span> <span class='ocrx_word' id='word_1_316' title='bbox 509 3516 690 3582; x_wconf 80' lang='lat' dir='ltr'><strong>aestivasque</strong></span> <span class='ocrx_word' id='word_1_317' title='bbox 707 3514 791 3565; x_wconf 87' lang='lat' dir='ltr'><strong>alites</strong></span> <span class='ocrx_word' id='word_1_318' title='bbox 804 3513 981 3581; x_wconf 87' lang='lat' dir='ltr'><strong>praeposteri</strong></span> 
     </span>
     <span class='ocr_line' id='line_1_47' title="bbox 174 3580 980 3655; baseline -0.009 -17"><span class='ocrx_word' id='word_1_319' title='bbox 174 3593 223 3639; x_wconf 88' lang='lat' dir='ltr'><strong>aut</strong></span> <span class='ocrx_word' id='word_1_320' title='bbox 233 3599 300 3652; x_wconf 90' lang='lat' dir='ltr'><strong>prae</strong></span> <span class='ocrx_word' id='word_1_321' title='bbox 322 3582 414 3655; x_wconf 89' lang='lat' dir='ltr'><strong>reperi</strong></span> <span class='ocrx_word' id='word_1_322' title='bbox 424 3583 532 3652; x_wconf 89' lang='lat' dir='ltr'><strong>rigores</strong></span> <span class='ocrx_word' id='word_1_323' title='bbox 545 3594 655 3646; x_wconf 89' lang='lat' dir='ltr'><strong>necant,</strong></span> <span class='ocrx_word' id='word_1_324' title='bbox 667 3582 797 3651; x_wconf 82' lang='lat' dir='ltr'><strong>hibernas</strong></span> <span class='ocrx_word' id='word_1_325' title='bbox 810 3591 914 3635; x_wconf 87' lang='lat' dir='ltr'><strong>aestus.</strong></span> <span class='ocrx_word' id='word_1_326' title='bbox 939 3580 980 3632; x_wconf 92' lang='lat' dir='ltr'><strong>Id·</strong></span> 
     </span>
     <span class='ocr_line' id='line_1_48' title="bbox 173 3599 979 3722; baseline -0.009 -16"><span class='ocrx_word' id='word_1_327' title='bbox 173 3670 207 3706; x_wconf 91' lang='lat' dir='ltr'><strong>eo</strong></span> <span class='ocrx_word' id='word_1_328' title='bbox 224 3599 357 3721; x_wconf 73' lang='lat' dir='ltr'><strong>Virgihus</strong></span> <span class='ocrx_word' id='word_1_329' title='bbox 380 3655 534 3706; x_wconf 88' lang='lat' dir='ltr'><strong>errantium</strong></span> <span class='ocrx_word' id='word_1_330' title='bbox 562 3670 672 3722; x_wconf 90' lang='lat' dir='ltr'><strong>quoque</strong></span> <span class='ocrx_word' id='word_1_331' title='bbox 698 3653 819 3706; x_wconf 90' lang='lat' dir='ltr'><strong>siderum</strong></span> <span class='ocrx_word' id='word_1_332' title='bbox 840 3652 979 3702; x_wconf 85' lang='lat' dir='ltr'><strong>rationem</strong></span> 
     </span>
     <span class='ocr_line' id='line_1_49' title="bbox 175 3717 979 3790; baseline -0.009 -13"><span class='ocrx_word' id='word_1_333' title='bbox 175 3722 351 3777; x_wconf 84' lang='lat' dir='ltr'><strong>ediscendam</strong></span> <span class='ocrx_word' id='word_1_334' title='bbox 362 3724 507 3790; x_wconf 87' lang='lat' dir='ltr'><strong>praecipit,</strong></span> <span class='ocrx_word' id='word_1_335' title='bbox 520 3724 674 3775; x_wconf 87' lang='lat' dir='ltr'><strong>admonens</strong></span> <span class='ocrx_word' id='word_1_336' title='bbox 686 3720 886 3773; x_wconf 87' lang='lat' dir='ltr'><strong>observandum</strong></span> <span class='ocrx_word' id='word_1_337' title='bbox 900 3717 979 3787; x_wconf 78' lang='lat' dir='ltr'><strong>frigi-</strong></span> 
     </span>
     <span class='ocr_line' id='line_1_50' title="bbox 175 3789 980 3857; baseline -0.01 -10"><span class='ocrx_word' id='word_1_338' title='bbox 175 3794 226 3847; x_wconf 86' lang='lat' dir='ltr'><strong>dae</strong></span> <span class='ocrx_word' id='word_1_339' title='bbox 238 3791 353 3844; x_wconf 83' lang='lat' dir='ltr'><strong>Saturni</strong></span> <span class='ocrx_word' id='word_1_340' title='bbox 363 3791 463 3844; x_wconf 84' lang='lat' dir='ltr'><strong>stellae</strong></span> <span class='ocrx_word' id='word_1_341' title='bbox 474 3792 632 3844; x_wconf 89' lang='lat' dir='ltr'><strong>transitum.</strong></span> <span class='ocrx_word' id='word_1_342' title='bbox 652 3790 722 3842; x_wconf 87' lang='lat' dir='ltr'><strong>Sunt</strong></span> <span class='ocrx_word' id='word_1_343' title='bbox 735 3793 780 3857; x_wconf 90' lang='lat' dir='ltr'><strong>qni</strong></span> <span class='ocrx_word' id='word_1_344' title='bbox 793 3789 980 3842; x_wconf 86' lang='lat' dir='ltr'><strong>certissimum</strong></span> 
     </span>
     <span class='ocr_line' id='line_1_51' title="bbox 173 3859 980 3922; baseline -0.009 -6"><span class='ocrx_word' id='word_1_345' title='bbox 173 3865 247 3916; x_wconf 88' lang='lat' dir='ltr'><strong>reris</strong></span> <span class='ocrx_word' id='word_1_346' title='bbox 258 3860 390 3917; x_wconf 87' lang='lat' dir='ltr'><strong>indicium</strong></span> <span class='ocrx_word' id='word_1_347' title='bbox 402 3862 573 3915; x_wconf 85' lang='lat' dir='ltr'><strong>arbitrentur</strong></span> <span class='ocrx_word' id='word_1_348' title='bbox 590 3862 625 3912; x_wconf 93' lang='lat' dir='ltr'><strong>ob</strong></span> <span class='ocrx_word' id='word_1_349' title='bbox 639 3860 828 3913; x_wconf 79' lang='lat' dir='ltr'><strong>infirmitatem</strong></span> <span class='ocrx_word' id='word_1_350' title='bbox 840 3859 980 3922; x_wconf 87' lang='lat' dir='ltr'><strong>animalis,</strong></span> 
     </span>
     <span class='ocr_line' id='line_1_52' title="bbox 174 3930 981 4002; baseline -0.009 -17"><span class='ocrx_word' id='word_1_351' title='bbox 174 3931 324 4002; x_wconf 86' lang='lat' dir='ltr'><strong>papilionis</strong></span> <span class='ocrx_word' id='word_1_352' title='bbox 344 3938 519 3999; x_wconf 74' lang='lat' dir='ltr'><strong>proventum.</strong></span> <span class='ocrx_word' id='word_1_353' title='bbox 555 3930 585 3982; x_wconf 94' lang='lat' dir='ltr'><strong>ld</strong></span> <span class='ocrx_word' id='word_1_354' title='bbox 604 3948 638 3981; x_wconf 85' lang='lat' dir='ltr'><strong>eu</strong></span> <span class='ocrx_word' id='word_1_355' title='bbox 655 3930 714 3996; x_wconf 87' lang='lat' dir='ltr'><strong>ipso</strong></span> <span class='ocrx_word' id='word_1_356' title='bbox 735 3946 815 3993; x_wconf 87' lang='lat' dir='ltr'><strong>enno,</strong></span> <span class='ocrx_word' id='word_1_357' title='bbox 835 3945 897 3981; x_wconf 90' lang='lat' dir='ltr'><strong>cum</strong></span> <span class='ocrx_word' id='word_1_358' title='bbox 909 3943 981 3981; x_wconf 91' lang='lat' dir='ltr'><strong>com-</strong></span> 
     </span>
     <span class='ocr_line' id='line_1_53' title="bbox 174 3998 980 4066; baseline -0.01 -11"><span class='ocrx_word' id='word_1_359' title='bbox 174 4011 364 4055; x_wconf 89' lang='lat' dir='ltr'><strong>mentaremur</strong></span> <span class='ocrx_word' id='word_1_360' title='bbox 379 3998 460 4063; x_wconf 88' lang='lat' dir='ltr'><strong>haec,</strong></span> <span class='ocrx_word' id='word_1_361' title='bbox 482 4008 610 4054; x_wconf 87' lang='lat' dir='ltr'><strong>notatum</strong></span> <span class='ocrx_word' id='word_1_362' title='bbox 624 4007 675 4058; x_wconf 87' lang='lat' dir='ltr'><strong>est,</strong></span> <span class='ocrx_word' id='word_1_363' title='bbox 698 4007 862 4066; x_wconf 82' lang='lat' dir='ltr'><strong>prouentum</strong></span> <span class='ocrx_word' id='word_1_364' title='bbox 883 4012 980 4051; x_wconf 90' lang='lat' dir='ltr'><strong>eorum</strong></span> 
     </span>
     <span class='ocr_line' id='line_1_54' title="bbox 169 4068 981 4141; baseline -0.015 -14"><span class='ocrx_word' id='word_1_365' title='bbox 169 4068 218 4127; x_wconf 70' lang='lat' dir='ltr'><strong>&#39;ter</strong></span> <span class='ocrx_word' id='word_1_366' title='bbox 227 4074 349 4140; x_wconf 89' lang='lat' dir='ltr'><strong>repetito</strong></span> <span class='ocrx_word' id='word_1_367' title='bbox 361 4070 466 4141; x_wconf 78' lang='lat' dir='ltr'><strong>frigore</strong></span> <span class='ocrx_word' id='word_1_368' title='bbox 478 4068 841 4137; x_wconf 82' lang='lat' dir='ltr'><strong>exstinctum,adrenasque</strong></span> <span class='ocrx_word' id='word_1_369' title='bbox 854 4069 981 4120; x_wconf 88' lang='lat' dir='ltr'><strong>volucres</strong></span> 
     </span>
     <span class='ocr_line' id='line_1_55' title="bbox 175 4136 981 4204; baseline -0.006 -10"><span class='ocrx_word' id='word_1_370' title='bbox 175 4140 291 4195; x_wconf 87' lang='lat' dir='ltr'><strong>a.d.V1</strong></span> <span class='ocrx_word' id='word_1_371' title='bbox 314 4140 458 4194; x_wconf 81' lang='lat' dir='ltr'><strong>Kalendas</strong></span> <span class='ocrx_word' id='word_1_372' title='bbox 476 4136 625 4192; x_wconf 89' lang='lat' dir='ltr'><strong>Februarii</strong></span> <span class='ocrx_word' id='word_1_373' title='bbox 647 4152 726 4204; x_wconf 88' lang='lat' dir='ltr'><strong>spem</strong></span> <span class='ocrx_word' id='word_1_374' title='bbox 746 4140 820 4192; x_wconf 88' lang='lat' dir='ltr'><strong>veris</strong></span> <span class='ocrx_word' id='word_1_375' title='bbox 841 4138 981 4198; x_wconf 89' lang='lat' dir='ltr'><strong>attulisse,</strong></span> 
     </span>
     <span class='ocr_line' id='line_1_56' title="bbox 168 4206 712 4269; baseline -0.009 -8"><span class='ocrx_word' id='word_1_376' title='bbox 168 4225 238 4269; x_wconf 71' lang='lat' dir='ltr'><strong>‚mox</strong></span> <span class='ocrx_word' id='word_1_377' title='bbox 250 4210 416 4263; x_wconf 81' lang='lat' dir='ltr'><strong>saevissima</strong></span> <span class='ocrx_word' id='word_1_378' title='bbox 427 4208 517 4261; x_wconf 88' lang='lat' dir='ltr'><strong>hieme</strong></span> <span class='ocrx_word' id='word_1_379' title='bbox 529 4206 712 4261; x_wconf 79' lang='lat' dir='ltr'><strong>condictatus.</strong></span> 
     </span>
    </p>

    <p class='ocr_par' dir='ltr' id='par_1_5' title="bbox 132 4273 982 5667">
     <span class='ocr_line' id='line_1_57' title="bbox 210 4273 979 4344; baseline -0.01 -13"><span class='ocrx_word' id='word_1_380' title='bbox 210 4281 263 4333; x_wconf 83' lang='lat' dir='ltr'><strong>lies</strong></span> <span class='ocrx_word' id='word_1_381' title='bbox 274 4293 390 4344; x_wconf 87' lang='lat' dir='ltr'><strong>anceps:</strong></span> <span class='ocrx_word' id='word_1_382' title='bbox 412 4276 540 4342; x_wconf 87' lang='lat' dir='ltr'><strong>primum,</strong></span> <span class='ocrx_word' id='word_1_383' title='bbox 552 4274 703 4327; x_wconf 78' lang='lat' dir='ltr'><strong>oninium&#39;a</strong></span> <span class='ocrx_word' id='word_1_384' title='bbox 714 4274 792 4327; x_wconf 90' lang='lat' dir='ltr'><strong>eaelo</strong></span> <span class='ocrx_word' id='word_1_385' title='bbox 805 4274 865 4341; x_wconf 87' lang='lat' dir='ltr'><strong>peti</strong></span> <span class='ocrx_word' id='word_1_386' title='bbox 874 4273 979 4339; x_wconf 88' lang='lat' dir='ltr'><strong>legem:</strong></span> 
     </span>
     <span class='ocr_line' id='line_1_58' title="bbox 174 4341 980 4464; baseline -0.011 -63"><span class='ocrx_word' id='word_1_387' title='bbox 174 4342 274 4403; x_wconf 85' lang='lat' dir='ltr'><strong>deiude</strong></span> <span class='ocrx_word' id='word_1_388' title='bbox 296 4360 357 4397; x_wconf 88' lang='lat' dir='ltr'><strong>eam</strong></span> <span class='ocrx_word' id='word_1_389' title='bbox 378 4348 549 4464; x_wconf 61' lang='lat' dir='ltr'><strong>argumentis</strong></span> <span class='ocrx_word' id='word_1_390' title='bbox 571 4360 633 4397; x_wconf 89' lang='lat' dir='ltr'><strong>esse</strong></span> <span class='ocrx_word' id='word_1_391' title='bbox 653 4343 851 4410; x_wconf 88' lang='lat' dir='ltr'><strong>quaerendam.</strong></span> <span class='ocrx_word' id='word_1_392' title='bbox 889 4341 980 4409; x_wconf 85' lang='lat' dir='ltr'><strong>Super</strong></span> 
     </span>
     <span class='ocr_line' id='line_1_59' title="bbox 175 4409 982 4479; baseline -0.007 -10"><span class='ocrx_word' id='word_1_393' title='bbox 175 4417 270 4469; x_wconf 87' lang='lat' dir='ltr'><strong>onsnia</strong></span> <span class='ocrx_word' id='word_1_394' title='bbox 283 4421 326 4468; x_wconf 87' lang='lat' dir='ltr'><strong>est</strong></span> <span class='ocrx_word' id='word_1_395' title='bbox 338 4428 402 4465; x_wconf 89' lang='lat' dir='ltr'><strong>mun</strong></span> <span class='ocrx_word' id='word_1_396' title='bbox 424 4414 433 4464; x_wconf 90' lang='lat' dir='ltr'><strong>i</strong></span> <span class='ocrx_word' id='word_1_397' title='bbox 446 4417 615 4475; x_wconf 76' lang='lat' dir='ltr'><strong>connexitas,</strong></span> <span class='ocrx_word' id='word_1_398' title='bbox 634 4421 827 4478; x_wconf 88' lang='lat' dir='ltr'><strong>terrarumque</strong></span> <span class='ocrx_word' id='word_1_399' title='bbox 840 4409 919 4479; x_wconf 82' lang='lat' dir='ltr'><strong>globi</strong></span> <span class='ocrx_word' id='word_1_400' title='bbox 930 4412 982 4464; x_wconf 82' lang='lat' dir='ltr'><strong>dii·</strong></span> 
     </span>
     <span class='ocr_line' id='line_1_60' title="bbox 174 4480 981 4547; baseline -0.004 -9"><span class='ocrx_word' id='word_1_401' title='bbox 174 4483 313 4546; x_wconf 88' lang='lat' dir='ltr'><strong>Ierentia,</strong></span> <span class='ocrx_word' id='word_1_402' title='bbox 343 4482 440 4536; x_wconf 90' lang='lat' dir='ltr'><strong>eodem</strong></span> <span class='ocrx_word' id='word_1_403' title='bbox 452 4480 544 4535; x_wconf 88' lang='lat' dir='ltr'><strong>sidere</strong></span> <span class='ocrx_word' id='word_1_404' title='bbox 556 4483 612 4535; x_wconf 89' lang='lat' dir='ltr'><strong>alio</strong></span> <span class='ocrx_word' id='word_1_405' title='bbox 625 4488 750 4547; x_wconf 91' lang='lat' dir='ltr'><strong>tempore</strong></span> <span class='ocrx_word' id='word_1_406' title='bbox 761 4481 826 4532; x_wconf 89' lang='lat' dir='ltr'><strong>aliis</strong></span> <span class='ocrx_word' id='word_1_407' title='bbox 837 4482 981 4547; x_wconf 86' lang='lat' dir='ltr'><strong>aperiente</strong></span> 
     </span>
     <span class='ocr_line' id='line_1_61' title="bbox 175 4550 981 4623; baseline -0.007 -15"><span class='ocrx_word' id='word_1_408' title='bbox 175 4571 205 4608; x_wconf 87' lang='lat' dir='ltr'><strong>se</strong></span> <span class='ocrx_word' id='word_1_409' title='bbox 216 4554 365 4623; x_wconf 87' lang='lat' dir='ltr'><strong>gentibus:</strong></span> <span class='ocrx_word' id='word_1_410' title='bbox 384 4568 439 4621; x_wconf 88' lang='lat' dir='ltr'><strong>qno</strong></span> <span class='ocrx_word' id='word_1_411' title='bbox 452 4553 483 4604; x_wconf 87' lang='lat' dir='ltr'><strong>fit</strong></span> <span class='ocrx_word' id='word_1_412' title='bbox 494 4558 525 4604; x_wconf 92' lang='lat' dir='ltr'><strong>ut</strong></span> <span class='ocrx_word' id='word_1_413' title='bbox 536 4568 621 4604; x_wconf 88' lang='lat' dir='ltr'><strong>causa</strong></span> <span class='ocrx_word' id='word_1_414' title='bbox 637 4554 695 4603; x_wconf 88' lang='lat' dir='ltr'><strong>eins</strong></span> <span class='ocrx_word' id='word_1_415' title='bbox 706 4565 761 4602; x_wconf 89' lang='lat' dir='ltr'><strong>non</strong></span> <span class='ocrx_word' id='word_1_416' title='bbox 773 4550 872 4604; x_wconf 88' lang='lat' dir='ltr'><strong>iisdem</strong></span> <span class='ocrx_word' id='word_1_417' title='bbox 885 4550 981 4604; x_wconf 83' lang='lat' dir='ltr'><strong>diebus</strong></span> 
     </span>
     <span class='ocr_line' id='line_1_62' title="bbox 176 4620 981 4693; baseline -0.006 -16"><span class='ocrx_word' id='word_1_418' title='bbox 176 4626 276 4693; x_wconf 87' lang='lat' dir='ltr'><strong>ubique</strong></span> <span class='ocrx_word' id='word_1_419' title='bbox 292 4622 395 4675; x_wconf 85' lang='lat' dir='ltr'><strong>valeat.</strong></span> <span class='ocrx_word' id='word_1_420' title='bbox 432 4621 571 4674; x_wconf 69' lang='lat' dir='ltr'><strong>addidere</strong></span> <span class='ocrx_word' id='word_1_421' title='bbox 592 4620 787 4673; x_wconf 88' lang='lat' dir='ltr'><strong>diliicultatem</strong></span> <span class='ocrx_word' id='word_1_422' title='bbox 807 4627 837 4674; x_wconf 89' lang='lat' dir='ltr'><strong>et</strong></span> <span class='ocrx_word' id='word_1_423' title='bbox 852 4628 981 4675; x_wconf 83' lang='lat' dir='ltr'><strong>auctores</strong></span> 
     </span>
     <span class='ocr_line' id='line_1_63' title="bbox 177 4688 980 4753; baseline -0.004 -7"><span class='ocrx_word' id='word_1_424' title='bbox 177 4693 295 4747; x_wconf 87' lang='lat' dir='ltr'><strong>dirersis</strong></span> <span class='ocrx_word' id='word_1_425' title='bbox 313 4693 341 4744; x_wconf 89' lang='lat' dir='ltr'><strong>in</strong></span> <span class='ocrx_word' id='word_1_426' title='bbox 360 4692 429 4743; x_wconf 89' lang='lat' dir='ltr'><strong>loeis</strong></span> <span class='ocrx_word' id='word_1_427' title='bbox 450 4688 632 4753; x_wconf 74' lang='lat' dir='ltr'><strong>observando,</strong></span> <span class='ocrx_word' id='word_1_428' title='bbox 654 4706 718 4742; x_wconf 76' lang='lat' dir='ltr'><strong>osor</strong></span> <span class='ocrx_word' id='word_1_429' title='bbox 737 4691 863 4744; x_wconf 90' lang='lat' dir='ltr'><strong>etiamio</strong></span> <span class='ocrx_word' id='word_1_430' title='bbox 883 4690 980 4745; x_wconf 88' lang='lat' dir='ltr'><strong>iisdem</strong></span> 
     </span>
     <span class='ocr_line' id='line_1_64' title="bbox 178 4760 982 4831; baseline 0 -18"><span class='ocrx_word' id='word_1_431' title='bbox 178 4761 288 4816; x_wconf 87' lang='lat' dir='ltr'><strong>diversa</strong></span> <span class='ocrx_word' id='word_1_432' title='bbox 299 4761 449 4831; x_wconf 88' lang='lat' dir='ltr'><strong>prodendo.</strong></span> <span class='ocrx_word' id='word_1_433' title='bbox 496 4760 569 4814; x_wconf 72' lang='lat' dir='ltr'><strong>&#39;ires</strong></span> <span class='ocrx_word' id='word_1_434' title='bbox 579 4768 671 4814; x_wconf 88' lang='lat' dir='ltr'><strong>antem</strong></span> <span class='ocrx_word' id='word_1_435' title='bbox 685 4760 763 4815; x_wconf 85' lang='lat' dir='ltr'><strong>inere</strong></span> <span class='ocrx_word' id='word_1_436' title='bbox 774 4769 881 4814; x_wconf 85' lang='lat' dir='ltr'><strong>sectae:</strong></span> <span class='ocrx_word' id='word_1_437' title='bbox 901 4761 982 4814; x_wconf 86' lang='lat' dir='ltr'><strong>Chai-</strong></span> 
     </span>
     <span class='ocr_line' id='line_1_65' title="bbox 177 4830 980 4900; baseline 0.001 -19"><span class='ocrx_word' id='word_1_438' title='bbox 177 4830 256 4895; x_wconf 85' lang='lat' dir='ltr'><strong>daea,</strong></span> <span class='ocrx_word' id='word_1_439' title='bbox 266 4832 416 4900; x_wconf 70' lang='lat' dir='ltr'><strong>aegyptia,</strong></span> <span class='ocrx_word' id='word_1_440' title='bbox 429 4830 545 4885; x_wconf 82' lang='lat' dir='ltr'><strong>Graeca.</strong></span> <span class='ocrx_word' id='word_1_441' title='bbox 568 4831 621 4883; x_wconf 86' lang='lat' dir='ltr'><strong>llis</strong></span> <span class='ocrx_word' id='word_1_442' title='bbox 632 4830 744 4885; x_wconf 88' lang='lat' dir='ltr'><strong>addidit</strong></span> <span class='ocrx_word' id='word_1_443' title='bbox 754 4832 826 4899; x_wconf 87' lang='lat' dir='ltr'><strong>apud</strong></span> <span class='ocrx_word' id='word_1_444' title='bbox 837 4847 887 4885; x_wconf 86' lang='lat' dir='ltr'><strong>uos</strong></span> <span class='ocrx_word' id='word_1_445' title='bbox 899 4846 980 4898; x_wconf 88' lang='lat' dir='ltr'><strong>quar·</strong></span> 
     </span>
     <span class='ocr_line' id='line_1_66' title="bbox 176 4900 981 4971; baseline 0 -19"><span class='ocrx_word' id='word_1_446' title='bbox 176 4907 233 4955; x_wconf 84' lang='lat' dir='ltr'><strong>taur</strong></span> <span class='ocrx_word' id='word_1_447' title='bbox 247 4903 348 4971; x_wconf 81' lang='lat' dir='ltr'><strong>Caesar</strong></span> <span class='ocrx_word' id='word_1_448' title='bbox 360 4901 489 4964; x_wconf 88' lang='lat' dir='ltr'><strong>dictator,</strong></span> <span class='ocrx_word' id='word_1_449' title='bbox 499 4915 587 4953; x_wconf 90' lang='lat' dir='ltr'><strong>annos</strong></span> <span class='ocrx_word' id='word_1_450' title='bbox 598 4900 633 4952; x_wconf 93' lang='lat' dir='ltr'><strong>ad</strong></span> <span class='ocrx_word' id='word_1_451' title='bbox 643 4900 718 4953; x_wconf 84' lang='lat' dir='ltr'><strong>Solis</strong></span> <span class='ocrx_word' id='word_1_452' title='bbox 729 4916 839 4954; x_wconf 89' lang='lat' dir='ltr'><strong>cursum</strong></span> <span class='ocrx_word' id='word_1_453' title='bbox 851 4900 981 4968; x_wconf 86' lang='lat' dir='ltr'><strong>redigens</strong></span> 
     </span>
     <span class='ocr_line' id='line_1_67' title="bbox 177 4968 981 5041; baseline 0 -18"><span class='ocrx_word' id='word_1_454' title='bbox 177 4968 312 5040; x_wconf 83' lang='lat' dir='ltr'><strong>singulos,</strong></span> <span class='ocrx_word' id='word_1_455' title='bbox 322 4970 455 5040; x_wconf 77' lang='lat' dir='ltr'><strong>sosigene</strong></span> <span class='ocrx_word' id='word_1_456' title='bbox 462 4972 554 5041; x_wconf 77' lang='lat' dir='ltr'><strong>perito</strong></span> <span class='ocrx_word' id='word_1_457' title='bbox 565 4970 700 5025; x_wconf 85' lang='lat' dir='ltr'><strong>scientiae</strong></span> <span class='ocrx_word' id='word_1_458' title='bbox 711 4972 772 5023; x_wconf 91' lang='lat' dir='ltr'><strong>eins</strong></span> <span class='ocrx_word' id='word_1_459' title='bbox 784 4970 920 5024; x_wconf 89' lang='lat' dir='ltr'><strong>adhibito.</strong></span> <span class='ocrx_word' id='word_1_460' title='bbox 944 4970 981 5023; x_wconf 79' lang='lat' dir='ltr'><strong>lit</strong></span> 
     </span>
     <span class='ocr_line' id='line_1_68' title="bbox 132 5038 979 5109; baseline 0 -14"><span class='ocrx_word' id='word_1_461' title='bbox 132 5038 137 5047; x_wconf 89' lang='lat'>&#39;</span> <span class='ocrx_word' id='word_1_462' title='bbox 178 5042 282 5108; x_wconf 80' lang='lat' dir='ltr'><strong>seipsa</strong></span> <span class='ocrx_word' id='word_1_463' title='bbox 295 5042 367 5093; x_wconf 87' lang='lat' dir='ltr'><strong>ratio</strong></span> <span class='ocrx_word' id='word_1_464' title='bbox 389 5049 489 5109; x_wconf 87' lang='lat' dir='ltr'><strong>postea</strong></span> <span class='ocrx_word' id='word_1_465' title='bbox 509 5046 652 5107; x_wconf 87' lang='lat' dir='ltr'><strong>comperto</strong></span> <span class='ocrx_word' id='word_1_466' title='bbox 670 5056 765 5094; x_wconf 86' lang='lat' dir='ltr'><strong>errore</strong></span> <span class='ocrx_word' id='word_1_467' title='bbox 785 5047 979 5095; x_wconf 86' lang='lat' dir='ltr'><strong>correctnest:</strong></span> 
     </span>
     <span class='ocr_line' id='line_1_69' title="bbox 177 5109 981 5181; baseline 0.002 -18"><span class='ocrx_word' id='word_1_468' title='bbox 177 5112 260 5164; x_wconf 89' lang='lat' dir='ltr'><strong>itaut</strong></span> <span class='ocrx_word' id='word_1_469' title='bbox 271 5111 322 5181; x_wconf 72' lang='lat' dir='ltr'><strong>IIII</strong></span> <span class='ocrx_word' id='word_1_470' title='bbox 341 5111 422 5177; x_wconf 85' lang='lat' dir='ltr'><strong>annis</strong></span> <span class='ocrx_word' id='word_1_471' title='bbox 439 5110 579 5165; x_wconf 89' lang='lat' dir='ltr'><strong>eontIouis</strong></span> <span class='ocrx_word' id='word_1_472' title='bbox 595 5123 650 5161; x_wconf 88' lang='lat' dir='ltr'><strong>non</strong></span> <span class='ocrx_word' id='word_1_473' title='bbox 667 5109 894 5176; x_wconf 85' lang='lat' dir='ltr'><strong>intercalaretur,</strong></span> <span class='ocrx_word' id='word_1_474' title='bbox 915 5114 981 5180; x_wconf 91' lang='lat' dir='ltr'><strong>quia</strong></span> 
     </span>
     <span class='ocr_line' id='line_1_70' title="bbox 165 5176 979 5248; baseline -0.004 -11"><span class='ocrx_word' id='word_1_475' title='bbox 165 5196 227 5247; x_wconf 80' lang='lat' dir='ltr'><strong>‚coe</strong></span> <span class='ocrx_word' id='word_1_476' title='bbox 248 5189 310 5233; x_wconf 87' lang='lat' dir='ltr'><strong>erat</strong></span> <span class='ocrx_word' id='word_1_477' title='bbox 319 5176 411 5233; x_wconf 85' lang='lat' dir='ltr'><strong>sidera</strong></span> <span class='ocrx_word' id='word_1_478' title='bbox 420 5196 507 5232; x_wconf 90' lang='lat' dir='ltr'><strong>annus</strong></span> <span class='ocrx_word' id='word_1_479' title='bbox 519 5180 632 5242; x_wconf 78' lang='lat' dir='ltr'><strong>onerari,</strong></span> <span class='ocrx_word' id='word_1_480' title='bbox 643 5180 689 5248; x_wconf 89' lang='lat' dir='ltr'><strong>qni</strong></span> <span class='ocrx_word' id='word_1_481' title='bbox 701 5178 778 5248; x_wconf 91' lang='lat' dir='ltr'><strong>prius</strong></span> <span class='ocrx_word' id='word_1_482' title='bbox 787 5181 979 5235; x_wconf 88' lang='lat' dir='ltr'><strong>antecedebat.</strong></span> 
     </span>
     <span class='ocr_line' id='line_1_71' title="bbox 176 5196 979 5325; baseline 0.001 -22"><span class='ocrx_word' id='word_1_483' title='bbox 176 5196 372 5317; x_wconf 62' lang='lat' dir='ltr'><strong>Eidosigenes</strong></span> <span class='ocrx_word' id='word_1_484' title='bbox 393 5251 453 5317; x_wconf 87' lang='lat' dir='ltr'><strong>ipse</strong></span> <span class='ocrx_word' id='word_1_485' title='bbox 475 5248 556 5301; x_wconf 88' lang='lat' dir='ltr'><strong>trinis</strong></span> <span class='ocrx_word' id='word_1_486' title='bbox 579 5251 871 5325; x_wconf 87' lang='lat' dir='ltr'><strong>conrnseotationibus,</strong></span> <span class='ocrx_word' id='word_1_487' title='bbox 893 5267 979 5319; x_wconf 88' lang='lat' dir='ltr'><strong>quan·</strong></span> 
     </span>
     <span class='ocr_line' id='line_1_72' title="bbox 178 5319 978 5387; baseline 0.001 -15"><span class='ocrx_word' id='word_1_488' title='bbox 178 5333 260 5386; x_wconf 81' lang='lat' dir='ltr'><strong>quem</strong></span> <span class='ocrx_word' id='word_1_489' title='bbox 272 5319 434 5387; x_wconf 83' lang='lat' dir='ltr'><strong>diligentior</strong></span> <span class='ocrx_word' id='word_1_490' title='bbox 448 5320 559 5382; x_wconf 88' lang='lat' dir='ltr'><strong>ceteris,</strong></span> <span class='ocrx_word' id='word_1_491' title='bbox 578 5335 633 5372; x_wconf 88' lang='lat' dir='ltr'><strong>noo</strong></span> <span class='ocrx_word' id='word_1_492' title='bbox 646 5320 767 5373; x_wconf 85' lang='lat' dir='ltr'><strong>cessarit</strong></span> <span class='ocrx_word' id='word_1_493' title='bbox 784 5326 876 5373; x_wconf 78' lang='lat' dir='ltr'><strong>tannen</strong></span> <span class='ocrx_word' id='word_1_494' title='bbox 891 5319 978 5373; x_wconf 87' lang='lat' dir='ltr'><strong>uddu-</strong></span> 
     </span>
     <span class='ocr_line' id='line_1_73' title="bbox 166 5385 979 5458; baseline -0.001 -15"><span class='ocrx_word' id='word_1_495' title='bbox 166 5385 283 5455; x_wconf 84' lang='lat' dir='ltr'><strong>.hitere,</strong></span> <span class='ocrx_word' id='word_1_496' title='bbox 303 5392 462 5458; x_wconf 82' lang='lat' dir='ltr'><strong>ipsesemet</strong></span> <span class='ocrx_word' id='word_1_497' title='bbox 473 5389 649 5456; x_wconf 83' lang='lat' dir='ltr'><strong>corrigendo.</strong></span> <span class='ocrx_word' id='word_1_498' title='bbox 685 5392 820 5443; x_wconf 70' lang='lat' dir='ltr'><strong>ductores</strong></span> <span class='ocrx_word' id='word_1_499' title='bbox 831 5388 979 5456; x_wconf 86' lang='lat' dir='ltr'><strong>prodidere</strong></span> 
     </span>
     <span class='ocr_line' id='line_1_74' title="bbox 176 5456 979 5529; baseline 0.001 -20"><span class='ocrx_word' id='word_1_500' title='bbox 176 5472 219 5529; x_wconf 80' lang='lat' dir='ltr'><strong>es,</strong></span> <span class='ocrx_word' id='word_1_501' title='bbox 238 5472 309 5526; x_wconf 86' lang='lat' dir='ltr'><strong>quos</strong></span> <span class='ocrx_word' id='word_1_502' title='bbox 327 5458 537 5525; x_wconf 81' lang='lat' dir='ltr'><strong>praetexuimus</strong></span> <span class='ocrx_word' id='word_1_503' title='bbox 557 5457 696 5513; x_wconf 88' lang='lat' dir='ltr'><strong>volumini</strong></span> <span class='ocrx_word' id='word_1_504' title='bbox 718 5456 791 5520; x_wconf 89' lang='lat' dir='ltr'><strong>huic,</strong></span> <span class='ocrx_word' id='word_1_505' title='bbox 810 5470 876 5511; x_wconf 88' lang='lat' dir='ltr'><strong>raro</strong></span> <span class='ocrx_word' id='word_1_506' title='bbox 893 5459 979 5512; x_wconf 91' lang='lat' dir='ltr'><strong>ullius</strong></span> 
     </span>
     <span class='ocr_line' id='line_1_75' title="bbox 175 5522 978 5596; baseline -0.006 -11"><span class='ocrx_word' id='word_1_507' title='bbox 175 5528 317 5585; x_wconf 70' lang='lat' dir='ltr'><strong>muntia</strong></span> <span class='ocrx_word' id='word_1_508' title='bbox 327 5543 391 5583; x_wconf 89' lang='lat' dir='ltr'><strong>enm</strong></span> <span class='ocrx_word' id='word_1_509' title='bbox 406 5526 463 5580; x_wconf 86' lang='lat' dir='ltr'><strong>aliu</strong></span> <span class='ocrx_word' id='word_1_510' title='bbox 480 5533 661 5596; x_wconf 82' lang='lat' dir='ltr'><strong>congruente.</strong></span> <span class='ocrx_word' id='word_1_511' title='bbox 697 5526 797 5585; x_wconf 78' lang='lat' dir='ltr'><strong>Mirm,</strong></span> <span class='ocrx_word' id='word_1_512' title='bbox 808 5522 900 5581; x_wconf 88' lang='lat' dir='ltr'><strong>hocin</strong></span> <span class='ocrx_word' id='word_1_513' title='bbox 911 5528 978 5583; x_wconf 90' lang='lat' dir='ltr'><strong>reli·</strong></span> 
     </span>
     <span class='ocr_line' id='line_1_76' title="bbox 176 5595 979 5667; baseline 0.006 -15"><span class='ocrx_word' id='word_1_514' title='bbox 176 5596 237 5665; x_wconf 73' lang='lat' dir='ltr'><strong>gule</strong></span> <span class='ocrx_word' id='word_1_515' title='bbox 246 5599 358 5662; x_wconf 78' lang='lat' dir='ltr'><strong>munna,</strong></span> <span class='ocrx_word' id='word_1_516' title='bbox 369 5609 439 5667; x_wconf 85' lang='lat' dir='ltr'><strong>quos</strong></span> <span class='ocrx_word' id='word_1_517' title='bbox 451 5595 558 5653; x_wconf 86' lang='lat' dir='ltr'><strong>dlrersi</strong></span> <span class='ocrx_word' id='word_1_518' title='bbox 568 5597 762 5655; x_wconf 71' lang='lat' dir='ltr'><strong>armaverint</strong></span> <span class='ocrx_word' id='word_1_519' title='bbox 772 5602 890 5657; x_wconf 76' lang='lat' dir='ltr'><strong>tracus.</strong></span> <span class='ocrx_word' id='word_1_520' title='bbox 924 5598 979 5657; x_wconf 85' lang='lat' dir='ltr'><strong>Eo·</strong></span> 
     </span>
    </p>
   </div>
   <div class='ocr_carea' id='block_1_3' title="bbox 1029 476 1906 5460">
    <p class='ocr_par' dir='ltr' id='par_1_6' title="bbox 1029 476 1835 943">
     <span class='ocr_line' id='line_1_77' title="bbox 1034 476 1835 548; baseline 0.016 -22"><span class='ocrx_word' id='word_1_521' title='bbox 1034 489 1094 539; x_wconf 75' lang='lat' dir='ltr'><strong>sum</strong></span> <span class='ocrx_word' id='word_1_522' title='bbox 1103 478 1151 543; x_wconf 89' lang='lat' dir='ltr'><strong>qui</strong></span> <span class='ocrx_word' id='word_1_523' title='bbox 1160 476 1190 529; x_wconf 89' lang='lat' dir='ltr'><strong>in</strong></span> <span class='ocrx_word' id='word_1_524' title='bbox 1200 478 1296 535; x_wconf 87' lang='lat' dir='ltr'><strong>eedem</strong></span> <span class='ocrx_word' id='word_1_525' title='bbox 1308 480 1424 548; x_wconf 79' lang='lat' dir='ltr'><strong>regione</strong></span> <span class='ocrx_word' id='word_1_526' title='bbox 1435 478 1592 544; x_wconf 58' lang='lat' dir='ltr'><strong>&amp;mederer</strong></span> <span class='ocrx_word' id='word_1_527' title='bbox 1605 496 1688 535; x_wconf 88' lang='lat' dir='ltr'><strong>unam</strong></span> <span class='ocrx_word' id='word_1_528' title='bbox 1699 482 1835 539; x_wconf 86' lang='lat' dir='ltr'><strong>diseordI·</strong></span> 
     </span>
     <span class='ocr_line' id='line_1_78' title="bbox 1032 549 1835 617; baseline 0.017 -23"><span class='ocrx_word' id='word_1_529' title='bbox 1032 559 1075 595; x_wconf 82' lang='lat' dir='ltr'><strong>ann</strong></span> <span class='ocrx_word' id='word_1_530' title='bbox 1096 558 1229 610; x_wconf 86' lang='lat' dir='ltr'><strong>ponemus</strong></span> <span class='ocrx_word' id='word_1_531' title='bbox 1243 550 1365 615; x_wconf 78' lang='lat' dir='ltr'><strong>exentpli</strong></span> <span class='ocrx_word' id='word_1_532' title='bbox 1382 549 1489 617; x_wconf 72' lang='lat' dir='ltr'><strong>gratiae</strong></span> <span class='ocrx_word' id='word_1_533' title='bbox 1510 549 1644 603; x_wconf 82' lang='lat' dir='ltr'><strong>Oeensem</strong></span> <span class='ocrx_word' id='word_1_534' title='bbox 1664 555 1835 608; x_wconf 79' lang='lat' dir='ltr'><strong>matutinam</strong></span> 
     </span>
     <span class='ocr_line' id='line_1_79' title="bbox 1033 611 1833 689; baseline 0.016 -25"><span class='ocrx_word' id='word_1_535' title='bbox 1033 611 1220 681; x_wconf 89' lang='lat' dir='ltr'><strong>Vergiliarum</strong></span> <span class='ocrx_word' id='word_1_536' title='bbox 1231 618 1371 671; x_wconf 84' lang='lat' dir='ltr'><strong>Hesiodus</strong></span> <span class='ocrx_word' id='word_1_537' title='bbox 1394 622 1468 680; x_wconf 86' lang='lat' dir='ltr'><strong>(nam</strong></span> <span class='ocrx_word' id='word_1_538' title='bbox 1490 617 1572 675; x_wconf 82' lang='lat' dir='ltr'><strong>huius</strong></span> <span class='ocrx_word' id='word_1_539' title='bbox 1594 635 1702 689; x_wconf 87' lang='lat' dir='ltr'><strong>quoque</strong></span> <span class='ocrx_word' id='word_1_540' title='bbox 1722 623 1833 677; x_wconf 79' lang='lat' dir='ltr'><strong>nostine</strong></span> 
     </span>
     <span class='ocr_line' id='line_1_80' title="bbox 1031 684 1834 757; baseline 0.014 -25"><span class='ocrx_word' id='word_1_541' title='bbox 1031 684 1305 752; x_wconf 73' lang='lat' dir='ltr'><strong>exstatdstrologia)</strong></span> <span class='ocrx_word' id='word_1_542' title='bbox 1327 687 1440 739; x_wconf 86' lang='lat' dir='ltr'><strong>tradidit</strong></span> <span class='ocrx_word' id='word_1_543' title='bbox 1456 686 1533 751; x_wconf 89' lang='lat' dir='ltr'><strong>lieri,</strong></span> <span class='ocrx_word' id='word_1_544' title='bbox 1556 704 1618 739; x_wconf 89' lang='lat' dir='ltr'><strong>cum</strong></span> <span class='ocrx_word' id='word_1_545' title='bbox 1628 692 1834 757; x_wconf 87' lang='lat' dir='ltr'><strong>aequinoctium</strong></span> 
     </span>
     <span class='ocr_line' id='line_1_81' title="bbox 1031 754 1833 826; baseline 0.015 -24"><span class='ocrx_word' id='word_1_546' title='bbox 1031 755 1155 803; x_wconf 89' lang='lat' dir='ltr'><strong>nutnnmi</strong></span> <span class='ocrx_word' id='word_1_547' title='bbox 1177 756 1374 807; x_wconf 80' lang='lat' dir='ltr'><strong>contineretur:</strong></span> <span class='ocrx_word' id='word_1_548' title='bbox 1394 754 1497 813; x_wconf 81' lang='lat' dir='ltr'><strong>Thales</strong></span> <span class='ocrx_word' id='word_1_549' title='bbox 1519 756 1653 825; x_wconf 78' lang='lat' dir='ltr'><strong>vigesimo</strong></span> <span class='ocrx_word' id='word_1_550' title='bbox 1667 761 1763 826; x_wconf 85' lang='lat' dir='ltr'><strong>quinto</strong></span> <span class='ocrx_word' id='word_1_551' title='bbox 1786 760 1833 815; x_wconf 88' lang='lat' dir='ltr'><strong>die</strong></span> 
     </span>
     <span class='ocr_line' id='line_1_82' title="bbox 1029 820 1833 894; baseline 0.014 -22"><span class='ocrx_word' id='word_1_552' title='bbox 1029 820 1268 887; x_wconf 87' lang='lat' dir='ltr'><strong>abaequinoctio:</strong></span> <span class='ocrx_word' id='word_1_553' title='bbox 1287 824 1496 881; x_wconf 78' lang='lat' dir='ltr'><strong>Anaximander</strong></span> <span class='ocrx_word' id='word_1_554' title='bbox 1515 826 1650 894; x_wconf 87' lang='lat' dir='ltr'><strong>vigesimo</strong></span> <span class='ocrx_word' id='word_1_555' title='bbox 1672 845 1758 883; x_wconf 67' lang='lat' dir='ltr'><strong>nonos</strong></span> <span class='ocrx_word' id='word_1_556' title='bbox 1775 830 1833 882; x_wconf 86' lang='lat' dir='ltr'><strong>Eu·</strong></span> 
     </span>
     <span class='ocr_line' id='line_1_83' title="bbox 1029 888 1273 943; baseline 0 0"><span class='ocrx_word' id='word_1_557' title='bbox 1029 898 1136 943; x_wconf 85' lang='lat' dir='ltr'><strong>etetnoo</strong></span> <span class='ocrx_word' id='word_1_558' title='bbox 1148 888 1273 943; x_wconf 72' lang='lat' dir='ltr'><strong>xhvltl.</strong></span> 
     </span>
    </p>

    <p class='ocr_par' dir='ltr' id='par_1_7' title="bbox 1030 956 1834 1634">
     <span class='ocr_line' id='line_1_84' title="bbox 1065 956 1834 1027; baseline 0.012 -15"><span class='ocrx_word' id='word_1_559' title='bbox 1065 956 1122 1012; x_wconf 84' lang='lat' dir='ltr'><strong>Nos</strong></span> <span class='ocrx_word' id='word_1_560' title='bbox 1134 974 1282 1027; x_wconf 87' lang='lat' dir='ltr'><strong>sequemur</strong></span> <span class='ocrx_word' id='word_1_561' title='bbox 1298 961 1522 1016; x_wconf 86' lang='lat' dir='ltr'><strong>observationem</strong></span> <span class='ocrx_word' id='word_1_562' title='bbox 1534 965 1679 1019; x_wconf 83' lang='lat' dir='ltr'><strong>Caesaris:</strong></span> <span class='ocrx_word' id='word_1_563' title='bbox 1702 967 1834 1021; x_wconf 76' lang='lat' dir='ltr'><strong>maxime·</strong></span> 
     </span>
     <span class='ocr_line' id='line_1_85' title="bbox 1030 1028 1831 1095; baseline 0.011 -16"><span class='ocrx_word' id='word_1_564' title='bbox 1030 1044 1082 1095; x_wconf 92' lang='lat' dir='ltr'><strong>que</strong></span> <span class='ocrx_word' id='word_1_565' title='bbox 1095 1028 1163 1080; x_wconf 88' lang='lat' dir='ltr'><strong>baec</strong></span> <span class='ocrx_word' id='word_1_566' title='bbox 1172 1030 1229 1089; x_wconf 82' lang='lat' dir='ltr'><strong>erit</strong></span> <span class='ocrx_word' id='word_1_567' title='bbox 1238 1029 1338 1082; x_wconf 87' lang='lat' dir='ltr'><strong>Italiae</strong></span> <span class='ocrx_word' id='word_1_568' title='bbox 1349 1031 1433 1083; x_wconf 87' lang='lat' dir='ltr'><strong>ratio.</strong></span> <span class='ocrx_word' id='word_1_569' title='bbox 1469 1032 1600 1085; x_wconf 83' lang='lat' dir='ltr'><strong>Dicemus</strong></span> <span class='ocrx_word' id='word_1_570' title='bbox 1616 1043 1710 1089; x_wconf 87' lang='lat' dir='ltr'><strong>tamen</strong></span> <span class='ocrx_word' id='word_1_571' title='bbox 1721 1043 1749 1088; x_wconf 90' lang='lat' dir='ltr'><strong>et</strong></span> <span class='ocrx_word' id='word_1_572' title='bbox 1761 1037 1831 1088; x_wconf 90' lang='lat' dir='ltr'><strong>alio·</strong></span> 
     </span>
     <span class='ocr_line' id='line_1_86' title="bbox 1030 1096 1833 1167; baseline 0.007 -18"><span class='ocrx_word' id='word_1_573' title='bbox 1030 1111 1089 1149; x_wconf 90' lang='lat' dir='ltr'><strong>rum</strong></span> <span class='ocrx_word' id='word_1_574' title='bbox 1102 1096 1217 1163; x_wconf 74' lang='lat' dir='ltr'><strong>placitat</strong></span> <span class='ocrx_word' id='word_1_575' title='bbox 1240 1100 1370 1164; x_wconf 90' lang='lat' dir='ltr'><strong>quoniam</strong></span> <span class='ocrx_word' id='word_1_576' title='bbox 1386 1115 1440 1153; x_wconf 90' lang='lat' dir='ltr'><strong>non</strong></span> <span class='ocrx_word' id='word_1_577' title='bbox 1456 1100 1537 1153; x_wconf 90' lang='lat' dir='ltr'><strong>unius</strong></span> <span class='ocrx_word' id='word_1_578' title='bbox 1553 1112 1664 1167; x_wconf 85' lang='lat' dir='ltr'><strong>terrae,</strong></span> <span class='ocrx_word' id='word_1_579' title='bbox 1684 1107 1731 1157; x_wconf 88' lang='lat' dir='ltr'><strong>sed</strong></span> <span class='ocrx_word' id='word_1_580' title='bbox 1745 1105 1833 1157; x_wconf 91' lang='lat' dir='ltr'><strong>totius</strong></span> 
     </span>
     <span class='ocr_line' id='line_1_87' title="bbox 1030 1168 1833 1241; baseline 0.01 -24"><span class='ocrx_word' id='word_1_581' title='bbox 1030 1172 1148 1219; x_wconf 85' lang='lat' dir='ltr'><strong>naturae</strong></span> <span class='ocrx_word' id='word_1_582' title='bbox 1167 1168 1335 1233; x_wconf 86' lang='lat' dir='ltr'><strong>interpretes</strong></span> <span class='ocrx_word' id='word_1_583' title='bbox 1346 1185 1457 1221; x_wconf 80' lang='lat' dir='ltr'><strong>suosne:</strong></span> <span class='ocrx_word' id='word_1_584' title='bbox 1477 1184 1532 1221; x_wconf 89' lang='lat' dir='ltr'><strong>uon</strong></span> <span class='ocrx_word' id='word_1_585' title='bbox 1550 1175 1711 1226; x_wconf 85' lang='lat' dir='ltr'><strong>auctoribus</strong></span> <span class='ocrx_word' id='word_1_586' title='bbox 1732 1176 1833 1241; x_wconf 91' lang='lat' dir='ltr'><strong>positis</strong></span> 
     </span>
     <span class='ocr_line' id='line_1_88' title="bbox 1031 1233 1831 1311; baseline 0.01 -26"><span class='ocrx_word' id='word_1_587' title='bbox 1031 1233 1076 1304; x_wconf 90' lang='lat' dir='ltr'><strong>(id</strong></span> <span class='ocrx_word' id='word_1_588' title='bbox 1097 1236 1169 1286; x_wconf 90' lang='lat' dir='ltr'><strong>enim</strong></span> <span class='ocrx_word' id='word_1_589' title='bbox 1193 1238 1337 1289; x_wconf 87' lang='lat' dir='ltr'><strong>verbosum</strong></span> <span class='ocrx_word' id='word_1_590' title='bbox 1362 1242 1414 1299; x_wconf 85' lang='lat' dir='ltr'><strong>est)</strong></span> <span class='ocrx_word' id='word_1_591' title='bbox 1436 1237 1485 1288; x_wconf 89' lang='lat' dir='ltr'><strong>sed</strong></span> <span class='ocrx_word' id='word_1_592' title='bbox 1506 1241 1677 1306; x_wconf 82' lang='lat' dir='ltr'><strong>regionibus:</strong></span> <span class='ocrx_word' id='word_1_593' title='bbox 1701 1243 1831 1311; x_wconf 83' lang='lat' dir='ltr'><strong>legentes</strong></span> 
     </span>
     <span class='ocr_line' id='line_1_89' title="bbox 1031 1307 1832 1375; baseline 0.007 -20"><span class='ocrx_word' id='word_1_594' title='bbox 1031 1312 1138 1357; x_wconf 88' lang='lat' dir='ltr'><strong>tantum</strong></span> <span class='ocrx_word' id='word_1_595' title='bbox 1150 1307 1332 1369; x_wconf 87' lang='lat' dir='ltr'><strong>meminerint,</strong></span> <span class='ocrx_word' id='word_1_596' title='bbox 1343 1307 1489 1359; x_wconf 87' lang='lat' dir='ltr'><strong>brevitatis</strong></span> <span class='ocrx_word' id='word_1_597' title='bbox 1499 1310 1598 1375; x_wconf 86' lang='lat' dir='ltr'><strong>gratia,</strong></span> <span class='ocrx_word' id='word_1_598' title='bbox 1609 1326 1670 1362; x_wconf 82' lang='lat' dir='ltr'><strong>cunr</strong></span> <span class='ocrx_word' id='word_1_599' title='bbox 1683 1313 1774 1364; x_wconf 77' lang='lat' dir='ltr'><strong>Attica</strong></span> <span class='ocrx_word' id='word_1_600' title='bbox 1786 1328 1832 1363; x_wconf 89' lang='lat' dir='ltr'><strong>oo-</strong></span> 
     </span>
     <span class='ocr_line' id='line_1_90' title="bbox 1030 1374 1831 1444; baseline 0.007 -19"><span class='ocrx_word' id='word_1_601' title='bbox 1030 1376 1136 1425; x_wconf 83' lang='lat' dir='ltr'><strong>otirrata</strong></span> <span class='ocrx_word' id='word_1_602' title='bbox 1157 1374 1251 1432; x_wconf 80' lang='lat' dir='ltr'><strong>suerit,</strong></span> <span class='ocrx_word' id='word_1_603' title='bbox 1270 1375 1354 1427; x_wconf 90' lang='lat' dir='ltr'><strong>simul</strong></span> <span class='ocrx_word' id='word_1_604' title='bbox 1374 1375 1535 1444; x_wconf 87' lang='lat' dir='ltr'><strong>intelligere</strong></span> <span class='ocrx_word' id='word_1_605' title='bbox 1553 1378 1691 1443; x_wconf 77' lang='lat' dir='ltr'><strong>Cycladas</strong></span> <span class='ocrx_word' id='word_1_606' title='bbox 1711 1382 1831 1433; x_wconf 87' lang='lat' dir='ltr'><strong>insulas:</strong></span> 
     </span>
     <span class='ocr_line' id='line_1_91' title="bbox 1031 1443 1833 1518; baseline 0.004 -22"><span class='ocrx_word' id='word_1_607' title='bbox 1031 1459 1092 1496; x_wconf 89' lang='lat' dir='ltr'><strong>cum</strong></span> <span class='ocrx_word' id='word_1_608' title='bbox 1105 1443 1279 1504; x_wconf 86' lang='lat' dir='ltr'><strong>Macedonia,</strong></span> <span class='ocrx_word' id='word_1_609' title='bbox 1289 1445 1473 1512; x_wconf 88' lang='lat' dir='ltr'><strong>Magnesiam,</strong></span> <span class='ocrx_word' id='word_1_610' title='bbox 1486 1444 1648 1497; x_wconf 77' lang='lat' dir='ltr'><strong>Thraciam:</strong></span> <span class='ocrx_word' id='word_1_611' title='bbox 1672 1464 1731 1498; x_wconf 87' lang='lat' dir='ltr'><strong>eum</strong></span> <span class='ocrx_word' id='word_1_612' title='bbox 1743 1452 1833 1518; x_wconf 70' lang='lat' dir='ltr'><strong>,togy-</strong></span> 
     </span>
     <span class='ocr_line' id='line_1_92' title="bbox 1031 1511 1833 1634; baseline 0.004 -71"><span class='ocrx_word' id='word_1_613' title='bbox 1031 1520 1106 1634; x_wconf 58' lang='lat' dir='ltr'><strong>qtus,</strong></span> <span class='ocrx_word' id='word_1_614' title='bbox 1127 1511 1296 1576; x_wconf 89' lang='lat' dir='ltr'><strong>Phoenicen,</strong></span> <span class='ocrx_word' id='word_1_615' title='bbox 1317 1516 1449 1581; x_wconf 85' lang='lat' dir='ltr'><strong>Cyprum,</strong></span> <span class='ocrx_word' id='word_1_616' title='bbox 1470 1514 1614 1567; x_wconf 85' lang='lat' dir='ltr'><strong>Ciliciam:</strong></span> <span class='ocrx_word' id='word_1_617' title='bbox 1633 1530 1694 1568; x_wconf 89' lang='lat' dir='ltr'><strong>enos</strong></span> <span class='ocrx_word' id='word_1_618' title='bbox 1706 1519 1833 1580; x_wconf 66' lang='lat' dir='ltr'><strong>Boeotia,</strong></span> 
     </span>
    </p>

    <p class='ocr_par' dir='ltr' id='par_1_8' title="bbox 1031 1581 1880 2897">
     <span class='ocr_line' id='line_1_93' title="bbox 1060 1581 1833 1651; baseline 0.001 -16"><span class='ocrx_word' id='word_1_619' title='bbox 1060 1581 1190 1645; x_wconf 77' lang='lat' dir='ltr'><strong>peridem,</strong></span> <span class='ocrx_word' id='word_1_620' title='bbox 1212 1581 1369 1645; x_wconf 84' lang='lat' dir='ltr'><strong>Phocidem,</strong></span> <span class='ocrx_word' id='word_1_621' title='bbox 1391 1590 1420 1634; x_wconf 86' lang='lat' dir='ltr'><strong>et</strong></span> <span class='ocrx_word' id='word_1_622' title='bbox 1439 1582 1574 1636; x_wconf 83' lang='lat' dir='ltr'><strong>finitimos</strong></span> <span class='ocrx_word' id='word_1_623' title='bbox 1595 1595 1833 1651; x_wconf 81' lang='lat' dir='ltr'><strong>sempertractna:</strong></span> 
     </span>
     <span class='ocr_line' id='line_1_94' title="bbox 1031 1650 1831 1719; baseline 0.003 -16"><span class='ocrx_word' id='word_1_624' title='bbox 1031 1666 1093 1703; x_wconf 82' lang='lat' dir='ltr'><strong>cunr</strong></span> <span class='ocrx_word' id='word_1_625' title='bbox 1106 1652 1316 1719; x_wconf 85' lang='lat' dir='ltr'><strong>Hellespontus,</strong></span> <span class='ocrx_word' id='word_1_626' title='bbox 1337 1650 1548 1716; x_wconf 88' lang='lat' dir='ltr'><strong>Cherronesum,</strong></span> <span class='ocrx_word' id='word_1_627' title='bbox 1563 1660 1592 1706; x_wconf 87' lang='lat' dir='ltr'><strong>et</strong></span> <span class='ocrx_word' id='word_1_628' title='bbox 1602 1655 1831 1709; x_wconf 83' lang='lat' dir='ltr'><strong>continentiaus·</strong></span> 
     </span>
     <span class='ocr_line' id='line_1_95' title="bbox 1032 1720 1835 1789; baseline 0.004 -18"><span class='ocrx_word' id='word_1_629' title='bbox 1032 1736 1084 1789; x_wconf 90' lang='lat' dir='ltr'><strong>que</strong></span> <span class='ocrx_word' id='word_1_630' title='bbox 1104 1720 1177 1772; x_wconf 81' lang='lat' dir='ltr'><strong>Atho</strong></span> <span class='ocrx_word' id='word_1_631' title='bbox 1199 1728 1337 1773; x_wconf 87' lang='lat' dir='ltr'><strong>montem:</strong></span> <span class='ocrx_word' id='word_1_632' title='bbox 1367 1737 1428 1774; x_wconf 90' lang='lat' dir='ltr'><strong>enm</strong></span> <span class='ocrx_word' id='word_1_633' title='bbox 1449 1722 1537 1784; x_wconf 90' lang='lat' dir='ltr'><strong>Ionia,</strong></span> <span class='ocrx_word' id='word_1_634' title='bbox 1556 1724 1664 1789; x_wconf 76' lang='lat' dir='ltr'><strong>Asiam,</strong></span> <span class='ocrx_word' id='word_1_635' title='bbox 1681 1731 1710 1777; x_wconf 91' lang='lat' dir='ltr'><strong>et</strong></span> <span class='ocrx_word' id='word_1_636' title='bbox 1731 1724 1835 1775; x_wconf 90' lang='lat' dir='ltr'><strong>insulas</strong></span> 
     </span>
     <span class='ocr_line' id='line_1_96' title="bbox 1032 1789 1855 1859; baseline 0 -16"><span class='ocrx_word' id='word_1_637' title='bbox 1032 1792 1132 1843; x_wconf 79' lang='lat' dir='ltr'><strong>lisiae:</strong></span> <span class='ocrx_word' id='word_1_638' title='bbox 1152 1805 1212 1841; x_wconf 90' lang='lat' dir='ltr'><strong>cum</strong></span> <span class='ocrx_word' id='word_1_639' title='bbox 1233 1789 1446 1857; x_wconf 83' lang='lat' dir='ltr'><strong>Peloponnesus,</strong></span> <span class='ocrx_word' id='word_1_640' title='bbox 1469 1790 1608 1856; x_wconf 79' lang='lat' dir='ltr'><strong>Achaiam,</strong></span> <span class='ocrx_word' id='word_1_641' title='bbox 1629 1800 1658 1846; x_wconf 88' lang='lat' dir='ltr'><strong>et</strong></span> <span class='ocrx_word' id='word_1_642' title='bbox 1680 1794 1714 1845; x_wconf 89' lang='lat' dir='ltr'><strong>ad</strong></span> <span class='ocrx_word' id='word_1_643' title='bbox 1727 1794 1855 1859; x_wconf 85' lang='lat' dir='ltr'><strong>Ileepe·.</strong></span> 
     </span>
     <span class='ocr_line' id='line_1_97' title="bbox 1032 1859 1834 1930; baseline 0.007 -19"><span class='ocrx_word' id='word_1_644' title='bbox 1032 1875 1092 1911; x_wconf 83' lang='lat' dir='ltr'><strong>runs</strong></span> <span class='ocrx_word' id='word_1_645' title='bbox 1103 1860 1224 1911; x_wconf 87' lang='lat' dir='ltr'><strong>iacentes</strong></span> <span class='ocrx_word' id='word_1_646' title='bbox 1235 1868 1333 1911; x_wconf 88' lang='lat' dir='ltr'><strong>terras.</strong></span> <span class='ocrx_word' id='word_1_647' title='bbox 1373 1859 1503 1911; x_wconf 81' lang='lat' dir='ltr'><strong>Chaldaei</strong></span> <span class='ocrx_word' id='word_1_648' title='bbox 1514 1863 1656 1930; x_wconf 81' lang='lat' dir='ltr'><strong>Assyriam</strong></span> <span class='ocrx_word' id='word_1_649' title='bbox 1672 1871 1701 1916; x_wconf 86' lang='lat' dir='ltr'><strong>et</strong></span> <span class='ocrx_word' id='word_1_650' title='bbox 1712 1864 1771 1915; x_wconf 87' lang='lat' dir='ltr'><strong>Bab</strong></span> <span class='ocrx_word' id='word_1_651' title='bbox 1793 1863 1834 1917; x_wconf 85' lang='lat' dir='ltr'><strong>Io·</strong></span> 
     </span>
     <span class='ocr_line' id='line_1_98' title="bbox 1033 1880 1836 1998; baseline 0.004 -19"><span class='ocrx_word' id='word_1_652' title='bbox 1033 1930 1105 1981; x_wconf 89' lang='lat' dir='ltr'><strong>niam</strong></span> <span class='ocrx_word' id='word_1_653' title='bbox 1119 1929 1357 1981; x_wconf 87' lang='lat' dir='ltr'><strong>demonstrabunt.</strong></span> <span class='ocrx_word' id='word_1_654' title='bbox 1393 1930 1523 1993; x_wconf 81' lang='lat' dir='ltr'><strong>Africam,</strong></span> <span class='ocrx_word' id='word_1_655' title='bbox 1545 1933 1706 1998; x_wconf 85' lang='lat' dir='ltr'><strong>Hispanias,</strong></span> <span class='ocrx_word' id='word_1_656' title='bbox 1728 1880 1836 1983; x_wconf 73' lang='lat' dir='ltr'><strong>cadiae</strong></span> 
     </span>
     <span class='ocr_line' id='line_1_99' title="bbox 1031 1998 1880 2061; baseline 0 -12"><span class='ocrx_word' id='word_1_657' title='bbox 1031 1999 1109 2050; x_wconf 89' lang='lat' dir='ltr'><strong>sileri</strong></span> <span class='ocrx_word' id='word_1_658' title='bbox 1121 2014 1175 2050; x_wconf 89' lang='lat' dir='ltr'><strong>noo</strong></span> <span class='ocrx_word' id='word_1_659' title='bbox 1186 1998 1239 2051; x_wconf 88' lang='lat' dir='ltr'><strong>erit</strong></span> <span class='ocrx_word' id='word_1_660' title='bbox 1249 1999 1360 2061; x_wconf 82' lang='lat' dir='ltr'><strong>mirans.</strong></span> <span class='ocrx_word' id='word_1_661' title='bbox 1396 1998 1485 2050; x_wconf 91' lang='lat' dir='ltr'><strong>Nemo</strong></span> <span class='ocrx_word' id='word_1_662' title='bbox 1502 2001 1574 2052; x_wconf 89' lang='lat' dir='ltr'><strong>enim</strong></span> <span class='ocrx_word' id='word_1_663' title='bbox 1587 2003 1742 2053; x_wconf 83' lang='lat' dir='ltr'><strong>observarit</strong></span> <span class='ocrx_word' id='word_1_664' title='bbox 1751 2003 1779 2052; x_wconf 91' lang='lat' dir='ltr'><strong>in</strong></span> <span class='ocrx_word' id='word_1_665' title='bbox 1792 2001 1836 2061; x_wconf 90' lang='lat' dir='ltr'><strong>iis,</strong></span> <span class='ocrx_word' id='word_1_666' title='bbox 1877 2026 1880 2033; x_wconf 77' lang='lat'><em>,</em></span> 
     </span>
     <span class='ocr_line' id='line_1_100' title="bbox 1031 2068 1834 2137; baseline -0.001 -16"><span class='ocrx_word' id='word_1_667' title='bbox 1031 2070 1078 2137; x_wconf 92' lang='lat' dir='ltr'><strong>qui</strong></span> <span class='ocrx_word' id='word_1_668' title='bbox 1090 2069 1212 2121; x_wconf 87' lang='lat' dir='ltr'><strong>siderum</strong></span> <span class='ocrx_word' id='word_1_669' title='bbox 1229 2068 1362 2136; x_wconf 87' lang='lat' dir='ltr'><strong>proderet</strong></span> <span class='ocrx_word' id='word_1_670' title='bbox 1378 2074 1501 2123; x_wconf 80' lang='lat' dir='ltr'><strong>exortus.</strong></span> <span class='ocrx_word' id='word_1_671' title='bbox 1539 2070 1602 2122; x_wconf 88' lang='lat' dir='ltr'><strong>Non</strong></span> <span class='ocrx_word' id='word_1_672' title='bbox 1619 2078 1710 2124; x_wconf 87' lang='lat' dir='ltr'><strong>tameo</strong></span> <span class='ocrx_word' id='word_1_673' title='bbox 1727 2069 1834 2123; x_wconf 85' lang='lat' dir='ltr'><strong>difficili</strong></span> 
     </span>
     <span class='ocr_line' id='line_1_101' title="bbox 1031 2138 1836 2206; baseline -0.001 -15"><span class='ocrx_word' id='word_1_674' title='bbox 1031 2140 1140 2191; x_wconf 86' lang='lat' dir='ltr'><strong>ratione</strong></span> <span class='ocrx_word' id='word_1_675' title='bbox 1152 2139 1352 2205; x_wconf 78' lang='lat' dir='ltr'><strong>dignoscantur</strong></span> <span class='ocrx_word' id='word_1_676' title='bbox 1366 2138 1466 2190; x_wconf 89' lang='lat' dir='ltr'><strong>inillis</strong></span> <span class='ocrx_word' id='word_1_677' title='bbox 1482 2154 1591 2206; x_wconf 88' lang='lat' dir='ltr'><strong>qnoque</strong></span> <span class='ocrx_word' id='word_1_678' title='bbox 1608 2141 1692 2193; x_wconf 88' lang='lat' dir='ltr'><strong>terris</strong></span> <span class='ocrx_word' id='word_1_679' title='bbox 1705 2139 1836 2206; x_wconf 86' lang='lat' dir='ltr'><strong>digestio·</strong></span> 
     </span>
     <span class='ocr_line' id='line_1_102' title="bbox 1032 2209 1836 2276; baseline 0.001 -16"><span class='ocrx_word' id='word_1_680' title='bbox 1032 2226 1065 2262; x_wconf 90' lang='lat' dir='ltr'><strong>ne</strong></span> <span class='ocrx_word' id='word_1_681' title='bbox 1077 2210 1251 2269; x_wconf 89' lang='lat' dir='ltr'><strong>circulorum,</strong></span> <span class='ocrx_word' id='word_1_682' title='bbox 1263 2224 1344 2276; x_wconf 93' lang='lat' dir='ltr'><strong>quam</strong></span> <span class='ocrx_word' id='word_1_683' title='bbox 1356 2209 1384 2259; x_wconf 91' lang='lat' dir='ltr'><strong>in</strong></span> <span class='ocrx_word' id='word_1_684' title='bbox 1397 2216 1478 2260; x_wconf 85' lang='lat' dir='ltr'><strong>sexto</strong></span> <span class='ocrx_word' id='word_1_685' title='bbox 1488 2209 1627 2263; x_wconf 87' lang='lat' dir='ltr'><strong>volumine</strong></span> <span class='ocrx_word' id='word_1_686' title='bbox 1638 2210 1763 2260; x_wconf 83' lang='lat' dir='ltr'><strong>IecImus:</strong></span> <span class='ocrx_word' id='word_1_687' title='bbox 1781 2223 1836 2275; x_wconf 83' lang='lat' dir='ltr'><strong>qua</strong></span> 
     </span>
     <span class='ocr_line' id='line_1_103' title="bbox 1033 2278 1835 2345; baseline -0.004 -14"><span class='ocrx_word' id='word_1_688' title='bbox 1033 2280 1164 2345; x_wconf 88' lang='lat' dir='ltr'><strong>cognatio</strong></span> <span class='ocrx_word' id='word_1_689' title='bbox 1177 2278 1257 2340; x_wconf 87' lang='lat' dir='ltr'><strong>caeli,</strong></span> <span class='ocrx_word' id='word_1_690' title='bbox 1277 2294 1331 2330; x_wconf 89' lang='lat' dir='ltr'><strong>non</strong></span> <span class='ocrx_word' id='word_1_691' title='bbox 1352 2279 1476 2344; x_wconf 86' lang='lat' dir='ltr'><strong>gentium</strong></span> <span class='ocrx_word' id='word_1_692' title='bbox 1499 2278 1591 2340; x_wconf 83' lang='lat' dir='ltr'><strong>modo,</strong></span> <span class='ocrx_word' id='word_1_693' title='bbox 1614 2280 1707 2331; x_wconf 80' lang='lat' dir='ltr'><strong>verum</strong></span> <span class='ocrx_word' id='word_1_694' title='bbox 1723 2279 1835 2331; x_wconf 88' lang='lat' dir='ltr'><strong>urbium</strong></span> 
     </span>
     <span class='ocr_line' id='line_1_104' title="bbox 1032 2346 1836 2415; baseline 0.002 -18"><span class='ocrx_word' id='word_1_695' title='bbox 1032 2363 1141 2413; x_wconf 83' lang='lat' dir='ltr'><strong>quoque</strong></span> <span class='ocrx_word' id='word_1_696' title='bbox 1161 2347 1332 2413; x_wconf 81' lang='lat' dir='ltr'><strong>singularum</strong></span> <span class='ocrx_word' id='word_1_697' title='bbox 1354 2346 1531 2415; x_wconf 84' lang='lat' dir='ltr'><strong>intelligitur,</strong></span> <span class='ocrx_word' id='word_1_698' title='bbox 1552 2354 1620 2401; x_wconf 89' lang='lat' dir='ltr'><strong>nota</strong></span> <span class='ocrx_word' id='word_1_699' title='bbox 1633 2347 1721 2401; x_wconf 76' lang='lat' dir='ltr'><strong>euthia</strong></span> <span class='ocrx_word' id='word_1_700' title='bbox 1743 2349 1836 2411; x_wconf 85' lang='lat' dir='ltr'><strong>terrie,</strong></span> 
     </span>
     <span class='ocr_line' id='line_1_105' title="bbox 1033 2415 1834 2482; baseline 0.004 -17"><span class='ocrx_word' id='word_1_701' title='bbox 1033 2431 1100 2482; x_wconf 88' lang='lat' dir='ltr'><strong>quas</strong></span> <span class='ocrx_word' id='word_1_702' title='bbox 1113 2415 1332 2476; x_wconf 78' lang='lat' dir='ltr'><strong>nominavimus,</strong></span> <span class='ocrx_word' id='word_1_703' title='bbox 1352 2422 1445 2465; x_wconf 91' lang='lat' dir='ltr'><strong>sumta</strong></span> <span class='ocrx_word' id='word_1_704' title='bbox 1456 2419 1632 2473; x_wconf 78' lang='lat' dir='ltr'><strong>convexitate</strong></span> <span class='ocrx_word' id='word_1_705' title='bbox 1643 2417 1742 2469; x_wconf 83' lang='lat' dir='ltr'><strong>circuli</strong></span> <span class='ocrx_word' id='word_1_706' title='bbox 1751 2419 1834 2482; x_wconf 86' lang='lat' dir='ltr'><strong>perti·</strong></span> 
     </span>
     <span class='ocr_line' id='line_1_106' title="bbox 1032 2483 1836 2550; baseline 0.002 -16"><span class='ocrx_word' id='word_1_707' title='bbox 1032 2485 1123 2535; x_wconf 86' lang='lat' dir='ltr'><strong>nentis</strong></span> <span class='ocrx_word' id='word_1_708' title='bbox 1133 2485 1168 2535; x_wconf 90' lang='lat' dir='ltr'><strong>ad</strong></span> <span class='ocrx_word' id='word_1_709' title='bbox 1182 2498 1250 2549; x_wconf 90' lang='lat' dir='ltr'><strong>quas</strong></span> <span class='ocrx_word' id='word_1_710' title='bbox 1260 2485 1376 2549; x_wconf 89' lang='lat' dir='ltr'><strong>quisque</strong></span> <span class='ocrx_word' id='word_1_711' title='bbox 1387 2491 1503 2550; x_wconf 87' lang='lat' dir='ltr'><strong>quaeret</strong></span> <span class='ocrx_word' id='word_1_712' title='bbox 1511 2489 1602 2535; x_wconf 88' lang='lat' dir='ltr'><strong>terras</strong></span> <span class='ocrx_word' id='word_1_713' title='bbox 1613 2519 1621 2545; x_wconf 89' lang='lat'><strong>,</strong></span> <span class='ocrx_word' id='word_1_714' title='bbox 1653 2491 1682 2536; x_wconf 92' lang='lat' dir='ltr'><strong>et</strong></span> <span class='ocrx_word' id='word_1_715' title='bbox 1693 2483 1729 2536; x_wconf 89' lang='lat' dir='ltr'><strong>ad</strong></span> <span class='ocrx_word' id='word_1_716' title='bbox 1739 2500 1836 2537; x_wconf 88' lang='lat' dir='ltr'><strong>earum</strong></span> 
     </span>
     <span class='ocr_line' id='line_1_107' title="bbox 1031 2552 1836 2619; baseline 0.006 -17"><span class='ocrx_word' id='word_1_717' title='bbox 1031 2553 1153 2603; x_wconf 75' lang='lat' dir='ltr'><strong>cineum</strong></span> <span class='ocrx_word' id='word_1_718' title='bbox 1166 2559 1294 2613; x_wconf 82' lang='lat' dir='ltr'><strong>exortus,</strong></span> <span class='ocrx_word' id='word_1_719' title='bbox 1315 2566 1365 2617; x_wconf 88' lang='lat' dir='ltr'><strong>per</strong></span> <span class='ocrx_word' id='word_1_720' title='bbox 1376 2555 1498 2603; x_wconf 88' lang='lat' dir='ltr'><strong>omnium</strong></span> <span class='ocrx_word' id='word_1_721' title='bbox 1511 2552 1676 2605; x_wconf 89' lang='lat' dir='ltr'><strong>circulorum</strong></span> <span class='ocrx_word' id='word_1_722' title='bbox 1687 2567 1769 2619; x_wconf 85' lang='lat' dir='ltr'><strong>pares</strong></span> <span class='ocrx_word' id='word_1_723' title='bbox 1780 2569 1836 2607; x_wconf 90' lang='lat' dir='ltr'><strong>um·</strong></span> 
     </span>
     <span class='ocr_line' id='line_1_108' title="bbox 1032 2619 1835 2689; baseline 0.002 -18"><span class='ocrx_word' id='word_1_724' title='bbox 1032 2622 1106 2673; x_wconf 88' lang='lat' dir='ltr'><strong>bras.</strong></span> <span class='ocrx_word' id='word_1_725' title='bbox 1144 2619 1321 2672; x_wconf 88' lang='lat' dir='ltr'><strong>indicandum</strong></span> <span class='ocrx_word' id='word_1_726' title='bbox 1335 2627 1364 2671; x_wconf 89' lang='lat' dir='ltr'><strong>et</strong></span> <span class='ocrx_word' id='word_1_727' title='bbox 1374 2619 1453 2682; x_wconf 93' lang='lat' dir='ltr'><strong>illud,</strong></span> <span class='ocrx_word' id='word_1_728' title='bbox 1474 2628 1656 2688; x_wconf 88' lang='lat' dir='ltr'><strong>tempestates</strong></span> <span class='ocrx_word' id='word_1_729' title='bbox 1668 2624 1743 2689; x_wconf 85' lang='lat' dir='ltr'><strong>ipsas</strong></span> <span class='ocrx_word' id='word_1_730' title='bbox 1754 2620 1835 2675; x_wconf 83' lang='lat' dir='ltr'><strong>ardo·</strong></span> 
     </span>
     <span class='ocr_line' id='line_1_109' title="bbox 1032 2688 1836 2757; baseline -0.001 -14"><span class='ocrx_word' id='word_1_731' title='bbox 1032 2706 1076 2743; x_wconf 89' lang='lat' dir='ltr'><strong>res</strong></span> <span class='ocrx_word' id='word_1_732' title='bbox 1087 2706 1153 2741; x_wconf 89' lang='lat' dir='ltr'><strong>suos</strong></span> <span class='ocrx_word' id='word_1_733' title='bbox 1165 2688 1267 2741; x_wconf 87' lang='lat' dir='ltr'><strong>habere</strong></span> <span class='ocrx_word' id='word_1_734' title='bbox 1278 2688 1422 2757; x_wconf 83' lang='lat' dir='ltr'><strong>quadrinis</strong></span> <span class='ocrx_word' id='word_1_735' title='bbox 1439 2692 1530 2741; x_wconf 89' lang='lat' dir='ltr'><strong>annis:</strong></span> <span class='ocrx_word' id='word_1_736' title='bbox 1548 2696 1576 2743; x_wconf 88' lang='lat' dir='ltr'><strong>et</strong></span> <span class='ocrx_word' id='word_1_737' title='bbox 1587 2693 1697 2744; x_wconf 87' lang='lat' dir='ltr'><strong>easdem</strong></span> <span class='ocrx_word' id='word_1_738' title='bbox 1712 2707 1766 2742; x_wconf 90' lang='lat' dir='ltr'><strong>non</strong></span> <span class='ocrx_word' id='word_1_739' title='bbox 1782 2706 1836 2743; x_wconf 91' lang='lat' dir='ltr'><strong>ma·</strong></span> 
     </span>
     <span class='ocr_line' id='line_1_110' title="bbox 1032 2758 1835 2829; baseline 0 -18"><span class='ocrx_word' id='word_1_740' title='bbox 1032 2775 1087 2829; x_wconf 86' lang='lat' dir='ltr'><strong>goa</strong></span> <span class='ocrx_word' id='word_1_741' title='bbox 1107 2758 1265 2811; x_wconf 83' lang='lat' dir='ltr'><strong>differentia</strong></span> <span class='ocrx_word' id='word_1_742' title='bbox 1286 2760 1389 2810; x_wconf 88' lang='lat' dir='ltr'><strong>reverti</strong></span> <span class='ocrx_word' id='word_1_743' title='bbox 1409 2758 1519 2810; x_wconf 85' lang='lat' dir='ltr'><strong>ratione</strong></span> <span class='ocrx_word' id='word_1_744' title='bbox 1530 2758 1616 2812; x_wconf 84' lang='lat' dir='ltr'><strong>Solis:</strong></span> <span class='ocrx_word' id='word_1_745' title='bbox 1639 2760 1751 2812; x_wconf 86' lang='lat' dir='ltr'><strong>octonis</strong></span> <span class='ocrx_word' id='word_1_746' title='bbox 1770 2774 1835 2811; x_wconf 86' lang='lat' dir='ltr'><strong>vero</strong></span> 
     </span>
     <span class='ocr_line' id='line_1_111' title="bbox 1032 2827 1741 2897; baseline -0.003 -14"><span class='ocrx_word' id='word_1_747' title='bbox 1032 2830 1128 2897; x_wconf 77' lang='lat' dir='ltr'><strong>aligeri</strong></span> <span class='ocrx_word' id='word_1_748' title='bbox 1142 2827 1265 2889; x_wconf 89' lang='lat' dir='ltr'><strong>easdem,</strong></span> <span class='ocrx_word' id='word_1_749' title='bbox 1277 2827 1430 2880; x_wconf 80' lang='lat' dir='ltr'><strong>centesima</strong></span> <span class='ocrx_word' id='word_1_750' title='bbox 1440 2827 1600 2881; x_wconf 73' lang='lat' dir='ltr'><strong>revolvente</strong></span> <span class='ocrx_word' id='word_1_751' title='bbox 1610 2844 1640 2881; x_wconf 89' lang='lat' dir='ltr'><strong>se</strong></span> <span class='ocrx_word' id='word_1_752' title='bbox 1651 2830 1741 2882; x_wconf 83' lang='lat' dir='ltr'><strong>Luna.</strong></span> 
     </span>
    </p>

    <p class='ocr_par' dir='ltr' id='par_1_9' title="bbox 1032 2896 1906 3989">
     <span class='ocr_line' id='line_1_112' title="bbox 1067 2896 1835 2953; baseline -0.003 -2"><span class='ocrx_word' id='word_1_753' title='bbox 1067 2896 1165 2951; x_wconf 53' lang='lat' dir='ltr'><strong>livill.</strong></span> <span class='ocrx_word' id='word_1_754' title='bbox 1190 2897 1287 2951; x_wconf 87' lang='lat' dir='ltr'><strong>Omnis</strong></span> <span class='ocrx_word' id='word_1_755' title='bbox 1308 2903 1401 2949; x_wconf 88' lang='lat' dir='ltr'><strong>autem</strong></span> <span class='ocrx_word' id='word_1_756' title='bbox 1421 2896 1495 2947; x_wconf 87' lang='lat' dir='ltr'><strong>ratio</strong></span> <span class='ocrx_word' id='word_1_757' title='bbox 1517 2900 1668 2950; x_wconf 87' lang='lat' dir='ltr'><strong>observata</strong></span> <span class='ocrx_word' id='word_1_758' title='bbox 1685 2906 1728 2951; x_wconf 87' lang='lat' dir='ltr'><strong>est</strong></span> <span class='ocrx_word' id='word_1_759' title='bbox 1747 2899 1835 2953; x_wconf 89' lang='lat' dir='ltr'><strong>tribus</strong></span> 
     </span>
     <span class='ocr_line' id='line_1_113' title="bbox 1032 2964 1906 3034; baseline 0.002 -15"><span class='ocrx_word' id='word_1_760' title='bbox 1032 2967 1135 3019; x_wconf 78' lang='lat' dir='ltr'><strong>nrtrdis:</strong></span> <span class='ocrx_word' id='word_1_761' title='bbox 1155 2974 1256 3019; x_wconf 86' lang='lat' dir='ltr'><strong>exortu</strong></span> <span class='ocrx_word' id='word_1_762' title='bbox 1267 2966 1400 3029; x_wconf 88' lang='lat' dir='ltr'><strong>siderum,</strong></span> <span class='ocrx_word' id='word_1_763' title='bbox 1411 2981 1577 3033; x_wconf 87' lang='lat' dir='ltr'><strong>occasuque,</strong></span> <span class='ocrx_word' id='word_1_764' title='bbox 1588 2975 1617 3020; x_wconf 90' lang='lat' dir='ltr'><strong>et</strong></span> <span class='ocrx_word' id='word_1_765' title='bbox 1628 2969 1752 3034; x_wconf 85' lang='lat' dir='ltr'><strong>ipsorum</strong></span> <span class='ocrx_word' id='word_1_766' title='bbox 1771 2976 1836 3021; x_wconf 86' lang='lat' dir='ltr'><strong>tent·</strong></span> <span class='ocrx_word' id='word_1_767' title='bbox 1904 2964 1906 2968; x_wconf 71' lang='grc'><strong>’</strong></span> 
     </span>
     <span class='ocr_line' id='line_1_114' title="bbox 1033 3032 1884 3104; baseline -0.001 -16"><span class='ocrx_word' id='word_1_768' title='bbox 1033 3052 1129 3104; x_wconf 89' lang='lat' dir='ltr'><strong>purum</strong></span> <span class='ocrx_word' id='word_1_769' title='bbox 1144 3035 1312 3087; x_wconf 85' lang='lat' dir='ltr'><strong>cardinibus.</strong></span> <span class='ocrx_word' id='word_1_770' title='bbox 1347 3036 1469 3087; x_wconf 77' lang='lat' dir='ltr'><strong>Exortus</strong></span> <span class='ocrx_word' id='word_1_771' title='bbox 1481 3050 1650 3104; x_wconf 87' lang='lat' dir='ltr'><strong>occasusque</strong></span> <span class='ocrx_word' id='word_1_772' title='bbox 1661 3038 1733 3089; x_wconf 89' lang='lat' dir='ltr'><strong>binis</strong></span> <span class='ocrx_word' id='word_1_773' title='bbox 1744 3037 1836 3089; x_wconf 87' lang='lat' dir='ltr'><strong>modis</strong></span> <span class='ocrx_word' id='word_1_774' title='bbox 1879 3032 1884 3041; x_wconf 90' lang='lat'>&#39;</span> 
     </span>
     <span class='ocr_line' id='line_1_115' title="bbox 1033 3104 1838 3171; baseline 0 -14"><span class='ocrx_word' id='word_1_775' title='bbox 1033 3105 1237 3171; x_wconf 85' lang='lat' dir='ltr'><strong>intelliguntur.</strong></span> <span class='ocrx_word' id='word_1_776' title='bbox 1274 3109 1329 3158; x_wconf 79' lang='lat' dir='ltr'><strong>Aut</strong></span> <span class='ocrx_word' id='word_1_777' title='bbox 1346 3104 1417 3156; x_wconf 92' lang='lat' dir='ltr'><strong>enim</strong></span> <span class='ocrx_word' id='word_1_778' title='bbox 1434 3104 1555 3156; x_wconf 77' lang='lat' dir='ltr'><strong>adventu</strong></span> <span class='ocrx_word' id='word_1_779' title='bbox 1569 3104 1646 3159; x_wconf 85' lang='lat' dir='ltr'><strong>Solis</strong></span> <span class='ocrx_word' id='word_1_780' title='bbox 1661 3107 1838 3159; x_wconf 86' lang='lat' dir='ltr'><strong>occultantur</strong></span> 
     </span>
     <span class='ocr_line' id='line_1_116' title="bbox 1032 3172 1836 3239; baseline 0 -13"><span class='ocrx_word' id='word_1_781' title='bbox 1032 3175 1133 3226; x_wconf 84' lang='lat' dir='ltr'><strong>stellae</strong></span> <span class='ocrx_word' id='word_1_782' title='bbox 1152 3181 1180 3225; x_wconf 94' lang='lat' dir='ltr'><strong>et</strong></span> <span class='ocrx_word' id='word_1_783' title='bbox 1196 3175 1322 3239; x_wconf 90' lang='lat' dir='ltr'><strong>conspici</strong></span> <span class='ocrx_word' id='word_1_784' title='bbox 1337 3172 1480 3236; x_wconf 89' lang='lat' dir='ltr'><strong>desinunt,</strong></span> <span class='ocrx_word' id='word_1_785' title='bbox 1502 3180 1551 3226; x_wconf 91' lang='lat' dir='ltr'><strong>aut</strong></span> <span class='ocrx_word' id='word_1_786' title='bbox 1568 3175 1692 3227; x_wconf 89' lang='lat' dir='ltr'><strong>eiusdem</strong></span> <span class='ocrx_word' id='word_1_787' title='bbox 1704 3176 1836 3228; x_wconf 85' lang='lat' dir='ltr'><strong>abscessu</strong></span> 
     </span>
     <span class='ocr_line' id='line_1_117' title="bbox 1033 3242 1836 3311; baseline -0.001 -16"><span class='ocrx_word' id='word_1_788' title='bbox 1033 3243 1229 3311; x_wconf 78' lang='lat' dir='ltr'><strong>proferuntse.</strong></span> <span class='ocrx_word' id='word_1_789' title='bbox 1265 3245 1411 3294; x_wconf 76' lang='lat' dir='ltr'><strong>liniersum</strong></span> <span class='ocrx_word' id='word_1_790' title='bbox 1421 3242 1475 3293; x_wconf 91' lang='lat' dir='ltr'><strong>hoc</strong></span> <span class='ocrx_word' id='word_1_791' title='bbox 1486 3244 1595 3304; x_wconf 78' lang='lat' dir='ltr'><strong>onelios,</strong></span> <span class='ocrx_word' id='word_1_792' title='bbox 1615 3259 1696 3310; x_wconf 84' lang='lat' dir='ltr'><strong>quarn</strong></span> <span class='ocrx_word' id='word_1_793' title='bbox 1708 3251 1836 3296; x_wconf 75' lang='lat' dir='ltr'><strong>oxomum</strong></span> 
     </span>
     <span class='ocr_line' id='line_1_118' title="bbox 1034 3310 1837 3378; baseline -0.001 -13"><span class='ocrx_word' id='word_1_794' title='bbox 1034 3311 1206 3365; x_wconf 90' lang='lat' dir='ltr'><strong>consuetudo</strong></span> <span class='ocrx_word' id='word_1_795' title='bbox 1218 3311 1350 3364; x_wconf 77' lang='lat' dir='ltr'><strong>dixisset:</strong></span> <span class='ocrx_word' id='word_1_796' title='bbox 1382 3318 1412 3362; x_wconf 89' lang='lat' dir='ltr'><strong>et</strong></span> <span class='ocrx_word' id='word_1_797' title='bbox 1425 3310 1494 3362; x_wconf 92' lang='lat' dir='ltr'><strong>illud</strong></span> <span class='ocrx_word' id='word_1_798' title='bbox 1506 3313 1722 3365; x_wconf 85' lang='lat' dir='ltr'><strong>occultationem</strong></span> <span class='ocrx_word' id='word_1_799' title='bbox 1735 3314 1837 3378; x_wconf 90' lang='lat' dir='ltr'><strong>potius,</strong></span> 
     </span>
     <span class='ocr_line' id='line_1_119' title="bbox 1033 3379 1837 3449; baseline 0 -16"><span class='ocrx_word' id='word_1_800' title='bbox 1033 3397 1115 3449; x_wconf 87' lang='lat' dir='ltr'><strong>quam</strong></span> <span class='ocrx_word' id='word_1_801' title='bbox 1126 3395 1264 3432; x_wconf 87' lang='lat' dir='ltr'><strong>oceasum.</strong></span> <span class='ocrx_word' id='word_1_802' title='bbox 1299 3380 1362 3433; x_wconf 78' lang='lat' dir='ltr'><strong>Alio</strong></span> <span class='ocrx_word' id='word_1_803' title='bbox 1373 3379 1465 3443; x_wconf 89' lang='lat' dir='ltr'><strong>modo,</strong></span> <span class='ocrx_word' id='word_1_804' title='bbox 1486 3395 1540 3447; x_wconf 89' lang='lat' dir='ltr'><strong>qne</strong></span> <span class='ocrx_word' id='word_1_805' title='bbox 1552 3382 1597 3434; x_wconf 89' lang='lat' dir='ltr'><strong>die</strong></span> <span class='ocrx_word' id='word_1_806' title='bbox 1609 3381 1743 3447; x_wconf 90' lang='lat' dir='ltr'><strong>incipiunt</strong></span> <span class='ocrx_word' id='word_1_807' title='bbox 1754 3396 1837 3448; x_wconf 84' lang='lat' dir='ltr'><strong>eppa·</strong></span> 
     </span>
     <span class='ocr_line' id='line_1_120' title="bbox 1034 3448 1838 3515; baseline -0.002 -12"><span class='ocrx_word' id='word_1_808' title='bbox 1034 3466 1095 3503; x_wconf 77' lang='lat' dir='ltr'><strong>reve</strong></span> <span class='ocrx_word' id='word_1_809' title='bbox 1106 3449 1150 3501; x_wconf 83' lang='lat' dir='ltr'><strong>rel</strong></span> <span class='ocrx_word' id='word_1_810' title='bbox 1161 3449 1299 3511; x_wconf 87' lang='lat' dir='ltr'><strong>desinunt,</strong></span> <span class='ocrx_word' id='word_1_811' title='bbox 1320 3449 1428 3501; x_wconf 86' lang='lat' dir='ltr'><strong>oriente</strong></span> <span class='ocrx_word' id='word_1_812' title='bbox 1448 3448 1523 3511; x_wconf 86' lang='lat' dir='ltr'><strong>Sole,</strong></span> <span class='ocrx_word' id='word_1_813' title='bbox 1545 3457 1595 3503; x_wconf 84' lang='lat' dir='ltr'><strong>sut</strong></span> <span class='ocrx_word' id='word_1_814' title='bbox 1605 3449 1761 3515; x_wconf 86' lang='lat' dir='ltr'><strong>occidente,</strong></span> <span class='ocrx_word' id='word_1_815' title='bbox 1781 3466 1838 3501; x_wconf 87' lang='lat' dir='ltr'><strong>ma·</strong></span> 
     </span>
     <span class='ocr_line' id='line_1_121' title="bbox 1033 3519 1838 3587; baseline 0.005 -15"><span class='ocrx_word' id='word_1_816' title='bbox 1033 3520 1117 3572; x_wconf 87' lang='lat' dir='ltr'><strong>tutini</strong></span> <span class='ocrx_word' id='word_1_817' title='bbox 1128 3519 1315 3585; x_wconf 77' lang='lat' dir='ltr'><strong>vespertinive</strong></span> <span class='ocrx_word' id='word_1_818' title='bbox 1327 3519 1515 3584; x_wconf 86' lang='lat' dir='ltr'><strong>cognominati</strong></span> <span class='ocrx_word' id='word_1_819' title='bbox 1525 3556 1533 3583; x_wconf 90' lang='lat'><strong>,</strong></span> <span class='ocrx_word' id='word_1_820' title='bbox 1554 3526 1640 3587; x_wconf 90' lang='lat' dir='ltr'><strong>prout</strong></span> <span class='ocrx_word' id='word_1_821' title='bbox 1651 3520 1781 3575; x_wconf 89' lang='lat' dir='ltr'><strong>alterutri</strong></span> <span class='ocrx_word' id='word_1_822' title='bbox 1790 3536 1838 3576; x_wconf 85' lang='lat' dir='ltr'><strong>eu·</strong></span> 
     </span>
     <span class='ocr_line' id='line_1_122' title="bbox 1034 3587 1839 3654; baseline 0.002 -13"><span class='ocrx_word' id='word_1_823' title='bbox 1034 3605 1094 3641; x_wconf 91' lang='lat' dir='ltr'><strong>rum</strong></span> <span class='ocrx_word' id='word_1_824' title='bbox 1106 3604 1186 3641; x_wconf 78' lang='lat' dir='ltr'><strong>uranie</strong></span> <span class='ocrx_word' id='word_1_825' title='bbox 1199 3588 1241 3639; x_wconf 80' lang='lat' dir='ltr'><strong>eci</strong></span> <span class='ocrx_word' id='word_1_826' title='bbox 1253 3587 1417 3652; x_wconf 87' lang='lat' dir='ltr'><strong>crepusculo</strong></span> <span class='ocrx_word' id='word_1_827' title='bbox 1429 3589 1577 3654; x_wconf 86' lang='lat' dir='ltr'><strong>contingit.</strong></span> <span class='ocrx_word' id='word_1_828' title='bbox 1614 3589 1773 3643; x_wconf 85' lang='lat' dir='ltr'><strong>Dodrantes</strong></span> <span class='ocrx_word' id='word_1_829' title='bbox 1785 3590 1839 3643; x_wconf 89' lang='lat' dir='ltr'><strong>ho·</strong></span> 
     </span>
     <span class='ocr_line' id='line_1_123' title="bbox 1034 3655 1838 3731; baseline 0.002 -21"><span class='ocrx_word' id='word_1_830' title='bbox 1034 3673 1125 3710; x_wconf 88' lang='lat' dir='ltr'><strong>rarum</strong></span> <span class='ocrx_word' id='word_1_831' title='bbox 1140 3672 1200 3708; x_wconf 90' lang='lat' dir='ltr'><strong>enm</strong></span> <span class='ocrx_word' id='word_1_832' title='bbox 1220 3656 1363 3731; x_wconf 76' lang='lat' dir='ltr'><strong>minimum</strong></span> <span class='ocrx_word' id='word_1_833' title='bbox 1380 3655 1532 3708; x_wconf 83' lang='lat' dir='ltr'><strong>intervalia</strong></span> <span class='ocrx_word' id='word_1_834' title='bbox 1547 3672 1581 3708; x_wconf 88' lang='lat' dir='ltr'><strong>en</strong></span> <span class='ocrx_word' id='word_1_835' title='bbox 1599 3656 1759 3710; x_wconf 87' lang='lat' dir='ltr'><strong>desiderant</strong></span> <span class='ocrx_word' id='word_1_836' title='bbox 1771 3668 1838 3713; x_wconf 81' lang='lat' dir='ltr'><strong>ante</strong></span> 
     </span>
     <span class='ocr_line' id='line_1_124' title="bbox 1034 3726 1835 3794; baseline 0.002 -15"><span class='ocrx_word' id='word_1_837' title='bbox 1034 3728 1108 3781; x_wconf 77' lang='lat' dir='ltr'><strong>solu</strong></span> <span class='ocrx_word' id='word_1_838' title='bbox 1128 3734 1230 3786; x_wconf 87' lang='lat' dir='ltr'><strong>ortum,</strong></span> <span class='ocrx_word' id='word_1_839' title='bbox 1250 3726 1293 3778; x_wconf 85' lang='lat' dir='ltr'><strong>vel</strong></span> <span class='ocrx_word' id='word_1_840' title='bbox 1315 3731 1381 3792; x_wconf 92' lang='lat' dir='ltr'><strong>post</strong></span> <span class='ocrx_word' id='word_1_841' title='bbox 1399 3739 1537 3787; x_wconf 88' lang='lat' dir='ltr'><strong>oceasum,</strong></span> <span class='ocrx_word' id='word_1_842' title='bbox 1557 3732 1590 3777; x_wconf 88' lang='lat' dir='ltr'><strong>ut</strong></span> <span class='ocrx_word' id='word_1_843' title='bbox 1609 3726 1698 3793; x_wconf 79' lang='lat' dir='ltr'><strong>aspici</strong></span> <span class='ocrx_word' id='word_1_844' title='bbox 1720 3730 1835 3794; x_wconf 90' lang='lat' dir='ltr'><strong>possint.</strong></span> 
     </span>
     <span class='ocr_line' id='line_1_125' title="bbox 1035 3794 1835 3862; baseline -0.003 -10"><span class='ocrx_word' id='word_1_845' title='bbox 1035 3798 1186 3852; x_wconf 82' lang='lat' dir='ltr'><strong>Praeterea</strong></span> <span class='ocrx_word' id='word_1_846' title='bbox 1216 3796 1259 3847; x_wconf 88' lang='lat' dir='ltr'><strong>bis</strong></span> <span class='ocrx_word' id='word_1_847' title='bbox 1284 3794 1422 3862; x_wconf 89' lang='lat' dir='ltr'><strong>quaedam</strong></span> <span class='ocrx_word' id='word_1_848' title='bbox 1452 3795 1618 3847; x_wconf 82' lang='lat' dir='ltr'><strong>exoriuntur</strong></span> <span class='ocrx_word' id='word_1_849' title='bbox 1637 3803 1666 3849; x_wconf 87' lang='lat' dir='ltr'><strong>et</strong></span> <span class='ocrx_word' id='word_1_850' title='bbox 1696 3798 1835 3850; x_wconf 85' lang='lat' dir='ltr'><strong>occidunt.</strong></span> 
     </span>
     <span class='ocr_line' id='line_1_126' title="bbox 1034 3863 1836 3934; baseline -0.001 -14"><span class='ocrx_word' id='word_1_851' title='bbox 1034 3868 1187 3932; x_wconf 89' lang='lat' dir='ltr'><strong>Omnisque</strong></span> <span class='ocrx_word' id='word_1_852' title='bbox 1206 3880 1298 3917; x_wconf 80' lang='lat' dir='ltr'><strong>scroto</strong></span> <span class='ocrx_word' id='word_1_853' title='bbox 1321 3864 1357 3917; x_wconf 92' lang='lat' dir='ltr'><strong>de</strong></span> <span class='ocrx_word' id='word_1_854' title='bbox 1367 3864 1410 3916; x_wconf 90' lang='lat' dir='ltr'><strong>his</strong></span> <span class='ocrx_word' id='word_1_855' title='bbox 1422 3870 1465 3917; x_wconf 88' lang='lat' dir='ltr'><strong>est</strong></span> <span class='ocrx_word' id='word_1_856' title='bbox 1475 3863 1578 3930; x_wconf 88' lang='lat' dir='ltr'><strong>stellis,</strong></span> <span class='ocrx_word' id='word_1_857' title='bbox 1592 3880 1661 3934; x_wconf 88' lang='lat' dir='ltr'><strong>quas</strong></span> <span class='ocrx_word' id='word_1_858' title='bbox 1681 3866 1836 3921; x_wconf 85' lang='lat' dir='ltr'><strong>adhaerere</strong></span> 
     </span>
     <span class='ocr_line' id='line_1_127' title="bbox 1035 3936 1264 3989; baseline -0.009 0"><span class='ocrx_word' id='word_1_859' title='bbox 1035 3938 1113 3989; x_wconf 89' lang='lat' dir='ltr'><strong>eaelo</strong></span> <span class='ocrx_word' id='word_1_860' title='bbox 1134 3936 1264 3987; x_wconf 83' lang='lat' dir='ltr'><strong>dininsns.</strong></span> 
     </span>
    </p>

    <p class='ocr_par' dir='ltr' id='par_1_10' title="bbox 1034 4002 1894 4973">
     <span class='ocr_line' id='line_1_128' title="bbox 1069 4002 1835 4071; baseline -0.005 -12"><span class='ocrx_word' id='word_1_861' title='bbox 1069 4005 1142 4059; x_wconf 71' lang='lat' dir='ltr'><strong>htx.</strong></span> <span class='ocrx_word' id='word_1_862' title='bbox 1162 4005 1251 4055; x_wconf 87' lang='lat' dir='ltr'><strong>Cardo</strong></span> <span class='ocrx_word' id='word_1_863' title='bbox 1263 4010 1418 4070; x_wconf 88' lang='lat' dir='ltr'><strong>temporum</strong></span> <span class='ocrx_word' id='word_1_864' title='bbox 1438 4002 1646 4071; x_wconf 82' lang='lat' dir='ltr'><strong>quadripertita</strong></span> <span class='ocrx_word' id='word_1_865' title='bbox 1663 4004 1835 4056; x_wconf 84' lang='lat' dir='ltr'><strong>annidistin·</strong></span> 
     </span>
     <span class='ocr_line' id='line_1_129' title="bbox 1034 4070 1838 4139; baseline -0.005 -10"><span class='ocrx_word' id='word_1_866' title='bbox 1034 4077 1128 4129; x_wconf 82' lang='lat' dir='ltr'><strong>ctione</strong></span> <span class='ocrx_word' id='word_1_867' title='bbox 1141 4081 1260 4137; x_wconf 77' lang='lat' dir='ltr'><strong>constas,</strong></span> <span class='ocrx_word' id='word_1_868' title='bbox 1277 4088 1326 4139; x_wconf 88' lang='lat' dir='ltr'><strong>per</strong></span> <span class='ocrx_word' id='word_1_869' title='bbox 1336 4074 1509 4126; x_wconf 87' lang='lat' dir='ltr'><strong>incrementa</strong></span> <span class='ocrx_word' id='word_1_870' title='bbox 1519 4074 1598 4123; x_wconf 85' lang='lat' dir='ltr'><strong>lueis.</strong></span> <span class='ocrx_word' id='word_1_871' title='bbox 1633 4077 1757 4138; x_wconf 76' lang='lat' dir='ltr'><strong>nugetur</strong></span> <span class='ocrx_word' id='word_1_872' title='bbox 1768 4070 1838 4125; x_wconf 79' lang='lat' dir='ltr'><strong>haee</strong></span> 
     </span>
     <span class='ocr_line' id='line_1_130' title="bbox 1034 4140 1836 4210; baseline -0.007 -13"><span class='ocrx_word' id='word_1_873' title='bbox 1034 4160 1051 4197; x_wconf 86' lang='lat' dir='ltr'><strong>a</strong></span> <span class='ocrx_word' id='word_1_874' title='bbox 1074 4146 1179 4205; x_wconf 85' lang='lat' dir='ltr'><strong>bruma,</strong></span> <span class='ocrx_word' id='word_1_875' title='bbox 1201 4150 1231 4195; x_wconf 86' lang='lat' dir='ltr'><strong>et</strong></span> <span class='ocrx_word' id='word_1_876' title='bbox 1247 4149 1387 4210; x_wconf 85' lang='lat' dir='ltr'><strong>aequetur</strong></span> <span class='ocrx_word' id='word_1_877' title='bbox 1403 4142 1533 4195; x_wconf 88' lang='lat' dir='ltr'><strong>noctibus</strong></span> <span class='ocrx_word' id='word_1_878' title='bbox 1554 4155 1638 4193; x_wconf 88' lang='lat' dir='ltr'><strong>verno</strong></span> <span class='ocrx_word' id='word_1_879' title='bbox 1658 4140 1836 4205; x_wconf 87' lang='lat' dir='ltr'><strong>aequinoctio</strong></span> 
     </span>
     <span class='ocr_line' id='line_1_131' title="bbox 1035 4208 1837 4275; baseline -0.001 -11"><span class='ocrx_word' id='word_1_880' title='bbox 1035 4212 1132 4265; x_wconf 89' lang='lat' dir='ltr'><strong>diebus</strong></span> <span class='ocrx_word' id='word_1_881' title='bbox 1143 4213 1204 4273; x_wconf 79' lang='lat' dir='ltr'><strong>XC,</strong></span> <span class='ocrx_word' id='word_1_882' title='bbox 1227 4211 1304 4263; x_wconf 90' lang='lat' dir='ltr'><strong>horis</strong></span> <span class='ocrx_word' id='word_1_883' title='bbox 1314 4213 1411 4263; x_wconf 86' lang='lat' dir='ltr'><strong>tribus.</strong></span> <span class='ocrx_word' id='word_1_884' title='bbox 1448 4208 1557 4263; x_wconf 82' lang='lat' dir='ltr'><strong>Deinde</strong></span> <span class='ocrx_word' id='word_1_885' title='bbox 1568 4214 1683 4275; x_wconf 89' lang='lat' dir='ltr'><strong>superat</strong></span> <span class='ocrx_word' id='word_1_886' title='bbox 1693 4214 1789 4260; x_wconf 90' lang='lat' dir='ltr'><strong>noctes</strong></span> <span class='ocrx_word' id='word_1_887' title='bbox 1800 4209 1837 4263; x_wconf 84' lang='lat' dir='ltr'><strong>ad</strong></span> 
     </span>
     <span class='ocr_line' id='line_1_132' title="bbox 1034 4277 1837 4344; baseline -0.002 -9"><span class='ocrx_word' id='word_1_888' title='bbox 1034 4281 1188 4335; x_wconf 86' lang='lat' dir='ltr'><strong>solstitium</strong></span> <span class='ocrx_word' id='word_1_889' title='bbox 1201 4279 1299 4332; x_wconf 87' lang='lat' dir='ltr'><strong>diebus</strong></span> <span class='ocrx_word' id='word_1_890' title='bbox 1313 4280 1412 4341; x_wconf 80' lang='lat' dir='ltr'><strong>XCIII,</strong></span> <span class='ocrx_word' id='word_1_891' title='bbox 1433 4277 1510 4333; x_wconf 89' lang='lat' dir='ltr'><strong>horis</strong></span> <span class='ocrx_word' id='word_1_892' title='bbox 1522 4277 1684 4338; x_wconf 87' lang='lat' dir='ltr'><strong>duodecim,</strong></span> <span class='ocrx_word' id='word_1_893' title='bbox 1705 4281 1837 4344; x_wconf 82' lang='lat' dir='ltr'><strong>usquead</strong></span> 
     </span>
     <span class='ocr_line' id='line_1_133' title="bbox 1034 4345 1833 4417; baseline 0.006 -19"><span class='ocrx_word' id='word_1_894' title='bbox 1034 4352 1240 4417; x_wconf 78' lang='lat' dir='ltr'><strong>aequinoctium</strong></span> <span class='ocrx_word' id='word_1_895' title='bbox 1256 4349 1390 4401; x_wconf 77' lang='lat' dir='ltr'><strong>autumni·</strong></span> <span class='ocrx_word' id='word_1_896' title='bbox 1426 4349 1463 4399; x_wconf 83' lang='lat' dir='ltr'><strong>Et</strong></span> <span class='ocrx_word' id='word_1_897' title='bbox 1474 4355 1531 4407; x_wconf 87' lang='lat' dir='ltr'><strong>tum</strong></span> <span class='ocrx_word' id='word_1_898' title='bbox 1551 4353 1674 4415; x_wconf 82' lang='lat' dir='ltr'><strong>aequata</strong></span> <span class='ocrx_word' id='word_1_899' title='bbox 1684 4345 1730 4398; x_wconf 91' lang='lat' dir='ltr'><strong>die</strong></span> <span class='ocrx_word' id='word_1_900' title='bbox 1741 4362 1833 4413; x_wconf 82' lang='lat' dir='ltr'><strong>proce·</strong></span> 
     </span>
     <span class='ocr_line' id='line_1_134' title="bbox 1035 4415 1894 4479; baseline 0.002 -8"><span class='ocrx_word' id='word_1_901' title='bbox 1035 4421 1077 4473; x_wconf 86' lang='lat' dir='ltr'><strong>dit</strong></span> <span class='ocrx_word' id='word_1_902' title='bbox 1087 4434 1122 4470; x_wconf 82' lang='lat' dir='ltr'><strong>ex</strong></span> <span class='ocrx_word' id='word_1_903' title='bbox 1134 4433 1168 4469; x_wconf 88' lang='lat' dir='ltr'><strong>eo</strong></span> <span class='ocrx_word' id='word_1_904' title='bbox 1179 4418 1216 4469; x_wconf 85' lang='lat' dir='ltr'><strong>sd</strong></span> <span class='ocrx_word' id='word_1_905' title='bbox 1226 4419 1352 4469; x_wconf 85' lang='lat' dir='ltr'><strong>brumam</strong></span> <span class='ocrx_word' id='word_1_906' title='bbox 1364 4416 1462 4468; x_wconf 89' lang='lat' dir='ltr'><strong>diebus</strong></span> <span class='ocrx_word' id='word_1_907' title='bbox 1473 4415 1629 4479; x_wconf 69' lang='lat' dir='ltr'><strong>lmxxlx,</strong></span> <span class='ocrx_word' id='word_1_908' title='bbox 1650 4416 1727 4471; x_wconf 88' lang='lat' dir='ltr'><strong>horis</strong></span> <span class='ocrx_word' id='word_1_909' title='bbox 1737 4419 1836 4472; x_wconf 87' lang='lat' dir='ltr'><strong>tribus.</strong></span> <span class='ocrx_word' id='word_1_910' title='bbox 1890 4468 1894 4473; x_wconf 85' lang='lat'><strong>.</strong></span> 
     </span>
     <span class='ocr_line' id='line_1_135' title="bbox 1034 4485 1838 4555; baseline -0.002 -12"><span class='ocrx_word' id='word_1_911' title='bbox 1034 4491 1129 4543; x_wconf 79' lang='lat' dir='ltr'><strong>Horae</strong></span> <span class='ocrx_word' id='word_1_912' title='bbox 1139 4504 1211 4543; x_wconf 89' lang='lat' dir='ltr'><strong>nune</strong></span> <span class='ocrx_word' id='word_1_913' title='bbox 1225 4488 1255 4538; x_wconf 92' lang='lat' dir='ltr'><strong>in</strong></span> <span class='ocrx_word' id='word_1_914' title='bbox 1270 4487 1347 4539; x_wconf 89' lang='lat' dir='ltr'><strong>omni</strong></span> <span class='ocrx_word' id='word_1_915' title='bbox 1357 4485 1515 4539; x_wconf 84' lang='lat' dir='ltr'><strong>secessione</strong></span> <span class='ocrx_word' id='word_1_916' title='bbox 1535 4485 1761 4555; x_wconf 88' lang='lat' dir='ltr'><strong>aequinoctiales,</strong></span> <span class='ocrx_word' id='word_1_917' title='bbox 1782 4503 1838 4541; x_wconf 88' lang='lat' dir='ltr'><strong>oon</strong></span> 
     </span>
     <span class='ocr_line' id='line_1_136' title="bbox 1035 4556 1837 4625; baseline -0.002 -13"><span class='ocrx_word' id='word_1_918' title='bbox 1035 4562 1220 4625; x_wconf 83' lang='lat' dir='ltr'><strong>cuiuscunque</strong></span> <span class='ocrx_word' id='word_1_919' title='bbox 1233 4557 1288 4609; x_wconf 90' lang='lat' dir='ltr'><strong>diei</strong></span> <span class='ocrx_word' id='word_1_920' title='bbox 1307 4556 1512 4622; x_wconf 82' lang='lat' dir='ltr'><strong>significantur:</strong></span> <span class='ocrx_word' id='word_1_921' title='bbox 1533 4570 1684 4624; x_wconf 84' lang='lat' dir='ltr'><strong>omnesque</strong></span> <span class='ocrx_word' id='word_1_922' title='bbox 1694 4569 1745 4609; x_wconf 84' lang='lat' dir='ltr'><strong>eae</strong></span> <span class='ocrx_word' id='word_1_923' title='bbox 1756 4556 1837 4610; x_wconf 79' lang='lat' dir='ltr'><strong>ditis·</strong></span> 
     </span>
     <span class='ocr_line' id='line_1_137' title="bbox 1035 4624 1839 4695; baseline -0.005 -12"><span class='ocrx_word' id='word_1_924' title='bbox 1035 4629 1141 4683; x_wconf 80' lang='lat' dir='ltr'><strong>sentiae</strong></span> <span class='ocrx_word' id='word_1_925' title='bbox 1153 4629 1223 4679; x_wconf 86' lang='lat' dir='ltr'><strong>liunt</strong></span> <span class='ocrx_word' id='word_1_926' title='bbox 1235 4628 1261 4679; x_wconf 91' lang='lat' dir='ltr'><strong>in</strong></span> <span class='ocrx_word' id='word_1_927' title='bbox 1280 4626 1387 4679; x_wconf 86' lang='lat' dir='ltr'><strong>octavis</strong></span> <span class='ocrx_word' id='word_1_928' title='bbox 1404 4624 1531 4691; x_wconf 86' lang='lat' dir='ltr'><strong>partibus</strong></span> <span class='ocrx_word' id='word_1_929' title='bbox 1547 4627 1698 4695; x_wconf 86' lang='lat' dir='ltr'><strong>signorum.</strong></span> <span class='ocrx_word' id='word_1_930' title='bbox 1734 4627 1839 4679; x_wconf 75' lang='lat' dir='ltr'><strong>limma</strong></span> 
     </span>
     <span class='ocr_line' id='line_1_138' title="bbox 1034 4694 1838 4765; baseline -0.005 -12"><span class='ocrx_word' id='word_1_931' title='bbox 1034 4699 1205 4765; x_wconf 88' lang='lat' dir='ltr'><strong>Capricorni,</strong></span> <span class='ocrx_word' id='word_1_932' title='bbox 1225 4713 1251 4751; x_wconf 88' lang='lat' dir='ltr'><strong>a.</strong></span> <span class='ocrx_word' id='word_1_933' title='bbox 1264 4695 1290 4749; x_wconf 90' lang='lat' dir='ltr'><strong>d.</strong></span> <span class='ocrx_word' id='word_1_934' title='bbox 1303 4695 1368 4749; x_wconf 91' lang='lat' dir='ltr'><strong>Vlll</strong></span> <span class='ocrx_word' id='word_1_935' title='bbox 1378 4694 1519 4751; x_wconf 81' lang='lat' dir='ltr'><strong>Kalendas</strong></span> <span class='ocrx_word' id='word_1_936' title='bbox 1532 4695 1651 4751; x_wconf 89' lang='lat' dir='ltr'><strong>Ianuarii</strong></span> <span class='ocrx_word' id='word_1_937' title='bbox 1662 4695 1735 4747; x_wconf 74' lang='lat' dir='ltr'><strong>feres</strong></span> <span class='ocrx_word' id='word_1_938' title='bbox 1745 4700 1838 4763; x_wconf 84' lang='lat' dir='ltr'><strong>aequi·</strong></span> 
     </span>
     <span class='ocr_line' id='line_1_139' title="bbox 1034 4764 1838 4830; baseline -0.002 -7"><span class='ocrx_word' id='word_1_939' title='bbox 1034 4770 1157 4823; x_wconf 88' lang='lat' dir='ltr'><strong>ooetium</strong></span> <span class='ocrx_word' id='word_1_940' title='bbox 1168 4782 1294 4830; x_wconf 83' lang='lat' dir='ltr'><strong>veroum,</strong></span> <span class='ocrx_word' id='word_1_941' title='bbox 1306 4764 1428 4819; x_wconf 72' lang='lat' dir='ltr'><strong>Arietisr</strong></span> <span class='ocrx_word' id='word_1_942' title='bbox 1458 4764 1620 4829; x_wconf 87' lang='lat' dir='ltr'><strong>solstitium,</strong></span> <span class='ocrx_word' id='word_1_943' title='bbox 1632 4764 1744 4821; x_wconf 73' lang='lat' dir='ltr'><strong>Canem:</strong></span> <span class='ocrx_word' id='word_1_944' title='bbox 1765 4765 1838 4821; x_wconf 82' lang='lat' dir='ltr'><strong>alts-</strong></span> 
     </span>
     <span class='ocr_line' id='line_1_140' title="bbox 1034 4833 1837 4906; baseline 0.001 -16"><span class='ocrx_word' id='word_1_945' title='bbox 1034 4853 1150 4906; x_wconf 88' lang='lat' dir='ltr'><strong>rumque</strong></span> <span class='ocrx_word' id='word_1_946' title='bbox 1160 4836 1382 4905; x_wconf 88' lang='lat' dir='ltr'><strong>aequinoctium,</strong></span> <span class='ocrx_word' id='word_1_947' title='bbox 1402 4833 1516 4888; x_wconf 80' lang='lat' dir='ltr'><strong>Librae:</strong></span> <span class='ocrx_word' id='word_1_948' title='bbox 1536 4837 1623 4903; x_wconf 90' lang='lat' dir='ltr'><strong>quiet</strong></span> <span class='ocrx_word' id='word_1_949' title='bbox 1636 4834 1837 4902; x_wconf 76' lang='lat' dir='ltr'><strong>ipsidiesretu</strong></span> 
     </span>
     <span class='ocr_line' id='line_1_141' title="bbox 1034 4902 1726 4973; baseline -0.009 -12"><span class='ocrx_word' id='word_1_950' title='bbox 1034 4922 1090 4962; x_wconf 85' lang='lat' dir='ltr'><strong>oon</strong></span> <span class='ocrx_word' id='word_1_951' title='bbox 1100 4909 1209 4973; x_wconf 86' lang='lat' dir='ltr'><strong>aliquos</strong></span> <span class='ocrx_word' id='word_1_952' title='bbox 1219 4910 1417 4973; x_wconf 84' lang='lat' dir='ltr'><strong>tempestatum</strong></span> <span class='ocrx_word' id='word_1_953' title='bbox 1429 4903 1603 4971; x_wconf 81' lang='lat' dir='ltr'><strong>significatus</strong></span> <span class='ocrx_word' id='word_1_954' title='bbox 1614 4902 1726 4956; x_wconf 88' lang='lat' dir='ltr'><strong>habent.</strong></span> 
     </span>
    </p>

    <p class='ocr_par' dir='ltr' id='par_1_11' title="bbox 1031 4971 1838 5460">
     <span class='ocr_line' id='line_1_142' title="bbox 1079 4971 1837 5042; baseline -0.007 -11"><span class='ocrx_word' id='word_1_955' title='bbox 1079 4980 1184 5031; x_wconf 81' lang='lat' dir='ltr'><strong>Rursus</strong></span> <span class='ocrx_word' id='word_1_956' title='bbox 1203 4976 1232 5029; x_wconf 91' lang='lat' dir='ltr'><strong>hi</strong></span> <span class='ocrx_word' id='word_1_957' title='bbox 1253 4975 1378 5029; x_wconf 81' lang='lat' dir='ltr'><strong>cardines</strong></span> <span class='ocrx_word' id='word_1_958' title='bbox 1398 4974 1517 5042; x_wconf 88' lang='lat' dir='ltr'><strong>singuiis</strong></span> <span class='ocrx_word' id='word_1_959' title='bbox 1539 4973 1689 5029; x_wconf 88' lang='lat' dir='ltr'><strong>etiamnum</strong></span> <span class='ocrx_word' id='word_1_960' title='bbox 1710 4971 1837 5026; x_wconf 83' lang='lat' dir='ltr'><strong>articulis</strong></span> 
     </span>
     <span class='ocr_line' id='line_1_143' title="bbox 1034 5043 1837 5115; baseline -0.01 -14"><span class='ocrx_word' id='word_1_961' title='bbox 1034 5055 1189 5115; x_wconf 85' lang='lat' dir='ltr'><strong>temporum</strong></span> <span class='ocrx_word' id='word_1_962' title='bbox 1201 5045 1370 5107; x_wconf 86' lang='lat' dir='ltr'><strong>dividantur,</strong></span> <span class='ocrx_word' id='word_1_963' title='bbox 1391 5058 1441 5110; x_wconf 87' lang='lat' dir='ltr'><strong>per</strong></span> <span class='ocrx_word' id='word_1_964' title='bbox 1451 5043 1649 5097; x_wconf 86' lang='lat' dir='ltr'><strong>mediaomoes</strong></span> <span class='ocrx_word' id='word_1_965' title='bbox 1659 5044 1837 5110; x_wconf 83' lang='lat' dir='ltr'><strong>diernmspe·</strong></span> 
     </span>
     <span class='ocr_line' id='line_1_144' title="bbox 1033 5112 1836 5181; baseline -0.007 -12"><span class='ocrx_word' id='word_1_966' title='bbox 1033 5118 1083 5170; x_wconf 89' lang='lat' dir='ltr'><strong>tia.</strong></span> <span class='ocrx_word' id='word_1_967' title='bbox 1119 5117 1256 5180; x_wconf 75' lang='lat' dir='ltr'><strong>Quoniam</strong></span> <span class='ocrx_word' id='word_1_968' title='bbox 1270 5117 1343 5171; x_wconf 84' lang='lat' dir='ltr'><strong>inter</strong></span> <span class='ocrx_word' id='word_1_969' title='bbox 1361 5113 1514 5169; x_wconf 88' lang='lat' dir='ltr'><strong>solstitium</strong></span> <span class='ocrx_word' id='word_1_970' title='bbox 1527 5119 1556 5166; x_wconf 88' lang='lat' dir='ltr'><strong>et</strong></span> <span class='ocrx_word' id='word_1_971' title='bbox 1564 5112 1771 5181; x_wconf 83' lang='lat' dir='ltr'><strong>aequinoctium</strong></span> <span class='ocrx_word' id='word_1_972' title='bbox 1789 5125 1836 5163; x_wconf 84' lang='lat' dir='ltr'><strong>au·</strong></span> 
     </span>
     <span class='ocr_line' id='line_1_145' title="bbox 1032 5179 1837 5249; baseline -0.011 -10"><span class='ocrx_word' id='word_1_973' title='bbox 1032 5187 1141 5249; x_wconf 85' lang='lat' dir='ltr'><strong>tumul,</strong></span> <span class='ocrx_word' id='word_1_974' title='bbox 1168 5185 1313 5239; x_wconf 83' lang='lat' dir='ltr'><strong>Fidimlae</strong></span> <span class='ocrx_word' id='word_1_975' title='bbox 1333 5197 1450 5241; x_wconf 74' lang='lat' dir='ltr'><strong>cccmus</strong></span> <span class='ocrx_word' id='word_1_976' title='bbox 1470 5190 1632 5239; x_wconf 81' lang='lat' dir='ltr'><strong>autumnum</strong></span> <span class='ocrx_word' id='word_1_977' title='bbox 1655 5180 1768 5234; x_wconf 81' lang='lat' dir='ltr'><strong>Inchoat</strong></span> <span class='ocrx_word' id='word_1_978' title='bbox 1789 5179 1837 5231; x_wconf 87' lang='lat' dir='ltr'><strong>dis</strong></span> 
     </span>
     <span class='ocr_line' id='line_1_146' title="bbox 1032 5247 1838 5321; baseline -0.014 -10"><span class='ocrx_word' id='word_1_979' title='bbox 1032 5255 1131 5311; x_wconf 77' lang='lat' dir='ltr'><strong>XLVI.</strong></span> <span class='ocrx_word' id='word_1_980' title='bbox 1171 5253 1678 5321; x_wconf 75' lang='lat' dir='ltr'><strong>deabusquiooetioecadbrumam,</strong></span> <span class='ocrx_word' id='word_1_981' title='bbox 1700 5247 1727 5303; x_wconf 89' lang='lat' dir='ltr'><strong>V</strong></span> <span class='ocrx_word' id='word_1_982' title='bbox 1789 5248 1838 5300; x_wconf 82' lang='lat' dir='ltr'><strong>lin·</strong></span> 
     </span>
     <span class='ocr_line' id='line_1_147' title="bbox 1033 5316 1838 5381; baseline -0.012 -3"><span class='ocrx_word' id='word_1_983' title='bbox 1033 5341 1094 5378; x_wconf 90' lang='lat' dir='ltr'><strong>rum</strong></span> <span class='ocrx_word' id='word_1_984' title='bbox 1115 5326 1271 5379; x_wconf 82' lang='lat' dir='ltr'><strong>mattttimrs</strong></span> <span class='ocrx_word' id='word_1_985' title='bbox 1293 5337 1410 5376; x_wconf 87' lang='lat' dir='ltr'><strong>occasus</strong></span> <span class='ocrx_word' id='word_1_986' title='bbox 1429 5321 1549 5381; x_wconf 57' lang='lat' dir='ltr'><strong>mntem</strong></span> <span class='ocrx_word' id='word_1_987' title='bbox 1570 5316 1725 5377; x_wconf 79' lang='lat' dir='ltr'><strong>dieXLlV.</strong></span> <span class='ocrx_word' id='word_1_988' title='bbox 1793 5321 1838 5369; x_wconf 82' lang='lat' dir='ltr'><strong>ter</strong></span> 
     </span>
     <span class='ocr_line' id='line_1_148' title="bbox 1031 5383 1837 5460; baseline -0.006 -12"><span class='ocrx_word' id='word_1_989' title='bbox 1031 5396 1157 5449; x_wconf 86' lang='lat' dir='ltr'><strong>brumam</strong></span> <span class='ocrx_word' id='word_1_990' title='bbox 1177 5402 1208 5449; x_wconf 90' lang='lat' dir='ltr'><strong>et</strong></span> <span class='ocrx_word' id='word_1_991' title='bbox 1227 5391 1432 5460; x_wconf 78' lang='lat' dir='ltr'><strong>aequinoctium</strong></span> <span class='ocrx_word' id='word_1_992' title='bbox 1449 5391 1500 5449; x_wconf 84' lang='lat' dir='ltr'><strong>‚die</strong></span> <span class='ocrx_word' id='word_1_993' title='bbox 1518 5390 1597 5445; x_wconf 81' lang='lat' dir='ltr'><strong>XLV</strong></span> <span class='ocrx_word' id='word_1_994' title='bbox 1616 5388 1701 5440; x_wconf 83' lang='lat' dir='ltr'><strong>datus</strong></span> <span class='ocrx_word' id='word_1_995' title='bbox 1720 5383 1837 5443; x_wconf 72' lang='lat' dir='ltr'><strong>ravon!</strong></span> 
     </span>
    </p>
   </div>
   <div class='ocr_carea' id='block_1_4' title="bbox 1021 5453 1841 5528">
    <p class='ocr_par' dir='ltr' id='par_1_12' title="bbox 1021 5453 1841 5528">
     <span class='ocr_line' id='line_1_149' title="bbox 1021 5453 1841 5528; baseline -0.007 -15"><span class='ocrx_word' id='word_1_996' title='bbox 1021 5479 1146 5521; x_wconf 79' lang='lat' dir='ltr'><strong>,venium</strong></span> <span class='ocrx_word' id='word_1_997' title='bbox 1167 5471 1288 5528; x_wconf 76' lang='lat' dir='ltr'><strong>tenipus.</strong></span> <span class='ocrx_word' id='word_1_998' title='bbox 1322 5463 1363 5519; x_wconf 78' lang='lat' dir='ltr'><strong>Ab</strong></span> <span class='ocrx_word' id='word_1_999' title='bbox 1381 5453 1774 5527; x_wconf 64' lang='lat' dir='ltr'><strong>aeqdnnctiorernoinitium</strong></span> <span class='ocrx_word' id='word_1_1000' title='bbox 1794 5467 1841 5511; x_wconf 80' lang='lat' dir='ltr'><strong>ae·</strong></span> 
     </span>
    </p>
   </div>
   <div class='ocr_carea' id='block_1_5' title="bbox 1031 5522 1840 5597">
    <p class='ocr_par' dir='ltr' id='par_1_13' title="bbox 1031 5522 1840 5597">
     <span class='ocr_line' id='line_1_150' title="bbox 1031 5522 1840 5597; baseline -0.006 -13"><span class='ocrx_word' id='word_1_1001' title='bbox 1031 5535 1116 5591; x_wconf 87' lang='lat' dir='ltr'><strong>statis</strong></span> <span class='ocrx_word' id='word_1_1002' title='bbox 1134 5532 1180 5591; x_wconf 83' lang='lat' dir='ltr'><strong>die</strong></span> <span class='ocrx_word' id='word_1_1003' title='bbox 1201 5530 1333 5593; x_wconf 75' lang='lat' dir='ltr'><strong>XLVIII,</strong></span> <span class='ocrx_word' id='word_1_1004' title='bbox 1361 5529 1550 5597; x_wconf 78' lang='lat' dir='ltr'><strong>Vergiliarum</strong></span> <span class='ocrx_word' id='word_1_1005' title='bbox 1570 5528 1672 5579; x_wconf 68' lang='lat' dir='ltr'><strong>mortu</strong></span> <span class='ocrx_word' id='word_1_1006' title='bbox 1691 5522 1840 5579; x_wconf 67' lang='lat' dir='ltr'><strong>mune</strong></span> 
     </span>
    </p>
   </div>
   <div class='ocr_carea' id='block_1_6' title="bbox 1031 5587 1841 5720">
    <p class='ocr_par' dir='ltr' id='par_1_14' title="bbox 1031 5587 1841 5720">
     <span class='ocr_line' id='line_1_151' title="bbox 1031 5587 1841 5720; baseline -0.01 -61"><span class='ocrx_word' id='word_1_1007' title='bbox 1031 5602 1091 5659; x_wconf 81' lang='lat' dir='ltr'><strong>lios</strong></span> <span class='ocrx_word' id='word_1_1008' title='bbox 1100 5599 1475 5720; x_wconf 52' lang='lat' dir='ltr'><strong>indpiemusessmszqtitus</strong></span> <span class='ocrx_word' id='word_1_1009' title='bbox 1490 5592 1633 5655; x_wconf 69' lang='lat' dir='ltr'><strong>mesti.</strong></span> <span class='ocrx_word' id='word_1_1010' title='bbox 1643 5587 1699 5649; x_wconf 83' lang='lat' dir='ltr'><strong>bne</strong></span> <span class='ocrx_word' id='word_1_1011' title='bbox 1708 5599 1763 5661; x_wconf 81' lang='lat' dir='ltr'><strong>est.</strong></span> <span class='ocrx_word' id='word_1_1012' title='bbox 1770 5591 1841 5653; x_wconf 80' lang='lat' dir='ltr'><strong>Vst-</strong></span> 
     </span>
    </p>
   </div>
   <div class='ocr_carea' id='block_1_7' title="bbox 0 0 2187 6004">
    <p class='ocr_par' dir='ltr' id='par_1_15' title="bbox 0 0 2187 6004">
     <span class='ocr_line' id='line_1_152' title="bbox 0 0 2187 6004; baseline 0 0"><span class='ocrx_word' id='word_1_1013' title='bbox 0 0 2187 6004; x_wconf 95' lang='lat' dir='ltr'><strong> </strong></span> 
     </span>
    </p>
   </div>
  </div>
 </body>
</html>
