4368 6008
231 346 234 351 ·
260 307 294 368 G.
316 303 431 368 PLlN·
453 300 545 363 sac.
566 299 666 363 tini.
687 300 807 364 uisi.
829 300 911 364 bib.
933 301 1053 366 xxiii.
1074 304 1164 366 CAP.
1187 306 1306 413 8i·83.
1328 305 1413 367 LiB.
1433 305 1557 370 xxiv.
1580 309 1612 369 C.
1639 308 1720 370 1-3.
1773 312 1834 373 287

193 456 363 518 ctrorsitm
381 451 646 506 stomachoinntile.
681 450 991 523 Sicatbsccseqaiaae
1042 454 1183 524 pterygia,
1204 459 1233 509 et
1243 453 1437 576 paroolchias,
1459 462 1488 511 et
1498 457 1681 526 epinyctidas,
1696 458 1832 529 condylo-

193 528 282 581 denae
312 522 727 591 urgafionismusasunruntur.
1044 532 1127 587 mata,
1138 531 1233 588 testes,
1245 532 1318 578 tetra
1346 525 1453 578 uicerm
1468 529 1534 578 item
1546 530 1671 581 ambusta
1684 544 1745 581 cum
1756 544 1832 582 cera·

227 597 279 648 Lx
308 595 355 646 iil.
373 592 487 660 Myrtus
504 590 594 642 satira
608 590 740 652 candida,
760 590 991 644 minusutilisest
1042 600 1082 646 to.
1118 594 1157 646 lid
1168 608 1249 645 aures
1265 594 1427 660 purulentas
1442 601 1471 647 et
1486 595 1561 648 loliis
1572 600 1700 649 crematis
1711 605 1833 661 utuntur,

194 664 356 726 medicinae,
376 661 563 729 quam-nigra.
599 658 699 711 Sennea
713 660 774 712 eius
791 660 917 714 medetur
926 675 989 711 san·
1045 670 1073 716 et
1082 676 1181 721 succo,
1200 668 1229 713 et
1240 662 1365 715 decocto.
1402 663 1604 717 Comburuntur
1618 667 1832 720 etinaatidota.

193 736 303 804 guinem
319 728 536 785 mammertus.
573 727 641 779 item
657 735 759 781 corsua
769 727 869 797 iunges
885 730 915 781 is
925 729 989 781 rino
1042 732 1111 784 item
1124 730 1253 782 cauliculi
1267 732 1336 783 liora
1348 730 1487 798 decerpti,
1505 734 1535 785 in
1553 748 1624 785 noro
1641 735 1724 787 iictili
1734 743 1833 802 operto

195 810 297 871 potum.
334 799 455 852 Odorem
477 797 534 849 oris
551 796 727 849 commendat
745 799 790 851 rei
810 799 899 865 pridie
916 813 989 849 com·
1042 800 1156 853 cremati
1168 801 1194 850 in
1206 798 1297 862 lurno,
1308 798 1371 852 dein
1383 803 1441 852 triti
1453 816 1487 853 ex
1496 802 1568 855 rino.
1605 803 1833 857 Etnmbustisio·

195 871 397 925 nrauducatum.
432 867 502 919 item
514 865 587 932 apud
597 866 780 919 Menandrum
791 865 989 934 Synaristosae
1040 869 1140 921 liorum
1152 868 1221 920 ciuis
1231 869 1367 921 medetur.
1391 871 1492 938 inguen
1504 887 1538 923 ne
1547 872 1716 926 intumescat
1725 889 1759 926 ex
1770 872 1831 926 hui-

196 941 247 994 hoc
257 939 350 994 edunt.
367 937 460 989 Datur
471 942 500 988 ct
510 934 694 1002 dysentericis
707 935 816 987 denarii
827 936 948 1006 pondere
958 937 988 989 io
1041 937 1190 1002 cere,satis
1200 944 1244 989 est
1252 937 1394 989 surculum
1406 945 1512 990 nutum
1524 942 1608 1009 myrti
1619 939 1721 996 babere
1730 957 1833 1006 secum,

193 1010 266 1063 rino.
303 1008 427 1061 lluicera
439 1004 564 1057 difficilia
577 1005 606 1056 in
623 1004 850 1058 ermemitatibus
865 1006 988 1072 corporis
1040 1022 1095 1060 non
1105 1006 1180 1059 lerro
1192 1021 1242 1059 nec
1252 1012 1328 1060 terra
1339 1012 1505 1059 contactum.

193 1083 354 1141 saaat,cum
364 1073 681 1128 rinosubierrciactum.
716 1074 988 1141 lmponituriippitn·
1076 1075 1426 1144 multimammiam
1447 1076 1566 1130 diximus
1586 1076 1725 1147 quomodo
1745 1078 1831 1129 lieret.

193 1148 253 1201 dini
262 1162 325 1201 cum
337 1145 460 1212 polenta,
470 1150 498 1196 ei
509 1143 646 1195 cardiacis
656 1144 686 1195 ia
698 1158 817 1195 mamma
826 1143 949 1195 sinistrae
960 1149 989 1196 et
1041 1143 1149 1197 Vulrae
1160 1143 1281 1212 prodest,
1292 1145 1430 1213 appositu.
1445 1143 1517 1207 latu,
1532 1152 1560 1198 et
1571 1147 1655 1200 illitu.
1689 1146 1782 1199 Multo
1793 1145 1834 1198 el·

193 1224 290 1271 contra
299 1213 453 1282 scorpionis
464 1213 538 1266 ictus
549 1213 577 1263 in
588 1227 678 1266 meror
700 1218 729 1264 et
745 1214 781 1265 ad
791 1213 900 1265 vesicae
911 1212 989 1276 ritis,
1041 1214 1154 1266 ilcacius
1168 1220 1196 1265 et
1208 1214 1321 1277 cortice,
1335 1221 1364 1267 et
1374 1213 1453 1276 lolio,
1470 1220 1498 1266 et
1509 1215 1622 1270 semine.
1657 1217 1833 1283 Exprimitur
1852 1250 1861 1263 .

193 1286 293 1354 capitis
302 1284 430 1345 dolores,
449 1287 478 1335 ei
489 1281 647 1348 aegilopas,
666 1287 813 1349 antequam
825 1288 987 1348 suppurent:
1041 1289 1069 1336 et
1081 1283 1157 1335 loliis
1168 1297 1267 1335 succus
1279 1283 1451 1335 mollissimis
1462 1285 1490 1336 in
1501 1284 1558 1350 pila
1568 1285 1646 1347 tusis,
1667 1285 1756 1337 affuso
1768 1299 1832 1353 pau·

193 1356 262 1409 item
273 1354 443 1408 tumoribus:
465 1353 639 1419 exemtisque
654 1350 762 1402 nucleis
777 1350 805 1401 in
820 1350 882 1400 rino
893 1359 988 1403 vetere
1039 1353 1118 1405 latim
1129 1351 1194 1403 rino
1204 1359 1326 1415 austero,
1336 1354 1434 1406 aliasa
1454 1369 1490 1407 ua
1500 1353 1631 1407 caelesti:
1642 1356 1832 1422 atqueitaex·

193 1427 288 1477 tritum
301 1421 492 1491 eruptionibus
504 1421 636 1489 pituitae.
658 1418 761 1472 Soccus
772 1419 885 1470 sentinis
896 1418 987 1471 airum
1039 1435 1135 1489 presso
1148 1427 1263 1473 utuntur
1273 1421 1308 1474 ad
1320 1423 1377 1475 oris
1388 1424 1519 1490 sedisque
1529 1422 1655 1487 hulcera,
1675 1425 1781 1486 vulvae,
1802 1428 1832 1477 et

191 1494 277 1558 sistit,
287 1496 395 1545 urinam
406 1492 469 1543 ciet.
503 1490 543 1541 lid
555 1488 714 1556 eruptiones
725 1488 895 1556 pusularum,
906 1488 988 1554 pitui·
1039 1488 1156 1543 reatus:
1168 1489 1330 1556 capiliorum
1343 1492 1495 1560 nigritiam,
1506 1493 1640 1545 maiarum
1652 1492 1833 1559 perimimus,

191 1570 303 1630 tueque,
323 1577 386 1615 cum
403 1564 496 1612 cerato
511 1557 646 1610 illinitur:
667 1564 697 1611 ct
717 1565 815 1610 contra
830 1555 987 1624 phalangia.
1040 1560 1219 1627 purgationes
1229 1559 1407 1630 lentiginum,
1427 1563 1512 1616 etubi
1528 1560 1769 1632 constringendum
1779 1561 1830 1612 aii·

190 1631 328 1698 (lapillum
346 1628 483 1697 denigrat.
520 1627 623 1680 Lenius
637 1641 721 1678 succo
738 1627 830 1679 oleum
846 1631 889 1677 est
899 1640 933 1677 ex
944 1641 988 1678 aa·
1041 1627 1172 1695 quidest.

191 1698 255 1751 dem
269 1705 376 1765 myrto:
397 1697 485 1750 lenias
497 1703 525 1749 ei
537 1695 640 1757 vinum,
657 1710 711 1762 quo
723 1710 860 1763 nunquam
870 1695 989 1747 inebria·
1075 1694 1229 1749 cxxxiii.
1247 1697 1362 1776 Myrtus
1370 1698 1515 1763 silvestris,
1526 1700 1586 1752 sire
1597 1697 1787 1767 oxymyrsine,
1797 1696 1833 1749 si·

190 1775 245 1819 tur.
267 1768 453 1819 inreteratum
465 1765 541 1817 sistit
551 1764 641 1817 airum
653 1771 681 1816 et
693 1762 880 1817 stomachumc
892 1763 989 1814 tormi·
1039 1781 1071 1818 re
1083 1763 1331 1833 chamaemyrsine,
1352 1768 1444 1819 baccis
1455 1768 1620 1822 rubentibus
1632 1776 1660 1820 et
1669 1767 1807 1820 brevitate
1817 1781 1835 1818 a

192 1840 331 1896 namnet,
351 1833 496 1886 fastidium
508 1832 605 1900 abigit.
641 1831 786 1884 Foliorum
797 1832 934 1885 arentium
948 1832 988 1886 ia·
1039 1834 1127 1887 satira
1139 1830 1234 1886 distat.
1248 1834 1336 1888 iiadir
1347 1838 1406 1889 eius
1417 1838 1444 1888 in
1456 1835 1561 1889 honore
1571 1844 1622 1899 est,
1634 1836 1750 1888 decocta
1759 1834 1835 1897 rino,

191 1904 251 1956 rina
261 1903 378 1957 sudores
389 1900 501 1953 cohibet
512 1901 644 1968 inspersa,
655 1901 697 1954 rei
707 1902 735 1953 in
746 1901 826 1954 febri.
861 1902 946 1954 Utilis
959 1908 988 1953 et
1039 1903 1073 1954 ad
1084 1919 1180 1957 renum
1192 1905 1303 1957 dolores
1314 1913 1388 1971 pota,
1398 1912 1427 1957 et
1438 1906 1545 1959 dilliciii
1561 1907 1664 1966 umnae,
1675 1902 1835 1973 praecipue·

190 1973 328 2038 coeliacis,
339 1979 367 2024 et
377 1970 568 2038 procidentiae
580 1969 730 2033 ruinarum,
744 1969 818 2022 sedis
828 1969 913 2033 vitiis,
925 1969 986 2022 hui·
1041 1988 1094 2040 que
1104 1988 1224 2034 crassae,
1243 1981 1271 2025 et
1280 1972 1467 2041 graveolenti:
1489 1975 1586 2027 morbo
1597 1977 1684 2042 regio,
1704 1980 1733 2026 et
1741 1971 1835 2023 ruira-

191 2043 297 2095 ccribus
309 2039 495 2102 manantibus,
515 2039 575 2108 igni
585 2052 665 2090 sacro
675 2037 746 2102 iotu,
759 2038 869 2107 capillis
881 2039 989 2091 liuenti·
1040 2056 1098 2094 rum
1110 2042 1269 2111 purgationi
1281 2044 1416 2094 tritarum
1428 2043 1500 2094 rino.
1529 2043 1664 2096 Cauliculi
1675 2056 1782 2110 qunque
1793 2040 1836 2090 in·

190 2112 251 2172 bus,
271 2108 440 2163 durioribuse
463 2110 530 2160 item
547 2107 609 2159 aliis
620 2108 820 2176 eruptionibus,
844 2109 987 2160 ambustis.
1039 2111 1172 2177 cipiantes
1183 2126 1214 2162 as
1233 2125 1379 2179 aragonum
1392 2111 1476 2162 modo
1486 2112 1514 2163 in
1525 2113 1586 2165 cibo
1596 2112 1696 2174 sumti,
1716 2117 1745 2163 et
1756 2110 1785 2161 ia
1796 2109 1834 2160 ci·

191 2180 307 2233 Additur
342 2193 432 2246 unque
446 2177 476 2228 in
493 2176 710 2240 medicamento,
732 2176 804 2247 quod
826 2176 846 2228 li
867 2192 930 2229 aras
941 2192 989 2228 vo·
1039 2195 1104 2232 nere
1115 2182 1195 2233 cocti.
1206 2126 1303 2232 genien
1316 2194 1377 2231 eum
1388 2181 1452 2232 rino
1464 2188 1567 2247 potum,
1578 2187 1626 2233 aut
1638 2182 1763 2242 oleo,aut
1774 2192 1834 2229 ace·

190 2255 267 2312 cant,
287 2197 383 2301 cadem
393 2248 428 2301 dc
440 2264 524 2302 causa
535 2262 588 2317 qua
603 2247 694 2299 oleum
705 2262 739 2300 ex
751 2245 807 2308 his,
828 2192 986 2299 efficaciam·
1040 2256 1078 2309 to,
1090 2247 1211 2301 calculos
1222 2247 1336 2317 frangit.
1351 2248 1419 2300 item
1430 2251 1459 2301 in
1470 2257 1550 2302 aceto
1561 2257 1589 2302 et
1599 2264 1714 2302 rosaceo
1725 2248 1833 2310 tritum,

191 2333 262 2370 mura
270 2318 655 2386 adeoquaeinhumoresunt,
666 2323 795 2382 tanquam
803 2315 831 2366 in
840 2316 987 2367 oreetrul·
1039 2317 1138 2383 capitis
1160 2317 1271 2370 dolores
1293 2318 1386 2369 sedat:
1408 2325 1436 2369 et
1450 2324 1554 2384 potum,
1575 2320 1699 2371 morbum
1717 2317 1833 2385 regium.

164 2392 175 2399 “
190 2400 234 2439 ra.
255 2386 336 2439 Folia
346 2388 407 2454 ipsa
417 2385 513 2454 iungis
523 2385 706 2439 adversantur
717 2387 785 2436 trita
795 2399 830 2436 ex
841 2386 914 2445 rino,
925 2399 986 2435 cum
1041 2386 1139 2437 Castor
1149 2388 1347 2453 oxymyrsinen
1358 2388 1445 2452 myrti
1457 2386 1534 2438 loliis
1544 2391 1682 2450 acutiaes
1695 2401 1748 2453 qua
1763 2386 1835 2435 liunt

191 2470 254 2507 ocra
263 2472 329 2508 vcro
340 2455 535 2507 articularibus
547 2454 651 2507 morbis
663 2459 691 2505 et
702 2452 924 2504 collectionibus.
935 2452 987 2503 Ea·
1039 2454 1097 2504 ruri
1107 2468 1227 2520 scopae,
1245 2467 1356 2506 ruscum
1368 2455 1492 2518 vocavit,
1512 2454 1548 2506 ad
1561 2456 1672 2507 eosdem
1684 2469 1758 2506 usus.
1795 2452 1833 2503 Et

192 2513 254 2574 dem
266 2525 296 2575 in
307 2526 372 2575 rino
383 2523 498 2574 decocta
509 2522 525 2572 d
548 2522 692 2573 neutericis
702 2528 732 2574 et
742 2519 988 2588 hydropicispotui
1040 2520 1171 2571 hactenus
1182 2520 1284 2573 habeut
1298 2537 1328 2572 se
1344 2520 1497 2575 medicinae
1511 2521 1680 2577 urbanarum
1691 2520 1830 2576 arborum.

191 2591 301 2643 dantur.
329 2539 651 2652 siccanturlahninam
680 2603 732 2641 uae
743 2588 913 2655 inspergitur
924 2586 985 2638 hui·
1040 2591 1226 2642 'transeamus
1238 2588 1275 2641 ad
1284 2589 1437 2642 silvestres.

190 2661 309 2722 caribus,
326 2664 374 2711 aut
385 2654 622 2728 haemorrhagiae.
733 2664 782 2708 ant
792 2663 821 2710 et
830 2655 987 2726 lentigines,

624 2966 671 3052 C.
729 2965 997 3052 PLINII
1053 2964 1404 3054 SECUNDI

241 3143 966 3249 NATURALiS
1062 3144 1784 3249 riisrossinu

743 3344 1274 3422 erouaxxra

187 3691 209 3744 l.
224 3644 280 3739 Na
297 3687 387 3743 silrss
403 3692 530 3761 quidem,
552 3688 748 3761 horridiorque
761 3697 876 3746 naturae
891 3690 986 3755 iacies,
1036 3699 1095 3747 tum
1106 3709 1186 3763 aqua
1221 3695 1368 3746 innumera
1378 3698 1524 3760 praeterea
1536 3688 1600 3753 aila,
1613 3700 1683 3758 qnae
1693 3686 1751 3740 suis
1761 3685 1832 3737 locis

188 3758 331 3812 medicinis
343 3768 447 3826 carent,
465 3777 547 3814 sacra
561 3760 611 3812 iiia
629 3770 743 3828 parente
755 3776 844 3813 rerum
864 3762 985 3813 omnium
1037 3764 1165 3818 dicentur
1181 3763 1299 3816 assidue.
1411 3766 1413 3771 '

189 3843 323 3896 nusquam
338 3845 392 3881 non
410 3832 535 3884 remedia
546 3831 707 3897 disponente
721 3829 836 3892 homini,
860 3837 891 3882 ut
902 3828 988 3883 medi·
1072 3834 1147 3886 ilinc
1160 3840 1225 3885 asta
1240 3830 1386 3883 medicina.
1421 3831 1500 3882 llaec
1514 3829 1577 3882 sola
1592 3836 1709 3880 naturae
1720 3824 1830 3892 placue-

190 3898 253 3949 cinn
263 3898 342 3952 lieret
354 3899 438 3951 eiiam
450 3899 572 3953 solitudo
584 3900 657 3965 ipsa:
683 3899 731 3953 sed
744 3899 779 3951 ad
791 3900 901 3967 singula
910 3900 986 3952 illias
1037 3909 1082 3954 rat
1092 3917 1154 3956 esse
1165 3902 1287 3954 remedia
1298 3906 1395 3967 parata
1404 3898 1496 3967 vulgo,
1515 3901 1626 3951 inventu
1639 3895 1742 3953 laciiia,
1752 3908 1785 3943 ac
1795 3893 1833 3942 si·

188 3965 344 4020 discordiae
355 3974 438 4035 atque
445 3969 608 4023 concordiae
617 3967 757 4021 miraculis
768 3971 985 4022 occursantibus.
1038 3987 1072 4024 ne
1082 3971 1230 4039 impendio,
1241 3977 1268 4022 et
1279 3970 1378 4038 quihus
1387 3968 1515 4020 vivimus.
1553 3968 1653 4021 Postea
1665 3963 1775 4016 imanes
1784 3957 1834 4009 ho·

189 4033 313 4095 Quercus
324 4042 352 4086 et
363 4038 427 4089 olea
443 4045 501 4090 tam
518 4038 655 4104 pertinaci
665 4038 731 4089 odio
742 4037 887 4101 dissident,
907 4039 987 4090 utal-
1039 4041 1141 4092 minum
1161 4047 1190 4092 ct
1207 4039 1380 4107 ingeniorum
1409 4044 1540 4104 capturae
1552 4034 1683 4103 ¹cilicinas
1704 4031 1833 4108 invenere

188 4112 250 4154 tera
261 4098 415 4156 in‘alterius
425 4107 524 4158 scrobe
534 4104 669 4171 depactac
679 4109 849 4158 moriantur:
871 4121 987 4175 quercias
1038 4111 1118 4171 istas,
1139 4109 1169 4159 in
1182 4110 1280 4176 quibus
1292 4123 1343 4159 sua
1355 4105 1453 4172 cuique
1464 4104 1568 4156 homini
1579 4101 1684 4155 venalis
1694 4096 1830 4176 promitti·

188 4186 256 4224 cero
267 4181 295 4223 ct
306 4172 385 4224 iuxta
395 4188 494 4226 nucem
506 4174 676 4241 iuglandem.
697 4174 864 4226 pernicialia
875 4182 903 4226 et
913 4176 988 4226 bras·
1039 4188 1087 4228 tur
1098 4176 1161 4226 vitu.
1197 4176 1298 4227 Statim
1320 4174 1536 4241 compositiones
1548 4178 1576 4222 et
1596 4170 1744 4243 nilsturac·
1753 4177 1830 4214 rner-

190 4240 267 4293 sicnc
278 4256 337 4292 curn
348 4244 405 4293 rite
416 4242 495 4293 odis:
520 4244 608 4308 ipsum
627 4241 699 4302 olus,
719 4255 775 4310 quo
790 4243 855 4293 ritis
866 4242 988 4308 fugatur,
1038 4243 1184 4311 plicabilcs
1200 4244 1391 4294 decantantur.
1427 4241 1529 4292 Arabia
1545 4245 1628 4304 atque
1649 4232 1763 4285 indiam
1774 4246 1830 4282 me=

189 4309 335 4362 adversum
356 4307 511 4375 cyclamino
531 4315 560 4361 st
580 4310 696 4378 origano
717 4310 829 4362 arescit.
865 4310 937 4371 Quin
959 4314 989 4359 et
1039 4312 1085 4363 dio
1105 4311 1301 4362 aestimantur:
1321 4310 1482 4374 hulcerique
1498 4320 1583 4375 parvo
1598 4301 1733 4355 medicina
1747 4314 1764 4350 a
1778 4298 1832 4350 ilu-

189 4391 309 4429 annosas
319 4377 386 4438 iam,
409 4383 437 4449 et
453 4391 523 4458 quae
535 4379 830 4440 sternanturarhores,
850 4376 989 4429 dliiicilius
1039 4380 1090 4431 hro
1110 4380 1181 4429 mari
1201 4381 1369 4447 imputatum
1400 4390 1461 4426 cum
1482 4373 1606 4428 remedia
1624 4386 1690 4423 rera
1709 4367 1833 4435 quotidie

189 4444 281 4505 caedi,
293 4459 325 4496 ac
335 4444 454 4496 celerius
465 4460 622 4499 inarescere
631 4445 757 4509 tradunt,
776 4447 800 4498 si
813 4446 887 4512 prius
897 4460 988 4507 manu,
1041 4448 1231 4516 pauperrimos
1247 4446 1361 4515 quisque
1378 4450 1486 4496 coenet.
1523 4442 1593 4496 Nam
1612 4436 1832 4517 siexhortn'pc·

190 4529 274 4583 quam
286 4511 373 4576 ferro,
385 4515 570 4582 attingantur.
604 4514 751 4568 Pomorum
764 4528 848 4566 onera
858 4528 875 4565 a
884 4515 989 4566 iumen·
1040 4525 1141 4579 tantur,
1161 4524 1210 4568 aut
1221 4515 1306 4569 herba
1315 4515 1360 4568 rei
1372 4511 1466 4565 frutex
1477 4518 1637 4580 quaeratur,
1647 4506 1722 4559 nulia
1732 4514 1832 4573 artium

189 4584 228 4636 tis
247 4584 343 4635 statim
365 4583 477 4635 sentiri:
509 4599 544 4637 ac
561 4582 614 4635 nisi
635 4585 712 4652 prius
734 4584 917 4637 ostendantur
936 4581 989 4647 his,
1039 4585 1193 4640 ciliortlnt.
1228 4586 1325 4637 ltaest
1342 4580 1481 4652 proiecto,
1497 4577 1656 4650 magnitudo
1676 4575 1833 4644 popuiiilo·

190 4651 315 4721 quamvis
326 4665 414 4718 pauca
423 4658 547 4718 portent,
566 4654 667 4707 sudare
684 4653 770 4706 illico.
805 4652 925 4706 Ferulae
935 4653 989 4706 asl-
1040 4657 1112 4708 maai
1124 4653 1334 4722 perdiditritus,
1345 4650 1532 4720 vincendoque
1542 4650 1609 4702 victi
1618 4662 1721 4698 sumus.
1749 4642 1832 4695 Pare·

190 4720 404 4788 nisgratissimo
414 4729 481 4774 sunt
491 4723 521 4775 in
534 4724 651 4790 pabulo,
669 4725 769 4776 ceteris
780 4738 848 4777 reno
859 4723 989 4775 iumentis
1040 4725 1240 4786 monasterum,
1260 4730 1289 4775 et
1304 4737 1361 4774 una
1377 4721 1478 4772 artium
1495 4716 1713 4786 Imperatorihus
1724 4726 1833 4783 quoque

191 4797 394 4859 praesentaneo
404 4806 526 4844 veneno:
546 4805 601 4859 qua
611 4792 645 4844 de
656 4807 741 4863 capsa
752 4791 781 4842 id
792 4793 896 4844 animal
905 4792 988 4844 Libe·
1038 4794 1251 4861 imperaverunt.
1288 4789 1389 4843 Verum
1401 4789 1436 4840 da
1446 4788 1489 4840 his
1499 4789 1568 4841 alias
1580 4787 1669 4854 plura.

190 4856 311 4911 roPatri
323 4858 495 4927 assignatur,
515 4860 706 4913 coistieruia
743 4860 988 4915 Sordisetismra·
1074 4863 1105 4915 il.
1125 4862 1215 4914 Loton
1226 4860 1351 4921 herbam,
1370 4859 1492 4925 itemque
1503 4859 1541 4909 ric
1600 4851 1834 4930 tiameodemno·

192 4941 254 4981 rum
277 4942 328 4979 sna
348 4930 446 4997 cuique
466 4936 532 4980 sunt
550 4944 709 4993 rencna,ac
726 4929 848 4982 minimis
869 4944 987 4998 quoquc.
1039 4933 1123 4993 mine,
1133 4931 1204 4983 alias
1216 4935 1244 4983 et
1255 4928 1394 4995 Syrticam
1405 4927 1543 4988 arborem,
1583 4918 1833 4976 ximussolslocrs.

193 4995 308 5063 Philyra
320 4997 380 5047 coci
400 5006 429 5049 st
440 4999 547 5065 polline
565 5000 678 5050 nimium
688 4999 774 5051 salem
790 4999 843 5050 cibi
854 5000 988 5051 erinium.
1039 5002 1117 5053 llaec
1129 5001 1211 5061 lotos,
1231 5012 1301 5064 quae
1319 4997 1383 5049 laba
1395 4996 1503 5047 Graeca
1522 4993 1705 5061 appellatura
1721 4985 1832 5070 nostflts

192 5064 386 5133 Pracduicium
404 5066 548 5119 fastidium
560 5067 603 5119 sal
619 5074 764 5135 temperat.
798 5067 989 5119 Nitrosaearrt
1039 5068 1233 5121 aivumbacris
1249 5066 1332 5117 sistit.
1368 5064 1504 5115 Remmia
1520 5063 1589 5130 ligni
1600 5062 1753 5112 decoctam
1765 5066 1831 5105 rino

192 5148 305 5187 amarae
318 5149 417 5202 aquae,
436 5137 550 5204 polenta
565 5136 663 5190 addita
677 5135 853 5203 mitigantur,
874 5144 904 5188 ut
914 5138 989 5188 intra
1057 5146 1154 5190 rosunt
1165 5134 1360 5205 dysentericis,
1371 5134 1526 5190 menstruis,
1537 5120 1832 5209 avertigini,comitiaii·
1923 5186 1927 5195 .

191 5202 261 5256 duas
272 5201 355 5255 horas
366 5203 424 5256 bibi
435 5206 550 5273 possint.
587 5207 648 5270 Qua
665 5204 988 5258 decausaetinssccns
1036 5153 1098 5257 Rus.
1134 5204 1314 5257 cohihentet
1331 5201 1471 5268 capillum.
1506 5201 1618 5261 Mirum,
1638 5195 1683 5276 ἢκ.
1700 5195 1832 5244 tamenn·

189 5271 316 5325 vinarios
327 5273 441 5324 additur
455 5275 577 5340 polenta.
614 5273 719 5326 Similis
734 5274 779 5325 ris
795 5273 988 5325 Rhodiaecre·
1039 5274 1112 5325 nihil
1121 5289 1182 5325 esse
1194 5272 1324 5332 amarius,
1342 5269 1490 5337 fructuque
1499 5268 1616 5321 dulcius.
1652 5264 1832 5315 arrersao·

189 5345 244 5404 tae,
265 5349 295 5395 et
305 5342 425 5408 argillae
436 5342 564 5393 nostrati.
587 5343 743 5395 concordia
751 5342 856 5404 valent,
867 5356 928 5393 cum
940 5342 988 5406 pix
1037 5342 1073 5394 be
1083 5344 1141 5394 eius
1152 5340 1391 5400 medicamentum,
1403 5352 1439 5390 ex
1449 5353 1520 5404 aqua
1528 5337 1613 5405 myrti
1624 5331 1748 5410 detdqtdg
1769 5323 1833 5373 ⁸¹¹5·

189 5409 252 5463 oieo
269 5410 435 5470 extrahitur,
454 5408 563 5476 quando
583 5418 730 5480 utrumque
750 5415 795 5478 pin
834 5413 857 5462 is
871 5416 987 5460 naturae
1039 5419 1110 5472 ama,
1121 5417 1150 5463 et
1162 5410 1251 5479 divisa
1262 5411 1289 5461 in
1299 5407 1436 5476 pastillos,
1453 5403 1637 5474 dysentericis
1647 5397 1834 5478 triduanum,

187 5485 239 5532 est.
275 5479 373 5532 Oleum
386 5478 474 5529 solum
486 5478 556 5529 calci
567 5482 705 5544 miscetur,
718 5495 790 5547 quan
811 5493 827 5529 o
839 5485 973 5544 ntrumqr··
1197 5479 1320 5531 'corinti
1330 5492 1391 5531 eum
1402 5490 1490 5542 aquae
1502 5472 1611 5541 cyathis
1622 5465 1718 5517 tribu·-

186 5561 275 5617 squas
284 5546 352 5602 odit.
388 5545 503 5599 Gummi
516 5551 595 5600 scoto
605 5546 718 5602 iaciiios
729 5548 840 5610 eluitur,
851 5553 949 5597 atram·
1253 5547 1333 5600 arira
1343 5545 1471 5604 aunum,
1491 5556 1560 5609 quas
1571 5529 1702 5590 cacoethe
1723 5537 1834 5591 rorant,
