4368 6008
416 302 423 335 l
502 301 535 360 C.
561 298 711 362 edisti
747 295 954 360 SECUNDI
987 297 1154 360 hstiis.
1188 294 1380 359 uisuoit
1404 296 1484 357 siit
1507 294 1666 356 xxvii
1689 293 1784 354 CAP.
1806 298 1930 361 «se-59.

437 462 501 517 pres
513 449 593 519 pellit
604 448 745 515 copiosum
758 461 948 516 crassumque,
961 452 1046 517 atque
1054 447 1160 503 italie-

447 533 599 575 uasumere
610 518 721 571 dicitur.

456 589 480 643 l.
504 584 694 655 cynosorchin
716 584 806 651 aliqui
825 584 923 638 orchis
948 594 1061 651 vocant,
1082 586 1161 641 loliis

412 688 456 721 ...s
472 656 613 718 mollibus,
635 655 724 705 ternis
740 669 789 721 per
799 655 867 706 semi
888 655 967 708 edem
979 657 1161 725 longitudinis

359 742 389 781 tn
402 736 479 781 terre
487 726 593 787 stratis,
604 722 698 776 radice
709 723 839 788 bulbosa,
858 671 987 794 sitonga,
998 725 1104 793 duplici
1115 742 1160 779 or·

262 780 293 799 ⁸
360 798 440 859 dine,
462 797 605 861 superiore
623 807 693 859 quae
705 794 802 845 durior
821 800 928 867 est,‚et
942 796 1075 850 inferiore
1089 810 1161 863 quae

361 866 483 919 mollior.
520 854 649 913 nentur
667 868 699 913 ut
713 863 792 915 bulbi
806 864 894 926 cocti,
914 865 942 916 in
953 865 1111 919 vineislere
1122 868 1161 919 iu·

364 937 444 987 renti.
483 934 525 985 iix
535 929 578 983 his
588 930 729 984 radicibus
741 934 765 984 si
777 934 911 986 maiorem
923 934 1008 986 edant
1019 935 1083 999 riri,
1103 950 1160 987 rna·

361 1020 405 1059 res
421 1002 553 1070 generari
573 999 681 1052 dieunt:
702 1003 727 1053 si
743 1002 877 1055 minorem
893 1001 1020 1068 feminae,
1041 1005 1160 1058 alterum

360 1087 464 1126 sexeni.
492 1073 523 1123 ln
533 1069 681 1123 Thessalia
692 1071 847 1123 molliorem
859 1072 887 1123 in
899 1072 973 1126 lacte
985 1073 1098 1141 caprino
1110 1074 1161 1125 riri

359 1144 457 1195 bibunt
469 1139 503 1193 ad
515 1139 700 1193 stimulandos
718 1140 822 1204 coitus,
843 1141 983 1195 duriorem
996 1158 1061 1197 vero
1074 1143 1161 1196 adia·

361 1210 503 1265 bibendos.
539 1209 915 1265 adversanturalteralteri.

395 1280 493 1332 liLlll.
513 1279 771 1347 Chrysolachanum
782 1282 810 1330 in
824 1281 927 1347 pineto,
948 1280 1074 1332 lactucae
1085 1280 1161 1333 simi·

360 1352 387 1405 le
398 1349 530 1401 nascitur.
566 1350 655 1402 Sanat
666 1365 765 1401 nervos
777 1350 895 1411 incisos,
916 1350 941 1401 si
956 1350 1101 1405 confestim
1112 1351 1163 1402 im·

358 1426 490 1488 ponatur.
510 1418 546 1470 Et
557 1418 634 1484 aliud
644 1434 731 1487 genus
744 1417 958 1485 chrysolachani
969 1419 1099 1483 traditur,
1110 1419 1161 1479 llo·

359 1507 391 1542 re
402 1503 497 1550 nureo,
508 1487 584 1540 foliis
597 1487 690 1540 oleris.
727 1488 842 1540 (iactum
854 1498 939 1551 estur,
954 1496 983 1541 ut
994 1489 1057 1541 olus
1068 1488 1162 1542 molle.

360 1561 456 1612 ilerba
467 1556 518 1609 hac
529 1555 683 1625 adalligata
693 1559 820 1610 morbum
829 1559 934 1625 regium
942 1557 1163 1620 habentibus,its

360 1635 390 1681 ut
400 1630 519 1694 spectari
536 1626 572 1677 ab
590 1623 632 1678 his
644 1627 749 1694 possit,
769 1628 863 1679 sanari
873 1628 901 1679 id
914 1629 1016 1680 nialum
1034 1627 1162 1681 traditur.

362 1698 406 1750 De
417 1693 638 1763 chrysolachano
650 1713 702 1750 nec
716 1697 787 1749 satis
798 1696 855 1750 dici
871 1697 948 1768 scio,
968 1713 1020 1751 nec
1030 1699 1111 1765 plura
1120 1714 1161 1750 re·

359 1767 447 1835 perio.
468 1766 594 1834 Namque
605 1775 634 1820 et
644 1767 697 1820 hoc
716 1768 787 1821 nitio
798 1767 963 1821 laboravere
975 1769 1095 1835 proximi
1108 1767 1163 1819 uti·

361 1852 414 1904 que
425 1835 547 1889 herbarii
560 1840 665 1899 nostri,
686 1838 764 1904 quod
777 1837 830 1905 ipsi
843 1845 923 1890 notas
933 1838 1011 1889 velut
1020 1836 1159 1904 vulgares,

359 1905 489 1969 strictim,
502 1912 531 1957 et
541 1906 701 1958 nominibus
712 1913 820 1959 tentum
832 1907 1005 1959 indicavere:
1028 1912 1160 1972 tanquam

255 2020 261 2032 .
359 1974 477 2042 coagulo
490 1979 583 2027 terrae
593 1976 687 2029 alruru
698 1976 771 2039 sisti,
791 1975 979 2044 stranguriam
991 1974 1116 2039 dissolui,
1137 1977 1161 2026 si

360 2045 472 2098 bibatur
483 2059 517 2098 ex
528 2045 592 2097 uino
604 2046 654 2099 adt
665 2062 751 2114 aqua:

344 2142 359 2165 -.
394 2112 492 2165 xuv.
514 2113 611 2165 Cuculi
634 2113 704 2164 tolia
719 2116 787 2163 trito
802 2126 863 2162 curn
883 2115 972 2172 aceto,
990 2110 1161 2176 serpentium

358 2183 459 2236 ictibus
471 2187 502 2234 et
511 2182 689 2247 scorpionum
701 2179 814 2233 mederi.
833 2179 954 2243 Quidam
964 2178 1036 2232 hene
1045 2178 1103 2231 alio
1113 2192 1163 2231 au·

359 2253 433 2304 mine
445 2256 581 2303 strumum
593 2251 743 2318 appellant,
753 2249 916 2303 aliiGraece
927 2247 1093 2317 strychnon:
1107 2252 1162 2303 sci·

359 2336 410 2373 nus
421 2319 506 2373 habet
521 2321 626 2387 nigros.
662 2321 705 2371 iix
720 2318 893 2386 hiacynthus
909 2319 986 2375 sireci
1003 2335 1065 2373 cum
1077 2320 1161 2373 mulsi

359 2391 474 2452 duobus,
483 2388 611 2445 medetur
622 2389 735 2443 lumbis:
749 2389 815 2441 item
828 2388 929 2457 capitis
939 2388 1033 2443 doleri
1044 2404 1107 2443 cum
1116 2404 1161 2443 ro·

359 2459 569 2513 saceoinlusus.
607 2458 883 2526 ipsastrumisilllla.

374 2560 386 2567 -·
397 2528 484 2583 XLV.
504 2528 658 2581 Peculiaris
679 2535 722 2581 est
736 2528 845 2595 Alpinis
865 2528 986 2583 maxime
1001 2526 1160 2583 donintona

361 2598 508 2662 conlerra,
534 2597 675 2664 appellata
695 2613 712 2649 a
733 2596 1012 2662 tantantummodo,
1043 2601 1161 2669 spongia

361 2684 496 2736 aquarum
516 2667 637 2719 dulcium
657 2670 758 2729 verius,
780 2683 862 2733 quam
879 2684 991 2723 muscus
1008 2677 1055 2721 aut
1066 2668 1161 2733 herba,

360 2740 477 2793 villosae
491 2736 639 2790 densitatis
650 2742 733 2804 atque
744 2738 896 2791 fistulosae.
908 2740 1042 2792 Curatum
1052 2740 1161 2801 nascio,

360 2807 488 2860 omnibus
500 2805 559 2859 iere
572 2809 680 2861 ossibus
690 2805 853 2870 confractis,
866 2808 1026 2877 prolapsum
1038 2824 1072 2861 ex
1082 2810 1162 2862 arbo·

360 2894 391 2931 re
415 2866 475 2928 alia
496 2884 670 2942 putatorem,
693 2877 865 2930 circumdata
889 2880 1018 2931 universo
1040 2879 1161 2944 corpori,

358 2961 460 3017 equam
471 2960 548 2999 suum
561 2946 795 3014 inspergentibus,
811 2947 921 3014 quoties
931 2951 1109 3011 incresceret,
1121 2962 1161 3000 ra-

357 3033 453 3085 roque,
464 3032 515 3069 nee
524 3015 579 3067 nisi
589 3015 761 3071 deficientem
772 3015 888 3071 herbam
901 3017 1064 3071 mutationis
1076 3032 1161 3070 causa

357 3085 572 3150 resolventibus,
584 3085 759 3137 conualuisse
771 3087 817 3139 rix
829 3087 957 3141 credibili
971 3087 1126 3140 eeleritate.

393 3153 492 3207 XLVI.
512 3156 604 3207 Cocco
618 3153 720 3207 Gnidio
732 3154 811 3207 color
822 3157 907 3220 cccci,
919 3156 1083 3225 magnitudo
1096 3171 1159 3223 gra·

358 3241 395 3277 no
408 3223 514 3291 piperis
524 3224 627 3286 maior,
648 3223 689 3274 ris
700 3223 808 3276 ardeas.
845 3224 942 3293 ltaque
958 3229 1069 3292 inpane
1081 3225 1163 3278 dero·

357 3300 438 3347 ratur
449 3308 483 3346 ne
491 3292 601 3357 adurat,
611 3308 673 3346 cum
685 3293 780 3361 gulam
791 3294 902 3349 transit.
938 3295 1013 3351 Huic
1026 3295 1067 3349 ris
1079 3310 1161 3363 prae·

357 3372 492 3417 sentanea
503 3369 603 3415 contra
614 3364 744 3417 cicutam.

340 3468 345 3483 .
393 3432 505 3486 xcvii.
526 3433 609 3485 Sistit
618 3433 710 3485 alvum
721 3433 870 3501 dipsacos:
887 3433 957 3490 iolia
967 3434 1051 3488 habet
1071 3435 1160 3488 lactu·

358 3503 568 3568 cae,bullasque
579 3503 707 3568 spinosas
718 3505 747 3554 in
758 3503 835 3557 dorsi
847 3505 1065 3568 medio,cnulem
1077 3504 1161 3556 dudm

358 3572 528 3634 cubitorum,
539 3570 639 3622 iisdem
650 3572 737 3639 spinis
748 3573 902 3637 horridum,
914 3573 1044 3642 genicula
1054 3575 1113 3625 eius
1123 3573 1164 3624 bi·

358 3641 402 3692 nis
413 3638 490 3690 iuliis
500 3639 747 3707 amplectentibus,
769 3658 891 3697 concavo
909 3645 1018 3696 alarum
1034 3643 1115 3704 sinu,
1135 3642 1162 3692 in

250 3746 253 3751 .
360 3722 417 3777 qno
430 3708 560 3760 subsistit
571 3723 617 3761 ros
628 3710 729 3763 salsus.
765 3713 797 3763 in
809 3711 952 3765 cacumine
962 3713 1085 3778 capitula
1097 3716 1163 3761 sunt

358 3777 489 3831 echinata
498 3776 597 3842 spinis.
634 3777 767 3830 Nascitur
782 3780 945 3846 inaquosis.
981 3780 1066 3833 Sonat
1078 3781 1183 3832 rimas·

357 3846 443 3899 sedis.
480 3844 548 3897 ltem
566 3846 676 3899 listulas
693 3846 811 3910 decocta
823 3849 852 3899 in
869 3848 932 3900 rino
946 3847 1053 3911 radice,
1076 3865 1162 3915 usque

358 3918 424 3971 dum
437 3915 475 3968 sit
485 3914 644 3968 crassitudo
655 3931 752 3979 cerae,
773 3925 804 3968 ut
816 3916 905 3984 possit
916 3917 943 3968 in
955 3917 1064 3971 listulas
1075 3918 1163 3986 colly-

356 3988 430 4041 rium
443 3986 529 4037 mitti.
542 3986 612 4038 item
622 3988 1029 4055 uerrucasnmniumgenerum.
1043 3988 1161 4051 Quidam

358 4067 387 4109 et
399 4057 514 4118 ιιιιιιιιι,
526 4069 594 4122 quas
607 4056 834 4123 supradiximus,
845 4071 956 4108 succum
967 4056 1141 4110 illinunthis.

380 4125 520 4181 ,xuvim
540 4125 581 4177 Dr
593 4127 707 4191 rapieris
718 4124 787 4177 lilici
797 4126 906 4189 similis,
917 4128 944 4178 in
956 4126 1104 4180 arboribus
1116 4142 1163 4179 na·

357 4197 453 4257 scitur,
473 4188 554 4247 tenni
571 4141 707 4247 indiarum
727 4193 900 4245 subdulcium
916 4195 1045 4259 incisura,
1067 4197 1161 4250 radice

358 4266 475 4320 hirsuta.
496 4265 546 4318 vis
560 4264 585 4316 ei
596 4264 722 4316 caustica
732 4268 785 4319 est.
808 4262 875 4317 ideo
887 4263 1053 4333 psilothrum
1065 4274 1108 4317 est
1118 4282 1161 4317 rs-

357 4338 406 4389 dix
418 4345 497 4388 tusa:
513 4335 638 4386 illinitur
647 4333 730 4396 enim,
741 4348 829 4401 usque
842 4333 907 4385 dum
919 4332 1037 4388 sudores
1046 4342 1159 4391 euocet:

356 4409 521 4470 iterumque,
532 4411 561 4456 et
572 4405 668 4467 tertio,
679 4406 720 4455 ita
730 4418 765 4455 ne
776 4403 863 4454 sudor
874 4404 1016 4457 abluatur.

392 4472 492 4524 libili.
512 4473 709 4540 Dryophonon
721 4473 824 4524 similis
837 4472 921 4525 herba
931 4483 991 4536 est,
1014 4474 1160 4527 cauliculis

356 4541 501 4601 tenuibus,
522 4542 708 4607 cubitalibus,
728 4541 908 4595 circumdatis
931 4546 1061 4612 euinque
1083 4544 1161 4596 loliis

356 4608 487 4679 pollicari
498 4610 691 4677 amplitudine,
711 4611 806 4679 qualis
816 4614 1022 4681 oxymyrsines,
1036 4612 1086 4665 sed
1098 4629 1162 4665 can·

357 4678 510 4731 didioribus
530 4681 776 4749 meritoriumque,
798 4681 867 4734 llnre
886 4682 1006 4735 candido
1028 4681 1160 4735 sanibuei.

357 4747 453 4800 Ildum
465 4747 618 4804 cauliculos
629 4752 771 4806 decoctos.
791 4750 902 4805 Semina
912 4767 979 4806 rere
991 4752 1049 4805 cius
1060 4766 1110 4819 pro
1123 4754 1161 4818 pi·

357 4832 424 4885 pere
439 4822 562 4869 utuntur.

391 4886 425 4937 l..
444 4884 559 4939 Eletine
574 4884 645 4940 iniis
663 4887 750 4941 habet
769 4886 907 4951 helxines,
928 4889 1041 4956 pusilla,
1060 4889 1160 4957 pilosa,

357 4952 488 5015 rotunda,
507 4955 725 5020 semipedalibus
737 4958 853 5011 ramulis
863 4959 956 5026 quinis
967 4961 1074 5013 senime
1087 4976 1104 5012 a
1116 4975 1159 5011 ra·

358 5022 526 5076 dicestatim
539 5022 658 5077 foliosis.
695 5027 827 5080 Nascitur
837 5029 864 5079 in
879 5030 1037 5098 segetibus,
1060 5031 1161 5081 acerba

358 5100 460 5162 gustu,
479 5099 509 5143 et
525 5091 589 5145 iden
605 5093 748 5146 oculorum
765 5096 933 5151 llariosibus
950 5099 1057 5161 efficax,
1081 5097 1160 5151 foliis

359 5179 422 5215 cum
434 5161 549 5230 polenta
560 5161 635 5214 tritis
645 5168 674 5216 et
684 5165 833 5230 impositis,
844 5168 956 5221 subdito
966 5169 1093 5221 linteolo.
1107 5169 1160 5220 Ea·

358 5232 423 5353 dien}
433 5246 493 5355 {um
505 5230 557 5283 lini
569 5232 674 5284 samiae
691 5239 773 5286 cocta
785 5236 949 5291 sorbitionis
964 5256 1016 5292 asu
1028 5239 1160 5308 dysente-

359 5318 402 5355 ra
424 5304 434 5355 i
454 5308 524 5355 erat.

394 5372 438 5425 ul.
457 5373 620 5439 limpetros,
634 5384 719 5491 'qnam
741 5372 842 5454 nostri·
852 5376 1030 5446 calcifragam
1051 5385 1161 5438 rorant,

359 5444 485 5494 uescitur
506 5444 533 5495 in
552 5446 642 5492 anonis
663 5455 695 5491 us
710 5440 868 5503 maritimrs,
889 5444 987 5497 ierein
1000 5464 1083 5499 sano:
1106 5463 1161 5511 quo

360 5511 473 5577 propius
485 5512 555 5565 mari
568 5509 661 5573 tuerit,
672 5508 762 5561 minus
774 5507 849 5562 salsa
860 5519 917 5563 est:
940 5524 1061 5580 potaque
1072 5518 1157 5570 bilem

310 5630 319 5645 ‚
356 5576 454 5668 ¹trahit,
477 5596 512 5632 se
531 5580 660 5648 pluritas:
680 5594 734 5648 quo
751 5578 861 5649 longius
879 5580 1022 5648 magisque
1042 5594 1162 5648 terrena,

1213 447 1335 503 amarior
1350 448 1483 501 ιιιιιιιιιι.
1517 446 1618 503 Trahit
1633 460 1744 514 square.
1781 443 1910 498 Sarritor
1922 456 2015 505 amar

1211 523 1240 571 in
1252 522 1311 571 iure
1321 519 1429 585 aliquo,
1450 518 1538 568 autin
1549 515 1747 583 hydromelite.
1783 513 1932 569 Vetustate
1943 521 2017 574 uires
2037 516 2045 543 ⁸

1212 589 1315 656 perdit.
1336 588 1444 641 Recens
1454 589 1548 638 urinas
1561 586 1616 638 ciet
1627 586 1772 637 decoctum
1783 587 1811 637 iu
1822 600 1895 654 equa
1907 588 1951 641 uel
1964 592 2015 641 tri·

1212 665 1280 722 tum,
1305 658 1482 725 calculosque
1490 654 1607 722 frangit.
1643 654 1788 719 Quiiidem
1800 658 1939 722 promisso
1951 656 2015 713 huic

1211 733 1364 848 quaeriunt,
1384 724 1661 793 affirmantlepillos,
1681 724 2016 792 quisubierretiantuaa,

1211 812 1272 849 rum
1304 834 1312 849 .

1215 812 1305 919 seii.
1325 863 1480 933 Epipactis,
1500 863 1535 915 ab
1546 863 1613 915 aliis
1624 863 1776 918 elleborine
1787 874 1911 929 roratur,
1927 883 2044 938 perrap

1212 935 1307 999 herba,
1327 935 1438 1003 exiguis
1449 933 1525 985 iuliis
1533 969 1542 998 ,
1560 934 1695 987 iocineris
1705 934 1783 987 vitiis
1795 935 1965 999 utilissima,
1987 946 2015 990 ιι

1212 1012 1511 1071 contravenenapota.
2012 1018 2033 1067 g

1248 1076 1319 1127 Llll.
1338 1073 1502 1145 Epimedion
1513 1073 1602 1126 caulis
1613 1079 1657 1126 est
1668 1088 1721 1124 non
1733 1078 1858 1141 magnus,
1864 1074 1967 1128 ederae
1974 1078 2013 1127 in.

1213 1145 1260 1197 liis
1273 1144 1350 1197 denis
1361 1150 1444 1210 atque
1457 1140 1607 1205 duodenis,
1627 1158 1765 1209 uunquam
1781 1142 1898 1206 lloreas,
1919 1144 2013 1197 radice

1213 1214 1301 1278 tenui,
1322 1215 1411 1282 nigra,
1431 1212 1617 1280 grariodore.
1653 1211 1786 1264 Nascitur
1796 1212 1825 1263 in
1836 1211 1965 1278 humidis,
1986 1220 2013 1266 ιι

1214 1282 1279 1335 Ιιιιιι
1299 1281 1436 1350 spissandi
1454 1281 1695 1349 refrigerandique
1713 1287 1824 1344 nature,
1846 1281 1956 1336 ienriuis
1971 1299 2014 1336 es·

1213 1352 1310 1405 venda.
1345 1351 1426 1405 Folia
1437 1351 1466 1402 in
1478 1354 1542 1403 rino
1555 1352 1624 1404 trite
1638 1352 1777 1420 virginum
1792 1366 1928 1407 manemus
1939 1353 2011 1407 cohi·

1213 1423 1289 1475 beat.
1510 1462 1518 1471 .

1248 1489 1320 1543 inv.
1345 1488 1573 1560 Enneaphyllon,
1597 1488 1682 1559 longa
1702 1489 1772 1542 iolla
1791 1505 1899 1544 novena
1917 1492 2055 1575 habetq.

1213 1562 1353 1615 causticae
1364 1568 1488 1613 naturae.
1507 1561 1664 1628 lmpnnitur
1676 1559 1740 1611 lana
1751 1561 1961 1626 circumdatum,
1977 1578 2010 1616 ne

1212 1638 1278 1683 urat
1289 1632 1376 1683 latus:
1398 1631 1531 1683 continuo
1547 1628 1621 1682 enim
1636 1629 1751 1698 pusulas
1762 1632 1881 1682 excitat:
1903 1631 2008 1686 lumbo·

1213 1716 1274 1753 rom
1285 1700 1429 1752 doloribus
1441 1709 1471 1753 et
1482 1699 1663 1752 coxendicum
1677 1699 1866 1751 utilissimum.

1210 1810 1214 1815 .
1247 1769 1307 1824 LV.
1324 1769 1420 1821 Filicls
1432 1769 1486 1822 duo
1497 1784 1609 1837 genera,
1620 1783 1670 1820 nec
1681 1768 1779 1821 llorem
1791 1767 1904 1835 habent,
1913 1785 1963 1823 nec
1971 1785 2010 1824 se

1213 1855 1285 1892 nien.
1321 1837 1415 1891 Pterin
1427 1839 1526 1891 Graeci
1539 1844 1651 1900 vocant,
1668 1839 1718 1890 alii
1728 1837 1875 1901 blechnon,
1890 1841 1967 1892 cuius
1977 1854 2010 1893 ex
2035 1840 2054 1873 i

1212 1924 1268 1961 una
1277 1904 1371 1961 radice
1382 1909 1539 1975 connplures
1552 1917 1654 1961 exeunt
1665 1908 1767 1972 illices,
1787 1910 1855 1961 bina
1870 1911 1954 1963 etiam
1963 1925 2008 1962 cu·

1213 1978 1273 2030 bita
1283 1978 1449 2030 excedentes
1461 1978 1644 2046 longitudine,
1654 1993 1709 2030 non
1720 1993 1819 2046 graues
1827 1980 1921 2033 odore.
1934 1982 2011 2032 lianc

1213 2061 1317 2100 ararem
1330 2047 1504 2101 existimant.
1515 2048 1639 2100 Alterum
1652 2063 1739 2115 genus
1749 2047 1807 2101 thel
1828 2049 2012 2119 pterinGrae·
2038 2056 2058 2105 ι

1214 2115 1240 2166 ci
1250 2121 1364 2178 vocant,
1385 2117 1434 2168 alli
1447 2117 1633 2189 nympha-eam
1648 2120 1751 2189 pterin.
1829 2116 1943 2171 t'nutem
1955 2120 2010 2171 sin·

1213 2185 1329 2253 gelatis,
1341 2192 1425 2252 atque
1434 2201 1489 2239 non
1500 2186 1647 2250 fruticosa,
1663 2188 1787 2249 brevior,
1797 2189 1973 2254 molliorque,
1985 2196 2012 2239 ιι

1214 2254 1341 2318 densior,
1365 2253 1441 2307 loliis
1453 2254 1487 2306 ed
1498 2255 1621 2307 radicem
1633 2257 1826 2309 canaliculeta
1863 2259 2012 2324 Utriusque

1212 2325 1309 2377 radice
1319 2340 1384 2377 sues
1394 2326 1586 2394 pinguescunt.
1622 2324 1702 2377 Folia
1712 2327 1859 2391 utriusque
1879 2328 2011 2378 lateribus

1214 2396 1338 2463 pinnata,
1357 2395 1429 2446 unde
1450 2408 1550 2445 nomen
1572 2394 1674 2446 Graeci
1695 2394 1858 2459 imposuere.
1896 2396 2013 2448 Radices

1218 2466 1330 2532 utrique
1340 2464 1441 2532 longae
1453 2467 1481 2515 in
1499 2462 1652 2530 obliquum,
1672 2465 1776 2531 nigrae,
1791 2466 2013 2531 praecipuarum

1218 2536 1356 2587 inaruere.
1380 2532 1487 2587 Siccnri
1500 2541 1594 2584 autem
1606 2549 1654 2584 ees
1665 2533 1729 2585 Sole
1740 2539 1859 2601 oportet.
1889 2533 2014 2585 Nascun-

1216 2612 1263 2657 tur
1274 2605 1384 2671 ubique,
1400 2603 1449 2656 sed
1459 2601 1696 2668 maximein'gidn
1707 2603 1777 2654 solo.
1812 2600 1905 2654 Effudi
1914 2602 2015 2656 debent

1217 2672 1351 2742 Vergiliis
1363 2672 1560 2726 occidentibus.
1596 2671 1668 2722 Usus
1679 2671 1782 2724 radicis
1794 2673 1820 2722 in
1831 2673 1944 2724 trimatu
1955 2678 2013 2723 taa-

1213 2750 1282 2806 tum,
1293 2758 1382 2810 neque
1391 2749 1482 2805 antea,
1496 2754 1585 2808 neque
1597 2746 1704 2809 postea.
1736 2741 1846 2795 Pellunt
1858 2744 2013 2793 interaneo-

1214 2828 1275 2866 rum
1286 2812 1432 2865 animalint
1458 2826 1491 2864 ex
1503 2809 1546 2861 his
1559 2812 1666 2862 taenias
1678 2825 1740 2861 cunr
1755 2811 1853 2863 melle:
1873 2820 1968 2863 cetera
1980 2824 2015 2863 es

1213 2885 1278 2934 rino
1291 2881 1367 2933 dulci
1378 2881 1472 2932 triduo
1484 2886 1577 2945 potae.
1603 2879 1725 2946 Utraque
1737 2879 1882 2932 stomacho
1894 2879 2012 2932 inutilis·

1213 2952 1294 3002 sime.
1339 2950 1436 3002 Alsum
1457 2948 1556 2999 solvit:
1578 2950 1670 3014 primo
1693 2947 1775 2999 bilem
1799 2949 1928 3013 trahens,
1951 2962 2015 3001 mox

1214 3033 1328 3087 aquamr
1349 3017 1449 3069 melius
1461 3017 1570 3068 manias
1581 3033 1640 3069 cum
1661 3018 1826 3068 scammonii
1839 3021 1899 3083 pari
1912 3018 2014 3085 ponde·

1213 3104 1252 3143 re.
1266 3086 1355 3139 Radix
1365 3086 1423 3138 eius
1435 3085 1518 3136 dirum
1531 3086 1677 3137 obolorum
1690 3084 1811 3154 pondere
1823 3092 2017 3154 exaqus,post

1213 3160 1295 3212 nnius
1307 3156 1365 3209 diei
1380 3155 1576 3208 abstinentiam
1595 3155 1711 3217 bibitur,
1730 3154 1813 3206 melle
1831 3162 2015 3223 praegustato

1214 3234 1312 3281 contra
1322 3225 1548 3279 rheumatismos.
1558 3224 2016 3293 Neutradandamolieribuaquo·

1213 3299 1288 3350 niam
1309 3295 1432 3364 gravidis
1454 3294 1594 3357 abortum,
1615 3294 1715 3347 ceteris
1737 3293 1917 3347 sterilitatem
1939 3295 2014 3348 iacit.

1213 3369 1318 3421 Farina
1327 3381 1422 3419 earnm
1433 3363 1593 3417 hulceribus
1604 3366 1686 3416 tetris
1700 3365 1887 3431 inspergitur:
1908 3365 2013 3416 iumen·

1214 3444 1306 3490 torum
1319 3451 1429 3503 quoque
1439 3434 1603 3487 cervicibus.
1614 3432 1696 3485 Folia
1707 3434 1832 3486 cimicem
1839 3441 1949 3486 ιιιιιιιιι
1958 3448 2013 3485 ser·

1214 3513 1324 3574 pentem
1336 3521 1390 3557 non
1402 3505 1548 3571 recipiunt.
1570 3504 1636 3555 ldeo
1648 3503 1788 3555 substerni
1798 3502 1868 3555 utile
1879 3504 1961 3556 estin
1972 3504 2013 3555 lo·

1216 3576 1256 3628 cis
1266 3577 1418 3642 suspectis:
1431 3582 1510 3625 ustae
1521 3575 1605 3625 etiam
1618 3572 1715 3641 lugent
1726 3571 1833 3624 nidore.
1845 3571 1950 3624 Fecere
1960 3586 2014 3625 me·

1216 3645 1271 3697 dici
1282 3643 1363 3697 huius
1376 3658 1484 3712 quoque
1497 3640 1599 3694 herbae
1610 3641 1768 3696 discrimen.
1798 3641 1911 3707 Optima
1922 3642 2014 3695 Mece-

1215 3704 1318 3766 donica'
1326 3722 1378 3776 est,
1390 3711 1511 3765 secunda
1522 3712 1691 3777 Cassiopica.

1250 3783 1321 3835 LVl.
1343 3783 1445 3835 Femur
1457 3781 1589 3833 bubulum
1602 3780 1759 3847 appellatur
1769 3777 1864 3844 herba,
1883 3779 1975 3833 serris
1985 3784 2013 3831 et

1214 3855 1277 3921 ipsa
1289 3853 1376 3914 utilis,
1388 3866 1483 3905 recens
1494 3850 1523 3902 in
1535 3857 1615 3903 aceto
1626 3866 1659 3901 sc
1670 3850 1729 3903 sale
1741 3848 1818 3901 trita
2008 3864 2012 3871 ·

1223 3958 1231 3989 ι
1251 3935 1336 3989 LVll.
1349 3936 1505 4003 Galeopsis,
1517 3943 1575 3996 ant,
1590 3944 1621 3987 ut
1631 3935 1690 3997 alii,
1700 3934 1898 4002 galeobdolon,
1909 3929 1953 3984 rel
1964 3944 2011 3999 ga-
2025 3940 2045 3977 ÷

1215 4005 1283 4066 lina,
1299 4006 1404 4057 caulem
1417 4015 1446 4059 et
1457 4005 1528 4057 lolia
1539 4006 1623 4058 habet
1632 4006 1739 4057 urticae
1749 4004 1885 4065 laeviora,
1906 4006 1935 4053 ιι
1945 4015 2014 4066 quae

1216 4089 1328 4142 gravem
1339 4074 1454 4128 odorem
1465 4076 1533 4127 trita
1544 4075 1681 4128 reddant:
1692 4074 1761 4127 llere
1771 4084 1922 4142 purpureo.
1958 4069 2013 4121 Na·

1214 4147 1304 4198 scitur
1315 4145 1391 4198 circa
1401 4160 1481 4213 sepes
1493 4160 1526 4198 ac
1543 4146 1657 4197 semitas
1673 4145 1785 4212 ubique.
1821 4141 1900 4193 Folia
1913 4139 2016 4220 mules·

1215 4231 1269 4284 que
1279 4217 1400 4270 duritias
1411 4225 1439 4268 ct
1450 4217 1639 4267 carcinomata
1649 4222 1758 4275 sanant,
1767 4228 1802 4266 er
1814 4217 1902 4275 aceto,
1912 4213 2016 4260 tritaet

1213 4285 1361 4352 impositas
1382 4286 1449 4335 item
1462 4291 1592 4337 strumas.
1629 4284 1720 4335 Panos
1731 4289 1759 4336 et
1770 4281 1914 4351 parotidas
1927 4277 2014 4330 disra-

1215 4355 1298 4407 tiunt.
1327 4354 1369 4406 lix
1380 4369 1434 4405 nau
1444 4362 1488 4406 est
1499 4362 1528 4407 ιι
1539 4354 1671 4406 decoctae
1682 4368 1765 4405 succo
1778 4353 1881 4404 fovere.
1918 4347 2013 4400 Putre·

1214 4425 1323 4478 scentia
1334 4438 1443 4492 qnoque
1454 4430 1484 4475 et
1495 4438 1670 4491 gangraenas
1680 4430 1761 4475 sanat
1771 4437 1831 4474 cum
1843 4419 1910 4472 sale.

1248 4508 1345 4561 LVlll.
1358 4508 1448 4560 Glaux
1461 4512 1614 4576 antiquitus
1624 4508 1790 4576 eugalacton
1802 4507 2014 4566 vocabatuncy·
2029 4522 2049 4539 a

1213 4578 1269 4629 tiso
1291 4587 1318 4630 et
1336 4578 1487 4630 lenticulae
1505 4578 1583 4630 foliis
1598 4578 1712 4630 similis:
1734 4592 1833 4629 aversa
1847 4572 2015 4626 candidiora.

1215 4648 1295 4699 llami
1307 4648 1333 4699 in
1346 4656 1448 4700 terram
1461 4657 1576 4714 serpunt
1592 4648 1669 4715 quini
1686 4647 1795 4706 seruire,
1815 4641 1964 4694 admodum
1977 4648 2016 4689 te·

1214 4732 1283 4768 aues
1296 4720 1330 4770 ab
1342 4718 1444 4771 radice.
1466 4716 1589 4768 Flosculi
1602 4715 1730 4782 purpurei
1743 4718 1851 4764 exeunt.
1875 4710 2016 4762 invenitur

1214 4787 1295 4838 iusta
1308 4802 1393 4840 mure.
1429 4788 1564 4855 Coquitor
1575 4786 1603 4835 in
1616 4783 1772 4835 sorbitione
1780 4777 1961 4858 similaginis,
1981 4774 2014 4828 ad

1214 4857 1390 4909 excitandam
1413 4855 1568 4907 ubertatem
1583 4854 1674 4903 laetis.
1710 4850 1779 4903 Eam
1799 4862 1846 4914 qm
1863 4844 2015 4905 hauserint,

1213 4925 1334 4978 balineis
1344 4926 1386 4976 uti
1397 4923 1536 4977 convenit.

1249 5028 1321 5082 LlX.
1333 5026 1471 5096 Glaucion
1482 5029 1510 5079 in
1525 5024 1609 5094 Syria
1620 5029 1649 5075 et
1660 5018 1775 5075 Parthis
1785 5018 1920 5082 nascitur,
1930 5016 2030 5070 humi-¹

1214 5098 1251 5151 lis
1259 5096 1354 5159 herba,
1364 5096 1458 5149 densis
1468 5095 1553 5156 loliis,
1573 5094 1633 5145 iere
1645 5090 1965 5159 papaueris,minoribus
1975 5096 2017 5138 ts·

1214 5184 1276 5220 men
1300 5165 1573 5232 sordidioribusque:
1595 5161 1690 5213 odoris
1714 5160 1789 5223 tetri,
1810 5166 1909 5228 gustus
1927 5157 2014 5209 amari

1214 5252 1276 5290 cum
1288 5237 1477 5288 adstrictione.
1496 5234 1621 5287 Granum
1634 5231 1718 5284 habet
1728 5230 1821 5283 crocei
1832 5228 1943 5281 eoloris.
1953 5227 2017 5277 lloe

1214 5311 1242 5359 in
1264 5307 1322 5360 olla
1337 5305 1420 5357 lictili
1434 5304 1495 5356 luto
1515 5302 1713 5365 circumlitum,
1736 5301 1763 5353 in
1782 5299 1899 5354 clibanis
1916 5293 2018 5348 caleis·

1215 5380 1306 5431 ciunt:
1319 5374 1419 5428 deinde
1431 5380 1542 5427 exemto
1553 5387 1664 5426 succum
1672 5366 2017 5440 exprimuntelusdemno·

1215 5447 1310 5499 minis:
1332 5460 1398 5499 usus
1410 5449 1453 5495 est
1462 5450 1491 5495 et
1502 5444 1576 5495 succi
1590 5448 1619 5494 et
1630 5438 1773 5503 soliorum,
1787 5441 1954 5495 niterentur,
1967 5431 2016 5485 ad·

1215 5533 1312 5569 sersus
1323 5512 1481 5583 epiphoras,
1489 5528 1559 5581 quae
1571 5512 1718 5565 uniuersae
1729 5528 1783 5564 uno
1795 5511 1899 5578 impetu
1906 5507 2017 5589 eadunt.

1216 5587 1288 5641 ilinc
1299 5590 1471 5655 temperatur
1481 5584 1639 5655 collyrium,
1646 5584 1719 5651 quod
1731 5582 1828 5636 nnedici
1840 5579 2017 5648 disglauemn
