4340 6018
363 308 423 364 tls
489 303 520 364 C.
556 301 711 364 PLlNil
747 299 951 363 SECUNGI
986 296 1151 358 Narba.
1186 294 1373 355 ilrsroii.
1420 291 1507 353 Liri.
1533 292 1623 351 liiii.
1653 292 1895 354 cereo-os.

399 454 491 509 Simili
502 454 585 506 modo
597 460 625 505 ct
635 451 774 504 cochleae.
810 449 880 501 illae
897 446 1010 514 quidem
1024 448 1123 501 itenrm
1139 454 1167 499 et

364 524 532 584 aestatibus,
542 522 725 575 adhaerentes
735 517 854 568 maximo
865 517 953 569 saxis:
969 517 1113 569 autetiam
1127 518 1167 567 in·

365 595 440 644 iuria
451 595 626 659 resupinatae
638 588 819 654 avulsaeque,
837 601 893 637 non
912 594 1005 637 tamen
1022 592 1166 637 exeuntes.

363 664 396 713 ln
405 663 569 715 Balearibus
582 672 647 709 vero
659 655 756 706 insulis
772 656 913 709 cavaticae
924 655 1100 723 appellatae,
1111 669 1166 705 non

364 740 517 798 prorepunt
534 746 549 779 e
565 727 641 777 caris
657 732 762 776 terrae:
779 740 867 791 neque
883 723 969 776 herba
985 727 1097 785 vivunt,
1116 723 1166 775 sed

363 817 434 852 uvae
450 798 532 850 modo
547 798 622 846 inter
636 809 666 845 se
684 794 842 845 collatrent.
877 794 929 845 list
944 801 974 845 et
989 793 1065 845 uliud
1080 806 1166 858 genus

365 871 454 921 nrinus
467 866 597 931 vulgare,
613 862 783 917 adhaerente
798 863 930 928 operculo
941 862 1064 915 eiusdem
1076 869 1166 913 testae

363 954 393 989 se
405 935 547 1001 operiens:
560 934 677 984 obrutae
689 939 763 985 terra
777 946 886 997 semper
898 931 963 993 hae,
978 939 1007 983 et
1018 933 1093 983 circa
1111 947 1166 982 ma·

362 1006 472 1057 ritinras
493 1008 601 1054 tantum
627 1002 709 1067 Alpes
729 1001 864 1067 quondam
892 1000 1024 1062 effossae,
1049 1016 1165 1065 coepere

363 1078 416 1125 iarn
428 1073 488 1124 crui
500 1080 528 1123 et
539 1072 566 1121 in
580 1070 732 1123 Veliterno.
759 1071 890 1121 Omnium
902 1078 995 1123 tamen
1008 1070 1166 1121 laudatissi-

266 1176 270 1183 ·
361 1158 423 1194 mae
434 1144 463 1193 in
473 1141 644 1207 Astypalaea
654 1140 755 1191 insula.

396 1212 455 1264 LX.
467 1210 613 1271 Lacertae,
626 1210 845 1261 inimicissimum
863 1223 950 1277 genus
967 1208 1102 1270 cochleis,
1120 1224 1165 1259 ne·

299 1330 305 1349 ,
359 1290 462 1349 gantur
473 1288 635 1332 semestrem
648 1279 732 1329 ritum
743 1279 887 1331 excedere.
923 1279 1035 1331 Lacerti
1047 1278 1165 1329 Arabiae

360 1349 508 1403 cubitales:
531 1349 559 1400 in
583 1348 677 1399 indiae
700 1364 767 1400 vero
787 1348 866 1416 Nysa
886 1355 995 1408 monte,
1022 1349 1116 1401 xxiv
1138 1350 1164 1397 in

360 1421 563 1489 longitudinem
578 1417 695 1484 pedum,
712 1419 808 1471 colore
824 1417 906 1480 inivi,
918 1426 966 1471 aut
976 1418 1100 1484 punicei,
1117 1423 1165 1468 aut

360 1490 490 1543 caerulei.

395 1561 468 1611 bxi.
485 1558 527 1609 Ex
545 1556 588 1608 his
606 1572 716 1624 quoque
734 1555 915 1618 animalibus,
937 1571 1007 1622 quae
1022 1556 1165 1606 nobiscum

360 1630 478 1696 degunt,
495 1627 583 1677 multa
600 1626 791 1692 suntcognitu
802 1624 898 1692 digna:
916 1625 1164 1690 fidelissimumque

359 1707 426 1749 aute
439 1697 532 1749 narnia
542 1695 646 1747 homini
657 1696 733 1747 canis
745 1701 828 1761 atque
840 1710 935 1760 equus.
963 1693 1166 1762 Pugnasse-ad·

361 1782 454 1819 versus
466 1768 589 1817 latrones
607 1779 704 1817 carrera
721 1779 771 1830 pro
790 1764 902 1815 domino
919 1768 1089 1831 accepimus,
1102 1778 1166 1814 con·

359 1836 518 1902 lectumque
530 1834 621 1901 plagis
631 1851 649 1884 a
660 1849 778 1899 corpore
794 1848 848 1884 non
864 1833 1022 1891 recessisse,
1038 1833 1165 1884 volucres

359 1905 474 1957 etseras
488 1905 655 1969 abigentem.
668 1904 707 1956 Ab
719 1904 775 1954 alio
785 1901 813 1952 in
825 1902 913 1971 Epiro
925 1904 1050 1970 agnitum
1062 1902 1090 1952 in
1103 1917 1165 1952 con-

360 1982 442 2025 ventu
454 1986 645 2040 percussorem
657 1972 942 2039 domini,lanlatuque
953 1979 982 2024 et
990 1972 1094 2024 latratu
1104 1987 1165 2022 coa·

359 2053 434 2097 ctum
451 2043 534 2095 iatsri
551 2041 649 2093 scelus.
687 2042 886 2093 Garamantum
906 2056 1001 2109 regem
1019 2056 1100 2093 canes
1118 2042 1165 2092 du·

359 2113 433 2166 ceriti
449 2112 483 2163 nb
499 2111 599 2165 exsilio
615 2109 766 2173 reduxere,
783 2110 915 2178 proeliati
927 2110 1166 2163 contraresisten·

359 2193 411 2236 tes.
448 2183 566 2247 Propter
576 2179 651 2232 bella
661 2179 977 2249 Colophonii,itemqne
988 2180 1166 2231 Castabalen-

359 2269 413 2313 ses,
424 2250 659 2303 eohortescnnnnr
671 2248 804 2302 habuere:
817 2248 868 2300 hae
879 2249 985 2316 prinrae
996 2249 1165 2300 dimicabant

359 2324 388 2375 in
399 2322 460 2374 acie
470 2333 606 2385 tranquaut
618 2319 820 2371 detrectantes:
833 2318 902 2371 haec
914 2326 993 2371 erant
1004 2318 1166 2370 fidelissima

360 2390 473 2450 auxilia,
484 2405 534 2441 nec
544 2388 747 2455 stipendiorum
763 2387 865 2456 indiga.
902 2390 990 2440 Canes
1005 2387 1164 2448 defendere,

283 2516 288 2523 ,
359 2459 477 2511 Cimbris
499 2459 604 2519 caesis,
624 2457 723 2508 domus
743 2473 838 2509 eorum
859 2457 992 2523 plaustris
1011 2458 1164 2522 impositas.

358 2528 449 2590 Canis,
461 2528 559 2579 imeae
569 2527 660 2593 Lycio
671 2527 834 2588 interiecto,
851 2528 942 2579 cibum
956 2541 1056 2592 capere
1066 2527 1164 2587 noluit,

356 2596 503 2664 inediaque
514 2602 676 2648 consumtus
686 2604 738 2648 est.
774 2596 801 2647 ls
813 2610 896 2658 vcro,
908 2595 954 2646 cui
970 2612 1071 2647 nonrcn
1089 2597 1163 2664 llyr-

357 2668 419 2718 cani
435 2665 557 2718 reddidit
574 2664 674 2729 Duris,
690 2680 807 2719 accenso
823 2666 898 2731 regis
911 2664 1071 2732 Lysimachi
1084 2681 1164 2732 rogo,

358 2736 453 2789 iniecit
473 2751 504 2788 se
529 2734 673 2786 flammae:
711 2737 897 2802 similiterque
924 2734 1059 2787 Hieronis
1080 2736 1164 2800 regis.

356 2807 497 2860 Memorat
513 2813 542 2857 ct
558 2803 698 2872 Pyrrhum
718 2805 833 2858 Gelonis
844 2806 956 2871 tyranni
968 2819 1064 2857 canem
1079 2801 1165 2855 Phiii-

356 2882 427 2929 stus.
444 2875 618 2926 Mentoratur
629 2884 658 2925 et
669 2875 828 2926 Nicomedis
839 2872 990 2941 Bithyniae
1002 2874 1086 2941 regis,
1098 2889 1165 2925 uxo·

358 2961 389 2997 re
405 2946 466 2998 eius
488 2945 619 3012 Consingi
635 2944 773 3006 lacerata,
794 2950 909 3010 propter
920 2944 1093 2995 lasciviorem
1104 2957 1163 2993 cunr

356 3016 458 3066 uraritn
476 3015 577 3063 iocum.
614 3011 693 3076 Apud
719 3029 769 3063 nos
787 3013 946 3066 Volcatium
969 3012 1102 3070 nobilenr,
1119 3011 1165 3075 qui

358 3082 526 3135 Cascellium
548 3081 592 3130 ius
614 3079 696 3131 civile
716 3082 829 3142 docuit,
861 3088 1010 3132 asturcone
1031 3095 1047 3131 e
1066 3079 1163 3129 subur-

356 3151 430 3201 bano
441 3150 613 3212 redeuntem,
624 3164 685 3200 cunr
697 3150 953 3214 advesperavisset,
975 3147 1051 3199 canis
1062 3161 1079 3197 a
1089 3161 1165 3212 gras·

358 3226 453 3271 satore
468 3216 602 3269 defendit.
637 3218 707 3268 ltenr
726 3219 850 3269 Caelium
868 3216 1029 3269 senatorem
1048 3230 1162 3281 aegrum

358 3287 518 3341 Placentiae
527 3289 563 3339 ab
574 3288 689 3339 armatis
702 3302 876 3354 oppressum:
892 3301 943 3336 nec
954 3285 1029 3351 prius
1042 3283 1089 3335 ille
1105 3284 1163 3335 vul-

357 3364 472 3411 neratus
484 3366 537 3419 est,
549 3372 630 3425 quam
643 3373 710 3410 cane
720 3359 878 3409 interemto.
910 3354 964 3407 Sed
974 3367 1060 3419 super
1070 3356 1163 3405 omnia

357 3429 388 3480 in
401 3435 498 3479 nostro
511 3443 579 3479 aero
591 3429 664 3479 netis
674 3428 771 3495 populi
783 3427 898 3479 Romani
911 3430 1058 3486 testatum,
1073 3425 1162 3490 Appio

358 3497 436 3549 lunio
446 3506 476 3548 et
487 3495 516 3546 P.
534 3496 603 3546 Silio
615 3511 686 3547 coss.
697 3511 760 3547 eum
772 3493 1040 3547 animadverteretur
1052 3509 1086 3545 ex
1098 3509 1163 3545 cau·

358 3581 391 3617 sa
406 3564 527 3616 Neronis
545 3564 705 3614 Germanici
726 3565 778 3616 iiiii
810 3565 837 3613 in
858 3564 967 3614 'litium
985 3562 1118 3614 Sabinum
1136 3570 1164 3615 et

358 3636 473 3685 servitia
484 3633 557 3693 eius,
570 3634 652 3682 unius
663 3646 698 3683 ex
710 3631 753 3683 his
764 3648 860 3686 canem
872 3649 924 3689 nec
935 3648 953 3684 a
964 3647 1075 3684 carcere
1086 3632 1160 3700 abigi

358 3703 499 3770 potuisse,
515 3715 566 3751 nec
578 3716 596 3751 a
605 3715 722 3767 corpore
740 3704 902 3766 recessisse,
914 3702 1015 3755 abiecti
1030 3702 1059 3753 in
1069 3703 1162 3771 gradi·

356 3774 409 3825 bus
426 3769 605 3831 Gemitoriis,
625 3778 748 3823 moestos
768 3772 893 3825 edentem
910 3772 1048 3835 ululatus,
1063 3786 1163 3839 magna

357 3837 457 3909 populi
468 3838 585 3889 itomani
597 3854 713 3890 corona:
726 3857 761 3893 ex
774 3857 829 3908 qua
840 3857 900 3894 cum
912 3841 1026 3911 quidam
1035 3842 1061 3892 ei
1071 3842 1161 3893 eibum

357 3908 516 3967 obiecisset,
527 3907 563 3957 ad
575 3923 606 3960 os
617 3908 742 3963 defuncti
753 3911 860 3963 tulisse.
877 3911 1015 3964 innatavit
1027 3910 1109 3973 idem,
1119 3926 1162 3962 ca·

358 3976 483 4031 darerin
500 3977 624 4029 Tiberim
642 3979 746 4031 abiecti
754 3988 912 4033 sustentare
930 3988 1060 4042 conatus,
1075 3979 1164 4031 eliusa

358 4046 541 4099 multitudine
552 4048 588 4099 ad
598 4050 779 4116 spectandum
791 4051 919 4103 animalis
932 4051 1023 4102 iidem.

392 4116 604 4170 Solidominnm
616 4133 730 4171 novere:
751 4126 780 4172 et
796 4120 805 4170 i
845 4128 921 4172 otum
939 4134 1062 4187 quoque,
1083 4119 1109 4169 si
1123 4134 1164 4170 re·

358 4194 440 4255 pente
452 4185 555 4251 veniat,
566 4187 736 4254 intelligunt.
774 4187 812 4241 So
825 4190 834 4239 i
845 4189 958 4241 nomina
966 4204 1033 4250 sua,
1053 4189 1108 4240 soli
1119 4202 1164 4238 ro-

358 4273 416 4309 cem
430 4255 610 4309 domesticam
622 4264 786 4325 agnoscunt.
807 4259 921 4321 itinera,
933 4261 1059 4325 quamuis
1072 4259 1164 4326 longa,

357 4325 518 4379 meminere.
554 4326 612 4378 Nec
622 4327 675 4379 ulli
687 4333 798 4394 praeter
809 4326 947 4380 hominem
960 4329 1097 4380 memoria
1110 4343 1164 4378 nra-

356 4396 410 4446 ior.
437 4394 560 4461 impetus
571 4410 666 4448 eorum
677 4404 706 4448 et
715 4397 836 4450 saevitia
845 4397 992 4465 mitigatur
1004 4398 1039 4449 ab
1053 4396 1164 4450 honrine

357 4460 518 4517 considente
534 4463 620 4517 humi.

394 4532 516 4583 Plurima
529 4534 622 4586 aliain
643 4534 806 4606 hisquoque
826 4538 887 4589 vita
907 4536 1022 4588 invenit.
1060 4534 1113 4588 Sed
1135 4537 1168 4587 in

357 4610 460 4654 venatu
471 4602 589 4655 solertia
599 4612 627 4657 et
639 4610 779 4673 sagacitas
795 4607 946 4676 praecipua
961 4614 1013 4658 est.
1049 4605 1162 4656 Scruta-

357 4677 404 4723 tur
415 4670 535 4740 restigia
545 4680 629 4741 atque
640 4679 828 4743 persequitur,
839 4676 1018 4728 couritantem
1028 4674 1064 4725 ad
1076 4675 1163 4726 isram

357 4742 553 4810 inquisitorem
569 4745 630 4794 loro
646 4744 772 4797 trahens:
793 4760 848 4812 qua
863 4746 925 4796 visa
941 4760 1022 4810 quam
1038 4744 1125 4795 silens
1136 4751 1164 4795 ct

358 4810 481 4874 «inculta,
503 4828 584 4880 quam
601 4814 763 4880 significans
780 4813 981 4865 demonstratio
1000 4820 1056 4875 est,
1074 4812 1164 4864 cauda

358 4882 494 4947 primunr,
514 4882 613 4934 deinde
627 4883 737 4935 rostrol
759 4882 834 4948 lirgo
852 4882 936 4934 etiam
953 4888 1066 4934 senecta
1075 4880 1164 4933 fessos

358 4962 510 5017 caecosque
521 4966 554 5003 ac
569 4948 675 5002 debiles
690 4952 753 5002 sinu
769 4949 877 5011 ierunt,
893 4958 989 5003 rentes
1004 4961 1034 5004 et
1050 4951 1164 5003 odorem

358 5026 522 5085 captantes,
540 5017 746 5085 pendentesque
757 5025 850 5069 rostro
862 5019 973 5085 cubilia.
1009 5021 1033 5072 E
1044 5021 1165 5088 tigribus

358 5101 407 5139 eos
419 5086 481 5137 ludi
492 5086 590 5136 volunt
600 5088 724 5153 concipi:
742 5094 771 5136 et
781 5087 817 5137 ob
829 5085 858 5137 id
870 5090 897 5138 in
909 5088 986 5140 silvis
996 5090 1087 5142 coitus
1098 5099 1163 5142 tem·

358 5168 426 5220 pore
436 5153 553 5219 alligant
570 5151 698 5206 feminas.
735 5153 829 5206 Primo
844 5161 873 5208 et
889 5157 1013 5209 seeundo
1028 5159 1106 5211 foetu
1123 5158 1163 5211 ni·

358 5220 411 5273 mis
432 5220 543 5273 iernces
565 5229 663 5287 putant
685 5224 776 5291 gigni:
798 5225 884 5276 tertio
905 5225 1015 5281 demum
1035 5228 1163 5281 ducant.

360 5291 422 5342 iioc
432 5288 504 5341 idern
516 5306 531 5342 e
543 5290 615 5356 iupis
623 5291 709 5354 Galli,
720 5290 837 5360 quorufn
849 5309 948 5362 greges
959 5313 1038 5348 suuni
1049 5299 1164 5366 quisque

359 5360 504 5413 ductorem
517 5361 655 5413 erunibus
666 5370 695 5415 et
705 5362 803 5414 ducem
814 5361 927 5416 habent.
946 5367 1027 5419 illum
1043 5369 1071 5420 in
1084 5384 1165 5421 rena·

358 5437 389 5481 tu
401 5430 579 5492 comitantur,
592 5430 634 5481 illi
644 5442 748 5499 parent.
773 5432 900 5501 Namque
912 5436 985 5486 inter
994 5452 1025 5489 se
1035 5446 1166 5491 exercent

359 5498 445 5551 etiam
456 5499 629 5567 magisteria.
666 5504 778 5556 Certum
789 5509 845 5563 est,
859 5505 939 5555 turta
949 5503 1042 5557 Nilum
1054 5523 1163 5561 amnem

357 5577 501 5622 currentes
517 5570 654 5635 lambere,
670 5588 705 5626 ns
720 5573 922 5629 mocodilorum
940 5573 1069 5627 ariditati
1086 5593 1165 5630 occu.

1218 446 1324 498 sionem
1334 445 1492 513 praebeant
1542 441 1647 494 indiam
1659 442 1766 509 petenti
1781 441 1941 496 Alexandro
1961 445 2024 500 bia.

1218 529 1329 584 gnorex
1337 514 1473 566 Albaniae
1483 513 1556 564 dono
1567 512 1684 563 dederat
1694 512 1845 564 inusitatae
1855 515 2023 582 magnitudi-

1217 586 1262 637 nis
1278 599 1375 636 uounr:
1392 582 1470 633 cuius
1485 582 1577 648 specie
1588 580 1742 632 delectatus
1754 581 1835 634 iussit
1845 598 1940 647 ursos,
1958 601 2024 639 mox

1219 668 1314 721 apros,
1330 661 1360 706 et
1376 650 1475 704 deinde
1491 650 1588 705 damas
1603 652 1710 712 emitti,
1725 659 1868 703 contemtu
1884 654 2024 709 immobili

1219 725 1328 777 iacente
1339 737 1383 774 en.
1419 722 1481 783 Qua
1491 721 1610 787 segnitie
1620 720 1692 771 tanti
1702 722 1827 785 corporis
1839 721 1960 774 offensus
1973 725 2024 777 im.

1218 788 1331 860 perator
1341 794 1469 859 generosi
1477 792 1602 859 spiritus,
1614 805 1676 841 eum
1688 790 1812 841 interimi
1823 791 1914 843 iussit.
1950 795 2025 846 hun·

1220 863 1304 915 liavit
1322 861 1375 913 boc
1384 861 1460 913 lama
1469 864 1537 929 regi.
1574 859 1799 925 ltaqueulterum
1815 860 1931 913 aritiens
1948 863 2026 915 addi·

1218 932 1260 983 dit
1271 930 1412 993 mandata,
1421 945 1455 982 ne
1466 931 1492 980 in
1505 929 1596 996 parvis
1608 929 1731 994 experiri
1741 928 1836 992 vellet,
1842 930 1891 981 sed
1902 931 1931 981 in
1941 932 2023 987 leone

1218 1000 1411 1068 elephantove.
1448 999 1526 1051 Duos
1536 999 1591 1049 sibi
1602 997 1700 1049 luissez
1712 997 1765 1049 hoc
1776 998 1933 1063 interemto,
1946 1017 2024 1071 prae·

1218 1070 1295 1122 terea
1307 1070 1410 1120 nullum
1424 1067 1492 1122 fore.
1531 1068 1589 1120 Nec
1600 1067 1710 1118 distulit
1720 1067 1890 1130 Alexander,
1902 1070 2023 1124 leonem·

1218 1156 1271 1207 que
1282 1139 1400 1201 fractum
1412 1138 1539 1204 protinus
1551 1138 1630 1188 vidit.
1666 1137 1771 1189 Postea
1782 1136 1957 1204 elephantum
1969 1142 2022 1193 ius-

1217 1211 1256 1259 sit
1267 1209 1367 1271 induci,
1378 1207 1452 1259 haud
1463 1208 1520 1259 alio
1532 1207 1620 1274 magis
1631 1206 1791 1272 spectaculo
1800 1207 1929 1261 laetatus.
1953 1212 2022 1263 lior·

1217 1279 1341 1330 rentibus
1354 1278 1455 1344 quippe
1474 1292 1523 1343 per
1538 1284 1628 1330 totum
1641 1290 1740 1343 corpus
1752 1275 1837 1339 viliis,
1847 1276 1952 1345 ingenti
1963 1281 2021 1347 pri·

1218 1363 1292 1400 mum
1313 1347 1418 1400 latratu
1439 1347 1574 1397 intendite
1595 1361 1716 1412 moxque
1733 1347 1850 1397 increvit
1872 1350 2021 1413 assultans,

1218 1425 1368 1483 contraque
1383 1416 1505 1469 belluam
1522 1430 1675 1483 exsurgens
1691 1416 1796 1468 bincet
1812 1416 1906 1480 illinc,
1922 1421 2022 1471 artilici

1218 1487 1411 1548 dimicatione,
1422 1500 1478 1552 qua
1488 1485 1607 1537 maxime
1618 1499 1689 1550 opus
1700 1491 1784 1547 esset,
1791 1485 1926 1538 infestans
1936 1498 2021 1556 atque

1218 1557 1336 1618 evitans,
1354 1555 1442 1608 donec
1452 1556 1567 1606 assidua
1577 1562 1701 1606 rotatum
1712 1554 1849 1623 vertigine
1860 1556 1973 1621 afflixit,
1985 1559 2021 1609 ad

1218 1641 1311 1678 casum
1324 1626 1384 1678 eius
1396 1625 1498 1677 tellure
1509 1641 1652 1676 concussa.

1251 1695 1336 1747 axii.
1349 1696 1451 1746 Canum
1463 1697 1559 1761 generi
1570 1695 1614 1747 bis
1622 1708 1694 1746 anno
1706 1701 1811 1761 partus.
1836 1695 1915 1746 iusta
1926 1695 1961 1748 ad
1974 1710 2020 1762 pn·

1217 1766 1345 1816 tiendum
1371 1778 1463 1816 annua
1487 1772 1575 1816 aetas.
1613 1763 1720 1815 Gerunt
1742 1771 1851 1816 uterum
1871 1765 2021 1832 sexagenis

1218 1834 1325 1887 diebus.
1362 1833 1606 1899 Gignunteaecns:
1619 1840 1647 1884 et
1662 1849 1716 1900 quo
1727 1832 1846 1899 largiore
1857 1834 1972 1886 aluntur
1982 1835 2023 1886 la·

1218 1910 1276 1965 cte,
1292 1919 1326 1956 eo
1343 1903 1492 1955 tardiorem
1508 1903 1596 1954 rmum
1613 1904 1764 1969 accipiunt,
1784 1916 1839 1953 non
1861 1910 1953 1956 tamen
1974 1920 2023 1955 un·

1218 1988 1298 2040 quam
1317 1972 1392 2023 ultra
1414 1971 1575 2024 vicesimum
1598 1974 1715 2037 primum
1737 1971 1824 2034 diem,
1842 1982 1969 2024 necante
1981 1990 2023 2025 sc·

1218 2042 1342 2109 primum.
1381 2041 1499 2102 Quidam
1518 2042 1647 2104 tradunt,
1659 2042 1683 2093 si
1701 2057 1771 2093 unus
1787 2042 1931 2109 gignatur,
1949 2058 2020 2094 nono

1218 2113 1262 2163 dic
1275 2127 1403 2163 cernere:
1420 2111 1445 2161 si
1456 2108 1697 2177 gemini,deeinrn=
1718 2111 1847 2178 idemque
1860 2114 1886 2162 in
1896 2112 2021 2179 singulus

1218 2181 1315 2242 seriei,
1327 2180 1498 2247 totidemque
1510 2179 1722 2251 esserurditatis
1733 2180 1768 2231 ad
1782 2181 1869 2232 lucem
1881 2181 1949 2233 dies.
1986 2183 2020 2232 lit

1218 2251 1253 2303 ab
1263 2266 1310 2311 ea,
1323 2262 1393 2316 quac
1406 2248 1509 2301 lentina
1524 2252 1563 2300 sit
1577 2264 1612 2301 ex
1629 2250 1781 2317 primipara
1792 2251 1896 2317 genita,
1911 2250 2020 2300 Faunos

1218 2321 1302 2373 cerni.
1339 2320 1471 2384 Optimus
1486 2319 1513 2370 in
1525 2317 1619 2382 foetu,
1633 2321 1679 2384 qui
1696 2319 1846 2371 novissime
1857 2335 1970 2372 cernere
1982 2321 2020 2368 in·

1218 2389 1300 2456 cipit.
1312 2394 1360 2438 aut
1370 2403 1450 2453 quem
1462 2388 1580 2455 primum
1592 2387 1648 2439 fert
1659 2390 1687 2440 in
1697 2388 1788 2441 cubile
1799 2388 1883 2441 foeta.

1253 2457 1352 2511 thll.
1363 2458 1465 2510 liabies
1478 2473 1576 2509 munus
1584 2457 1658 2510 Sirio
1666 2457 1781 2511 mdeste
1791 2457 1894 2510 homini
1907 2457 2020 2524 pestile-

1218 2545 1259 2589 ra,
1271 2536 1301 2579 ut
1312 2526 1449 2587 diximus,
1469 2527 1511 2578 ita
1527 2528 1628 2579 morsis
1638 2526 1717 2580 letali
1728 2542 1814 2595 aquae
1826 2534 1909 2578 uretu.
1947 2527 2020 2588 Qua·

1219 2605 1333 2666 propter
1351 2598 1459 2649 obviam
1477 2598 1535 2648 itur
1548 2612 1600 2664 per
1615 2596 1694 2649 XXX
1709 2612 1758 2650 eos
1775 2596 1847 2658 dies,
1862 2595 2019 2664 gallinaceo

1217 2667 1336 2719 maxime
1354 2666 1423 2719 iimo
1439 2667 1568 2719 immixto
1579 2682 1678 2718 canum
1688 2665 1769 2718 cibis:
1781 2675 1829 2718 aut
1839 2667 1862 2717 si
1873 2660 2019 2733 praeterie-

1217 2739 1256 2789 rit
1268 2737 1396 2798 morbus,
1407 2744 1528 2789 veratro.

1251 2807 1378 2857 Antoren
1396 2821 1461 2858 vero
1476 2806 1585 2859 unicum
1599 2803 1751 2858 remedium
1768 2807 1883 2858 oraculo
1901 2801 2019 2871 quodam

1217 2890 1305 2940 nuper
1316 2883 1469 2940 repertum,
1480 2876 1562 2926 radix
1573 2874 1709 2925 silvestris
1720 2889 1815 2937 rosae,
1837 2890 1907 2941 quae
1919 2887 2018 2941 cynor-

1217 2941 1321 3007 rhodos
1332 2943 1498 3009 appellatur.
1531 2942 1684 2994 Columella
1695 2950 1794 2994 auctor
1805 2950 1857 3005 est,
1869 2944 1893 2995 si
1905 2942 2021 3009 qnadra-

1216 3013 1322 3079 gesimo
1339 3012 1397 3072 die,
1414 3026 1495 3077 quam
1510 3010 1547 3063 sit
1556 3016 1654 3071 natus,
1671 3016 1808 3061 castretur
1818 3026 1912 3062 morsu
1925 3011 2022 3072 cauda,

1215 3094 1395 3144 suntmusque
1405 3080 1466 3131 eius
1476 3076 1611 3129 articulus
1622 3076 1777 3139 auferatur,
1796 3081 1925 3143 sequenti
1936 3096 2022 3133 nerra

1216 3153 1341 3209 exemto,
1352 3163 1404 3199 nec
1414 3148 1528 3199 caudam
1540 3161 1678 3208 crescere,
1692 3162 1742 3199 nec
1753 3162 1835 3200 canes
1846 3147 1961 3201 rabidos
1971 3150 2020 3200 lie·

1215 3217 1250 3268 ri.
1286 3217 1389 3268 Canem
1400 3215 1537 3277 locutum,
1550 3215 1580 3266 in
1591 3215 1725 3284 prodigiis
1736 3217 1821 3283 (quod
1834 3215 1962 3284 equidem
1973 3217 2022 3269 ad·

1216 3287 1384 3348 notaverim)
1401 3288 1567 3353 accepimus:
1588 3292 1617 3338 et
1632 3294 1788 3354 serpentem
1805 3286 1941 3350 latrasse,
1958 3302 2019 3338 cum

1215 3356 1310 3423 pulsus
1322 3363 1364 3407 cst
1377 3370 1464 3422 regno
1478 3357 1656 3422 Tarquinius.

1250 3425 1350 3477 LXlV.
1367 3425 1467 3479 Eidem
1492 3425 1651 3479 Alexandro
1665 3433 1694 3478 et
1711 3426 1777 3492 equi
1795 3441 1898 3494 magna
1918 3424 2020 3477 raritas

1216 3495 1758 3562 contigitriiucephaloneunrrocarunt,
1773 3496 1831 3547 sire
1842 3495 1877 3546 ab
1890 3494 2019 3561 adspectu

1216 3573 1304 3626 torvo,
1315 3565 1374 3616 sire
1385 3565 1420 3617 ab
1436 3565 1540 3630 insigni
1551 3565 1652 3619 taurini
1665 3565 1780 3630 capitis,
1796 3578 1873 3616 armo
1885 3562 2019 3629 impressi.

1217 3634 1365 3687 Tredeeirn
1381 3635 1496 3686 talentis
1510 3632 1603 3685 ierunt
1614 3649 1648 3685 ex
1659 3633 1796 3686 Philonici
1807 3632 1945 3685 Pharsalii
1955 3647 2018 3700 gre·

1214 3720 1250 3772 ge
1260 3710 1380 3767 emtum,
1397 3704 1551 3756 etiamtum
1562 3717 1647 3768 puero
1659 3710 1741 3769 capto
1752 3704 1812 3756 eius
1821 3705 1929 3756 decore.
1965 3698 2021 3752 Ne·

1216 3775 1317 3825 minem
1329 3771 1374 3824 bic
1384 3774 1483 3834 alium,
1494 3787 1576 3839 quam
1586 3772 1785 3834 Alexandrum,
1795 3775 1873 3841 regio
1885 3772 2019 3822 instratus

1217 3850 1333 3905 ornatu,
1353 3843 1459 3910 recepit
1477 3843 1506 3894 in
1526 3840 1635 3905 sedem,
1658 3842 1728 3894 alios
1748 3842 1849 3909 passim
1873 3841 2019 3907 retdpiens.

1216 3913 1291 3967 idem
1312 3912 1340 3963 in
1363 3912 1477 3978 procliis
1499 3919 1669 3964 memoratae
1689 3911 1831 3964 cuiusdam
1857 3908 2020 3977 perhibetur

1217 3996 1334 4050 operae,
1361 3980 1519 4034 Thebarum
1541 3981 1749 4049 oppugnatione
1770 3981 1931 4032 vulneratus
1953 3978 2020 4029 ina·

1216 4054 1285 4104 lium
1301 4051 1421 4103 transire
1438 4049 1623 4102 Alexandrum
1642 4066 1696 4103 non
1713 4066 1821 4118 passus:
1837 4049 1927 4101 multa
1943 4062 2020 4114 prae·

1218 4128 1295 4174 terea
1310 4119 1433 4173 eiusdem
1450 4119 1541 4181 arodi,
1562 4127 1675 4186 propter
1691 4135 1762 4187 quac
1778 4134 1826 4172 rex
1845 4119 1975 4170 defuncto
1993 4120 2019 4167 ei

1217 4191 1297 4243 duxit
1316 4191 1476 4257 exsequias:
1496 4189 1648 4257 urbemque
1663 4190 1772 4241 tumulo
1782 4186 1960 4239 circumdedit
1972 4203 2020 4236 no·

1218 4262 1291 4314 mine
1303 4261 1369 4312 eins.
1404 4260 1462 4312 Nee
1472 4259 1600 4310 Caesaris
1611 4259 1759 4311 dictatoris
1771 4273 1924 4377 quenquam
1935 4255 2020 4316 aliurn

1217 4331 1358 4397 recepisse
1369 4329 1454 4382 dorso
1465 4344 1552 4396 equus
1564 4330 1700 4381 traditur:
1711 4329 1839 4394 idemque
1870 4325 1975 4377 omanis
1985 4325 2020 4374 si·

1218 4402 1298 4454 miles
1310 4399 1393 4466 pedes
1403 4398 1509 4467 priores
1518 4396 1661 4460 habuisse,
1672 4397 1725 4450 hae
1735 4397 1825 4465 effigie
1835 4396 1946 4448 locatus
1956 4399 2021 4445 ante

1217 4469 1334 4523 Veneris
1345 4469 1504 4522 Genetricis
1519 4468 1625 4520 aedem.
1650 4465 1674 4521 F
1676 4466 1731 4518 etit
1742 4475 1771 4518 et
1783 4466 1869 4517 [livua
1880 4464 2021 4529 Augustus

1218 4554 1289 4608 equo
1305 4539 1455 4600 tumulum,
1470 4539 1504 4589 de
1520 4553 1574 4606 quo
1591 4535 1748 4589 Germanici
1761 4531 1888 4585 Caesaris
1906 4542 2020 4585 carmen

1218 4618 1269 4661 est.
1305 4607 1448 4673 Agrigenti
1470 4605 1652 4672 complurium
1670 4617 1803 4668 equorum
1822 4599 1920 4651 tumuli
1937 4613 2021 4666 pyra·

1217 4678 1304 4739 naides
1316 4676 1429 4729 habent.
1463 4674 1570 4741 Equum
1586 4671 1745 4724 adamatum
1756 4686 1773 4719 n
1784 4669 1965 4722 Semiramide
1977 4686 2021 4721 us·

1218 4762 1271 4814 qua
1283 4744 1318 4797 ad
1334 4745 1455 4803 coitum,
1474 4743 1542 4793 luha
1561 4750 1659 4792 auctor
1674 4745 1724 4792 est.
1762 4735 1887 4805 Scythici
1907 4738 2019 4805 quidem

1218 4819 1359 4883 equitatus
1374 4825 1505 4879 equorum
1523 4810 1614 4877 gioria
1630 4815 1768 4875 strepunt.
1804 4808 1903 4859 Occiso
1921 4808 2019 4877 regulo

1216 4900 1252 4937 ex
1269 4885 1468 4950 provocatione
1484 4879 1646 4940 dimicante,
1664 4878 1788 4939 bostem,
1804 4893 1864 4929 curn
1880 4878 1970 4930 rictnr
1982 4877 2019 4929 ad

1217 4951 1392 5019 spoliandum
1404 4948 1537 5010 venisset,
1549 4947 1585 4999 ab
1601 4963 1673 5016 equo
1684 4949 1746 5000 eius
1757 4949 1859 5000 ictibus
1871 4962 2018 5017 morsuque

1217 5021 1385 5074 confectum.
1420 5018 1511 5071 Alium
1531 5018 1657 5070 detracto
1675 5019 1817 5071 oculorum
1836 5019 2019 5082 operimento,

1216 5100 1246 5144 et
1257 5089 1371 5156 cognito
1384 5104 1445 5141 cum
1461 5095 1550 5141 matre
1567 5089 1655 5151 coitu,
1671 5090 1783 5154 petiisse
1800 5094 1965 5154 praerupta,
1979 5092 2020 5137 at·

1217 5176 1271 5227 que
1284 5158 1481 5223 exanimatum,
1510 5158 1607 5224 Equus
1617 5158 1713 5210 eadent
1726 5174 1761 5210 ex
1772 5172 1855 5209 causa
1865 5157 1894 5209 in
1904 5156 2019 5210 lleatise

1216 5244 1285 5297 egro
1307 5229 1459 5280 laceratum
1482 5227 1624 5294 prorigam
1640 5228 1802 5280 invenimus.
1850 5227 1974 5293 Namque
1990 5230 2020 5279 et

1218 5299 1412 5367 captationem
1433 5296 1592 5349 intellectus
1613 5297 1641 5349 in
1661 5296 1696 5349 iis
1713 5306 1770 5350 est:
1791 5304 1875 5364 atque
1896 5296 2021 5363 ingrege

1217 5371 1320 5436 prioris
1342 5367 1405 5418 anni
1424 5380 1520 5417 sorore
1540 5364 1672 5418 libentius
1695 5368 1793 5432 ctiam,
1813 5382 1895 5434 quam
1920 5369 2020 5423 metra,

1216 5455 1289 5507 equa
1299 5437 1460 5491 comitatur.
1475 5435 1703 5489 Docilitnstants
1712 5448 1765 5501 est,
1775 5437 1959 5489 utunirersus
1968 5431 2020 5500 Sy·

1217 5508 1338 5563 baritaai
1355 5508 1493 5557 exercitus
1510 5507 1652 5572 equitatus
1670 5506 2021 5574 adsymphonisecnnturn

1217 5579 1368 5633 saltatione
1378 5576 1497 5643 quadam
1509 5579 1613 5630 arerem
1624 5577 1725 5629 solitus
1734 5576 1900 5629 inveniatur.
1931 5571 2019 5624 iidem
