4368 6008
268 316 303 383 C.
337 312 483 376 PblNll
518 312 721 374 SECUNDl
753 311 918 377 NATUR
954 316 1140 380 stauos
1183 318 1266 380 ΗΒ.
1288 316 1431 381 xxiii
1475 320 1564 384 Cdl’.
1589 322 1718 389 od-ra.
1768 330 1831 389 285

218 466 295 521 cinis
305 480 360 519 non
371 479 405 520 es
416 463 472 516 aila
481 462 582 517 arbore
592 464 701 516 aanor:
719 465 980 535 purpaa'cnnqlati-

182 543 243 599 nat,
253 536 352 604 replet,
372 533 532 600 adstringit.
569 533 682 586 Bibitar
692 541 721 587 et
732 534 768 587 sd
780 535 980 589 &mumdum

158 623 164 627 ·
183 606 347 676 mngninem
357 612 525 656 concretam.
536 603 606 655 ltem
618 604 767 670 percussis,
778 608 981 673 praecipitatis,

183 674 332 737 nmmlsts,
343 675 440 741 raptis,
451 671 563 740 cyathis
573 673 690 741 singulis
699 688 788 741 aquae
800 682 829 728 et
839 677 907 728 olei.
922 677 980 728 Da·

183 755 231 798 tur
242 744 370 797 tetanicis
381 751 409 794 et
420 741 565 810 spasticis:
576 741 644 794 item
655 750 737 809 potas
748 745 792 796 sel
802 744 909 797 inlustra
920 760 981 796 csse·

184 814 275 877 liacis,
284 820 313 867 et
323 811 517 881 dysentericis.
534 811 572 863 Et
581 812 605 863 si
616 816 678 879 quis
690 828 724 865 eo
736 828 797 865 eam
809 814 872 867 oleo
884 829 980 882 perun·

183 882 460 953 gaturrescaliacit.
497 880 572 935 ldem
584 896 646 933 cum
657 897 721 933 cera
732 890 763 934 et
774 897 888 937 rosaceo
899 885 980 936 suba.

184 963 259 1016 ctus,
289 952 424 1004 ambustis
454 951 613 1004 cicatricem
642 952 830 1003 tenuissimam
860 952 980 1005 obducit.

185 1022 333 1074 isaaciosos
345 1036 380 1075 es
389 1021 452 1074 oleo
464 1021 555 1073 illitus
568 1021 707 1082 emendat,
722 1020 901 1089 dentiumque
913 1022 982 1072 sitia

185 1091 281 1144 crebro
293 1090 405 1144 fricatu.
441 1091 568 1144 Pruduut
579 1092 673 1151 etiarn,
683 1089 709 1141 si
720 1092 780 1157 quis
790 1089 926 1142 inclinata
934 1105 980 1143 ar·

184 1162 267 1225 bore,
288 1161 387 1227 supino
400 1174 449 1213 ore
460 1160 580 1227 aliquem
594 1159 697 1212 andans
710 1161 770 1211 eius
780 1174 875 1213 nrorsu
887 1160 980 1211 abstu-

184 1231 257 1292 lerit,
275 1230 354 1282 nullo
366 1229 493 1292 ridente,
512 1237 595 1296 atque
606 1243 667 1281 cum
676 1228 754 1280 aluta
764 1229 901 1298 illigatum
912 1229 980 1281 licio

184 1299 293 1353 ecollo
315 1300 500 1366 suspenderit,
521 1307 644 1351 struaras
663 1305 691 1351 st
708 1299 848 1366 parandas
870 1298 980 1352 damet.

184 1370 286 1425 Cortex
298 1370 457 1421 etruscum
468 1367 541 1429 oleo,
554 1369 659 1420 uentris
671 1366 786 1421 hulcera
794 1376 883 1421 sanat.
911 1369 980 1420 Cra·

184 1438 237 1490 dae
248 1439 339 1505 grossi
350 1452 480 1490 verrucae
493 1445 520 1490 et
531 1435 652 1503 thymos,
663 1438 736 1488 nitro
748 1436 891 1507 farinaque
904 1437 980 1490 addi·

182 1507 221 1559 tis
231 1507 343 1559 todoat.
379 1505 478 1573 Spodii
491 1509 575 1560 ricem
588 1505 700 1558 exhibet
719 1505 848 1560 fruticans
859 1522 877 1559 a
886 1506 981 1559 radice

182 1576 342 1628 exeuntium
356 1576 434 1627 cinis.
460 1575 508 1627 Bis
520 1583 611 1627 tostus
621 1575 731 1628 adiecto
744 1574 925 1644 psimmythio
938 1576 979 1627 di·

181 1647 291 1710 geritur
301 1645 328 1696 ia
339 1644 483 1712 pastillos,
504 1643 539 1695 ad
552 1644 665 1697 hulcera
679 1645 824 1698 oculorum
837 1654 865 1699 et
877 1645 979 1697 scabri·

182 1715 260 1763 tiam.

217 1779 316 1833 axlv.
336 1782 489 1848 Caprillcus
500 1781 651 1835 etiamnum
667 1781 755 1834 mullo
771 1781 909 1836 efficacior
919 1783 980 1836 lico.

182 1850 280 1903 Laetis
292 1849 381 1901 minus
392 1849 491 1903 habet:
510 1851 620 1903 sarculo
633 1867 742 1919 quoque
754 1851 814 1904 eius
825 1852 868 1904 lac
879 1864 979 1920 coagu-

184 1919 298 1972 latoria
312 1934 430 1971 ameum.
471 1919 621 1987 Exceptum
634 1919 662 1971 id
674 1928 855 1987 coactumque
868 1920 894 1971 in
907 1920 981 1972 duri·

183 1990 261 2052 tiam,
270 1988 437 2041 suavitatem
450 1990 579 2042 carnibus
590 1989 681 2041 affert.
706 1989 834 2042 Fricatur
845 1989 934 2041 diluto
946 2005 980 2042 ex

184 2066 274 2111 aceto.
309 2058 445 2112 Miscetur
456 2056 688 2127 ashulceratorgiis
698 2059 916 2111 medicamentis.
935 2058 980 2111 ell-

182 2143 248 2181 suas
260 2126 356 2180 nulrit:
368 2129 478 2181 salvam
490 2145 549 2181 cans
561 2129 656 2195 amylo
668 2128 765 2195 aperit.
793 2128 864 2180 Pota
873 2143 980 2180 aienses

183 2196 241 2250 ciet
260 2212 320 2250 cum
338 2196 414 2251 lateo
435 2198 488 2251 usi.
524 2198 685 2266 Podagricis
702 2213 763 2249 cum
780 2197 868 2249 lerina
880 2197 981 2250 Graeci

183 2266 258 2319 loens'
271 2265 398 2320 illinitur.
434 2266 552 2335 Lepras,
573 2281 679 2333 psoras,
690 2266 821 2329 lichenas,
832 2266 981 2334 lentigines

184 2343 333 2404 expurgat:
352 2337 421 2390 itera
431 2343 629 2391 venenatorum
641 2337 724 2399 ictus,
736 2343 764 2389 et
776 2335 850 2388 canis
864 2351 981 2389 morsus.

183 2404 315 2458 Dentium
328 2421 437 2473 quoque
449 2406 541 2458 doluri
552 2405 597 2458 hic
607 2419 706 2457 succus
716 2406 864 2474 appositus
877 2405 905 2455 lo
917 2405 981 2456 lana

182 2472 304 2542 prudent,
315 2482 365 2527 aut
376 2476 405 2527 in
417 2490 484 2527 cavo
494 2489 591 2529 eurum
602 2474 723 2526 additus.
754 2473 889 2525 cauliculi
901 2480 930 2524 et
941 2473 982 2526 lo·

183 2542 361 2605 liaadmisto
372 2551 551 2606 erro,contra
561 2543 729 2594 marinorum
740 2557 845 2593 venena
856 2542 988 2607 prosunt*

182 2611 321 2664 hdiicitur
343 2616 372 2663 et
386 2611 489 2665 sinum.
524 2611 648 2662 Bubalas
664 2625 760 2662 carnes
778 2609 867 2661 additi
887 2611 981 2663 caules

182 2694 285 2746 magno
296 2678 366 2746 ligni
378 2678 542 2745 compendio
561 2687 744 2746 percoquam.
781 2677 879 2730 Grossi
890 2679 981 2732 illitae

182 2755 351 2809 strauisset
363 2762 472 2800 omnem
483 2748 674 2800 collectionem
687 2748 842 2811 emolliant,
855 2756 882 2801 et
893 2748 981 2800 disca·

181 2821 266 2870 tiunt.
277 2816 459 2883 aliquatenus
469 2825 497 2870 et
508 2817 586 2869 lulla
608 2819 686 2882 Quae
698 2818 863 2870 mollissima
873 2824 937 2869 suat
948 2832 981 2869 es

183 2885 237 2946 his,
259 2902 319 2938 oum
331 2892 411 2938 aceto
422 2884 536 2939 hulcera
548 2886 697 2946 nranantia,
718 2894 745 2939 ct
757 2886 939 2955 epinyctidas,
953 2894 982 2939 et

185 2954 308 3007 luriurcs
319 2961 426 3007 sanam.
463 2957 530 3008 Cum
542 2955 626 3007 melle
643 2955 719 3006 foliis
735 2958 809 3008 ceria
819 2964 932 3019 sanant,
953 2964 981 3008 et

184 3026 262 3077 canis
274 3039 390 3075 morsus.
403 3023 539 3077 lieet-ntes
550 3040 611 3075 cum
623 3026 694 3085 cino,
700 3022 902 3093 phagedaenas
914 3029 979 3077 Cum

183 3093 332 3213 papaueris
345 3093 421 3144 loliis
432 3109 495 3145 ossa
507 3091 666 3145 extrahunt.
700 3093 800 3145 Grossi
810 3094 931 3161 caprillci
944 3095 981 3144 in·

205 3164 313 3215 usiones
334 3161 485 3214 discutiunt
503 3162 608 3214 suffitu.
644 3163 787 3214 liesistunt
806 3170 834 3214 et
852 3162 981 3229 sanguini

184 3234 293 3284 taurino
305 3237 381 3297 poto,
402 3236 430 3283 ei
442 3229 633 3300 psimmythio,
653 3240 680 3282 et
693 3231 758 3283 lacti
770 3232 917 3297 coagulato
931 3245 979 3298 pu·

183 3308 237 3353 tae
273 3301 341 3352 ltem
361 3300 390 3351 in
404 3310 477 3366 aqua
493 3300 627 3352 decoctae
646 3309 728 3366 atque
739 3301 826 3352 illitae
839 3298 981 3368 parotidas

183 3370 295 3423 satiant.
306 3370 445 3422 Cauliculi
455 3379 504 3421 aut
515 3371 603 3437 grossi
616 3369 674 3419 eius
685 3384 765 3435 quarn
777 3368 981 3421 nrinutissimao

183 3439 219 3491 ad
232 3441 408 3504 scirrpionum
423 3440 497 3490 ictus
514 3440 605 3490 esino
621 3437 761 3489 bibuntur.
797 3437 855 3489 Lac
871 3453 982 3504 quoque

182 3507 338 3560 instillatur
349 3507 460 3575 plagae,
470 3516 497 3560 et
510 3506 579 3558 lolia
589 3508 775 3575 imponuntur.
805 3508 874 3559 ltem
886 3507 982 3557 adscr-

184 3592 233 3629 sus
244 3591 349 3628 ararem
362 3591 504 3629 ararscum.
526 3576 732 3629 cauliculorum
745 3576 817 3627 einis
827 3590 907 3626 araas
920 3573 980 3627 iau·

184 3647 258 3698 cium
270 3644 359 3698 sedat.
386 3645 500 3697 Arboris
510 3644 598 3713 ipsius
609 3644 678 3697 cinis
692 3661 725 3698 ex
736 3645 828 3708 melle,
840 3645 890 3696 rha
911 3644 982 3695 adia.

183 3714 274 3768 lindis
286 3713 515 3789 defervefactum
527 3715 600 3781 rino,
613 3713 736 3781 dentium
749 3715 868 3767 dolores.
880 3659 981 3765 iffiher·

183 3799 221 3835 aa
232 3783 376 3850 caprillcus
386 3785 412 3835 in
425 3792 505 3836 aceto
516 3796 595 3837 cocta
605 3792 633 3836 et
646 3784 722 3845 trita,
744 3784 921 3853 impetigines
931 3782 983 3835 tol·

182 3853 227 3904 lit.
265 3851 411 3906 illinuntur
422 3862 548 3906 ramenta
562 3853 632 3906 rami
647 3856 706 3907 sine
723 3855 828 3906 cortice
841 3869 921 3921 qaam
934 3854 982 3903 mi·

184 3920 330 3973 nutimlma
341 3922 375 3973 ad
394 3923 486 3974 scobis
498 3923 618 3976 niodum.
655 3923 791 3990 Capi-ilico
805 3938 912 3992 quoque
925 3938 982 3976 nse·

184 3992 293 4045 diciano
304 3993 383 4044 unius
395 3993 559 4044 miraculum
573 3992 691 4044 additur.
714 3993 852 4045 corticem
864 3995 923 4065 eius
934 3993 982 4043 im·

182 4060 381 4181 pubescentem
402 4077 471 4129 puer
482 4062 600 4128 impubis
612 4062 638 4113 si
655 4060 780 4113 defracto
796 4076 874 4113 ramo
891 4061 982 4111 detra·

206 4138 234 4181 at
246 4130 385 4192 dentibus,
398 4130 545 4182 medullam
561 4134 648 4196 ipsam
661 4130 842 4195 adalligatam
855 4136 918 4179 ante
930 4131 982 4180 b'o-

184 4198 221 4251 lis
241 4208 345 4259 ortum,
365 4197 512 4265 prohibere
533 4208 662 4250 strumas.
710 4198 864 4262 Caprillcus
886 4204 983 4247 taurus

184 4268 338 4335 quamlibet
350 4267 468 4329 feroces,
488 4266 562 4318 collo
574 4281 669 4318 eurum
681 4265 862 4325 circumdata,
885 4266 912 4315 in
924 4272 983 4314 tan·

183 4346 243 4389 tam
251 4335 373 4387 mirabili
385 4333 983 4401 naturaconspescitutinrmohilespraestet.

166 4426 189 4463 4
219 4402 422 4458 1.xv.}lerbn
445 4416 563 4471 qaoque,
585 4417 668 4469 quam
690 4401 791 4453 Graeci
809 4400 923 4452 amnena
937 4416 984 4451 ro·

183 4480 267 4533 cant,
285 4469 427 4523 reddenda
448 4471 475 4523 in
495 4470 549 4523 hoc
569 4472 632 4523 loco
654 4478 768 4538 propter
787 4470 984 4537 gentilitatem.

184 4543 311 4595 l’nlsaum
322 4539 381 4591 alta
392 4545 449 4602 est,
469 4540 612 4592 cauliculis
624 4540 714 4607 quinis
725 4539 791 4601 iere,
813 4542 896 4591 ocimi
906 4540 983 4591 slmi-

185 4611 314 4673 litudine,
327 4609 378 4662 flos
391 4608 534 4673 candidus,
544 4625 638 4662 semen
651 4611 771 4677 nigram,
783 4623 910 4675 parvum:
933 4609 983 4660 tri·

183 4689 243 4732 tum
257 4696 318 4732 cum
332 4680 414 4733 melle
424 4679 529 4743 Attico,
537 4679 681 4731 oculorum
694 4677 833 4745 epiphoris
844 4678 984 4730 medeturs

185 4757 325 4816 utcunque
337 4758 429 4800 autern
444 4748 576 4815 decerpta
594 4756 687 4801 nranat
702 4749 773 4801 lacte
784 4747 872 4799 multo
885 4755 913 4800 et
925 4747 985 4798 dul·

187 4819 221 4870 ci.
237 4818 333 4871 llerha
343 4832 474 4886 perquam
486 4820 564 4870 utilis
574 4820 682 4871 aurnuns
694 4817 794 4880 dolori,
804 4816 871 4869 nitri
883 4820 984 4886 exiguo

185 4885 290 4938 addito.
328 4888 408 4939 Folia
418 4889 550 4940 resistunt
562 4889 683 4940 uenenis.

223 4954 321 5008 vat.
332 4955 417 5009 l’runi
428 4957 497 5010 lolia
508 4958 621 5010 decocta
628 4954 758 5016 tonsillis,
765 4955 900 5024 gingivis:
912 4970 987 5011 urse

208 5036 304 5078 rosunt
325 5026 352 5077 in
376 5029 448 5089 rino,
470 5028 587 5080 decocto
608 5044 642 5079 en
661 5024 777 5078 subinde
798 5040 847 5077 ore
867 5025 984 5079 colluto.

259 5095 449 5162 procamium
461 5093 749 5156 molliunt,stomacbo
761 5109 814 5144 noa
828 5096 984 5169 utilissima,

185 5164 485 5218 sedbresimntnento.

222 5233 334 5287 exva.
347 5235 468 5285 Utiliura
480 5234 600 5295 l’srsica,
612 5248 764 5302 succusque
775 5233 985 5297 eorumetiam·

185 5318 251 5355 nans
274 5305 301 5354 in
323 5306 387 5355 rinc
407 5312 458 5354 aot
471 5304 592 5355 inaccto
605 5319 760 5371 expressus.
788 5303 984 5357 Necestalius

185 5373 226 5425 cis
240 5373 330 5440 ponis
340 5372 514 5424 innocentior
531 5372 618 5424 cibus.
656 5373 798 5440 Nusquam
813 5373 904 5424 minus
915 5372 983 5423 udo·

184 5441 234 5503 ris,
246 5442 323 5495 succi
333 5441 405 5508 plus,
414 5441 462 5508 qui
471 5448 566 5492 tamen
577 5442 653 5494 sitim
665 5443 799 5495 stimulet.
832 5440 913 5491 Folia
923 5441 984 5491 cius

184 5511 252 5563 trita
263 5511 347 5572 illita,
358 5507 598 5577 haemorrhagian
610 5514 721 5563 sistam.
746 5510 843 5563 Nuclei
859 5508 983 5561 Persico·

184 5591 242 5632 mss
254 5596 317 5633 cam
326 5579 391 5633 alea
403 5586 433 5633 et
442 5586 531 5644 aceto,
544 5581 645 5647 capitis
657 5581 800 5635 doloribus
811 5578 966 5632 illiniuntur.

1068 468 1192 524 valll.
1219 469 1395 525 silvestrium
1415 470 1524 539 quidest
1548 488 1699 542 pmaorum
1719 477 1831 542 baccae,
1856 498 1862 527 i

1034 537 1078 593 rel
1098 553 1114 590 e
1135 539 1226 591 radice
1237 549 1343 605 cortes,
1362 542 1389 592 ln
1401 541 1465 594 sinu
1476 547 1588 595 austero
1598 545 1621 596 si
1632 546 1831 613 decoquantur,
1859 540 1862 549 '

1034 607 1115 658 itaut
1126 610 1213 659 triens
1231 623 1265 661 es
1286 607 1397 662 bessina
1411 612 1542 678 supersit,
1562 613 1653 665 alvum
1670 622 1698 668 et
1709 618 1830 669 tormina

1033 677 1143 728 sistunt.
1180 675 1256 729 b'atis
1267 687 1309 730 cst
1319 680 1446 747 singulos
1456 678 1573 746 cyathos
1583 681 1784 737 decocti‘sumi.

1070 743 1166 796 leX.
1185 747 1222 798 Et
1233 747 1259 796 in
1270 746 1322 808 iis,
1345 757 1373 799 et
1384 749 1483 799 satiris
1495 752 1590 814 prunis
1600 760 1642 802 est
1654 753 1736 815 limos
1746 755 1830 807 arbo·
1843 762 1868 797 .t

1032 828 1103 873 rum,
1122 828 1203 880 quesn
1224 814 1325 866 Graeci
1342 815 1449 885 lichena
1465 819 1617 884 appellant,
1634 818 1779 890 rhagadiis
1798 831 1828 875 et

1033 881 1237 949 condylomatis
1248 884 1316 935 mire
1328 885 1413 935 utilis.

1067 951 1154 1002 Lxx.
1173 951 1255 1003 Mora
1273 954 1301 1002 in
1311 954 1438 1019 Aegypto
1454 959 1483 1005 et
1495 956 1589 1023 Cypro
1604 958 1777 1023 saigeneris,
1796 970 1830 1012 at

1033 1019 1161 1083 diximus,
1183 1021 1262 1088 largo
1283 1024 1367 1073 su'ccu
1384 1022 1534 1086 abundant,
1551 1040 1659 1078 summo
1668 1031 1772 1081 cortice
1782 1029 1830 1081 de·

1033 1098 1193 1156 squamata:
1213 1092 1313 1142 altiore
1323 1092 1406 1157 plaga
1414 1093 1565 1156 siccantur,
1585 1095 1706 1148 mirabili
1719 1104 1828 1149 natura

1033 1158 1137 1212 Saccus
1148 1158 1312 1212 adversatur
1322 1164 1431 1212 uenenis
1441 1163 1621 1228 serpentium,
1636 1165 1750 1232 prodest
1761 1166 1827 1235 dys-

1033 1229 1181 1290 entericis,
1201 1229 1317 1282 discutit
1337 1244 1440 1298 panos,
1466 1245 1614 1299 omnesque
1633 1234 1829 1287 collectiones:

1032 1297 1148 1350 vulnera
1159 1298 1340 1366 conglutinat,
1358 1299 1459 1367 capitis
1470 1298 1581 1352 delores
1592 1302 1682 1367 sedat,
1701 1307 1767 1356 item
1781 1318 1829 1355 aa·

1034 1370 1118 1418 siuns:
1129 1366 1262 1433 splenicis
1273 1367 1378 1420 bibitur
1388 1376 1472 1437 atque
1483 1368 1618 1421 illinitur:
1631 1380 1831 1441 etcontraper-

1034 1435 1189 1488 frictiones.
1208 1437 1360 1495 Celerrime
1372 1440 1523 1491 teredinem
1534 1440 1630 1493 sentit.
1647 1442 1743 1509 Neque
1755 1444 1829 1510 apud

1033 1519 1085 1556 aas
1094 1520 1177 1557 succo
1187 1520 1253 1558 osas
1263 1507 1360 1558 minor.
1370 1507 1538 1560 adversatur
1549 1511 1662 1562 aconito
1673 1518 1701 1562 et
1709 1514 1831 1571 araneis,

1033 1575 1062 1626 ia
1072 1575 1136 1626 rino
1149 1582 1240 1641 potus.
1269 1575 1366 1629 slsum
1376 1577 1471 1628 solsit:
1485 1579 1607 1642 pituitas,
1619 1580 1789 1647 taeniasque,
1800 1588 1830 1632 et

1032 1643 1137 1696 similia
1146 1645 1252 1696 ventris
1262 1644 1394 1697 anianalia
1403 1644 1535 1699 extrahit.
1543 1647 1608 1698 linc
1616 1647 1690 1699 idem
1704 1655 1834 1715 praestat

1033 1720 1062 1766 et
1072 1720 1169 1765 cortex
1178 1713 1272 1766 tritus.
1307 1713 1389 1766 Folia
1397 1714 1507 1783 tingunt
1518 1715 1651 1782 capillum
1662 1731 1724 1768 cans
1736 1716 1781 1769 lici
1791 1716 1831 1767 ni·

1033 1796 1101 1848 grac
1109 1790 1138 1834 et
1149 1783 1215 1835 ritis
1225 1784 1375 1836 corticibus
1385 1784 1468 1836 sissol
1480 1784 1568 1837 coctis
1579 1784 1608 1836 in
1621 1798 1695 1852 aqua
1705 1785 1830 1837 caelesti.

1032 1850 1112 1903 Pomi
1119 1850 1210 1918 ipsius
1219 1867 1318 1905 saccas
1330 1852 1420 1904 slsum
1431 1853 1518 1904 solvit
1528 1856 1665 1921 protinus.
1676 1856 1738 1921 lpsa
1748 1869 1835 1921 ponsa

1033 1919 1217 1986 adpraesens
1235 1917 1381 1974 stomacho
1399 1922 1488 1985 utilia,
1507 1922 1686 1989 refrigerant,
1704 1924 1779 1975 sitim
1793 1921 1833 1973 la-
1931 1964 1938 1980 .

1033 1988 1120 2041 ciunt.
1156 1987 1617 2056 sinonsupersenintsiiuscibus
1637 1992 1834 2046 intumescunt.

1034 2060 1075 2111 lix
1086 2057 1244 2110 immaturis
1263 2074 1361 2111 succus
1378 2061 1454 2115 sistit
1470 2061 1578 2114 alvum:
1600 2062 1689 2114 ueluti
1704 2061 1835 2115 animalis

1033 2126 1162 2190 alicuius,
1180 2127 1211 2178 in
1223 2126 1275 2180 hac
1285 2130 1385 2182 arbore
1395 2130 1577 2183 observandis
1585 2131 1740 2194 miraculis,
1761 2143 1835 2198 quae

1033 2198 1062 2248 ln
1073 2203 1173 2248 natura
1183 2197 1243 2249 eius
1254 2199 1385 2250 diurnus.

1069 2264 1167 2316 Lxxl.
1177 2265 1224 2317 Fit
1236 2282 1269 2319 es
1282 2283 1363 2335 pomo
1376 2268 1556 2335 panchrestos
1566 2274 1723 2333 stomatice,
1734 2268 1834 2323 cadesa

1034 2335 1171 2387 arteriace
1183 2335 1335 2403 appellata,
1346 2335 1398 2390 hoc
1409 2338 1507 2391 modo:
1523 2338 1647 2392 sextarii
1659 2346 1716 2393 tres
1727 2339 1804 2391 saed
1815 2354 1834 2392 e

1033 2418 1125 2470 pomo,
1146 2404 1205 2455 leni
1214 2420 1317 2472 sapore
1328 2405 1363 2456 ad
1375 2407 1586 2460 crassitudinem
1599 2408 1690 2461 mellis
1701 2409 1831 2475 redigun-

1035 2480 1088 2523 tur.
1115 2472 1182 2523 Post
1193 2473 1306 2525 ndditar
1315 2474 1455 2542 omphacii
1467 2475 1537 2527 aridi
1550 2475 1657 2542 pondus
1667 2478 1694 2528 Χ
1703 2476 1832 2539 duorum,

1033 2546 1082 2591 aut
1102 2538 1233 2606 myrrhae
1250 2543 1276 2594 X
1291 2544 1384 2604 anius,
1405 2545 1481 2595 croci
1497 2544 1524 2594 X
1534 2544 1623 2595 anius.
1661 2546 1739 2596 llaec
1749 2543 1832 2595 simul

1034 2610 1103 2661 trita
1114 2608 1263 2660 asiscentur
1273 2610 1398 2663 decocto.
1436 2612 1531 2677 Neque
1542 2620 1585 2664 ast
1595 2610 1671 2663 aliud
1683 2614 1749 2674 nris,
1760 2619 1832 2665 arte·

1034 2678 1100 2741 riae,
1122 2691 1202 2740 arae,
1220 2678 1366 2755 atqnsschi,
1386 2680 1532 2733 iucundius
1547 2681 1711 2733 remedium.
1746 2681 1791 2732 Fit
1802 2687 1833 2734 et

1033 2747 1090 2798 alio
1102 2745 1199 2798 medor
1211 2748 1287 2799 sacci
1296 2749 1413 2801 sextarii
1424 2748 1835 2812 dammellisrltticisestarius,

1033 2815 1233 2883 decoquuntur,
1243 2822 1368 2884 utsupra
1380 2817 1506 2869 diximus.

1068 2885 1144 2937 ldira
1158 2892 1223 2937 sunt
1237 2894 1382 2952 praeterea
1398 2900 1470 2954 quae
1485 2884 1648 2954 produntur.
1684 2887 1759 2939 ldori
1769 2901 1832 2955 ger·

1032 2955 1833 3078 titulusita.‘⁰.¹.⁵nttt²s¹²i..ll¹:l.·.lt⁰‘li

1033 3098 1136 3141 terram
1147 3090 1171 3139 si
1182 3108 1235 3139 nnn
1248 3037 1552 3159 att?gere,·sanguinenr
1562 3095 1667 3146 sistam
1678 3062 1832 3213 ιάιιΙΙῖἱιιὶ,

1033 3161 1093 3210 sire
1103 3171 1138 3209 er
1150 3157 1265 3210 uulnere
1274 3158 1418 3222 lluat,sive
1429 3176 1487 3222 ore,
1498 3161 1557 3213 sire
1566 3162 1688 3224 naribus,
1698 3163 1757 3214 sire
1787 3176 1833 3214 ae·

1034 3224 1216 3279 morrboidisc
1235 3227 1270 3279 ad
1283 3226 1336 3279 hoc
1346 3236 1492 3281 ses-santur
1502 3231 1631 3297 repositi.
1668 3230 1743 3284 ldens
1754 3245 1833 3298 prae·

1032 3303 1111 3349 stare
1127 3302 1156 3348 et
1170 3310 1263 3348 marus
1283 3296 1388 3349 dicitnr
1399 3299 1479 3350 Lana
1494 3299 1575 3365 plena
1592 3298 1744 3362 adrasus,
1763 3300 1833 3353 incl·

1033 3369 1112 3435 piens
1124 3365 1244 3417 fructum
1257 3363 1366 3426 habere,
1384 3367 1407 3418 si
1418 3376 1521 3419 terram
1532 3383 1586 3421 non
1597 3368 1734 3436 attigerit,
1744 3368 1834 3435 prirn-

1033 3437 1085 3488 tint
1097 3434 1260 3487 mulieribus
1270 3435 1440 3504 adalligatus
1450 3437 1567 3499 lacerto,
1582 3443 1679 3488 centn
1690 3435 1834 3489 abondan-

1033 3505 1103 3557 tiam
1114 3504 1258 3557 mensium.
1295 3506 1358 3557 lloc
1370 3511 1399 3557 et
1409 3520 1572 3572 quocunque
1582 3512 1708 3572 tempore
1718 3507 1753 3559 ab
1763 3507 1834 3574 ipsis

1035 3574 1202 3647 decerptam,
1212 3575 1255 3626 ita
1265 3581 1296 3627 ut
1306 3581 1408 3627 terram
1421 3590 1474 3626 nnn
1486 3576 1616 3641 attingat,
1637 3575 1833 3644 adalligatum·

1035 3660 1087 3712 que
1099 3645 1260 3696 existimant
1272 3650 1422 3710 praestare.
1433 3644 1515 3696 Folia
1524 3647 1594 3696 mori
1606 3644 1682 3707 trita,
1696 3652 1745 3694 aut
1756 3644 1835 3696 arida

1035 3715 1160 3775 decocta,
1179 3712 1347 3779 serpentium
1358 3713 1460 3765 ictibus
1470 3715 1657 3779 imponuntur.
1693 3713 1734 3766 sd
1746 3712 1835 3765 idem·

1054 3789 1166 3849 uepotu
1177 3781 1331 3848 proicitur.
1367 3780 1567 3849 scorpionibus
1585 3781 1833 3835 adrersaturera·

1034 3799 1097 3903 gine
1108 3851 1221 3903 corticis
1232 3865 1342 3913 succus,
1353 3865 1387 3903 es
1399 3853 1462 3904 sino
1472 3857 1521 3902 aut
1533 3864 1618 3916 posca
1628 3858 1720 3917 potas.

1071 3919 1224 3972 Reddenda
1236 3926 1279 3972 est
1289 3927 1319 3973 ct
1330 3921 1505 3987 antiquorum
1516 3920 1691 3986 compositio.
1715 3918 1832 3970 buccam

1035 4005 1193 4056 expressum
1216 3990 1291 4055 pensi
1307 3992 1408 4041 araturi
1424 3989 1621 4055 inmaturique
1637 3990 1764 4049 aristam,
1785 4000 1831 4036 co·

1034 4060 1156 4128 quebant
1167 4058 1193 4109 in
1205 4074 1270 4110 vase
1280 4072 1364 4111 aereo
1375 4059 1410 4110 ad
1420 4059 1511 4112 mellis
1522 4056 1741 4115 crassitudinem.
1775 4052 1832 4105 Ali·

1035 4124 1723 4262 litlitlui‘existimaritis
1737 4120 1834 4241 ‘lit

1036 4269 1098 4316 erat
1107 4264 1263 4326 stomatice,
1284 4278 1338 4331 qua
1349 4272 1379 4317 et
1388 4264 1504 4316 vuluera
1520 4260 1557 4313 ad
1567 4259 1723 4312 cicatricem
1737 4257 1835 4325 perdo·

1036 4332 1144 4383 nebant.
1168 4332 1230 4382 Alia
1240 4334 1328 4383 ratio:
1338 4331 1457 4385 succum
1467 4332 1571 4384 siccato
1583 4327 1774 4395 exprimebant
1786 4341 1833 4393 po·

1037 4414 1092 4462 mo,
1111 4398 1227 4451 inultum
1237 4400 1331 4466 sapori
1341 4401 1519 4452 obsoniorum
1531 4397 1702 4455 conferente.
1738 4397 1768 4448 la
1780 4412 1834 4448 sne·

1037 4469 1129 4521 dicina
1148 4483 1214 4519 sero
1234 4477 1333 4521 contra
1347 4484 1454 4531 nomas,
1475 4476 1505 4521 et
1519 4466 1641 4534 pectoris
1680 4464 1786 4527 ituitas,
1805 4474 1835 4518 et

1038 4539 1195 4604 ubicunque
1203 4552 1273 4605 opus
1282 4543 1357 4591 esset
1366 4538 1502 4605 admringi
1513 4536 1629 4589 sincera.
1675 4541 1753 4586 antes
1764 4548 1832 4601 quo·

1037 4622 1091 4676 que
1101 4608 1260 4660 eoduebant
1273 4624 1315 4660 eo.
1331 4608 1458 4659 Tertiam
1469 4620 1565 4676 genus,
1575 4605 1650 4658 succi
1661 4603 1736 4656 iuliis
1747 4610 1776 4655 ct
1787 4616 1832 4654 ra-

1038 4679 1103 4730 dice
1113 4676 1236 4730 decoctis
1247 4678 1282 4730 ad
1295 4677 1424 4729 ambusta
1442 4692 1478 4730 es
1488 4677 1552 4729 oleo
1563 4672 1704 4728 illinenda
1742 4672 1831 4741 lnspo·

1038 4754 1141 4800 nuntur
1151 4754 1180 4801 et
1191 4762 1240 4815 per
1250 4764 1281 4801 se
1292 4747 1371 4801 lolia.
1401 4746 1490 4799 Badis
1501 4760 1551 4813 per
1561 4759 1664 4797 messes
1675 4743 1763 4793 incisa
1773 4758 1834 4795 siro·

1038 4833 1099 4869 csrns
1111 4818 1159 4870 dat
1169 4818 1341 4885 aptissimum
1354 4816 1476 4870 dentium
1489 4814 1589 4874 dolori,
1611 4811 1835 4892 cohertionibum

1038 4903 1100 4955 qus,
1110 4895 1138 4941 et
1148 4888 1404 4954 suppurationibus.
1429 4886 1527 4939 slsum
1540 4889 1647 4949 purgat.
1668 4880 1751 4933 Folia
1762 4894 1835 4933 mart

1037 4961 1066 5010 in
1077 4958 1159 5009 urina
1168 4955 1335 5019 madefacta,
1350 4957 1434 5023 pilosa
1445 4953 1528 5007 coriis
1539 4948 1696 5005 detrabunt.
1889 4996 1893 5005 ‚

1072 5026 1184 5078 Lxxll.
1203 5025 1407 5078 Cerassalruns
1425 5023 1570 5083 molliunt,
1592 5017 1736 5071 stomacho
1747 5019 1831 5087 inuti·

1039 5096 1087 5146 lia:
1100 5094 1196 5146 cadens
1208 5094 1315 5146 siccata
1325 5094 1416 5145 elsam
1426 5093 1539 5153 sistam,
1549 5091 1658 5141 umnam
1670 5088 1753 5141 cient
1789 5085 1833 5136 ln·

1037 5164 1119 5216 renio
1136 5161 1208 5230 apud
1218 5170 1360 5224 nuntiares,
1381 5162 1407 5212 si
1418 5160 1478 5228 quis
1496 5159 1635 5213 matutino
1647 5156 1758 5209 roscida
1770 5167 1833 5205 cum

1037 5234 1096 5284 suis
1106 5231 1212 5283 nucleis
1222 5231 1347 5294 deraret,
1365 5231 1393 5283 ia
1405 5236 1513 5283 mutam
1525 5228 1613 5284 lersri
1623 5226 1726 5287 alsam,
1740 5230 1773 5274 ut
1784 5236 1830 5288 pe·

1037 5301 1084 5354 des
1098 5301 1194 5352 morbo
1204 5300 1366 5353 liberentur.

1070 5370 1194 5422 Lxxtll.
1204 5369 1456 5437 Mespileesceptis
1467 5365 1591 5426 setaniis,
1600 5378 1671 5432 quae
1682 5359 1756 5412 malo
1769 5372 1832 5423 pro·

1035 5439 1140 5507 piorem
1152 5441 1208 5490 sins
1219 5438 1331 5503 hahent,
1340 5438 1450 5505 reliqna
1460 5436 1638 5502 adstringunt
1648 5424 1832 5511 stomachans,

1034 5510 1191 5575 sistuntque
1203 5508 1304 5561 alvum.
1339 5509 1409 5561 lteas
1421 5508 1505 5559 sorba
1519 5505 1607 5556 sicca:
1629 5513 1693 5551 nam
1704 5504 1835 5551 recentis

1034 5588 1077 5633 ste
1309 5578 1376 5632 *itae
1385 5577 1510 5644 presunt.
