4340 6018
279 253 313 314 C.
358 251 508 313 PLlNll
550 253 761 315 SECUNDI
803 256 974 319 NA'l'Ull.

192 402 390 460 Necessarium
401 402 482 455 estin
493 401 622 458 hocloco
640 407 752 475 signare
772 412 802 459 et
812 406 961 460 Medorum

157 478 254 538 situm,
276 481 471 541 terrarumque
492 470 596 526 faciem
617 476 807 545 circumagere
827 475 963 529 adPersi·

159 560 221 600 cum
243 558 332 605 mare,
354 557 407 612 qno
429 541 540 595 facilius
562 543 662 597 deinde
683 547 962 613 reliquanoscautur.

159 616 287 684 Namque
296 612 394 665 Media
413 614 448 666 ab
470 627 571 666 occasu
586 618 747 668 transversa
765 617 878 684 oblique
893 615 960 669 Par·

158 684 234 738 thiae
245 697 408 746 occurrens,
418 690 537 748 utraque
550 698 637 751 regna
651 684 781 739 includit.
815 685 910 739 Habet
921 701 963 737 er·

158 769 194 825 go
205 756 269 821 ipsa
286 754 321 806 ab
333 761 397 804 ortu
408 752 535 818 Caspios,
555 759 584 804 et
595 751 715 807 Parthos
726 772 734 805 ι
754 771 772 808 a
781 755 897 808 meridie
908 754 962 807 sit-

157 834 284 885 tacenen,
305 828 335 874 et
344 820 489 884 Susianen,
511 827 541 873 et
551 821 677 875 Persida:
700 824 736 876 ab
758 839 859 877 occasu
878 824 962 876 Adia-

156 896 263 948 hcnen:
284 890 690 957 aseptemtrioueArmeniam.
718 891 821 947 Persae
837 894 961 947 Rubrum

156 975 356 1087 misdi?
366 960 524 1097 ”iiiiii
532 962 860 1085 litteraliter:
871 965 961 1097 Phil

339 1067 347 1082 .
673 1068 681 1094 ,
854 1070 861 1085 .

155 1117 222 1157 vero
233 1104 297 1169 ipsa
307 1100 383 1152 subit
393 1098 428 1151 ad
438 1097 548 1162 Medos,
559 1100 666 1152 Climax
679 1050 790 1171 Mggala
803 1104 961 1170 appellatur

155 1174 244 1235 icens,
254 1171 344 1225 arduo
356 1168 459 1220 montis
471 1182 586 1221 ascensu
596 1186 645 1238 per
654 1171 769 1239 gradus,
780 1174 899 1224 introitu
910 1189 960 1225 an-

156 1248 251 1311 gusto,
271 1241 308 1294 ad
319 1238 497 1306 Persaepolin
508 1247 590 1307 caput
601 1241 689 1308 regni,
705 1242 825 1295 dirutum
837 1243 873 1294 ab
882 1242 961 1295 Alex·

156 1312 257 1366 andro.
292 1311 443 1363 Praeterea
458 1306 542 1361 babet
560 1312 589 1360 in
600 1315 733 1364 extremis
745 1313 847 1364 tinibus
859 1311 960 1363 Laodi-

156 1397 245 1443 ceam,
259 1381 293 1433 ab
303 1376 440 1431 Antiocho
451 1378 600 1430 conditam.
629 1380 742 1433 indeed
755 1382 890 1434 orientem
901 1380 961 1432 Ma·

156 1452 189 1520 gi
208 1453 334 1503 obtinent
354 1448 544 1515 Parsagardas
563 1450 717 1513 castellum,
736 1450 765 1502 in
777 1466 831 1519 quo
843 1451 909 1518 Cyri
918 1466 961 1503 se-

157 1519 287 1588 pulcrum
305 1522 359 1571 est:
382 1515 521 1570 ethorum
533 1518 678 1571 Ecbatana
696 1520 828 1587 oppidum
840 1520 958 1573 transla-

14 1658 15 1685 1
65 1618 73 1631 ·
157 1600 220 1663 turn
240 1591 275 1642 ab
295 1586 382 1639 Dario
403 1601 470 1656 rege
492 1587 527 1640 ad
548 1596 666 1642 montes.
711 1591 786 1642 inter
803 1588 921 1642 Parthos
932 1595 961 1643 et

155 1660 276 1712 Arianos
296 1666 448 1710 excurrunt
469 1657 660 1711 Paraetaceni.
706 1659 760 1712 llis
780 1661 909 1727 gentibus
932 1666 961 1714 et

156 1726 310 1795 Euphrate,
322 1726 458 1779 inferiora
475 1740 563 1795 regna
572 1728 761 1782 includuntur.
790 1730 908 1796 Reliqua
920 1728 978 1780 ‹ti-⁸

155 1813 249 1850 cemus
261 1796 503 1877 aMesopotamia,
524 1804 642 1864 excepto
659 1813 790 1851 mucrone
801 1799 871 1861 eius,
890 1801 959 1852 Ara·

154 1867 278 1934 bamque
286 1865 408 1933 populis,
419 1866 447 1918 in
458 1866 552 1933 priore
563 1867 647 1919 dictis
657 1869 807 1921 volumine.

191 1936 279 1989 XXX
291 1936 499 2002 Mesopotamia
510 1942 572 1988 tota
581 1939 760 2006 Assyriorum
770 1940 833 2003 fuit,
845 1938 960 1991 vicatim

156 2006 294 2073 dispersa,
316 2007 592 2074 praeterBabylona,
610 2008 761 2060 etNinum.
789 2008 960 2061 Macedones

155 2091 218 2130 eam
230 2075 259 2127 in
269 2076 352 2128 nrbes
363 2091 582 2145 congregavere,
602 2084 718 2144 propter
728 2079 885 2131 ubertatem
896 2077 959 2130 soli.

155 2145 277 2213 Oppida,
287 2152 401 2214 praeter
410 2147 466 2198 iam
478 2145 564 2209 dicta,
576 2143 659 2199 habet
670 2147 833 2210 Seleuciam,
854 2148 957 2200 Laodi-

154 2216 436 2278 oeam,Artemitamr
455 2216 522 2268 item
542 2217 572 2267 in
581 2216 703 2269 Arabum
722 2223 814 2286 gente,
835 2216 959 2284 quiorei

154 2292 300 2347 vocantur,
321 2292 349 2338 et
358 2285 498 2349 Mardani,
514 2286 698 2351 Antiochiam,
709 2302 779 2355 quae
791 2303 808 2338 n
817 2287 959 2354 praelecto

152 2354 379 2422 Mesopotamiae
405 2354 544 2409 Nicanore
573 2356 687 2409 condita
706 2357 806 2410 Arabis
835 2362 959 2408 vocatur.

150 2423 310 2492 iunguntur
329 2423 373 2476 his
392 2425 497 2477 Arabes
518 2426 658 2478 introrsus
677 2425 841 2478 Eldamarii.
869 2425 960 2491 Supra

151 2508 227 2560 quos
240 2494 276 2546 ad
289 2493 478 2545 Pallacontam
489 2492 591 2546 flumen
602 2496 679 2546 Bura
690 2496 839 2560 oppidum,
851 2493 958 2545 Salma-

151 2563 195 2623 ni,
215 2570 246 2614 et
263 2561 354 2612 Masei
365 2562 479 2612 Arabes.
509 2562 668 2627 Gordyaeis
685 2576 751 2613 vero
771 2562 859 2613 iuncti
871 2563 960 2623 Aloni‚

152 2645 206 2698 per
217 2644 287 2697 qnos
298 2629 393 2680 Zerbis
405 2628 505 2679 liutius
515 2631 543 2680 in
555 2630 654 2696 Tigrin
667 2630 750 2689 cadit,
758 2630 877 2692 Azanes,
895 2630 959 2681 Sili·

152 2702 179 2751 ci
189 2696 329 2756 montani,
342 2702 370 2746 et
381 2697 512 2759 Orontes,
524 2712 640 2762 quorum
653 2700 688 2749 ad
701 2696 871 2750 occidentem
884 2698 961 2764 oppi-

148 2770 225 2821 dum
236 2763 423 2831 Gaugamela:
436 2767 502 2816 item
515 2765 578 2828 Suc,
590 2767 618 2817 in
628 2767 753 2832 rupibus.
782 2765 872 2833 Supra
882 2767 961 2819 Silici

147 2834 306 2894 (ilassitae¹
328 2849 377 2901 per
391 2849 460 2901 qncs
471 2834 563 2902 Lycus
574 2850 608 2887 er
618 2838 748 2889 Armenia
758 2835 859 2887 fertum
880 2837 959 2890 Absi-

150 2906 214 2957 dris
225 2902 261 2954 ad
273 2901 419 2954 hibernum
430 2912 567 2965 exortum,
587 2903 707 2956 Azochis
719 2905 859 2972 oppidum.
889 2907 958 2957 Mox

153 2977 184 3028 in
196 2971 400 3038 campestrihus
410 2973 531 3039 oppida:
552 2973 703 3039 Diospage,
717 2973 867 3039 Polytelia,
880 2973 958 3026 Stra·

156 3041 261 3102 tunice,
279 3038 440 3093 Anthemus.
477 3044 509 3093 ln
527 3042 631 3093 uicinia
652 3041 803 3107 Euphratis
817 3042 958 3110 Nicepho-

156 3111 228 3172 rion,
239 3110 324 3177 quod,
336 3117 366 3162 ut
376 3109 506 3172 diximus,
525 3110 686 3164 Alexander
701 3111 783 3162 iussit
799 3112 881 3163 condi
894 3127 958 3180 pro·

158 3190 220 3247 pter
238 3179 295 3231 loci
314 3179 562 3248 opportunitatem.
598 3179 683 3232 Dicta
696 3188 739 3232 est
759 3180 788 3231 in
807 3182 959 3248 Zeugmate

159 3249 282 3316 Apamia,
303 3262 339 3300 ex
350 3264 406 3317 qua
417 3250 554 3302 orientem
566 3255 693 3315 petentes
704 3249 806 3315 excipit
828 3249 957 3316 oppidum

158 3317 961 3456 titii}ititiidddiiwhiithilthie

160 3455 384 3519 conferebantur,
405 3473 478 3508 nunc
496 3458 524 3508 in
542 3473 633 3509 arcem
654 3457 807 3509 reductum.
845 3457 961 3521 Ducant,

160 3535 189 3578 ut
205 3526 326 3586 inerant,
346 3526 467 3586 llebatn,
485 3535 514 3578 et
524 3525 609 3579 ductu
619 3526 745 3592 Pompeii
756 3527 852 3595 Magni
864 3531 959 3580 termi-

159 3611 210 3648 nus
222 3595 341 3646 Romani
360 3595 473 3661 lmperii
493 3595 607 3656 Oruros,
626 3612 644 3646 a
659 3596 812 3661 Zeugmate
834 3596 961 3649 ducentis

159 3665 359 3732 quinquaginta
378 3664 501 3716 millibus
525 3679 663 3730 passuum.
699 3664 768 3717 Sunt
788 3666 834 3731 qni
847 3667 962 3718 tradunt

158 3733 329 3801 Euphratem
342 3733 461 3786 Gobaris
483 3734 617 3800 praelecti
637 3749 722 3801 opere
739 3734 892 3797 diductum,
912 3738 961 3789 ubi

159 3819 220 3856 eum
241 3803 364 3856 diximus
379 3803 458 3865 findi,
479 3820 513 3856 ne
525 3804 671 3870 praecipiti
682 3819 763 3855 cursu
774 3804 960 3873 Babyloniam

158 3872 325 3926 infestaret:
347 3873 382 3924 ab
398 3873 522 3940 Assyriis
543 3889 608 3924 vero
630 3874 766 3925 universis
787 3875 960 3941 appellatum

159 3941 329 4011 Armalchar,
349 3941 421 4008 quod
439 3942 579 4007 significet
590 3943 694 4010 regium
706 3941 818 3995 durren.
838 3946 900 4007 Qua
912 3944 958 3996 de·

159 4013 273 4132 qiratur,
284 4010 417 4078 oppidum
428 4006 590 4080 luitAgrahi
601 4027 616 4063 e
627 4012 843 4080 unanimis,quod
852 4013 961 4065 diruere

181 4096 269 4134 errae
940 4105 947 4115 ¹

230 4150 358 4217 Babylon
369 4148 582 4202 Cbaldaicarnm
593 4150 716 4218 gentium
727 4157 809 4218 caput
820 4152 867 4203 diu
886 4166 960 4204 sum·

160 4233 236 4270 mam
247 4217 534 4272 claritatemobtinuit
546 4222 574 4271 in
585 4227 647 4272 toto
659 4222 740 4282 orbe,
753 4229 960 4289 propterquam

161 4287 274 4353 reliqna
291 4301 357 4352 pars
367 4289 586 4356 Mesopotamiae
598 4289 784 4358 Assyriaeque
803 4290 961 4356 Babylonia

161 4354 307 4423 appellata
325 4362 376 4418 est,
396 4360 541 4428 sexaginta
559 4358 649 4409 millia
669 4372 799 4424 passuum
824 4359 961 4423 amplexa,

160 4424 249 4477 muris
270 4424 391 4478 ducenos
412 4429 495 4495 pedes
515 4424 596 4489 altis,
619 4427 912 4494 quinquagenoslatis,
932 4428 961 4478 in

162 4494 288 4564 singulos
322 4495 407 4562 pedes
437 4501 524 4551 ternis
551 4497 647 4564 digitis
668 4510 796 4547 mensura
814 4496 962 4563 ampliore,

163 4578 242 4630 quam
267 4574 381 4628 nostra,
402 4568 532 4619 interduo
555 4565 713 4632 Euphrate,
734 4565 855 4617 mirabili
878 4580 962 4632 opere

162 4641 289 4701 utroque.
326 4634 418 4688 Durat
430 4636 521 4688 adhuc
537 4637 577 4687 ibi
588 4636 661 4688 lovis
673 4635 735 4688 Beli
746 4635 889 4701 templum.
918 4637 961 4687 ln-

163 4710 260 4755 ventor
270 4702 317 4755 hic
329 4704 526 4758 iuitsideralis
536 4704 679 4758 scientiae.
708 4707 807 4757 Cetero
819 4704 854 4756 ad
865 4705 961 4756 solitu-

164 4770 252 4825 dinem
272 4772 367 4835 rediit‚
388 4775 527 4828 exhausta
546 4776 690 4827 vicinitate
711 4774 863 4835 Seleuciae,
885 4776 920 4828 ob
933 4775 962 4827 id

164 4842 292 4894 conditae
303 4858 321 4894 a
330 4844 465 4898 Nicatore
476 4847 551 4898 intra
561 4844 768 4913 nonagesimum
785 4845 915 4911 lapidem,
934 4846 964 4897 in

164 4909 318 4965 contuente
330 4914 482 4981 Euphratis
504 4914 581 4968 fossa
600 4915 735 4981 perdocti,
757 4920 841 4982 atque
851 4916 963 4983 Tigris:

164 4993 232 5046 qnae
245 4989 342 5035 tamen
352 4984 513 5052 Babylonia
534 4985 752 5054 cognominatur,
773 4985 862 5038 libera
882 4984 964 5037 hodie

163 5051 339 5115 acsoiiuris,
360 5052 598 5123 Macedonumque
619 5055 712 5106 moris.
748 5054 855 5107 Ferunt
866 5056 893 5107 ei
904 5055 963 5123 ple·

163 5117 206 5171 hir
216 5121 341 5174 urbanae
352 5122 401 5175 DC
412 5126 450 5176 Μ.
462 5141 538 5181 esse:
549 5126 633 5176 situm
645 5138 711 5175 vero
723 5125 871 5185 moenium,
884 5125 962 5191 aqui-

162 5186 206 5241 lea
216 5190 367 5257 pandentis
379 5194 453 5247 alas:
474 5209 571 5262 agrum
584 5194 673 5246 totius
685 5194 809 5246 Orientis
820 5191 962 5245 fertilissi-

162 5272 244 5310 mum.
274 5261 396 5313 invicem
408 5264 444 5315 ad
463 5264 534 5316 hanc
552 5258 775 5325 exhaurieddam
797 5262 962 5329 Ctesiphon·

165 5334 220 5381 tem
231 5331 312 5382 insta
323 5332 439 5384 tertium
452 5336 486 5385 ab
498 5350 532 5386 ea
541 5332 661 5400 lapidem
673 5334 700 5383 in
712 5331 887 5399 Chalonitide
898 5348 962 5384 con-

162 5396 260 5452 didere
269 5398 377 5462 Parthi,
397 5403 471 5470 quod
494 5418 564 5454 nunc
586 5410 669 5470 capnt
682 5408 890 5470 estregnorom.
927 5402 966 5452 Et

159 5474 311 5535 postquam
323 5469 394 5523 nihil
407 5473 612 5538 proiciebatur,
633 5486 720 5538 nuper
738 5469 895 5540 vologesus
913 5485 964 5523 rex

160 5535 235 5589 aliud
256 5538 390 5619 oppidum
410 5542 656 5611 vologesocertam
673 5542 702 5593 in
724 5541 815 5595 ricino
830 5538 964 5596 condidit.

1015 263 1207 326 ursona.
1249 261 1416 323 creavi.
1461 261 1693 332 creanti.
1728 313 1731 317 .
1773 273 1812 334 m

1014 408 1085 462 Sunt
1106 417 1257 467 etiamnum
1269 413 1297 466 in
1308 414 1514 483 Mesopotamia
1534 416 1653 483 oppida=
1674 419 1816 487 Hippus-¹
1849 446 1853 453 ·

1014 494 1088 541 num,
1099 481 1302 536 Chaldaeorum
1313 485 1442 537 doctrina
1452 485 1559 537 ciarum
1570 492 1598 538 et
1609 486 1671 551 hoc,
1681 489 1754 541 sicut
1763 491 1816 542 Ba·

1013 547 1132 615 bylcnii,
1152 551 1354 605 lurtailurium
1367 554 1535 622 Narragam,
1555 555 1604 622 qni
1614 557 1694 608 dedit
1705 559 1815 611 civitati
1864 604 1877 628 0

1012 631 1122 670 nomen.
1159 620 1256 672 Mures
1266 622 1492 689 llipparencrum
1504 622 1605 695 Persae
1616 627 1735 679 diruere.
1762 629 1813 680 tir·

1014 685 1094 741 cheni
1104 703 1223 756 qnoque,
1229 690 1314 741 tertia
1321 690 1521 745 Chaldaeorum
1534 693 1671 761 doctrina,
1681 696 1814 748 incudem

1013 757 1071 809 situ
1084 757 1221 819 locantur,
1242 757 1277 808 ad
1289 761 1433 812 meridiem
1444 764 1529 815 versi.
1556 766 1597 817 Ab
1609 764 1652 817 his
1662 766 1776 819 Notitae
1786 776 1814 818 et

1013 825 1101 879 Orthe
1122 826 1232 889 hantac,
1243 832 1272 877 et
1284 826 1530 883 Graeciochantae.

1047 842 1189 965 Euphrate
1219 895 1342 962 navigari
1373 896 1546 964 Babylonem
1576 902 1722 957 ePersieo
1744 905 1815 956 mari

1014 966 1154 1017 ccccxli
1165 965 1204 1016 M.
1214 980 1347 1032 passuum
1358 966 1472 1018 tradunt
1483 970 1626 1024 Nearchus
1637 982 1666 1026 et
1677 974 1813 1026 Onesicri-

1013 1042 1068 1087 tus.
1087 1035 1141 1098 Qni
1152 1050 1219 1089 vero
1230 1044 1329 1102 postea
1340 1034 1487 1100 scripsere,
1508 1055 1525 1090 a
1535 1039 1664 1093 Seleucia
1675 1043 1814 1096 ccccxl,

1015 1105 1083 1156 mill.
1105 1106 1172 1158 iuba
1192 1106 1365 1172 sBabyione
1376 1103 1526 1157 Characem
1538 1109 1662 1166 CLXXV
1674 1114 1741 1164 mili.
1754 1128 1814 1180 pne.

1014 1189 1104 1226 suum.
1139 1175 1241 1227 Pluere
1262 1175 1349 1242 aliqui
1365 1173 1439 1226 ultra
1449 1174 1621 1241 Babylonem
1632 1183 1763 1233 continuo
1773 1183 1812 1233 ni·

1013 1242 1813 1385 latitaremisitliti.2i.:⁵r.eiihl{Atii·

1013 1384 1198 1437 constantiam
1209 1398 1355 1437 mensurae
1362 1382 1507 1435 diversitas
1514 1391 1658 1436 auctorum
1669 1386 1812 1452 faciteam

1013 1452 1114 1505 Persae
1126 1468 1234 1522 qnoque
1244 1453 1379 1506 schoenos
1391 1461 1420 1506 et
1431 1468 1599 1521 parasangas
1610 1453 1661 1504 alii
1672 1457 1729 1508 alia
1740 1472 1814 1509 men·

1012 1537 1080 1574 sura
1090 1522 1286 1576 determinent.
1309 1523 1363 1575 Ubi
1374 1523 1477 1575 desinit
1488 1523 1566 1575 alveo
1578 1523 1693 1584 munire,
1704 1524 1738 1575 ad
1751 1540 1814 1576 con·

1012 1594 1108 1644 finium
1121 1592 1253 1645 Characis
1272 1592 1423 1645 accedente
1445 1599 1546 1655 tractu,
1567 1592 1661 1645 statim
1682 1593 1815 1646 infestant

1012 1663 1099 1715 Attali
1111 1664 1244 1725 latrones,
1263 1663 1382 1715 Arabum
1413 1678 1470 1715 ens.
1507 1661 1589 1714 Ultra
1599 1677 1667 1730 quos
1677 1661 1814 1715 Scenitae.

1012 1734 1125 1784 Ambitu
1141 1748 1208 1785 vero
1218 1730 1369 1798 Euphratis
1409 1732 1660 1795 omadesArahiae,
1682 1732 1813 1799 usquead

1012 1802 1319 1870 desertaSyriae,unde
1329 1802 1512 1853 inmeridicm
1522 1800 1597 1854 flecti
1608 1816 1670 1854 eum
1682 1802 1813 1862 diximus,

1012 1871 1181 1924 solitudines
1188 1871 1360 1925 Palmirenas
1369 1870 1581 1937 relinquentem.
1600 1869 1815 1924 Seleuciaabest

1013 1938 1813 2076 mitthenriethiiiim¹¹³ittiitttr

1012 2081 1037 2131 n
1047 2081 1128 2148 Tigri
1140 2081 1295 2149 navigetur,
1307 2079 1426 2131 cccxx
1437 2080 1476 2130 m.
1495 2079 1673 2145 azeugman
1684 2044 1815 2132 nxxmr'

1012 2150 1081 2201 mili.
1118 2151 1239 2219 Zeugma
1263 2163 1281 2200 a
1297 2148 1425 2201 Seleucia
1445 2146 1544 2214 Syriae
1561 2147 1596 2200 ad
1612 2156 1737 2200 nostrum
1749 2148 1815 2200 litus

1013 2217 1141 2272 CLXXV
1160 2221 1229 2272 mill.
1240 2234 1312 2285 pass.
1341 2219 1421 2270 llaec
1433 2226 1476 2268 est
1492 2217 1532 2269 ihi
1544 2217 1815 2270 latitudoterrarum

1013 2293 1085 2341 inter
1096 2289 1151 2341 duo
1161 2290 1264 2341 marlai
1285 2285 1482 2341 Parthicirero
1497 2285 1816 2356 regniDChCCCVXlsl

1014 2358 1083 2411 mili.
1097 2374 1237 2424 passuum.

1048 2427 1147 2479 xxxi.
1172 2429 1223 2479 Bet
1243 2427 1395 2479 etiamnum
1407 2425 1539 2492 oppidum
1551 2425 1775 2491 Mesopotamiae
1784 2424 1813 2474 in

1012 2495 1074 2561 ripa
1086 2496 1120 2546 'l'i
1142 2496 1178 2546 ris
1191 2497 1266 2547 circa
1276 2494 1457 2556 continentes,
1476 2495 1551 2561 quod
1571 2497 1674 2545 vocant
1686 2491 1814 2559 Digbam.

1013 2563 1108 2613 Sedet
1121 2512 1157 2615 de
1169 2564 1250 2630 Tigri
1269 2564 1331 2628 ipso
1354 2561 1460 2611 dixisse
1479 2563 1634 2613 conveniat.
1672 2560 1769 2611 Oritur
1786 2558 1815 2610 in

1013 2627 1816 2765 intimidididicit?miltizieni.

1012 2770 1082 2831 ilnit,
1101 2767 1230 2835 Diglito:
1251 2766 1327 2819 unde
1346 2768 1519 2830 concitatur,
1540 2767 1712 2819 sceleritatc
1721 2764 1815 2833 Tigris

1012 2836 1110 2904 incipit
1127 2838 1231 2889 vocari.
1268 2837 1312 2888 lta
1330 2836 1470 2902 appellant
1491 2836 1566 2888 Medi
1592 2838 1734 2903 sagittam.
1770 2836 1813 2886 ln·

1011 2909 1073 2960 iluit
1081 2907 1111 2958 in
1122 2907 1213 2959 laeum
1221 2904 1396 2965 Arethusam,
1408 2906 1501 2956 omma
1510 2905 1592 2956 illata
1603 2904 1725 2971 pondera
1731 2903 1815 2956 susti-
1864 2936 1878 2973 ¹-

1012 2983 1133 3038 nentem,
1155 2981 1184 3028 et
1195 2975 1296 3026 nitrum
1314 2973 1422 3026 nebulis
1435 2973 1620 3025 exhalantem.
1657 2972 1745 3023 Unum
1764 2987 1812 3040 ge·

1012 3063 1064 3098 nus
1076 3047 1102 3099 ei
1114 3044 1229 3112 piscium
1242 3050 1294 3104 est,
1304 3043 1388 3108 idque
1399 3041 1815 3094 transcurrentisnonmiscetur

1011 3116 1102 3176 alveo,
1123 3114 1257 3165 sicutnec
1268 3126 1283 3163 e
1293 3111 1375 3179 Tigri
1386 3112 1475 3177 pisces
1486 3111 1515 3161 in
1527 3112 1615 3162 lacum
1629 3115 1812 3163 transnatant.

1010 3186 1111 3237 Fertur
1120 3190 1216 3235 autent
1227 3187 1256 3233 et
1266 3196 1347 3232 cursu
1360 3188 1388 3231 et
1400 3180 1492 3232 colore
1512 3179 1666 3231 dissimilis:
1689 3185 1812 3231 transve-

1012 3261 1126 3321 ctusque
1139 3257 1302 3303 occurrente
1312 3250 1406 3300 Tauro
1425 3257 1519 3300 monte
1529 3249 1556 3299 in
1569 3264 1651 3314 specu
1663 3248 1813 3314 mergitur:

1012 3322 1162 3388 subterque
1172 3320 1266 3387 lapsus
1277 3318 1389 3369 alatere
1399 3318 1490 3369 altero
1501 3317 1561 3369 eius
1571 3315 1701 3382 erumpit.
1719 3316 1813 3369 Locus

1013 3398 1129 3444 uocatur
1149 3388 1303 3440 Zoroondn.
1333 3385 1459 3437 Eundem
1480 3402 1540 3437 esse
1560 3385 1738 3437 manifestum
1760 3392 1814 3448 est,

1011 3461 1085 3528 quod
1099 3459 1226 3511 demersa
1246 3456 1359 3524 perient.
1387 3455 1511 3507 Alterum
1532 3454 1633 3507 deinde
1651 3454 1756 3506 transit
1774 3453 1815 3505 la-

1012 3546 1083 3591 cum,
1094 3529 1142 3596 qui
1153 3528 1304 3593 Thespites
1315 3524 1485 3591 appellatur:
1502 3539 1653 3591 rursusque
1664 3526 1691 3574 in
1703 3524 1814 3575 cunicu-

1011 3600 1055 3652 los
1067 3599 1211 3667 mergitur,
1223 3601 1324 3663 etpost
1334 3593 1414 3649 XXV
1423 3594 1492 3645 mill.
1502 3607 1631 3661 passuum
1644 3593 1718 3644 circa
1725 3591 1812 3659 Nym·

1013 3669 1130 3736 phaeum
1143 3665 1278 3718 redditur.
1297 3667 1367 3716 Tam
1379 3664 1499 3715 vicinum
1510 3663 1643 3715 Arsaniae
1653 3662 1739 3714 llucre
1750 3676 1813 3714 euru

1012 3738 1040 3790 in
1062 3737 1175 3805 regione
1194 3734 1317 3787 Arrhene
1338 3734 1468 3786 Claudius
1479 3734 1582 3785 Caesar
1592 3738 1752 3793 auctorest,
1773 3735 1813 3793 ut,

1013 3822 1074 3861 cnm
1085 3808 1250 3867 intumuere,
1261 3803 1410 3867 confluant,
1422 3814 1472 3855 nec
1482 3809 1574 3854 mmen
1585 3802 1764 3884 misceantur:
1774 3799 1813 3852 le·

1011 3872 1814 4016 digirffdlseihrbsizlplhdaltzldsstnffhrlgw'ngdlrlsonfft‘effexffix

1013 4018 1113 4077 noeriis,
1123 4015 1246 4080 acceptis
1257 4012 1416 4063 ilnnninibns
1427 4009 1677 4069 clarisParthenia,
1687 4021 1720 4057 ac
1731 4004 1813 4055 Nice·

1013 4085 1158 4152 phorione,
1175 4084 1278 4134 Arabas
1289 4083 1378 4133 Oreos
1388 4081 1600 4193 Adiabenosque
1611 4073 1813 4153 disterminans,

1018 4163 1139 4222 atquem
1160 4152 1280 4203 diximus
1300 4149 1534 4215 Mesopotamiam
1567 4144 1668 4202 aciens,
1686 4142 1812 4192 lustratis

1013 4223 1154 4274 montibus
1165 4216 1377 4286 Gordyaeorum
1391 4212 1614 4279 eircaApamiam
1624 4211 1753 4262 Mesenae
1765 4223 1813 4277 op·

1013 4290 1118 4356 pidum,
1135 4293 1205 4341 citra
1217 4288 1370 4340 Seleuciam
1382 4281 1565 4349 Babyloniam
1585 4278 1686 4334 CXXV
1696 4280 1735 4332 M.
1747 4293 1809 4346 paa-

1013 4373 1093 4410 eunm
1106 4359 1212 4409 divisus
1224 4358 1253 4407 in
1263 4356 1360 4406 alveos
1372 4352 1451 4413 duos,
1466 4351 1555 4402 altero
1567 4350 1712 4404 meridiem
1722 4364 1756 4402 ac
1766 4348 1813 4403 Se·

1012 4428 1132 4480 lanciam
1153 4426 1238 4493 petit,
1258 4425 1391 4474 Mesenen
1410 4419 1597 4487 perfunderet
1620 4419 1811 4474 alteroadse·

1014 4498 1209 4566 ptemtrionem
1227 4491 1324 4552 herus,
1347 4490 1468 4542 eiusdem
1488 4491 1581 4560 gentis
1601 4497 1682 4560 tergo
1702 4504 1813 4558 campos

1014 4564 1138 4619 Cauchas
1151 4568 1236 4614 secat.
1264 4559 1316 4611 Ubi
1327 4574 1484 4613 remeavere
1495 4576 1596 4628 aquae,
1610 4560 1757 4629 Pasitigris
1767 4574 1814 4627 ap·

1015 4637 1143 4704 pellatur.
1170 4631 1273 4683 Postea
1283 4628 1380 4695 recipit
1391 4645 1425 4681 ex
1437 4631 1533 4682 Media
1544 4630 1709 4698 Choaapcm:
1731 4635 1813 4697 atque

1015 4712 1059 4770 (ut
1069 4703 1201 4764 diximus)
1211 4696 1442 4751 interSeieuciam
1454 4708 1482 4752 et
1489 4699 1697 4768 Ctesiphontem
1706 4705 1813 4761 rectus,

1014 4778 1044 4828 in
1055 4777 1131 4829 lacus
1143 4769 1305 4824 Chaldaicos
1325 4784 1356 4821 se
1366 4768 1466 4833 fundit,
1488 4785 1591 4838 eosque
1603 4768 1680 4821 axx
1690 4768 1729 4819 M.
1740 4781 1813 4833 pass.

1015 4840 1196 4914 amplitudine
1205 4836 1302 4906 implet
1313 4856 1320 4890 ι
1342 4852 1405 4890 mox
1416 4846 1496 4891 vasto
1507 4839 1588 4892 alveo
1600 4836 1738 4905 profusus,
1749 4836 1816 4889 dex·

1015 4928 1060 4969 tra
1070 4910 1203 4968 Characis
1214 4908 1307 4976 oppidi
1318 4908 1436 4961 insertur
1446 4911 1515 4960 mari
1523 4907 1634 4960 Persico
1643 4909 1669 4954 A
1678 4904 1745 4954 miii
1772 4919 1815 4955 aa·

1015 5000 1094 5039 snum
1116 4997 1174 5035 ore.
1208 4980 1285 5032 later
1306 4977 1421 5041 duorum
1443 4979 1565 5031 amnium
1585 4975 1659 5027 ostia
1676 4970 1729 5022 XX
1773 4968 1816 5022 nt.

1000 5068 1145 5124 ‘passuum
1157 5050 1303 5111 iucre,aut
1321 5041 1563 5113 (utaliitradunt)
1585 5044 1636 5096 vll
1647 5040 1685 5090 M.
1695 5040 1760 5087 ntro
1781 5053 1818 5089 no

1015 5121 1176 5191 navigabili.
1204 5118 1259 5172 Sed
1268 5119 1354 5186 longo
1368 5126 1493 5185 tempore
1503 5111 1675 5178 Euphratem
1685 5115 1752 5168 prae
1760 5118 1818 5210 pu.

1016 5209 1078 5246 sere
1089 5190 1215 5253 Orcheni,
1226 5196 1255 5241 et
1264 5189 1377 5241 accolae
1388 5202 1472 5257 agros
1482 5184 1619 5249 rigantem
1635 5186 1686 5224 nec
1697 5167 1750 5215 nisi
1786 5178 1819 5215 a.

1018 5259 1383 5329 sitigrideierturinmare.
1537 5315 1544 5329 .
1654 5296 1746 5347 uam
1787 5291 1825 5340 h

1051 5331 1181 5383 Proxima
1190 5330 1270 5397 Tigri
1279 5328 1358 5395 regio
1368 5326 1565 5391 Parapotamia
1584 5317 1653 5373 appe
1667 5347 1814 5403 mmuh

1018 5401 1163 5455 eadictum
1175 5404 1219 5452 est
1230 5399 1264 5450 de
1274 5396 1398 5449 Mesene.
1433 5384 1572 5458 Oppidum
1593 5374 1653 5423 eins
1702 5388 1826 5459 ὼν)

1017 5470 1142 5540 iungitur
1152 5466 1308 5525 Chalonitis
1325 5480 1387 5517 eum
1398 5439 1672 5551 Ctesipht‚>¹¹t⁰³›⁸ffl:¹‘;'¹:¹e
1682 5429 1745 5520 PH.

1018 5542 1112 5607 nodo,
1130 5551 1226 5596 rerum
1249 5543 1278 5588 et
1289 5527 1537 5650 olemiqqmiaquei
