4356 6014
344 325 406 385 204
491 319 524 379 c.
552 313 696 377 rsrnrr
719 303 922 373 sacuam
958 301 1124 368 ussus.
1163 304 1348 370 rrrsrou.
1375 268 1470 366 'ms
1496 301 1618 367 xvir.
1657 303 1751 365 cnr.
1772 311 1850 367 s-c.

346 472 518 545 guicariem,
538 472 569 522 et
578 465 746 518 inveniemus
755 457 817 521 illa,
836 455 1066 526 qnaeintsntum
1078 457 1145 511 abo-

346 546 476 605 minatur,
486 539 571 598 vitia,
583 534 685 593 aridae,
695 528 848 590 fistulosae,
862 527 988 590 scabrae,
999 543 1145 581 eanmcen

346 616 393 677 tis,
414 624 524 671 exesae,
539 602 744 671 etpumiccsce.
780 598 847 651 Plus
857 596 930 649 dixit
939 611 997 650 una
1006 599 1146 666 signitica-

345 683 433 744 tione,
444 692 526 747 quam
537 671 623 740 possit
634 667 693 719 ulla
703 666 784 733 copia
793 667 930 720 sermonis
941 669 1077 720 enarrari.
1094 667 1147 719 Est

347 752 422 806 enim
433 739 663 810 interpretatione
675 738 806 789 vitiorum
818 736 967 805 quaedam,
976 753 1031 790 non
1041 743 1145 799 aetate,

346 825 430 889 (quae
449 814 525 865 nulla
543 811 573 861 in
589 823 623 861 ea
637 807 759 875 intelligi
775 810 887 874 potest‚)
908 806 960 861 sed
975 814 1145 868 naturasua,

345 902 415 943 nnus
426 891 514 936 terra:
537 886 565 933 et
575 878 641 931 ideo
652 876 821 930 infoecunda
830 876 868 929 ad
877 878 979 940 omnis,
999 881 1084 943 atque
1094 876 1145 927 im-

344 954 456 1012 bacilla.

378 1025 454 1077 idem
475 1035 574 1088 agrum
596 1019 732 1087 optimum
753 1015 859 1068 indicat
874 1015 912 1069 ad
926 1013 1050 1068 radicem
1066 1028 1144 1066 mon·

343 1095 414 1149 uum
425 1091 544 1159 planitie
554 1091 584 1141 in
594 1086 740 1140 meridiem
751 1092 931 1138 excurrente:
943 1084 991 1151 qui
1001 1090 1044 1137 est
1056 1086 1144 1134 totins

344 1162 446 1217 ltaliae
455 1161 540 1212 situs:
551 1165 656 1212 terram
666 1169 733 1209 reru
745 1162 870 1208 teneram
881 1169 952 1223 quae
962 1159 1078 1206 secetur
1084 1152 1145 1221 pnl-

343 1234 380 1286 la.
417 1231 480 1284 Erit
492 1230 581 1297 igitur
593 1226 663 1280 baec
680 1224 788 1291 optima
799 1232 829 1277 et
840 1225 927 1291 operi,
949 1228 978 1275 et
987 1222 1068 1275 satis.
1103 1223 1145 1273 ln·

344 1301 477 1367 talligere
488 1298 573 1351 modo
583 1297 670 1350 libeat
688 1294 793 1346 dictam
806 1294 878 1346 mim
887 1292 1092 1361 significatione
1104 1298 1145 1343 te·

342 1386 455 1424 nesam:
473 1374 501 1422 et
512 1366 647 1435 quidquid
658 1364 752 1431 optari
761 1364 851 1427 debet,
871 1364 901 1415 in
914 1377 947 1415 eu
958 1361 1093 1413 vocabulo
1105 1362 1146 1411 in·

342 1440 479 1493 venietur.
516 1438 573 1497 llla,
580 1442 754 1503 temperatae
764 1433 915 1494 ubertatis,
934 1431 985 1483 illa
998 1428 1145 1482 mollinia-

343 1510 460 1575 uilisque
471 1506 606 1570 culturae,
616 1520 669 1557 neu
678 1502 802 1568 madida,
814 1518 865 1555 nec
875 1501 984 1553 sitiens.
1016 1499 1070 1551 llla
1081 1504 1145 1564 post

341 1592 484 1633 vomerem
495 1578 647 1629 nitescens:
662 1572 771 1638 qualern
782 1571 845 1622 icus
857 1570 1031 1636 ingeniorum
1042 1568 1145 1619 Home·

341 1663 391 1702 rus
401 1648 431 1699 in
441 1646 555 1700 armies
567 1644 620 1696 deo
631 1642 766 1694 caelatam
778 1639 865 1702 dixit,
887 1636 1050 1705 addiditque
1060 1636 1145 1687 mira·

343 1719 437 1773 culum
457 1713 657 1783 nigrescentis,
678 1711 813 1776 quamvis.
826 1710 907 1761 lieret
927 1707 957 1758 in
977 1720 1054 1758 auro.
1092 1705 1145 1756 llla

342 1802 426 1857 qnam
439 1788 578 1838 recentem
590 1779 739 1847 exquirunt
750 1777 893 1844 improbae
902 1777 993 1838 alites,
1003 1788 1144 1828 vomerem

343 1857 519 1915 concitantes,
528 1852 659 1930 corvique
670 1847 791 1898 aratoris
800 1847 922 1915 vestigia
930 1846 993 1912 ipsa
1000 1843 1143 1896 rodentes.

377 1924 523 1977 Reddatur
544 1917 597 1971 boc
617 1933 645 1968 ni
663 1916 726 1967 loco
738 1915 867 1968 luxuriae
882 1914 1145 1983 quoquesententia

342 2002 372 2050 et
383 1995 478 2061 aliqua
488 1991 517 2041 in
529 1986 714 2057 propositum.
750 1985 833 2038 Certe
845 1984 960 2044 Cicera,
982 1981 1031 2034 lux
1041 1981 1145 2034 doctri·

342 2078 441 2117 aarum
451 2061 550 2122 altera,
566 2057 698 2119 Meliora,
714 2055 815 2122 inquit,
834 2058 979 2123 unguenta
989 2057 1063 2114 sunt,
1073 2065 1144 2120 quoe

340 2141 455 2194 terram,
468 2143 549 2197 quam
562 2142 633 2194 quae
644 2123 756 2178 crocum
767 2122 888 2191 sapiunt.
925 2122 990 2174 Hoc
1001 2121 1075 2174 enim
1086 2136 1144 2173 ma-

339 2204 395 2257 luit
412 2201 526 2262 dixisse,
547 2212 629 2266 quam
647 2194 783 2246 redolent.
820 2191 1071 2257 ltaestprofecto:
1092 2190 1144 2243 illa

341 2273 396 2327 erit
407 2270 526 2338 optima,
546 2280 617 2334 quae
629 2268 773 2331 unguenta
783 2267 882 2328 sapiat.
919 2261 1001 2324 Quod
1012 2262 1039 2312 si
1048 2261 1144 2312 admu-

341 2341 425 2394 nendi
436 2334 638 2404 sumus,qualis
651 2333 689 2384 sit
701 2338 793 2385 terrac
804 2330 982 2397 odorillequi
991 2332 1145 2396 quaeritur,

343 2409 483 2476 contingit
493 2420 576 2473 saepe
586 2403 673 2456 etiam
684 2402 844 2468 quiescente
855 2415 890 2453 ea
898 2401 949 2452 snb
961 2400 1145 2451 cccmumso·

341 2480 387 2542 lis,
406 2480 436 2530 in
447 2491 503 2547 quo
513 2474 576 2526 leco
587 2486 668 2524 meus
680 2470 809 2523 caelestis
826 2470 961 2522 deiecerit
973 2468 1067 2534 capita
1076 2483 1143 2520 sus:

342 2556 372 2602 et
384 2564 447 2600 cum
462 2561 480 2598 a
494 2544 621 2597 siccitate
643 2541 777 2593 continua
792 2539 938 2591 immaduit
955 2538 1058 2591 imbre:
1078 2543 1145 2589 tunc

342 2617 446 2672 emittit
459 2615 540 2669 illum
557 2626 638 2664 sunm
649 2609 768 2662 halitum
786 2609 910 2660 divinum
921 2621 955 2660 ex
966 2605 1032 2660 Sole
1046 2621 1143 2659 conce-

341 2696 436 2756 ptum,
456 2684 501 2738 cui
513 2682 671 2749 comparari
687 2679 811 2730 suavitas
824 2678 902 2730 nulla
913 2677 1009 2745 possit.
1045 2676 1071 2728 ls
1083 2691 1145 2728 essa

344 2757 414 2811 udor
425 2756 453 2806 in
464 2758 605 2807 commota
614 2748 737 2810 debebit,
748 2754 930 2815 repertusque
941 2745 1078 2797 neminem
1090 2744 1143 2796 fal·

341 2828 395 2880 let:
416 2842 450 2878 ac
471 2824 506 2878 da
520 2829 597 2875 terra
609 2818 680 2872 odor
697 2818 802 2884 optime
813 2816 957 2869 iudicabit.
993 2814 1071 2867 Talis
1083 2813 1144 2867 lere

343 2902 386 2951 est
402 2896 432 2947 in
448 2891 597 2949 cornubus
616 2903 699 2943 caesa
713 2895 807 2944 vetere
817 2887 903 2953 silva,
925 2894 998 2955 quas
1008 2897 1144 2936 concensu

342 2966 483 3019 landatur.

378 3036 416 3087 Et
432 3034 462 3086 in
476 3032 602 3100 frugibus
619 3030 729 3098 quidem
748 3027 871 3081 ferendis
886 3026 984 3081 eadem
1002 3029 1079 3078 terra
1088 3021 1144 3075 uti-

342 3105 400 3157 lior
410 3102 589 3168 intelligitur,
611 3102 720 3168 quoties
731 3098 894 3150 intermissa
904 3097 1014 3149 cultura
1025 3094 1142 3161 quierit:

344 3172 418 3243 quod
427 3173 456 3223 in
467 3172 554 3224 vineis
570 3185 626 3223 non
646 3170 686 3222 iit.
722 3169 819 3235 Ecqua
836 3167 999 3234 diligentius
1015 3163 1144 3232 eligenda

342 3248 401 3308 est,
424 3256 460 3295 ne
470 3257 538 3295 vera
548 3240 666 3294 exsistat
677 3238 769 3308 opinio
781 3251 893 3299 eurum,
914 3234 962 3301 qui
976 3234 1034 3286 iam
1045 3233 1144 3285 ltaliae

340 3322 448 3367 terram
460 3314 652 3366 existimavere
665 3311 777 3363 lassam.
790 3308 889 3373 Operis
900 3303 1011 3371 quidem
1023 3303 1144 3356 incultae

341 3386 371 3436 in
381 3383 445 3437 aliis
456 3384 605 3452 generibus
617 3385 727 3435 constat
742 3384 771 3430 et
785 3377 875 3429 caelo:
896 3390 947 3427 nec
966 3380 1061 3442 potest
1071 3371 1145 3425 arari

340 3455 519 3521 postimbres
529 3452 632 3518 aliqua,
646 3447 783 3504 ubertatis
793 3447 862 3499 vitio
871 3447 1038 3499 lentescens.
1072 3445 1143 3496 Con-

342 3531 402 3584 tra,
420 3523 449 3572 in
459 3521 582 3587 Byzacio
593 3520 703 3583 Africae
723 3518 804 3569 illum
818 3522 934 3568 centena
950 3518 1145 3581 quinquagena

345 3589 425 3655 lruge
436 3589 556 3639 fertilem
568 3601 705 3653 campum,
721 3586 806 3636 nullis
817 3598 878 3635 cum
890 3583 980 3634 siccus
993 3591 1044 3643 εει,
1055 3580 1144 3632 arabi·

341 3658 399 3709 lam
411 3654 511 3717 tauris,
531 3660 593 3721 pust
603 3654 705 3705 imbres
715 3652 764 3703 sili
775 3651 874 3714 aselle,
896 3657 924 3702 et
936 3666 953 3702 a
963 3657 1043 3717 parte
1054 3650 1144 3701 altera

342 3723 413 3789 lugi,
425 3736 479 3773 anu
490 3736 628 3773 sumerem
640 3719 780 3780 trahente,
787 3720 906 3770 vidimus
916 3717 1013 3770 scindi.
1026 3718 1143 3769 Terram

343 3792 419 3846 enim
438 3796 515 3842 terra
536 3787 680 3841 emendari
694 3787 739 3849 (ut
758 3788 847 3853 aliqui
856 3786 1043 3851 praecipiunt)
1060 3799 1144 3853 super

309 3884 313 3893 ·
342 3870 455 3914 tenuem
474 3858 571 3927 pingui
587 3858 701 3915 iniecta,
722 3858 772 3904 aut
789 3854 890 3918 gracili
902 3853 1051 3920 bibulaque
1061 3869 1144 3919 super

342 3928 485 3983 humidam
496 3943 528 3979 ac
538 3925 745 3992 praepinguem,
753 3921 1056 3989 dementiaoperaeest
1068 3923 1143 3986 Quid

334 4004 438 4069 'potest
449 4010 563 4063 sperare
572 3997 618 4061 qui
630 3993 717 4045 talem
726 3989 813 4043 colitl

367 4068 426 4121 ·1v.
443 4067 506 4120 alls
517 4072 561 4118 est
570 4064 653 4124 ratio,
674 4077 755 4129 quam
767 4059 914 4111 Britannia
923 4065 953 4112 et
964 4060 1057 4111 tiallia
1066 4060 1143 4112 inre·

343 4154 419 4201 nere,
431 4134 525 4189 alendi
540 4147 600 4188 eam
616 4133 693 4199 ipsa:
714 4129 787 4199 quod
799 4145 887 4197 genus
898 4137 1000 4181 vocant
1011 4144 1143 4196 murgam.

343 4210 465 4277 Spissior
475 4205 589 4259 ubertas
600 4202 627 4253 in
637 4201 852 4267 cointelligitur.
864 4199 916 4250 Est
926 4204 1018 4251 nutem
1031 4199 1142 4267 quidam

342 4286 437 4332 terrae
447 4276 541 4341 adeps.
548 4288 581 4325 ac
591 4272 671 4325 selut
682 4270 797 4340 glandia
807 4269 836 4320 in
848 4268 1068 4334 cerporibusibi
1078 4267 1144 4321 den·

342 4352 423 4398 sante
432 4360 463 4396 se
473 4341 679 4410 pinguitudinis
697 4340 803 4391 nucleo.
842 4337 903 4389 Non
922 4339 1042 4390 omisere
1052 4343 1081 4391 et
1092 4336 1144 4388 boc

343 4412 460 4465 Graeci:
482 4411 549 4478 quid
567 4412 640 4463 enim
656 4410 828 4462 intentatum
845 4405 923 4458 illisi
943 4405 1143 4474 Leucargillon

342 4485 443 4532 vocant
464 4480 611 4531 candidam
634 4478 770 4545 argillam,
791 4478 895 4544 quain
914 4474 1058 4542 Megarico
1075 4490 1142 4543 agro

342 4553 468 4607 utuntur,
485 4547 533 4599 sed
544 4553 653 4599 tantam
666 4549 693 4597 in
704 4546 819 4598 humida
830 4544 987 4611 frigidaque
998 4550 1083 4596 terra.

378 4615 459 4668 illam
476 4612 585 4667 Gallias
605 4617 821 4683 Britanniasqne
843 4614 1061 4681 locupletantem
1081 4627 1141 4663 cunr

343 4699 410 4738 cora
420 4684 476 4736 dici
486 4684 626 4736 convenit.
664 4683 727 4733 Duo
738 4696 842 4750 genera
851 4682 970 4733 fuerant.
997 4683 1141 4734 Pluraqu-

342 4768 392 4821 per
403 4751 528 4806 exerceri
534 4758 633 4818 coepta
644 4752 854 4817 proficientibus
865 4750 995 4817 ingeniis.
1005 4753 1058 4804 Est
1070 4753 1142 4805 enim

343 4822 416 4883 albu,
428 4821 498 4882 raia,
510 4820 678 4881 columbina,
688 4819 851 4886 argillacea‚
869 4818 988 4883 tofacea,
1000 4834 1142 4874 arenacea.

343 4889 452 4942 Natura
461 4890 576 4971 duplex:
597 4902 711 4954 aspera,
731 4887 908 4954 autpiognis.
944 4890 1143 4956 Experimenta

341 4961 487 5025 utriunque
498 4973 528 5009 sn
539 4972 647 5008 manns:
665 4970 786 5022 ususque
795 4960 933 5023 geminus,
945 4964 994 5008 aut
1007 4965 1038 5010 nt
1048 4959 1142 5027 fruges

343 5033 451 5080 tantum
462 5025 547 5089 alant,
556 5032 605 5077 aut
616 5023 702 5078 edant
712 5032 741 5077 et
750 5023 891 5091 pabulum.
915 5026 1021 5095 Fruges
1032 5028 1086 5079 alit
1098 5035 1142 5081 to·

342 5097 421 5150 laces
432 5096 504 5158 alba,
517 5109 586 5160 qnae
596 5096 619 5145 si
631 5095 668 5146 sit
679 5093 753 5155 inter
763 5094 854 5146 lantes
865 5102 988 5161 reperta,
999 5104 1043 5149 est
1054 5097 1090 5149 ad
1101 5100 1144 5150 in-

342 5168 453 5221 linitum
465 5164 578 5218 fertilis:
601 5178 696 5216 rerum
712 5177 810 5230 aspera
820 5171 958 5228 tractatu,
980 5173 1009 5219 et
1022 5164 1143 5219 sinimin

341 5238 448 5291 iniecta
457 5242 514 5297 est,
535 5233 738 5287 exuritsolum.
775 5232 905 5285 Proxima
915 5241 959 5286 est
974 5234 1052 5298 rnla,
1071 5252 1143 5304 quae

342 5314 458 5361 meatur
468 5317 685 5369 acaunumarga,
705 5302 868 5354 intermixto
881 5304 974 5370 lapide
988 5310 1082 5358 terrae
1093 5306 1144 5357 mi-

343 5384 438 5439 natae,
450 5388 591 5428 arenosae.
630 5371 714 5439 Lapis
726 5372 904 5424 contunditur
915 5374 943 5423 in
954 5375 1015 5439 ipsc
1028 5390 1087 5427 cam
1112 5390 1141 5427 o:

342 5447 496 5565 primisque
506 5445 584 5495 annis
596 5443 700 5511 stipula
710 5439 859 5494 difficulter
867 5441 1004 5506 caeditur,
1026 5391 1143 5512 prodier·

355 5515 459 5580 apides.
494 5513 636 5580 impendio
647 5520 740 5566 tamen
753 5510 866 5563 minimo
877 5509 1003 5571 levitate,
1026 5514 1142 5568 dimidio

343 5582 460 5635 minoris
471 5597 552 5648 quau
562 5590 680 5650 ceterae,
693 5577 837 5637 invehitur.
873 5579 1049 5647 inspergitur
1058 5597 1141 5637 rara:

1198 461 1257 514 sule
1267 474 1329 515 eam
1337 456 1450 513 misceri
1463 460 1571 523 putant.
1593 451 2002 525 Utramquebcegenussemel

1197 530 1331 584 iniectum
1342 534 1370 582 in
1383 529 1584 598 qninquaginta
1599 541 1687 578 annos
1696 524 1772 580 s‘alet
1779 563 1787 590 ,
1809 536 1838 579 et
1849 527 1962 598 frugum
1973 538 2005 583 et

1197 601 1293 669 pabuli
1304 601 1441 652 ubertate.

1233 671 1312 733 Quae
1324 673 1437 738 pingues
1450 681 1511 722 esse
1522 666 1689 728 senduntur,
1699 680 1734 719 ex
1745 664 1788 717 his
1800 669 1950 735 praecipua
1961 671 2000 722 ai.

1197 740 1242 791 ba.
1264 739 1348 793 Plura
1356 740 1416 792 eius
1426 752 1539 807 genera.
1566 735 2000 806 Mordacissimum,qucdsupra

1199 809 1328 861 diximus.
1343 810 1468 861 Alterum
1479 821 1568 875 genas
1579 806 1660 859 albae
1670 812 1765 859 cretae
1775 808 1936 875 argentaria
1945 815 1999 861 est.

1198 877 1308 931 Petitur
1328 893 1364 931 ex
1379 879 1455 942 altu,
1475 880 1503 928 in
1516 882 1649 929 centenos
1660 875 1744 943 pedes
1756 879 1825 928 actis
1836 878 2002 945 plerumque

1197 948 1300 1015 puteis,
1313 962 1363 1000 ore
1373 946 1533 1014 angustatis
1543 965 1549 998 ι
1559 946 1644 1008 intus,
1653 952 1686 997 nt
1696 946 1726 999 in
1738 946 1869 1010 metallis,
1879 949 2002 1013 spatian-

1198 1025 1227 1071 te
1238 1032 1316 1069 rena.
1336 1019 1399 1069 Hac
1410 1016 1531 1069 maxime
1542 1014 1691 1068 Britannia
1701 1016 1797 1068 utitur.
1818 1015 1910 1068 Durat
1920 1017 2000 1069 annis

1198 1087 1312 1139 LXXX.
1348 1086 1445 1152 Neque
1457 1092 1500 1138 est
1512 1085 1669 1152 exemplum
1681 1084 1779 1149 ullius,
1790 1086 1838 1152 qui
1849 1086 1931 1138 bisin
1942 1088 2001 1139 rita

1197 1154 1269 1208 hanc
1279 1154 1368 1209 eidem
1380 1156 1519 1207 iniecerit.
1530 1156 1659 1207 Tertium
1672 1169 1759 1223 genus
1771 1154 1915 1218 candidae,
1925 1154 2001 1224 glys·

1197 1239 1356 1294 somergem
1367 1231 1476 1277 secant.
1512 1226 1563 1277 Est
1582 1231 1676 1277 autem
1691 1231 1768 1277 creta
1784 1221 2010 1291 lallcniamixta

1197 1295 1294 1362 pingui
1313 1302 1398 1357 terra,
1420 1295 1517 1363 pabuli
1532 1309 1615 1361 quarn
1633 1294 1744 1362 frugum
1760 1293 1898 1359 fertilium
1918 1296 1958 1345 ita
1967 1304 1999 1346 nt

1196 1379 1287 1417 messe
1307 1365 1420 1416 sublata
1439 1372 1505 1417 ante
1521 1370 1672 1417 sementem
1688 1363 1805 1415 alteram
1817 1363 1998 1417 laetissimum

1197 1441 1312 1487 secetur.
1323 1434 1396 1486 Dum
1408 1433 1437 1484 in
1448 1432 1700 1501 srugeesqnuuum
1712 1432 1789 1484 aliud
1795 1433 1999 1554 grameuemit·

1197 1504 1243 1555 tit.
1279 1504 1371 1555 Durat
1381 1502 1463 1555 XXX
1473 1505 1568 1553 annis:
1588 1502 1700 1553 densior
1709 1502 1784 1553 iusto
1816 1502 1997 1571 igninimodo

1197 1574 1355 1640 strangulat
1366 1573 1466 1624 sulum.
1497 1570 1691 1622 Columbinam
1702 1571 1815 1624 Galliae
1826 1586 1877 1623 suu
1887 1572 1997 1624 nomine

1197 1640 1388 1708 eglecopalam
1413 1640 1572 1709 appellant:
1602 1639 1694 1709 glebis
1718 1643 1858 1693 excitatur
1875 1640 1997 1708 lapidum

1196 1711 1293 1762 modo:
1314 1710 1382 1763 Sole
1393 1716 1422 1761 et
1434 1710 1574 1778 gelatione
1585 1710 1628 1760 ita
1638 1709 1768 1772 solvitur,
1779 1719 1809 1761 ut
1820 1710 1998 1763 tenuissimas

1196 1779 1325 1832 bracteas
1336 1779 1432 1830 iaciat.
1468 1779 1548 1831 llaec
1567 1793 1701 1845 exaequo
1713 1779 1820 1831 fertilis.
1855 1780 1999 1831 lirenates
2039 1786 2050 1807 ‘

1196 1855 1321 1911 utuntur,
1333 1850 1357 1899 si
1367 1848 1425 1899 alia
1435 1850 1552 1900 nonsit:
1573 1849 1603 1898 in
1611 1848 1760 1916 uliginosis
1771 1863 1846 1910 roro,
1864 1857 1893 1900 et
1905 1849 1931 1899 si
1942 1849 1999 1899 alia

1196 1916 1242 1970 sit.
1270 1919 1358 1970 Ubios
1371 1920 1493 1984 gentium
1502 1918 1578 1970 solos
1590 1918 1724 1980 novimus,
1737 1917 1784 2037 qui
1793 1917 1999 1969 fertilissimum

1197 2003 1294 2055 agrum
1306 1988 1613 2056 colentes,quacunque
1624 1987 1739 2039 terrain
1755 2001 1786 2037 ra
1796 1993 1854 2039 tres
1864 1986 1949 2054 pedes
1959 1985 1999 2039 el-

1197 2057 1282 2122 lossa,
1294 2066 1323 2110 et
1334 2056 1427 2124 pedali
1440 2056 1629 2109 crassitudine
1641 2057 1745 2108 iniecta
1753 2056 1914 2109 laetificent.
1944 2054 1998 2107 Sed

1197 2141 1231 2179 ea
1242 2143 1297 2179 non
1313 2127 1419 2179 diutius
1435 2127 1515 2178 annis
1529 2127 1556 2178 X
1567 2126 1692 2193 prodest.
1726 2125 1821 2178 Hedui
1831 2133 1859 2179 et
1870 2127 1999 2178 Pictones
2059 2130 2063 2137 '

1197 2196 1272 2249 culce
1282 2198 1439 2250 uberrimos
1450 2196 1542 2249 iecere
1552 2210 1649 2263 agros:
1672 2209 1742 2262 qaae
1753 2210 1819 2248 sane
1830 2200 1859 2248 et
1869 2194 1949 2257 cleis,
1970 2202 1999 2246 ει

1196 2266 1298 2317 ritibus
1320 2266 1471 2317 utilissima
1489 2266 1639 2333 reperitur.
1678 2265 1775 2317 Omnis
1795 2271 1888 2318 autem
1903 2278 2000 2332 marga

1196 2342 1276 2386 arato
1286 2334 1439 2387 inlicienda
1450 2341 1502 2397 εει,
1521 2340 1553 2386 ut
1565 2334 1802 2388 medicamentum
1812 2336 1950 2402 rapiatur:
1970 2340 2001 2385 et

1197 2404 1256 2455 fimi
1267 2402 1407 2457 desiderat
1417 2404 1631 2472 aliquantulum,
1639 2418 1711 2470 quae
1721 2404 1811 2471 primo
1822 2404 1999 2470 plusaspera‚

1197 2481 1226 2527 et
1243 2488 1314 2541 quae
1333 2473 1474 2525 inberbes
1495 2487 1552 2525 non
1563 2471 1729 2525 effunditur:
1751 2475 1854 2540 alioqui
1866 2475 2000 2532 rasitata

1197 2557 1378 2612 quaecunque
1387 2542 1484 2606 luerit,
1495 2542 1587 2594 solum
1599 2541 1701 2605 laedet,
1721 2558 1757 2595 ne
1769 2542 1929 2609 sicquidem
1941 2540 1998 2608 pri·

1198 2627 1243 2664 mo
1254 2619 1318 2680 post
1329 2628 1400 2664 anno
1411 2613 1523 2665 fertilis.
1559 2614 1681 2665 interest
1691 2618 1718 2665 et
1730 2613 1806 2681 quali
1817 2612 1876 2665 solo
1885 2624 1999 2677 quaara-

1197 2688 1252 2735 tur.
1264 2682 1347 2734 Sicca
1356 2683 1432 2734 enim
1443 2680 1557 2733 humido
1569 2681 1677 2745 melior,
1689 2683 1767 2734 arido
1778 2680 1907 2749 pinguis..
1915 2681 1998 2731 Tem·

1197 2757 1296 2818 pereto
1307 2752 1452 2816 alterutra,
1463 2758 1541 2804 creta
1549 2751 1595 2803 rel
1605 2751 1771 2817 columbina,
1783 2749 1921 2803 convenit.

1232 2818 1267 2872 V.
1286 2820 1493 2888 'l'ranspadanis
1506 2821 1607 2872 cineris
1620 2836 1685 2871 usus
1697 2820 1767 2872 adeo
1783 2820 1891 2886 placet,
1912 2823 1943 2868 ut
1953 2831 2002 2868 an·

1197 2894 1334 2955 teponant
1352 2890 1419 2943 limo
1434 2893 1637 2941 iumentorum:
1660 2890 1733 2956 quod
1750 2889 1814 2955 qnia
1830 2889 2003 2941 levissimum

1198 2964 1250 3021 cst,
1262 2959 1297 3009 cb
1307 2959 1337 3009 id
1350 2965 1476 3010 exurunt.
1496 2959 1622 3023 Utroque
1634 2963 1726 3009 tamen
1736 2957 1843 3024 pariter
1851 2972 1907 3008 non
1920 2962 2003 3009 utun-

1197 3035 1243 3080 tur
1254 3028 1281 3077 in
1294 3026 1391 3078 eodem
1403 3040 1479 3088 arro,
1500 3040 1551 3077 nec
1562 3025 1591 3074 in
1603 3026 1725 3078 arbustis
1738 3026 1838 3086 cinere,
1853 3040 1905 3077 nec
1916 3039 2003 3091 quas·

1197 3098 1258 3150 dam
1271 3095 1305 3147 ad
1317 3095 1421 3161 fruges,
1433 3101 1465 3146 ut
1477 3094 1605 3146 diximus.
1624 3093 1694 3146 Sunt
1706 3096 1753 3162 qui
1764 3093 1878 3161 palrere
1889 3107 2004 3159 quoque

1195 3182 1263 3220 uras
1275 3164 1448 3227 aliiudiceot,
1454 3165 1691 3232 pubescentesque
1697 3164 1889 3231 pulvereot‚et
1898 3163 2003 3214 sitium

1196 3238 1383 3304 arborumque
1394 3233 1537 3287 radicibus
1548 3241 1709 3301 aspergant.
1743 3232 1826 3295 Quod
1838 3237 1944 3284 certum
1955 3238 2003 3283 εει

1196 3305 1374 3367 Narbonensi
1384 3304 1563 3373 provinciae,
1583 3308 1613 3357 et
1623 3303 1777 3356 vindemias
1798 3303 1901 3354 certius
1912 3300 1953 3352 sic
1964 3313 2001 3353 eo

1198 3379 1291 3444 coqui,
1322 3377 1369 3428 uia
1378 3375 1441 3444 plus
1453 3373 1544 3443 pulsis
1554 3373 1605 3435 ibi,
1616 3389 1697 3441 qnam
1709 3372 1767 3435 Sol,
1777 3370 1893 3424 confert.

1232 3446 1281 3498 Vl.
1317 3447 1367 3498 insi
1377 3447 1470 3513 plures
1481 3443 1669 3497 differentiae:
1681 3445 1743 3511 ipsa
1752 3457 1796 3495 res
1806 3441 1928 3511 antiqua.
1940 3440 2002 3490 lam

1197 3515 1268 3584 apud
1281 3516 1436 3569 Homerum
1448 3517 1543 3583 regius
1555 3527 1639 3567 senex
1650 3528 1746 3583 agrurn
1756 3513 1797 3565 ita
1805 3511 1861 3561 suis
1872 3509 2001 3561 manibus

1196 3586 1353 3637 laetificans
1362 3586 1510 3651 reperitur.
1535 3585 1644 3651 dugeas
1655 3598 1704 3636 rex
1713 3583 1741 3633 in
1756 3580 1875 3633 Graecia
1886 3577 1999 3644 excogi-

1196 3661 1272 3706 tasse
1292 3652 1430 3704 traditur:
1451 3653 1612 3719 divulgasse
1630 3668 1696 3703 rero
1711 3651 1848 3702 Hercules
1861 3647 1891 3699 in
1907 3648 1999 3709 ltalia,

1197 3735 1267 3791 quac
1276 3721 1339 3787 regi
1348 3735 1400 3772 suo
1411 3720 1541 3773 Stercuto
1553 3717 1644 3771 Fauni
1662 3720 1723 3772 lilio
1746 3721 1782 3773 ab
1793 3718 1846 3772 boc
1854 3719 2000 3770 inventurn

1196 3789 1437 3851 immortalitatem
1452 3789 1560 3840 tribuit.
1597 3790 1637 3842 Μ.
1647 3788 1739 3842 Varro
1755 3789 1938 3856 principatum
1948 3784 2001 3836 dat

1196 3858 1343 3911 turdorum
1353 3859 1419 3908 limo
1431 3873 1466 3909 ex
1477 3857 1604 3912 aviariis:
1622 3858 1791 3928 quodetiam
1802 3856 1904 3924 pabulo
1914 3856 1999 3907 boum

1196 3942 1330 3994 suumque
1349 3925 1520 3993 magnificat:
1542 3943 1632 3998 neque
1652 3929 1709 3979 alio
1723 3929 1786 3980 cibo
1804 3927 1923 3979 celerius
1934 3924 1998 3991 pin·

1197 4012 1332 4066 guesnere
1348 4003 1500 4048 asseverat.
1537 3999 1581 4051 De
1602 3999 1707 4049 nostris
1722 3997 1848 4048 moribus
1860 3997 2000 4059 benespe·

1196 4082 1260 4119 rare
1271 4074 1322 4126 est,
1342 4067 1368 4117 si
1378 4070 1459 4116 tanta
1476 4069 1550 4134 apud
1561 4070 1681 4120 maiores
1695 4066 1772 4119 luere
1788 4066 1902 4126 aviaria,
1922 4069 1953 4113 ut
1961 4075 1998 4114 ex

1196 4136 1240 4188 bis
1261 4136 1321 4203 agri
1342 4142 1572 4189 stercorarentur.
1608 4136 1767 4188 Proximum
1780 4132 1935 4187 columella
1951 4145 1999 4181 co·

1197 4205 1352 4269 lumbariis,
1372 4219 1437 4257 mcx
1457 4206 1615 4274 gallinariis
1631 4204 1709 4268 facit,
1728 4207 1882 4257 natantium
1898 4202 1999 4252 alitum

1197 4275 1337 4325 damnato.
1374 4275 1467 4327 Ceteri
1477 4284 1608 4329 auctores
1618 4290 1754 4327 consensu
1765 4272 1899 4325 humanas
1912 4270 2000 4337 dapes

1197 4342 1233 4394 od
1245 4340 1298 4395 linc
1307 4341 1435 4409 inprimis
1447 4345 1593 4399 advocant.
1613 4343 1670 4396 Alii
1681 4359 1714 4396 ex
1724 4342 1767 4395 bis
1779 4343 1938 4412 praeierunt
1948 4340 2000 4392 bo·

1196 4412 1301 4464 minum
1321 4418 1414 4480 potus,
1433 4414 1464 4465 in
1485 4414 1667 4467 coriariorum
1678 4412 1794 4466 officinis
1807 4413 1865 4478 pilu
1876 4408 2002 4460 madela-

1196 4487 1251 4533 cto.
1286 4481 1343 4533 Alii
1355 4497 1491 4548 peraeae,
1513 4485 1711 4551 aquaiterum‚
1731 4481 1888 4547 largiusque
1900 4478 2003 4538 etiam,

1196 4565 1278 4617 quam
1288 4565 1350 4602 nrm
1362 4550 1473 4614 bibitur,
1481 4553 1614 4604 admixta.
1626 4551 1734 4616 Quippe
1743 4548 1805 4614 plus
1816 4547 1871 4595 iam
1881 4543 2002 4597 ibimali

1197 4619 1364 4672 domandum
1375 4626 1430 4682 est,
1452 4636 1511 4671 cnm
1522 4619 1558 4671 ad
1569 4620 1644 4671 virus
1656 4617 1725 4668 illud
1735 4614 1791 4666 sini
1804 4610 1887 4663 borno
1899 4626 2000 4665 acem-

1197 4693 1274 4741 serit.
1294 4689 1375 4740 Haec
1384 4694 1449 4739 sunt
1458 4687 1619 4747 certamina,
1632 4686 1729 4752 quibus
1739 4683 1854 4735 invicem
1866 4681 1900 4732 ad
1911 4681 2001 4737 tellu-

1198 4774 1256 4812 rem
1277 4771 1387 4824 quoque
1406 4756 1535 4807 alendam
1556 4760 1673 4806 utuntur
1693 4751 1827 4804 homines.
1862 4749 1998 4805 Proxime

1196 4826 1345 4894 spurcitias
1357 4838 1436 4874 suuni
1447 4824 1570 4875 laudant.
1608 4822 1762 4875 Columella
1778 4820 1856 4871 selus
1871 4819 1996 4873 damnat.

1196 4895 1251 4949 Alii
1270 4895 1454 4959 cuiuscunque
1470 4889 1656 4959 quadrupedis
1671 4906 1706 4945 ex
1725 4892 1830 4957 cytiso:
1849 4888 1936 4957 aliqui
1950 4906 1996 4943 co·

1196 4962 1336 5016 lumbaria
1352 4960 1520 5027 praeierunt.
1556 4959 1715 5015 Proximum
1731 4960 1832 5012 deinde
1849 4974 1994 5026 caprarum

1197 5038 1247 5094 εει,
1258 5031 1292 5082 ab
1303 5027 1355 5081 hoc
1368 5031 1469 5093 osium,
1482 5031 1580 5083 deinde
1591 5031 1685 5092 boum,
1696 5030 1877 5082 notissimum
1888 5029 1993 5083 iumen·

1195 5108 1297 5153 torum.
1334 5099 1397 5151 Hae
1408 5100 1485 5153 fuere
1496 5099 1566 5167 apud
1578 5101 1682 5168 priscos
1699 5098 1882 5163 differentiae,
1901 5099 1994 5151 simul·

1196 5183 1250 5238 que
1260 5177 1410 5237 praecepta
1420 5175 1465 5233 (nt
1475 5170 1596 5236 invenio)
1614 5184 1645 5221 re
1658 5169 1709 5220 tali
1720 5168 1825 5232 utendi,
1845 5168 1953 5238 quando
1965 5172 1996 5221 et

1196 5239 1375 5291 hlcretustas
1383 5241 1494 5291 utilior:
1506 5240 1648 5306 risumque
1657 5239 1712 5291 iarn
1724 5245 1768 5292 est
1778 5239 1849 5307 apud
1861 5235 1994 5305 quosdam

1197 5308 1421 5377 provincialium,
1442 5308 1471 5360 in
1491 5313 1599 5360 tantum
1621 5309 1780 5362 abundante
1800 5307 1905 5376 geniali
1916 5306 1995 5371 capia

1196 5378 1342 5446 pecudum,
1352 5377 1459 5431 farinae
1469 5379 1530 5430 ries
1540 5378 1640 5431 cribris
1650 5378 1935 5446 superiniici,loetore
1946 5372 1995 5425 ad·

1196 5453 1355 5516 spectuque,
1376 5449 1510 5515 temporis
1522 5447 1638 5514 viribus,
1647 5449 1677 5500 in
1688 5448 1825 5517 quandam
1836 5447 1919 5500 etiam
1931 5457 1993 5511 gra·

1197 5520 1265 5569 tiam
1277 5522 1395 5570 mutato.
1432 5518 1527 5586 Nuper
1539 5525 1691 5585 repertum,
1713 5518 1791 5573 oleas
1806 5517 1928 5586 gaudere
1938 5526 1994 5566 ma·

1196 5587 1271 5642 xime
1283 5588 1400 5643 names
1413 5587 1539 5642 calcariis
1548 5588 1716 5644 inmanibus.
