4340 6018
348 282 390 342 76
499 226 722 337 eruisti
766 267 973 333 sacuam
1015 264 1186 327 Airita.
1228 264 1419 325 HISTOR.
1460 264 1605 326 slav.
1648 261 1852 325 cino-a

348 430 450 500 quibus
460 425 656 481 commercium
665 434 790 491 gemmae
803 423 925 479 tanturn,
943 415 1152 484 qoam'earbun·
1202 412 1369 467 Sardiniam.
1404 415 1631 477 Anemurium,
1649 412 2009 484 ethssquondamhabita·

349 499 595 558 oulumroeamus,
614 510 650 547 ex
660 488 807 553 Aethiopia
825 488 961 539 invectae.
998 485 1151 536 intervenit
1202 491 1246 537 tas
1259 483 1426 536 subsedisse.
1864 526 1868 533 .

348 570 386 623 ad
395 567 564 619 solitudines
574 563 692 621 Africae,
702 572 785 624 supra
796 560 931 608 minorem
943 554 1038 622 Syrtin
1050 554 1150 618 dictas,
1237 553 1310 606 viu.
1329 551 1460 604 interiori
1469 560 1563 604 autem
1574 552 1681 605 ambitu
1692 550 1804 604 Africae
1815 552 1851 604 ad
1862 552 2008 606 meridiem

348 652 429 692 versa
438 635 588 695 Phazania,
603 630 771 695 abigentem
784 623 993 684 Phazaniorum‚
1013 623 1150 689 urbesque
1202 638 1306 686 versus,
1316 636 1453 689 superque
1465 622 1607 683 Gaetulos,
1618 621 1867 674 intervenientibus
1880 621 2009 689 desertis,

347 707 445 761 Alelen
459 712 487 757 et
498 703 631 756 Cillabam
642 697 810 763 subegimus.
838 695 907 747 item
918 693 1070 759 Cydamum
1083 708 1098 744 e
1110 707 1150 743 re·
1221 691 1285 743 riori
1300 691 1421 743 omnium
1433 692 1649 759 Libysegyptii,
1670 690 1770 743 deinde
1784 691 2008 761 Leucaethiopes

254 786 266 800 “
349 777 432 844 gione
443 775 585 826 Sabratae.
620 767 661 818 Ab
674 763 717 816 his
735 780 813 816 niens
824 763 910 831 longo
920 763 1012 830 spatio
1029 762 1057 813 in
1069 775 1149 813 ocea-
1240 762 1337 813 bitant.
1373 759 1462 828 Super
1477 776 1525 813 eos
1536 761 1700 827 Aethiopum
1718 766 1816 828 gentes
1826 760 2009 829 Μενίππη

347 862 408 898 sum
421 845 455 895 ab
468 828 1149 897 ortutendit,Aternostrisdietusanaturasdu·
1203 846 1258 899 quo
1277 830 1382 882 dictum
1404 839 1446 882 est
1466 828 1592 882 iiumine:
1613 831 1767 897 Gymnetes
1787 829 1931 893 Pharusii,
1951 832 2007 884 iam

348 922 393 966 sto
404 909 514 969 similis,
526 914 574 958 aut
585 904 664 957 Solia
672 911 835 968 reperi-assu
847 915 972 953 accenso.
995 899 1076 951 Uitru
1087 915 1149 950 eum
1203 915 1337 952 oceanum
1349 900 1528 968 attingentes,
1542 905 1571 950 et
1582 913 1651 964 quos
1662 899 1691 949 io
1701 899 1888 951 Mauritaniae
1899 902 1952 953 tine
1968 901 2007 952 dl.

347 982 468 1034 deserta:
490 974 633 1041 Matelgae
649 971 779 1037 oppidum
792 970 1005 1022 Garamantum:
1027 968 1150 1035 itemque
1201 972 1306 1032 ximus,
1325 969 1446 1022 Perorsi.
1482 970 1522 1021 Ab
1539 967 1582 1019 his
1592 968 1718 1019 omnibus
1728 976 1827 1022 vastae
1837 969 2007 1022 solitudines

345 1048 458 1110 Debris,
473 1044 563 1097 affuso
575 1045 661 1103 ionte,
680 1039 797 1091 emedio
809 1039 854 1091 die
864 1039 899 1091 ad
910 1038 1029 1091 mediam
1039 1044 1150 1089 noctem
1203 1040 1339 1091 orientem
1351 1054 1455 1101 sersus,
1474 1053 1562 1104 usque
1572 1037 1766 1100 Garamantes,
1786 1037 1965 1106 Angylasque
1976 1049 2007 1092 et

346 1117 427 1184 aquis
439 1114 619 1175 ferventibus,
629 1111 803 1176 totidemque
812 1107 890 1161 horis
901 1109 936 1160 ad
948 1108 1068 1160 medium
1078 1106 1149 1159 diem
1202 1107 1408 1175 Troglodytas:
1419 1107 1705 1174 verissimaopinione
1716 1120 1821 1169 eorum,
1833 1107 1880 1175 qul
1888 1108 2007 1163 desertis

344 1187 517 1252 rigentibus:
539 1182 777 1246 clarissimumque
794 1179 924 1246 oppidum
936 1177 1057 1230 Garama
1066 1183 1150 1244 caput
1202 1176 1312 1229 Africae
1324 1177 1392 1229 duas
1403 1175 1563 1244 Aethiopias
1575 1182 1774 1244 superponunt,
1795 1183 1900 1229 etanta
1912 1193 2007 1229 omnes

346 1254 560 1308 Garamantum:
578 1252 673 1302 omnia
683 1250 767 1300 armis
779 1249 858 1299 Rom.
867 1254 1007 1315 superata,
1017 1255 1046 1298 et
1056 1262 1074 1298 a
1084 1248 1151 1298 Cor·
1202 1248 1329 1307 Homeri,
1342 1249 1389 1312 qui
1399 1248 1548 1313 bipertitos
1557 1242 1812 1312 traditAethinpas,
1824 1247 1860 1298 ad
1872 1246 2007 1298 orientem

344 1325 421 1378 nelis
432 1322 522 1374 Balbo
541 1318 724 1386 triumphata:
745 1318 793 1368 uni
809 1315 872 1370 huic
890 1318 1013 1369 omnium
1033 1323 1149 1369 externo
1202 1330 1386 1382 occasumque
1398 1329 1501 1366 rersos.
1517 1315 1595 1381 Aigai
1607 1314 1691 1365 ilurio
1704 1316 1801 1366 eadem
1812 1322 1923 1377 natura,
1936 1333 2006 1385 quae

345 1409 430 1447 curru
441 1399 470 1444 et
480 1390 630 1453 Quiritium
642 1389 704 1441 iura
722 1388 838 1439 donato:
859 1387 960 1454 quippe
971 1384 1093 1439 Gadibus
1103 1400 1150 1452 ge·
1201 1384 1284 1436 Nilo:
1296 1383 1431 1435 calamum
1443 1393 1471 1434 et
1482 1399 1617 1451 papyrum
1629 1392 1657 1434 et
1669 1383 1780 1436 easdem
1787 1385 2007 1453 gignitanlman·

344 1465 405 1516 nito
421 1461 520 1514 ciritae
530 1459 656 1513 Romana
671 1473 732 1510 cum
743 1457 832 1509 Balbo
844 1457 950 1505 maiora
966 1464 1066 1521 patruo
1083 1455 1150 1504 data
1201 1461 1254 1516 tes,
1266 1452 1420 1522 iisdemque
1430 1453 1600 1519 temporibus
1611 1453 1744 1521 augeseit.
1765 1455 2007 1507 OriturinterTa·

345 1541 398 1587 est.
434 1530 472 1581 Et
482 1528 533 1581 hoc
544 1529 652 1589 mirum,
669 1522 841 1591 supradicta
852 1522 953 1589 oppida
964 1523 999 1572 ab
1011 1538 1045 1574 eo
1057 1529 1149 1588 capta,
1201 1522 1295 1576 reieos
1305 1523 1459 1589 Aethiopas
1470 1530 1498 1574 et
1510 1523 1663 1575 Oecalicas.
1678 1524 1786 1574 Horum
1798 1523 1931 1591 oppidum
1944 1525 2005 1576 Ma·

344 1603 590 1652 auctoresnostros
598 1593 752 1662 prodidisse
763 1609 769 1643 :
780 1591 1059 1658 ipsumintriumpho,
1070 1606 1149 1657 prae·
1201 1592 1249 1643 rin
1261 1591 1371 1658 quidam
1382 1592 1581 1643 soiitudinibus
1593 1593 1795 1659 imposuerunt,
1806 1594 1935 1646 Atlantas
1946 1594 2007 1645 iux·

344 1678 389 1720 ter
401 1667 542 1718 Cidamum
554 1671 582 1716 et
592 1666 750 1724 Garunnam,
762 1664 883 1712 oninium
896 1661 1013 1712 aliarum
1025 1661 1149 1727 gentium
1200 1668 1232 1714 ta
1244 1678 1303 1727 eos,
1314 1665 1469 1730 Aegipanas
1479 1661 1633 1722 sensiferos,
1654 1667 1683 1713 et
1692 1662 1863 1730 Blemmyas,
1883 1671 1912 1716 et
1924 1663 2007 1715 Gam-

344 1737 509 1801 urbiumque
521 1733 634 1783 nomina
649 1747 682 1783 aa
693 1731 845 1783 simulacra
862 1730 988 1792 duxisse,
1008 1746 1079 1797 quae
1090 1732 1149 1782 iere
1200 1731 1362 1800 phasantas,
1382 1739 1411 1782 et
1422 1730 1549 1798 Satyros,
1572 1737 1600 1782 et
1611 1731 1842 1798 Himantopodas,
1878 1732 2007 1785 Atlantes
2031 1744 2037 1753 ·

343 1804 398 1859 hoc
409 1804 520 1855 ordine:
531 1801 679 1853 Tabidium
691 1799 831 1867 oppidum,
843 1799 948 1852 Niteris
957 1799 1042 1861 natio,
1054 1798 1149 1866 Negii·
1202 1803 1352 1869 degeneres
1362 1808 1426 1852 eunt
1436 1798 1549 1851 hannani
1559 1801 1639 1862 ritus,
1655 1802 1681 1851 si
1691 1803 1836 1865 credimus.
1873 1801 1944 1854 Nam
1957 1817 2004 1854 ne·

343 1873 453 1944 gemela
464 1870 603 1938 oppidum,
614 1868 751 1923 Bubeium
763 1870 841 1921 natio
852 1868 897 1921 rel
908 1870 1049 1937 oppidum,
1065 1867 1149 1934 Enipi
1202 1885 1255 1937 que
1267 1872 1408 1922 nominum
1420 1870 1541 1921 ullorum
1553 1870 1627 1921 iuter
1637 1886 1685 1921 eos
1696 1872 1847 1938 appellatio
1858 1878 1910 1934 est,
1921 1878 1949 1924 et
1956 1870 2009 1923 So·

343 1943 433 2007 natio,
455 1940 573 1994 Thuben
585 1940 731 2006 oppidum:
747 1954 825 1990 mons
836 1939 946 1991 nomine
957 1937 1058 2005 Niger:
1076 1939 1147 1990 Niti-
1202 1941 1256 1992 iem
1270 1941 1404 1991 orientem
1415 1938 1646 2005 occidentemque
1657 1939 1718 1991 dira
1729 1941 1932 2008 imprecatione
1944 1955 2010 1993 con·
2018 1966 2031 1987 ι

342 2013 433 2075 hrum,
443 2011 546 2077 Rapsa,
557 2009 671 2076 oppida:
682 2008 799 2060 Discere
806 2008 892 2069 natio,
901 2006 1149 2073 Debrisuppidum,
1203 2015 1324 2070 tuentm,
1334 2014 1366 2059 ot
1378 2009 1520 2060 exitialem
1533 2010 1602 2074 ipsis
1614 2010 1761 2076 agrisque.-
1772 2025 1861 2078 neque
1871 2010 2009 2062 insomnia

342 2081 444 2137 nonen
464 2077 624 2140 Nathabur,
646 2075 824 2144 Thapsagum
844 2077 992 2143 oppidum,
1018 2076 1149 2142 Nannagi
1202 2080 1303 2141 visunt,
1314 2078 1408 2144 qualia
1420 2079 1522 2143 reliqui
1533 2079 1676 2129 mortales.
1700 2078 1896 2147 Troglodytae
1907 2093 2007 2146 specus

342 2152 431 2213 natio,
442 2151 516 2201 Boin
528 2147 670 2213 oppidum,
681 2145 754 2214 Pege
767 2145 908 2212 oppidum,
919 2146 1020 2198 flumen
1032 2146 1149 2197 Dasiha·
1203 2156 1346 2200 escarum.
1384 2149 1445 2198 Hae
1457 2148 1515 2198 iilis
1526 2146 1638 2209 domus,
1658 2146 1749 2200 rictus
1762 2151 1932 2215 serpentium
1950 2163 2008 2199 rar·

341 2222 377 2274 ri.
412 2219 482 2271 Mox
493 2217 596 2283 oppida
606 2215 747 2277 continua,
763 2215 911 2276 Baracum,
926 2215 1045 2277 Buluba,
1063 2215 1149 2276 Alasi,
1202 2232 1261 2278 nes,
1276 2215 1443 2281 stridorque,
1458 2232 1512 2267 nnn
1524 2231 1591 2268 rox:
1608 2217 1679 2268 adeo
1691 2220 1828 2269 sernionis
1839 2217 2007 2270 conrmercio

342 2290 439 2351 Balsa,
459 2286 551 2347 Galia,
568 2285 691 2348 masaia
707 2285 834 2336 Zizama:
857 2286 938 2336 Mons
949 2285 1030 2351 Gyri,
1052 2285 1081 2334 in
1094 2300 1148 2351 qno
1203 2291 1308 2337 carent.
1346 2286 1530 2338 Garamantes
1541 2287 1782 2339 matrimoniorum
1795 2295 1931 2349 exsortes,
1946 2300 2007 2353 pas·

342 2372 467 2428 gemmas
477 2355 555 2407 nasci
564 2355 663 2406 titulus
676 2356 835 2420 praecessit.
846 2354 887 2404 Ad
898 2353 1083 2405 Garamantas
1093 2355 1149 2405 iter
1202 2357 1254 2405 sim
1266 2370 1326 2406 auur
1340 2355 1450 2405 feminis
1462 2355 1575 2421 degunt.
1589 2358 1716 2423 Augylae
1726 2357 1832 2410 inieras
1844 2365 1950 2410 tantum
1962 2370 2008 2407 co·
2021 2365 2030 2375 ·

341 2427 538 2495 inexplicabile
553 2423 644 2477 adhuc
659 2423 727 2484 fuit,
748 2422 906 2474 latronibus
918 2425 1010 2489 gentis
1027 2425 1087 2475 eius
1098 2438 1146 2489 pu·
1203 2425 1271 2475 lunt
1307 2423 1531 2489 Gamphasantes
1542 2424 1618 2486 nudi,
1631 2426 1856 2494 proeliorumque
1867 2433 2006 2494 expertes,

343 2506 407 2550 teos
424 2496 626 2563 (quisuntnon
637 2493 694 2550 alte
711 2490 851 2551 fodiendi,
872 2492 897 2542 si
909 2491 1034 2543 iocorum
1045 2493 1150 2543 notitia
1203 2492 1272 2543 nulli
1289 2500 1404 2544 externo
1428 2500 1645 2562 congregantur.
1681 2496 1836 2564 Blemmyis
1856 2497 2007 2548 traduntur

343 2565 428 2628 adsit)
441 2567 533 2616 arenis
545 2562 741 2628 operientibus.
760 2561 894 2612 Proximo
905 2559 991 2622 bello,
1003 2560 1076 2626 quod
1087 2576 1148 2611 eum
1202 2563 1296 2628 capita
1307 2564 1413 2624 abesse,
1436 2578 1484 2614 ore
1496 2570 1523 2614 et
1534 2563 1622 2615 oeulis
1633 2568 1740 2632 pectori
1752 2566 1849 2618 allisis.
1885 2564 2006 2633 Satyris,

227 2654 234 2659 ·
343 2632 621 2687 OeensibusRomani
630 2645 741 2697 gessere
750 2629 882 2696 auspiciis
890 2630 1150 2696 Vespasianilmpe·
1204 2637 1315 2699 praeter
1331 2632 1463 2698 liguram,
1485 2630 1555 2683 nihii
1573 2635 1660 2685 moris
1677 2635 1804 2697 humani,
1824 2636 2005 2702 Aegipanum,

343 2706 459 2764 satoris,
480 2701 675 2767 eonspendium
697 2700 760 2750 riae
781 2697 925 2766 quatridui
945 2698 1149 2765 deprehensum
1203 2702 1293 2766 qualis
1304 2702 1390 2768 vulgo
1403 2702 1543 2768 pingitur,
1564 2701 1663 2754 iorma.
1700 2704 1925 2772 Himantopodes
1942 2702 2003 2755 lori

343 2778 394 2826 est.
430 2773 493 2824 Hoc
504 2773 559 2822 iter
569 2766 811 2821 vocaturPraeter
822 2767 983 2836 caputsaxi.
1004 2768 1082 2819 Finis
1094 2770 1148 2835 Cy·
1203 2769 1288 2889 podes
1298 2770 1424 2837 quidam,
1446 2771 1545 2838 quibus
1560 2772 1698 2838 serpendo
1713 2773 1826 2842 ingredi
1844 2779 2009 2825 naturaest.

344 2840 473 2894 rensibus
485 2837 685 2891 Catabathmos
697 2836 862 2904 appellatur,
873 2836 1015 2903 oppidum,
1026 2844 1056 2889 et
1066 2838 1149 2888 vallis

343 2916 462 2979 repente
474 2924 606 2961 convexa.
622 2907 662 2960 Ad
675 2921 737 2960 eum
749 2907 896 2958 terminum
909 2908 1064 2972 Cyrenaica
1074 2905 1148 2958 Afri·
1202 2909 1333 2959 Herculis
1354 2908 1577 2973 adHesperidas
1593 2908 1743 2960 tendentis.
1780 2911 1839 2962 Nec
1861 2911 1896 2962 de
1915 2910 2008 2963 Africa

345 2996 379 3033 ca
390 2995 408 3030 a
418 2979 497 3045 Syrti
512 2977 619 3028 minore
633 2977 724 3028 decies
741 2984 857 3029 centena
867 2974 920 3027 Lx
929 2976 968 3027 M.
979 2990 1109 3041 passuum
1120 2976 1149 3025 in
1203 2978 1286 3042 plura
1297 2990 1368 3042 quse
1379 2982 1577 3036 memorentur,
1588 2983 1746 3029 occurrunt.

343 3047 521 3113 longitudine
536 3051 625 3112 patet:
646 3046 676 3098 in
690 3044 852 3107 latitudine,
873 3059 928 3112 qua
943 3049 1082 3111 cognitum
1094 3050 1147 3105 est,
1237 3045 1284 3097 ix.
1304 3042 1443 3096 Adhaeret
1452 3043 1530 3104 Asia,
1548 3057 1628 3108 quam
1640 3051 1764 3109 pateres
1775 3045 1916 3111 Canopico
1928 3048 2008 3099 ostio

344 3116 448 3167 DCCC.
1202 3112 1238 3163 ad
1249 3113 1331 3163 Ponti
1347 3112 1449 3162 ostium
1466 3111 1663 3164 Timosthenes
1679 3113 1764 3164 vicies
1781 3117 1872 3167 series
1889 3120 2010 3167 centens

379 3183 427 3235 Vl.
447 3182 758 3250 Quaesequiturregio,
776 3181 912 3234 Mareotis
923 3179 1015 3248 Libya
1026 3180 1150 3247 appelia-
1201 3189 1231 3233 et
1242 3181 1360 3249 triginta
1370 3195 1468 3232 norem
1480 3179 1519 3231 M.
1530 3187 1661 3249 passuum
1678 3183 1805 3235 tradidit.
1842 3184 1882 3235 Ab
1896 3197 2024 3247 aream,

345 3259 401 3315 tur,
413 3253 541 3319 Aegypto
550 3253 731 3305 contermina.
742 3249 1150 3316 TenentMarmaridae,Adyr·
1200 3258 1259 3302 tem
1271 3250 1354 3302 Ponti
1365 3250 1401 3301 ad
1411 3264 1443 3300 os
1454 3251 1576 3302 Maeotis
1588 3250 1790 3306 Eratosthenes
1805 3254 1931 3305 sedecies
1942 3268 2005 3305 cen·

345 3319 506 3375 machidae:
527 3321 589 3373 dein
598 3321 754 3374 Mareotae.
791 3322 924 3374 Memora
935 3336 953 3373 a
964 3317 1148 3373 Catabathmo
1201 3329 1269 3373 tens
1279 3327 1308 3372 et
1319 3319 1507 3387 quadraginta
1522 3320 1641 3387 quinque
1652 3322 1691 3373 M.
1703 3337 1777 3388 pass.
1788 3322 1950 3375 Universae:
1960 3337 2007 3376 re·

345 3390 380 3445 ad
394 3391 589 3443 Paraetonium
599 3390 744 3443 Lxxxvi
754 3390 793 3441 Μ.
805 3404 944 3456 passuum.
965 3391 995 3441 in
1008 3405 1041 3442 eo
1057 3395 1149 3441 tractu
1200 3405 1234 3443 ro
1246 3406 1306 3442 cum
1319 3396 1446 3457 Aegypto
1457 3390 1494 3441 ad
1503 3391 1619 3452 Tanain,
1636 3392 1827 3443 Artemidorus
1839 3400 1868 3445 et
1881 3392 2006 3443 isidorus

1225 2838 1331 2890 harusii
1349 2840 1488 2905 qnondam
1504 2840 1619 2902 Persae,
1640 2843 1756 2893 comites
1773 2842 1861 2894 luisse
1878 2842 2008 2894 dicuntur
2082 2842 2088 2845 “

345 3460 640 3525 ricusApisinterest,
661 3459 1149 3526 nobilisreligioneAegyptilocus.
1201 3465 1246 3513 ter
1265 3466 1294 3515 et
1313 3463 1440 3526 sexagies
1457 3465 1573 3511 centem
1587 3467 1616 3511 et
1633 3462 1812 3527 septuaginta
1832 3464 1951 3530 quinque
1967 3461 2007 3512 Μ.
2087 3518 2091 3531 .

344 3531 385 3580 Ab
397 3543 430 3579 eo
442 3528 638 3579 Paraetonium
652 3527 727 3578 axii
739 3528 777 3577 Μ.
791 3543 930 3591 passuum.
956 3527 1021 3579 inde
1031 3527 1149 3578 Alexan·
1201 3545 1275 3597 pass.
1287 3529 1379 3580 Maris
1394 3529 1453 3581 eius
1468 3527 1612 3592 complura
1628 3529 1663 3578 ab
1673 3530 1778 3581 arcolis
1794 3539 1906 3583 tranare
1917 3530 2006 3581 numi·

345 3596 434 3667 driam
447 3598 490 3645 CC
501 3594 591 3644 miliia
601 3607 743 3657 passuum:
758 3593 877 3646 latitudo
889 3595 1062 3647 CinXest.
1082 3596 1150 3646 Era·
1202 3612 1352 3663 na:quare
1362 3596 1446 3647 simul
1458 3595 1666 3648 indicabuntur.
1703 3597 1835 3652 Proxima
1846 3600 1955 3652 Africae
1966 3598 2006 3650 in·

343 3661 488 3714 tosthenes
510 3676 527 3712 a
548 3661 664 3726 Cyrenis
683 3662 882 3716 Alexandriam
903 3665 1030 3715 terrestri
1048 3663 1148 3716 itinere
1202 3666 1305 3718 colitur
1319 3666 1476 3731 Aegyptus,
1495 3663 1635 3715 introrsus
1651 3666 1686 3717 ad
1703 3669 1849 3721 meridiem
1865 3668 2007 3732 recedens,

344 3728 452 3781 Dxxv
462 3729 500 3780 Μ.
517 3728 652 3795 prodidit.
688 3730 810 3796 Agrippa
827 3732 913 3783 totius
925 3733 1034 3784 Airieae
1046 3748 1063 3783 a
1078 3734 1149 3785 mari
1202 3735 1292 3785 donec
1304 3748 1322 3783 a
1332 3742 1411 3801 tergo
1425 3733 1646 3799 praetendantur
1656 3734 1830 3803 Aethiopes·
1844 3737 2007 3790 inferiorem

276 3812 278 3817 ’
345 3798 488 3850 Atlantico
503 3812 566 3848 cum
584 3797 716 3850 inferiore
732 3799 860 3865 Aegypto
876 3802 971 3851 tricies
988 3808 1105 3853 centena
1121 3809 1149 3854 et
1202 3806 1262 3854 eius
1275 3809 1383 3868 partam
1395 3803 1484 3864 Nilus,
1500 3804 1599 3855 dextra
1610 3804 1744 3874 laevaque
1755 3807 1867 3869 divisus,
1879 3807 2007 3874 amplexu

346 3866 398 3918 Xl.
410 3868 448 3917 Μ.
459 3880 588 3933 passuum
605 3866 815 3931 longitudinem.
853 3867 987 3933 Polybius
1004 3877 1033 3920 et
1045 3871 1147 3920 Erato·
1201 3887 1253 3923 suo
1267 3869 1448 3933 determinat,
1468 3873 1607 3940 Canopico
1624 3874 1698 3928 ostio
1714 3874 1749 3925 ab
1764 3876 1870 3939 Airica,
1893 3878 1926 3928 ab
1942 3875 2008 3927 Asia

346 3934 459 3988 sthenes
471 3932 678 4015 diligentissimi
693 3935 854 3995 existimati,
873 3937 907 3986 ab
918 3951 1024 3989 oceano
1037 3937 1072 3988 ad
1085 3939 1149 3989 Car·
1202 3939 1356 4001 Pelusiaco,
1371 3940 1470 3993 CLXX
1480 3941 1518 3992 Μ.
1531 3957 1660 4009 passuum
1672 3945 1831 3997 intervallo.
1868 3946 1956 4006 Quam
1970 3946 2007 3996 ob

346 4004 489 4073 thaginem
505 4017 647 4070 magnam,
669 4002 800 4055 undecies
816 4011 934 4056 centena
946 4006 984 4058 Μ.
1001 4019 1148 4072 passuum:
1202 4023 1314 4060 causam
1327 4010 1400 4061 inter
1410 4009 1517 4061 insulas
1529 4011 1640 4078 quidam
1652 4016 1806 4081 Aegyptum
1820 4016 1953 4066 retulere:
1965 4013 2007 4066 ita

346 4078 382 4129 ab
394 4092 427 4129 ea
438 4075 605 4140 Canopicum
620 4071 679 4126 Nili
696 4074 853 4139 proximum
869 4073 971 4124 ostium
989 4072 1149 4140 quindecies
1201 4094 1232 4129 se
1242 4075 1447 4139 findenteNiio,
1459 4080 1784 4147 uitriquetramterraeii
1825 4083 2005 4135 rameiliclat.

347 4153 464 4198 sentens
482 4150 510 4197 ei
530 4143 627 4210 viginti
640 4149 703 4193 octo
718 4141 756 4192 Μ.
768 4155 839 4207 pass.
854 4140 988 4194 iecerunt.
1025 4142 1149 4194 isidorus
1202 4145 1268 4198 ideo
1281 4146 1364 4198 multi
1376 4147 1501 4201 Graecae
1510 4149 1610 4202 literae
1622 4154 1768 4215 vocabulo,
1816 4152 1872 4203 elta
1884 4151 2008 4218 appelia-

346 4229 365 4265 a
384 4215 466 4282 Tingi
490 4215 628 4279 Canopum
650 4211 746 4263 tricies
762 4217 792 4263 et
818 4212 964 4278 quinquies
986 4218 1101 4265 centena
1120 4219 1149 4264 et
1202 4218 1439 4284 roreAegyptum.
1475 4218 1873 4283 Mensuraabunitatealrei,
1893 4222 2007 4274 undere

347 4284 531 4364 quadraginta
552 4296 650 4365 narem
669 4281 708 4333 M.
726 4295 869 4351 passuum:
890 4280 1081 4335 Artemidorus
1098 4282 1149 4335 xi:
1201 4286 1319 4352 primum
1332 4286 1551 4368 finditiniatera,
1562 4291 1596 4340 ad
1604 4292 1770 4359 Canopicum
1781 4295 1883 4344 ostium
1891 4289 2005 4345 cxiNl

347 4352 701 4473 midiqitdzlrddduiiidirmiia
716 4420 819 4471 multas
837 4420 1060 4486 conrpleeiontur
1081 4418 1149 4472 haec
1202 4354 2006 4493 {igrffig'algpppggggcfflmpztcagpmmlpippiristgppn

303 4497 310 4508 ·
334 4488 444 4563 „maria
474 4486 1149 4555 ClarissimaestMeninx,longitudineXXVM.
1201 4494 1392 4559 praefecturas
1403 4497 1577 4562 oppidorum,
1589 4503 1892 4564 quasnomnsrncunt:
1912 4497 2006 4547 Ombi-

349 4569 489 4625 passuum,
501 4554 651 4606 latitudine
661 4554 748 4619 xxti,
760 4558 796 4610 ab
807 4558 996 4611 Eratosthene
1007 4558 1148 4626 Lotopha-
1202 4569 1258 4625 ten,
1268 4564 1487 4630 Apollopoiiten,
1504 4563 1729 4627 Hermonthiten,
1742 4565 1882 4625 Thinites,
1901 4563 2005 4615 Phatn-

348 4624 416 4744 {itis
439 4622 588 4689 appellata.
625 4623 736 4688 oppida
752 4625 923 4690 habetdeo,
943 4628 1101 4695 Meningam
1114 4629 1148 4679 ab
1200 4634 1281 4694 riten,
1300 4634 1439 4698 Coptiten,
1453 4635 1630 4700 Tentyrites,
1651 4634 1955 4699 Diospolitemiintaeo
1976 4649 2006 4687 o·

372 4690 460 4743 iricae
470 4692 567 4752 latere,
577 4696 605 4741 et
616 4690 706 4771 altero
717 4691 825 4745 Thoar:
843 4696 906 4762 ipsa
916 4713 934 4748 a
945 4697 1043 4750 dextro
1055 4696 1149 4764 Syrtis
1202 4699 1281 4761 iiten,
1293 4699 1561 4766 Aphroditopolites,
1574 4700 1768 4766 bycopoliten.
1779 4702 1858 4765 Quae
1869 4649 2005 4757 instagn-

309 4790 312 4796 ·
349 4760 465 4813 minoris
483 4765 675 4825 promontorio
692 4761 817 4823 passibus
829 4764 871 4815 CC
882 4768 943 4816 sito.
980 4768 1021 4817 Ab
1037 4780 1071 4818 ea
1089 4782 1149 4817 cen·
1203 4767 2005 4834 iusiunrestregio,nomoshabet,Pharbaethitcn,Buba-

349 4838 407 4881 tum
420 4831 458 4880 M.
471 4843 543 4895 pass.
555 4825 781 4887 commiseram,
793 4830 916 4893 Cercina,
928 4849 989 4884 cum
1001 4835 1067 4886 urbe
1078 4837 1150 4885 eius·
1201 4837 1298 4897 stiten,
1316 4835 1490 4898 Sethroites,
1509 4837 1638 4889 Tanites.
1675 4839 1793 4909 Reliqua
1802 4847 1893 4893 autern
1907 4841 2004 4892 Arabi·

349 4898 411 4951 dem
424 4897 542 4949 nonrinis
553 4897 653 4961 libera,
671 4896 755 4963 longa
765 4895 844 4948 XXV
855 4898 894 4949 M.
905 4916 988 4966 pass,
998 4904 1058 4954 lats
1068 4903 1148 4953 dimi·
1202 4919 1273 4966 eum,
1288 4904 1520 4956 Hammoniacum
1536 4906 1695 4960 tendentem
1707 4910 1742 4960 ad
1754 4911 1917 4961 iiammriuis
1929 4912 2003 4962 ioris

349 4966 426 5017 dium
447 4965 516 5027 eius,
535 4967 582 5017 ubi
601 4968 763 5035 plurimum:
785 4973 815 5016 at
831 4967 859 5017 in
875 4975 1001 5021 extremo
1016 4987 1071 5022 non
1087 4971 1149 5039 plus
1201 4972 1354 5035 oraculum,
1375 4974 1596 5041 Oxyrynthiten,
1611 4976 1838 5046 Leontopolites,
1850 4978 2003 5032 Atharrba·

348 5035 468 5102 quinque
478 5035 517 5086 Μ.
531 5050 604 5101 pass.
640 5035 714 5088 Huic
725 5048 869 5101 perparva,
879 5036 1075 5103 Carthaginem
1089 5057 1147 5092 rer·
1200 5042 1287 5103 bites,
1308 5043 1502 5109 Cyropoliten,
1519 5046 1740 5114 Hermopoliten,
1756 5049 1870 5110 Xoiten,
1887 5050 2002 5101 hiesde-

348 5119 404 5165 sus,
415 5103 563 5157 Cercinitis
574 5111 659 5172 ponte
670 5105 804 5171 iungitur.
838 5104 879 5156 Ab
890 5103 934 5155 his
949 5109 1151 5177 quinquaginta
1202 5112 1284 5174 sium,
1295 5110 1483 5178 Sebennytes,
1494 5115 1654 5177 Cebasiten‚
1665 5116 1856 5183 Letopolites,
1869 5120 2004 5186 Heliopo-

349 5174 389 5227 Μ.
401 5172 461 5225 iere
479 5187 609 5238 passuum
627 5173 796 5254 Lopadusa,
812 5172 897 5240 longa
907 5172 944 5225 Vi
957 5173 995 5247 M.
1011 5190 1150 5241 passuum.
1203 5178 1282 5240 lites,
1293 5179 1466 5247 Prosopites,
1480 5182 1673 5249 Panopolites,
1681 5187 2003 5254 Busiriten,0naphiten,

348 5242 416 5293 Mox
429 5241 536 5294 Gaulos
548 5249 575 5294 et
586 5242 700 5303 Galata,
721 5257 800 5294 eurus
810 5250 885 5295 terra
895 5244 1087 5308 scorpionem,
1110 5247 1151 5298 di·
1203 5248 1306 5309 Saites,
1323 5249 1468 5311 Ptesethu,
1484 5250 1665 5318 Phthemphd,
1686 5255 2002 5319 Naucratiten,¹iiieteii·

349 5326 409 5363 rum
425 5310 527 5364 animal
544 5310 671 5373 Africae,
690 5319 781 5363 necat.
818 5311 955 5365 Dicuntur
966 5319 994 5364 et
1006 5314 1034 5363 in
1045 5316 1151 5382 Clupea
1202 5322 1258 5380 ten,
1269 5310 2002 5391 Gynaecopoiiten,Menelaites,Alexandriaeregin-

349 5380 451 5433 emori:
472 5380 551 5433 cuius
570 5395 602 5431 ex
623 5380 740 5432 adverso
756 5381 865 5448 Cosyra
884 5395 945 5431 eun:
967 5382 1079 5446 oppida.
1117 5386 1152 5437 At
1203 5401 1246 5439 ne.
1282 5387 1350 5439 item
1365 5387 1474 5455 Lybiae
1491 5389 1638 5443 Mareotis:
1658 5394 1901 5463 Heracleopolites
1919 5394 2002 5447 estin

350 5457 449 5501 coirtra
458 5448 636 5517 Carthaginis
652 5451 741 5501 sinum
754 5448 824 5501 duae
834 5450 975 5516 Aegimori
988 5464 1068 5509 urae,
1088 5468 1149 5505 sco·
1203 5456 1377 5519 insulaii'iii,
1397 5458 1481 5523 ionga
1493 5474 1620 5524 passarum
1632 5466 1838 5532 quinquaginta
1848 5464 1897 5527 M,
1908 5466 1937 5513 in
1948 5477 2003 5528 qna

351 5518 410 5582 puli
420 5518 525 5582 verius,
542 5535 624 5587 quam
636 5517 753 5581 insulae,
774 5519 848 5573 inter
859 5518 981 5587 Siciliam
991 5520 1111 5573 mamare
1123 5530 1152 5576 et
1203 5531 1233 5577 et
1247 5526 1380 5594 oppidum
1399 5526 1531 5580 Hermiis
1551 5531 1729 5599 appellatam.
1764 5534 1924 5586 Arsinoites
1944 5531 2002 5583 duo
