4368 6008
362 296 426 355 aba
516 295 547 353 C.
577 290 723 353 PLlNll
760 285 966 351 sacuam
1002 283 1166 346 NATrUR.
1201 283 1392 348 alswit
1424 284 1503 346 LIB.
1526 284 1626 346 xxi.
1661 284 1755 346 Cdl’.
1777 286 1899 350 5⁷·69.

367 443 429 498 dice
439 441 552 507 ioliosa,
573 456 608 495 cx
618 456 674 510 qua
692 437 784 493 media
793 437 883 491 veluti
899 435 1001 491 malum
1013 435 1167 500 extuberat,
1219 434 1728 510 cypiri,hucestgladiolinadicem.
1762 435 1972 504 Dulciseaest,
1993 448 2061 513 cep-

367 519 525 568 contsctum
538 528 589 563 saa
600 509 708 563 fronde.
745 509 835 559 Huius
847 514 943 560 vertex
956 522 1077 559 summus
1088 507 1169 558 lacri-
1219 524 1290 577 quae
1301 507 1417 561 decocta
1428 520 1526 574 panem
1538 506 1620 559 etiam
1632 506 1783 574 gratiorem
1794 505 1891 570 iaciat,
1912 510 2021 577 ponde·

367 598 441 635 mam
456 583 578 635 continet
587 577 702 633 iucundi
713 576 832 645 saporis,
843 574 1006 630 acanthicen
1016 574 1168 631 mastichen
1219 579 1411 645 rosiorcmque
1433 574 1516 627 simul
1532 576 1657 627 subacta.
1693 576 1756 628 Non
1776 577 1919 631 dissimilis
1934 588 2055 679 estet*

351 653 547 773 ξρῧιῐιιῗωὲηι
559 719 653 768 actos
671 728 780 782 quoque
795 714 823 782 in
839 712 935 766 Sicilia
953 718 1060 766 tantun
1079 712 1167 764 nasci·
1219 645 1780 782 quffitxiffislrpngpecrageurgigppzq'agpqreqi'
1794 713 1865 768 lolio
1876 715 2020 773 differunt.

245 824 269 844 .
367 799 422 853 tur,
432 804 498 841 suae
509 787 690 854 proprietatis
707 792 735 836 et
752 784 825 851 ipsc:
847 784 876 835 in
887 790 964 836 terra
974 789 1089 850 serpunt
1100 796 1166 834 cau·
1217 784 1392 853 asphodelus
1404 784 1555 852 oblongum
1568 791 1597 836 et
1607 790 1754 852 angustum
1770 781 1865 847 habet,
1885 787 1968 840 scilla
1980 788 2021 842 la·

367 860 418 921 les,
440 857 559 909 aradice
574 853 680 917 emissi,
701 854 759 905 lato
777 852 846 904 lolio
863 860 892 906 et
909 857 1030 921 spinoso.
1066 850 1166 904 caules
1218 860 1313 908 tumet
1325 853 1482 916 tractabile,
1505 852 1647 920 gladiolus
1658 853 1750 906 simile
1759 854 1873 905 nursini.
1910 856 2020 924 Aspha-

368 933 470 979 vocant
491 931 598 978 cactos:
621 938 672 975 nec
689 922 835 974 fastidiunt
851 923 878 973 in
896 922 974 983 cibis,
997 923 1167 972 inveteratos
1219 924 1298 977 delus
1311 923 1461 985 manditur,
1472 929 1502 974 et
1512 923 1619 977 senrine
1630 929 1713 986 tosto,
1734 923 1873 977 etbulbo:
1892 925 1942 978 sed
1963 926 2020 981 boe

367 1010 485 1065 quoque.
521 995 611 1046 Unum
634 993 741 1045 caulem
764 998 871 1043 rectum
895 990 1097 1057 habent,quen1
1116 1002 1166 1040 ro·
1217 994 1350 1046 incinere
1362 999 1447 1056 tosto,
1467 990 1531 1043 dein
1543 993 1603 1045 sale
1624 992 1847 1046 etoleoaddito:
1868 1002 2020 1061 praeterea

366 1072 430 1117 cant
441 1067 575 1133 pternica,
588 1062 712 1115 eiusdem
725 1062 881 1124 suavitatis,
898 1060 946 1113 scd
957 1059 1105 1112 uetustatis
1116 1059 1167 1110 irn-
1218 1070 1280 1115 tuso
1293 1078 1353 1115 cunr
1365 1063 1434 1126 licis,
1442 1062 1591 1130 praecipua
1602 1061 1791 1129 voluptatem
1800 1061 2019 1118 rideturllesiu·

365 1134 526 1204 patientem.
563 1133 662 1185 Samen
678 1132 705 1183 ei
722 1131 872 1199 lanuginis,
891 1145 972 1196 quam
987 1143 1097 1196 pappon
1121 1142 1167 1180 vo·
1218 1133 1262 1186 do.
1282 1132 1417 1185 Traditur
1426 1141 1454 1184 et
1464 1137 1528 1183 ante
1539 1137 1635 1198 portas
1643 1131 1773 1182 uillarum
1784 1135 2017 1196 satum,renredio

365 1214 443 1258 cant:
463 1220 517 1273 quo
529 1203 655 1256 detracto
668 1210 696 1253 et
709 1203 820 1261 cortice,
836 1202 971 1252 teneritas
980 1199 1080 1252 similis
1088 1212 1168 1251 cere·
1218 1218 1278 1255 esse
1299 1208 1397 1255 contra
1415 1202 1612 1255 veneficiorum
1624 1201 1744 1253 noxiam.
1780 1199 1930 1269 asphodeli
1940 1220 2018 1259 men·

364 1276 417 1328 bra
429 1276 538 1343 palmae
549 1280 603 1325 est:
626 1277 725 1333 vocant
736 1270 866 1337 ascalian.
1217 1273 1323 1324 tionem
1335 1278 1364 1325 ct
1374 1272 1515 1325 Homerus
1525 1268 1601 1324 iecit.
1637 1270 1728 1323 Radix
1738 1269 1798 1322 eius
1810 1272 1887 1338 napis
1898 1274 2017 1328 modicis

402 1345 499 1399 Lillll.
518 1341 650 1394 Tribulus
662 1357 716 1392 non
733 1342 785 1391 uisi
803 1340 831 1390 in
848 1337 1018 1407 palustribus
1032 1335 1167 1398 nascitur,
1217 1341 1318 1393 similis
1340 1348 1394 1394 est:
1414 1355 1504 1407 neque
1524 1340 1581 1393 alia
1601 1339 1785 1404 numerosior,
1805 1341 1910 1395 Lxxx
1930 1344 2015 1400 simul

367 1416 430 1467 dira
440 1431 485 1468 res
496 1413 573 1470 alibi,
587 1412 668 1462 iuxta
676 1410 770 1462 Nilum
782 1416 811 1462 et
825 1410 1003 1477 Strymonem
1014 1420 1109 1458 amnes
1121 1418 1167 1458 cx·
1218 1410 1354 1463 acervatis
1365 1424 1449 1477 saepe
1459 1408 1559 1462 bulbis.
1581 1408 1801 1478 Theophrastus,
1820 1419 1849 1463 et
1859 1411 1917 1464 iere
1928 1413 2008 1467 Grae

366 1487 466 1552 cipitur
477 1486 504 1535 in
516 1480 749 1544 cibis,inclinatus
760 1480 788 1529 in
799 1477 908 1538 raduni,
919 1477 987 1529 lolio
999 1476 1034 1527 ad
1047 1474 1166 1542 effigiem
1218 1480 1252 1542 ci,
1272 1480 1453 1547 princepsque
1462 1478 1645 1548 Pythagoras,
1668 1479 1775 1532 caulem
1785 1480 1845 1531 eius
1856 1482 2015 1551 cubitalem

366 1556 442 1617 ulmi,
463 1552 593 1622 pediculo
614 1550 707 1618 longo.
743 1554 778 1602 At
799 1549 829 1599 in
848 1547 955 1616 reliquo
977 1545 1045 1597 orbe
1083 1558 1167 1597 ebera
1218 1558 1247 1604 et
1257 1564 1341 1617 saepe
1352 1549 1436 1603 dudm
1447 1550 1613 1612 cubitorum,
1632 1548 1709 1602 loliis
1720 1548 1955 1616 porrisilrestris,
1965 1569 2011 1606 an.

365 1625 439 1676 duo:
460 1623 507 1675 uni
528 1620 681 1674 cicerculae
700 1617 776 1681 lolia,
795 1617 878 1669 alteri
898 1617 1036 1669 aculeata·
1101 1617 1167 1666 icti
1216 1618 1346 1672 thericon
1366 1635 1516 1673 vocavere:
1538 1618 1660 1671 radicem
1679 1633 1755 1681 rero,
1775 1618 1804 1671 id
1824 1625 1879 1682 cst,
1900 1622 2014 1688 bulbos,

365 1693 455 1747 serius
466 1692 558 1752 floret,
578 1689 721 1757 magisque
731 1685 933 1754 septaubsidet
943 1686 1082 1738 villarum.
1118 1683 1167 1736 Se·
1217 1689 1399 1756 asphodelon.
1428 1689 1525 1741 Nostri
1535 1689 1605 1741 iilud
1616 1688 1745 1745 albucum
1755 1696 1865 1754 vocant,
1877 1699 1906 1743 et
1916 1691 2015 1760 aspho-
2025 1692 2041 1731 l

364 1780 428 1816 suen
439 1764 467 1815 ei
477 1758 630 1823 rotundius,
657 1760 775 1825 nigrum,
794 1757 822 1808 in
833 1757 948 1823 siliqua:
975 1755 1171 1817 alteriareoa7
1218 1760 1310 1813 delum
1321 1758 1460 1811 hastulam
1474 1758 1589 1826 regiam,
1611 1759 1699 1811 caulis
1713 1758 1831 1812 acinosi=
1854 1775 1888 1813 ac
1898 1759 1954 1814 duo
1961 1777 2010 1830 ge·
2102 1788 2108 1797 .

336 1848 455 1892 ‹1-ceum.
491 1830 670 1895 Spiuosorum
692 1826 842 1879 etiamnum
864 1826 940 1878 uliud
978 1840 1045 1878 enus
1056 1825 1166 1895 9¹1⁰¹¹i³q
1217 1829 1408 1883 neraiaciunt.
1444 1828 1549 1893 albrico
1571 1834 1727 1897 estscapus
1738 1829 1879 1893 cubitalis,
1899 1833 2014 1898 amplus,

364 1894 783 1963 insaniiscninspinusbabet,
805 1896 935 1963 apposito
965 1895 1020 1947 olio
1038 1892 1165 1946 rutaesi·
1216 1914 1310 1967 porus,
1326 1899 1422 1951 laevis.
1458 1899 1501 1951 Dc
1512 1913 1566 1966 quo
1577 1899 1662 1966 Mago
1679 1899 1827 1967 praecipit,
1848 1900 1923 1952 exitu
1937 1917 2011 1955 men·

364 1972 436 2032 mili,
446 1976 507 2021 toto
519 1968 597 2020 caule
609 1966 708 2019 foliata
723 1966 751 2017 in
762 1967 873 2018 modum
884 1980 1019 2018 coronae:
1039 1965 1166 2030 sequitur
1216 1970 1254 2020 sis
1265 1968 1370 2030 Martii,
1391 1974 1419 2020 et
1437 1967 1522 2020 initio
1531 1968 1644 2035 Aprilis,
1664 1983 1725 2019 cum
1735 1968 1872 2032 floruerit,
1891 1970 2013 2022 noudum

352 2047 383 2095 *a
393 2038 529 2106 frugibus,
540 2044 634 2089 aratro
646 2035 768 2096 inimica,
788 2036 922 2102 vivaxque
932 2034 1087 2103 praecipue.
1216 2038 1322 2091 semine
1333 2038 1392 2090 eius
1403 2038 1611 2101 intumescente,
1632 2037 1839 2091 demetendum:
1859 2038 2014 2092 findendos-

401 2109 473 2162 ΗΧ.
490 2107 687 2160 Analectarum
710 2104 804 2157 caules
820 2105 973 2172 aliquarum
993 2117 1042 2173 per
1060 2109 1164 2154 terram
1217 2120 1387 2175 quescapos‚
1398 2113 1426 2159 et
1438 2114 1536 2174 quarto
1553 2109 1598 2159 die
1609 2107 1637 2158 in
1649 2106 1742 2160 Solem
1755 2108 1949 2175 proferendos:
1971 2110 2014 2163 ita

321 2194 343 2225 a
364 2184 489 2246 serpunt,
500 2184 530 2228 ut
541 2177 601 2229 eius
613 2189 695 2243 quam
708 2189 880 2243 coronopum
891 2178 1003 2226 vocant.
1037 2171 1163 2224 Edirer·
1215 2177 1328 2229 siccatis
1349 2177 1506 2243 manipulus
1528 2176 1678 2229 iaciendos.
1715 2178 1790 2229 idern
1802 2177 1936 2245 platenam
1948 2178 2015 2232 dicit

364 2266 396 2303 so
414 2254 501 2311 stant,
521 2243 645 2299 anchusa
665 2243 812 2297 inficiendo
833 2245 910 2312 ligno
930 2242 1055 2309 cerisque
1070 2241 1164 2293 radice
1216 2245 1360 2299 aGrnceis
1370 2246 1473 2307 eruceri,
1480 2261 1561 2313 quam
1572 2246 1648 2299 inter
1659 2246 1738 2299 airas
1747 2248 1878 2316 sagittam
1889 2249 2050 2315 appella-e

364 2327 445 2386 apta:
469 2314 701 2369 etemitioribus
716 2313 864 2376 anthemis,
884 2320 912 2367 et
928 2312 1008 2382 phyll
1027 2310 1116 2376 nthcs,
1137 2317 1165 2364 et
1217 2331 1287 2368 rsus.
1313 2317 1393 2368 llanc
1414 2317 1448 2367 ab
1460 2316 1553 2368 idibus
1566 2316 1732 2383 iiaiiusque
1742 2315 1777 2368 ad
1789 2316 1871 2370 linem
1883 2317 2013 2372 Octobris
2114 2314 2118 2325 ’

311 2408 336 2437 e
364 2401 508 2449 anemone,
528 2382 681 2451 staphaee.
717 2382 1005 2438 Cauleioliatoestet
1023 2381 1115 2457 repis,
1137 2386 1166 2434 et
1217 2386 1317 2438 mensis
1338 2385 1518 2450 decorticari,
1537 2393 1620 2452 atque
1640 2386 1785 2439 lenisule
1805 2388 1906 2440 siccari
1925 2388 2014 2442 iubet.

362 2458 449 2510 lotos.
1217 2454 1293 2508 idem
1305 2462 1333 2509 et
1344 2454 1497 2524 gladiolum
1510 2454 1635 2517 alterum,
1647 2472 1727 2524 quern
1740 2457 1857 2525 cypiron
1868 2466 1975 2522 rocam,
1984 2464 2040 2525 sta
2144 2472 2151 2497 ³

399 2526 460 2579 Lis
478 2521 646 2576 Differentia
663 2520 795 2574 foliorum
815 2522 913 2585 ethic,
934 2536 1004 2591 quae
1019 2518 1165 2573 inarbori-
1217 2525 1477 2593 ipsumpalustrcnr,
1499 2525 1570 2578 lulio
1589 2540 1683 2578 urenae
1702 2525 1863 2580 totosccari
1879 2527 1958 2580 iubet
1976 2527 2039 2580 ad‘
2127 2518 2134 2535 '

363 2599 435 2657 ΒΜ,
456 2594 598 2647 blfllstm
618 2591 739 2659 ifldiculi
760 2607 793 2642 ⁸⁰
813 2592 1008 2661 ¹⁰¹¹til¹¹d3¹¹02
1028 2589 1165 2658 angustiis
1217 2594 1350 2659 radicem,
1371 2595 1511 2663 tertioque
1523 2595 1567 2647 die
1578 2597 1605 2647 in
1615 2593 1681 2648 Sole
1691 2595 1797 2659 siccari,
1819 2596 1906 2648 donec
1917 2595 2012 2649 caudi·

366 2667 455 2733 ipsius
466 2663 537 2726 solli,
559 2662 750 2729 amplitudine,
770 2663 888 2728 angulis,
909 2662 1049 2722 incisuris,
1071 2658 1165 2719 odore,
1217 2664 1267 2715 dus
1280 2664 1341 2716 hat.
1369 2664 1501 2725 Quotidie
1513 2672 1606 2717 autem
1619 2672 1682 2717 ante
1694 2664 1787 2717 Solem
1800 2664 1970 2718 occidentem
1981 2667 2012 2718 in

364 2734 444 2788 ἢθη·
478 2733 649 2786 Di⁰l⁰¹¹¹¹i⁰r
663 2730 709 2783 ¹¹³⁰
718 2731 881 2800 quibusdam
895 2747 945 2800 W
956 2738 1050 2799 Ρθῑῐθθ
1064 2728 1164 2780 fl⁰lt¹¹·
1216 2741 1320 2787 tectum
1332 2733 1441 2796 referri,
1453 2735 1583 2801 quoniam
1594 2735 1762 2802 palustribus
1773 2734 1891 2789 desectis
1902 2740 2014 2787 noctur·

364 2805 449 2867 tibus,
460 2811 490 2856 ut
502 2804 602 2864 ocimo,
608 2799 788 2867 heliotropio,
799 2802 933 2868 apbacae,
952 2797 1081 2852 onochili.
1092 2798 1164 2848 Mul·
1215 2804 1245 2855 ni
1255 2817 1334 2855 rom
1345 2811 1471 2857 noceant,

365 2878 403 2927 tis
413 2876 488 2925 inter
503 2872 571 2925 haec
586 2880 702 2945 aeterna
718 2870 796 2932 iulia,
815 2873 888 2922 sicut
906 2868 1069 2937 quibusdum
1082 2867 1162 2919 arbo·
1249 2872 1347 2925 Lxlx.
1367 2873 1478 2926 Similia
1488 2871 1627 2939 praecipit
1637 2877 1666 2924 ct
1678 2871 1712 2923 de
1723 2871 1814 2935 iunco,
1838 2888 1919 2941 quem
1929 2860 2047 2941 mari-d·

364 2960 439 2997 runs:
460 2943 489 2994 in
503 2942 653 3008 primisque
666 2938 844 3005 heliotropio,
855 2940 977 3000 adianto,
990 2938 1075 3004 polio.
1214 2956 1280 3007 scon
1303 2942 1435 3009 appellat,
1456 2938 1491 2992 ad
1503 2940 1635 2992 texendas
1647 2945 1767 3006 tegetes:
1788 2949 1815 2992 et
1828 2942 1919 3007 ipsum
1931 2944 2013 2995 lunio

399 3011 472 3064 Lxl.
490 3011 575 3062 aliud
591 3025 686 3061 rursus
706 3008 876 3074 spicatarum
892 3024 988 3077 genus,
1008 3021 1042 3059 ex
1055 3020 1108 3073 quo
1121 3012 1162 3056 eat
1213 3025 1306 3063 mense
1317 3012 1400 3063 exind
1409 3010 1445 3062 ad
1456 3008 1554 3060 lulium
1564 3007 1684 3059 medium
1697 3009 1877 3075 praecipiens.
1914 3013 2016 3065 cetera

344 3088 350 3093 ·
364 3079 670 3147 cynups,-rslopecuros,
690 3077 875 3143 stelephuros,
895 3085 987 3144 (quam
999 3075 1108 3143 quidam
1120 3090 1162 3126 or·
1213 3080 1247 3133 de
1259 3079 1404 3141 siccando,
1425 3076 1523 3130 eadem
1541 3091 1611 3144 quae
1622 3077 1656 3129 de
1667 3077 1734 3127 ulva
1743 3092 1794 3129 suo
1807 3078 1867 3128 loco
1879 3079 2014 3133 diximus.

362 3156 459 3217 tygem
470 3159 580 3210 vocant,
600 3148 649 3200 alii
661 3145 858 3213 plantaginem,
880 3147 914 3200 de
930 3161 985 3213 qua
999 3146 1079 3213 plura
1089 3145 1163 3197 dics·
1214 3150 1339 3203 Alterum
1351 3163 1436 3217 genus
1449 3146 1593 3198 iuncorum
1603 3144 1682 3208 iacit,
1703 3145 1777 3212 quod
1789 3146 1939 3212 marinum,
1956 3157 1986 3203 et
1999 3166 2016 3201 a

364 3234 425 3270 mus
446 3219 522 3268 inter
542 3215 683 3278 medicas)
704 3214 843 3283 thryallis.
879 3218 920 3268 Er
942 3215 977 3266 iis
998 3215 1162 3282 alopecuros
1213 3219 1330 3271 Graecis
1341 3214 1536 3285 oxyschoenon
1551 3216 1646 3267 vocari
1665 3215 1786 3269 invenio.
1822 3216 1891 3268 Tria
1908 3233 2015 3286 genera
2042 3228 2051 3239 “

363 3288 468 3356 spicam
480 3285 566 3344 habet
577 3287 737 3349 nrollcm,et
747 3285 907 3352 lanuginem
919 3285 1162 3349 densam,nondis·
1214 3288 1286 3340 elus:
1303 3291 1377 3341 acuti
1407 3285 1522 3349 sterilis,
1544 3300 1624 3351 quem
1636 3299 1750 3346 marens,
1762 3290 1802 3338 .et
1820 3300 1896 3353 oxyn
1910 3288 2013 3340 Graeci
2033 3286 2055 3301 ⁴⁴

363 3360 483 3411 similem
492 3357 615 3424 vulpium
628 3356 732 3417 caudis,
743 3355 816 3408 unde
829 3358 854 3408 ci
867 3362 896 3407 et
907 3370 1016 3408 nomen.
1035 3354 1163 3407 Proxima
1214 3356 1328 3410 rocaut':
1349 3323 1457 3425 reiiqua
1476 3354 1620 3416 sentinari,
1641 3353 1759 3406 serentis
1779 3369 1873 3407 semen
1894 3359 2014 3424 nigrum,

364 3436 408 3481 est
419 3431 443 3481 ei
455 3436 483 3480 et
493 3425 688 3493 stelephuros,
708 3426 762 3477 nisi
773 3424 846 3493 quod
856 3426 906 3477 ilia
916 3425 1103 3494 particulatim
1116 3422 1164 3474 lio·
1215 3441 1296 3494 quem
1317 3425 1505 3491 melancracin
1523 3429 1637 3476 vocant.
1672 3423 1801 3477 Crassior
1820 3422 1867 3476 iric
1884 3432 1913 3478 er
1931 3424 2039 3479 fruti..

363 3505 415 3548 ret.
435 3495 594 3559 Cichorion,
606 3504 634 3547 et
645 3494 756 3558 similia,
764 3497 838 3548 circa
848 3502 953 3549 terram
965 3493 1037 3548 iulia
1048 3493 1163 3554 habent,
1216 3498 1320 3550 cosior:
1349 3494 1492 3565 magisque
1512 3494 1663 3547 etiamnum
1682 3494 1805 3556 tertius,
1830 3496 1875 3561 qui
1896 3503 2016 3547 uocatur

365 3566 586 3633 germinantibus
598 3565 632 3616 ab
644 3564 739 3617 radice
751 3574 812 3633 post
824 3567 972 3634 Vergilias.
1214 3563 1427 3619 holoschoenos.
1463 3566 1505 3617 Ex
1525 3563 1568 3614 his
1594 3563 1782 3616 melancranis
1799 3562 1860 3614 sine
1881 3562 1943 3614 aliis
1964 3578 2012 3631 ge·
2037 3598 2039 3607 ι

402 3634 487 3684 Ι,ΧΙΙ,
506 3632 784 3687 i’crdiciumetaiiae
800 3642 907 3702 gentes,
928 3650 1011 3703 quam
1023 3630 1164 3701 Aegyptii,
1216 3636 1327 3687 neribus
1355 3635 1488 3687 nascitur.
1525 3634 1604 3701 ωε
1629 3640 1721 3685 autem
1737 3639 1779 3697 ,ct
1807 3629 2021 3687 holoschoenos·

367 3703 466 3755 edunt:
490 3714 590 3752 nomen
604 3701 682 3753 dedit
695 3705 763 3766 avis,
773 3702 802 3753 id
815 3706 932 3757 maxime
942 3718 1049 3755 eruens.
1085 3703 1164 3753 Cras·
1216 3706 1315 3758 eodem
1340 3705 1453 3771 cespite.
1489 3703 1658 3754 Utilissimus
1679 3703 1715 3754 ad
1736 3701 1830 3755 ritilia
1849 3699 2014 3757 holoschoe-

316 3796 329 3819 .
364 3787 409 3825 aar
431 3769 618 3838 plurimasque
633 3769 716 3822 habet
733 3771 852 3822 radices.
887 3774 959 3823 item
979 3769 1164 3837 ornithogale,
1217 3789 1286 3835 nos,
1307 3774 1374 3840 qaia
1395 3771 1489 3824 mollis
1510 3779 1539 3824 et
1559 3786 1692 3825 carnosus
1714 3780 1766 3827 est.
1801 3771 1869 3825 Fert
1892 3772 2012 3825 bustum

365 3842 445 3894 caule
460 3844 567 3900 tenero,
589 3838 715 3900 candido,
736 3840 899 3906 semipedali
921 3839 1022 3903 radice,
1036 3838 1164 3900 bulbosa,
1217 3857 1331 3895 ovorum
1352 3840 1560 3894 cohaerentium
1582 3839 1674 3894 modo.
1711 3840 1846 3894 Nascitur
1864 3849 1958 3895 autem
1980 3844 2013 3904 is,

363 3911 451 3969 molli,
463 3907 552 3959 tribus
563 3915 611 3959 aut
624 3915 745 3975 quatuor
756 3909 875 3976 agnatis.
894 3909 1030 3974 (loquitur
1039 3911 1067 3961 in
1076 3908 1164 3976 pulte.
1217 3928 1296 3980 quem
1317 3925 1422 3963 marem
1433 3909 1644 3976 appellavimus,
1660 3926 1695 3963 cx
1709 3911 1870 3978 semetipso,
1891 3913 2012 3963 cacumi-

399 3979 497 4033 inlt.
516 3977 628 4039 lllirum,
639 3978 718 4030 loton
728 3977 885 4043 herbam,et
895 3978 1034 4046 aegilopa,
1045 3993 1100 4030 non
1110 3978 1164 4029 nisi
1216 3998 1252 4034 no
1268 3983 1297 4033 in
1313 3985 1417 4033 terram
1435 3979 1541 4032 deliro:
1563 3981 1746 4033 melancranis
1766 3991 1859 4034 autern
1870 3995 1921 4032 suo
1932 3980 2014 4033 semi·

364 4048 842 4121 postannumeseminesaunasci.
876 4049 951 4101 Mira
961 4056 989 4102 et
1000 4045 1164 4100 anthemidis
1217 4068 1260 4106 ne.
1296 4051 1407 4118 Alioqui
1423 4050 1551 4102 omnium
1572 4050 1681 4103 radices
1702 4050 2013 4104 omnibusannisinter·

364 4131 475 4183 natura,
498 4119 718 4187 quodasummo
737 4117 838 4170 llorere
855 4118 961 4185 incipit,
981 4123 1163 4170 cumceterae
1216 4123 1380 4174 moriuntur.
1417 4120 1488 4171 Usus
1508 4120 1544 4172 ad
1564 4134 1661 4172 nassas
1672 4120 1804 4184 marinas,
1823 4118 1942 4171 vitilium
1954 4119 2011 4172 els-

365 4208 470 4253 omnes,
491 4205 561 4259 quae
571 4188 760 4258 particulatim
777 4188 886 4253 dorent,
907 4190 942 4241 ab
958 4189 1016 4241 ima
1030 4187 1074 4241 sui
1084 4195 1164 4257 parte
1217 4192 1349 4260 gantiam,
1358 4191 1531 4242 lucernarum
1542 4189 1655 4250 lumina,
1662 4189 1812 4256 praecipua
1820 4188 2013 4250 medullaam.

363 4262 511 4328 incipiant.
1218 4262 1355 4329 plitudine
1365 4265 1445 4312 iuxta
1455 4260 1609 4311 maritimas
1618 4258 1651 4310 Al
1673 4273 1703 4311 es
1714 4264 1802 4321 tanta,
1811 4265 1843 4310 ut
1855 4257 1941 4309 inciso
1952 4273 2014 4308 ren·

400 4330 499 4382 hxiV.
525 4328 656 4381 Notabile
676 4332 705 4380 et
724 4330 753 4388 in
773 4326 864 4396 lappa,
885 4341 957 4395 quae
977 4326 1165 4391 adhaerescit,
1216 4274 2012 4398 treimpleaatpscneunciarumhtitudinem:inaegyptc

366 4400 494 4464 quoniam
508 4399 535 4448 in
547 4399 609 4465 ipsa
622 4399 673 4450 llos
684 4398 814 4460 nascitur,
825 4413 880 4450 non
891 4396 1014 4460 evidens,
1028 4397 1077 4449 scd
1090 4398 1164 4448 intus
1217 4416 1281 4453 uero
1291 4402 1445 4452 cribrorum
1457 4397 1670 4466 longitudinem,
1680 4413 1735 4450 non
1747 4399 1818 4450 alias
1828 4397 1978 4449 utiliorem.

366 4467 501 4528 occultus,
512 4473 541 4519 ct
551 4471 624 4519 intra
634 4468 763 4532 seminat,
774 4468 851 4519 reiut
862 4467 1002 4528 animalia,
1016 4481 1086 4534 quae
1097 4469 1124 4518 in
1134 4482 1164 4518 se
1252 4469 1370 4532 Quidam
1383 4471 1534 4522 etiamnum
1546 4483 1629 4520 unum
1643 4482 1728 4535 genus
1749 4468 1857 4519 iaciunt
1874 4466 1948 4517 iunci
1964 4464 2013 4516 tri·

365 4535 489 4653 pariunt.
526 4536 609 4590 circa
620 4537 757 4603 Opuntem
768 4537 890 4606 Opuntia
900 4542 944 4588 est
955 4534 1059 4598 herba,
1080 4537 1164 4587 etiarn
1217 4539 1326 4607 anguli:
1338 4553 1462 4607 cyperon
1469 4543 1576 4589 vocant.
1595 4537 1679 4589 Multi
1688 4551 1755 4588 vero
1765 4552 1820 4588 nou
1833 4535 2014 4587 discernunta

386 4603 471 4654 omini
482 4600 579 4655 dulcis.
614 4602 802 4676 Mirumque'e
812 4606 881 4659 folio
892 4608 951 4658 eius
963 4604 1082 4658 radicem
1093 4604 1163 4667 lieri,
1218 4612 1313 4675 cypiro
1324 4609 1468 4661 vicinitate
1479 4606 1607 4659 norninis.
1625 4606 1683 4658 Nos
1696 4604 1899 4672 distinguemus
1909 4612 2013 4656 utrum·

365 4687 398 4724 ac
407 4674 449 4723 sic
461 4686 521 4723 eam
532 4675 617 4726 nasel.
1216 4692 1278 4744 que.
1314 4677 1432 4746 pypirus
1443 4681 1486 4728 est
1498 4675 1647 4743 gladiolus,
1658 4682 1690 4726 ut
1702 4672 1832 4731 dixinrus,
1848 4672 1945 4725 radice
1954 4672 2013 4725 bul·

401 4740 488 4793 va.
508 4740 618 4807 lusione
632 4758 716 4796 uuum
731 4743 830 4796 iulium
844 4742 939 4807 hahet,
958 4743 1007 4797 sed
1022 4743 1063 4795 ita
1073 4740 1165 4810 impli-
1215 4747 1294 4809 bosa,
1315 4745 1523 4798 laudatissimus
1533 4748 1561 4797 in
1573 4743 1674 4794 insulis
1685 4744 1778 4805 Creta,
1800 4739 1863 4790 dein
1874 4739 1965 4807 Naxo,
1985 4748 2013 4793 st

365 4817 467 4873 catum,
486 4818 518 4861 ut
535 4812 617 4880 plura
631 4815 788 4867 rideantur.
824 4813 978 4882 Cubdrylla
994 4828 1090 4866 amara
1109 4819 1163 4877 est,
1215 4823 1314 4885 postea
1324 4816 1352 4867 in
1363 4812 1509 4865 Phoenice.
1532 4814 1643 4864 Cretico
1654 4809 1759 4864 candor
1770 4807 1895 4876 odorque
1905 4812 2012 4863 vicinus

368 4887 397 4933 et
408 4879 480 4932 acris
491 4879 519 4931 in
530 4881 624 4934 radice
635 4885 720 4935 succi.
754 4886 855 4936 Amara
876 4891 904 4935 et
923 4899 939 4934 a
959 4882 1036 4947 hace,
1056 4889 1163 4949 atquae
1215 4886 1311 4945 nardo,
1319 4883 1410 4936 Naxio
1421 4879 1677 4943 acrior,Phoeuicio
1687 4879 1818 4947 exigerunt
1829 4879 1949 4945 spirans,
1957 4879 2013 4931 nul·

365 4949 630 5017 picrisnominatur,
649 4953 748 5020 etipsa
766 4958 827 5005 tutu
845 4967 919 5005 anno
951 4968 1045 5006 oreas:
1063 4966 1163 5004 nomen
1214 4952 1420 5020 lusdegyptlo.
1454 4949 1526 5003 Nam
1536 4956 1565 5003 ct
1575 4949 1614 5001 ibi
1624 4948 1756 5000 nascitur.
1791 4946 1917 5001 Discutit
1937 4948 2012 5003 duri·

365 5020 391 5072 ci
400 5017 559 5071 amaritudo
571 5019 713 5085 imposuit.
1214 5025 1270 5075 tias
1289 5034 1448 5085 corporum.
1483 5019 1541 5071 lam
1562 5019 1636 5071 enim
1656 5016 1781 5070 remedia
1792 5016 1929 5071 dicemus:
1948 5031 2014 5085 quo·

401 5088 499 5141 axvi.
519 5088 659 5140 Notabilis
670 5097 698 5141 et
708 5088 806 5163 scillae
820 5094 948 5158 crocique
960 5096 1069 5151 natura,
1089 5089 1163 5156 quod
1214 5092 1288 5143 niam
1301 5096 1330 5142 et
1339 5087 1440 5142 dorum
1450 5088 1622 5155 odorumque
1641 5086 1752 5156 generis
1764 5094 1808 5140 est
1817 5102 1935 5156 magnus
1946 5101 2012 5140 usus

368 5174 429 5211 cum
440 5172 539 5210 omnes
551 5155 653 5210 herbae
665 5157 763 5210 inliun
776 5160 893 5226 primum
907 5162 1044 5221 emittant,
1061 5159 1163 5210 morin
1214 5159 1244 5213 in
1255 5158 1401 5212 medicina.

367 5228 475 5282 caulem
486 5226 680 5288 retundantur,
702 5227 731 5277 in
751 5227 786 5278 iis
798 5229 885 5281 caulis
895 5231 974 5295 prior
984 5228 1075 5281 intelli
1097 5229 1163 5292 itur,
1250 5228 1332 5291 Quod
1343 5228 1379 5282 ad
1389 5228 1505 5297 cypiron
1515 5226 1626 5288 attinet,
1637 5223 1839 5295 Apollodorum
1851 5223 1961 5292 quidem
1971 5220 2032 5275 se··'

366 5313 448 5368 quam
469 5296 577 5350 folium.
614 5296 651 5348 Et
671 5297 700 5347 in
721 5310 803 5348 croco
815 5297 924 5365 quidem
946 5244 1165 5366 flusinpehnur
1216 5314 1291 5367 quar,
1312 5300 1358 5368 qui
1378 5298 1499 5367 negabat
1516 5296 1681 5350 bibendum:
1699 5309 1854 5365 quanquam
1871 5291 2013 5362 professus

366 5370 457 5421 caule:
476 5365 505 5418 in
516 5366 599 5419 scilla
614 5380 680 5419 raro
697 5363 786 5416 caulis
796 5368 863 5429 exit,
883 5365 983 5420 deinde
1004 5365 1056 5420 ilos
1078 5383 1112 5421 err
1130 5383 1163 5421 eo
1216 5368 1434 5421 efficacissimum
1454 5383 1516 5421 esse
1535 5366 1810 5426 adversuscalc'ulos,
1833 5379 1865 5415 os
1883 5361 2012 5417 coloret.

365 5437 492 5505 emergit.
527 5435 688 5503 Eademque
699 5441 744 5487 ter
753 5433 879 5497 dorstat
891 5433 1019 5501 diximus,
1031 5439 1088 5491 tria
1096 5444 1164 5490 tem·
1214 5439 1336 5491 Feminis
1345 5437 1454 5505 quidem
1466 5435 1583 5490 abortus
1593 5433 1687 5491 lacere
1696 5450 1750 5488 non
1762 5435 1880 5488 dubitat.
1898 5432 2014 5485 Mirum·

365 5520 434 5573 pora
444 5506 599 5558 arationum
611 5504 767 5558 osteudens.
1215 5524 1268 5575 que
1276 5507 1371 5569 tradit,
1388 5505 1524 5561 barbaros
1536 5501 1660 5559 suffitum
1671 5502 1753 5557 huius
1764 5502 1865 5556 herbae
1875 5499 2014 5567 excipien-

401 5572 513 5630 aava.
532 5575 683 5630 Bulbomrn
695 5572 790 5645 generi
811 5571 922 5643 quidam
938 5571 1120 5629 adnumerant
1134 5580 1164 5629 et
1216 5586 1259 5631 tes
1279 5592 1337 5641 ore,
1358 5576 1447 5631 denes
1464 5590 1640 5632 uouemere:
1659 5582 1688 5632 et
1695 5590 1751 5631 nuc
1760 5570 1858 5643 egredi
1870 5568 2014 5630 aeunni.
