4340 6018
279 335 311 394 (i.
354 334 505 395 PblNll
549 335 763 396 SECUNDl
806 335 974 397 narba.

15 476 17 501 ¹
87 490 101 537 ·'
141 487 228 543 dere:
251 500 305 539 non
317 498 468 550 exspuere:
490 497 545 535 non
556 486 665 552 capitis,
683 485 881 548 autdeatium,
901 490 950 539 sut

143 556 289 612 oculorum
302 554 361 605 ullo
374 552 472 605 dolore
492 554 580 617 allici,
602 571 665 607 raro
685 556 803 607 aliarum
825 556 950 622 corporis

144 627 286 696 partium:
306 630 362 675 tarn
375 623 520 676 moderato
532 622 605 676 Solis
623 640 726 692 euporo
747 624 852 677 durari.
887 623 950 677 Phi-

142 692 277 762 losophos
295 707 408 753 eorum,
430 707 499 760 quos
511 693 764 762 Gymnosophistas
783 700 896 756 vocant,
917 694 950 745 ab

144 772 243 819 exortu
254 762 290 815 ad
303 776 434 814 orcarum
446 767 581 829 perstare,
602 770 765 816 contuentes
786 763 879 817 Solem
900 765 950 815 im·

143 832 293 887 numilibus
306 832 414 883 oculis:
437 830 610 884 terrentibus
623 835 714 886 arenis
725 840 787 885 toto
799 833 843 884 die
863 833 949 885 alter·

142 906 185 955 nis
197 902 315 969 pedibus
326 901 466 954 insistere.
485 903 516 954 lu
528 910 633 964 noronte,
646 906 688 954 cui
701 917 800 955 nomen
814 910 856 955 est
867 902 950 963 Nulo,

141 972 271 1026 homines
282 987 344 1025 esse
356 972 462 1023 aversis
473 971 595 1037 plantis,
614 978 730 1025 octonos
742 972 846 1041 digitos
856 973 883 1023 in
895 972 951 1022 sin·

141 1042 214 1114 gulis
225 1041 372 1103 habentes,
383 1048 480 1093 auctor
492 1047 535 1093 est
545 1040 755 1110 Megasthenes.

175 1112 206 1163 ln
219 1110 315 1162 multis
327 1117 420 1162 autem
433 1110 572 1161 montibus
584 1126 672 1179 genus
689 1111 828 1164 hominum
850 1109 949 1178 capiti·

140 1182 193 1233 bus
204 1181 319 1243 caninis,
340 1179 461 1233 ferarum
475 1179 595 1248 pellibus
606 1180 702 1243 velari,
723 1195 774 1249 pro
786 1196 852 1233 voce
863 1181 948 1233 latra-

142 1258 199 1303 tum
212 1249 310 1313 edere,
323 1251 460 1318 unguibus
471 1258 608 1301 muratum
621 1257 723 1302 renutu
735 1258 764 1303 et
776 1251 894 1317 aucupio
906 1264 950 1300 re·

141 1324 188 1373 sci.
228 1320 334 1371 llorum
346 1335 431 1387 supra
442 1325 551 1371 centum
563 1319 663 1387 viginti
674 1320 765 1372 millia
781 1318 868 1372 fuisse
888 1334 949 1385 pro·
971 1320 972 1323 ’

143 1389 226 1442 dente
237 1404 268 1441 se
281 1390 388 1440 Ctesias
399 1388 497 1440 scribit
508 1405 515 1438 ε
536 1396 566 1439 et
576 1389 605 1439 in
616 1390 734 1456 quadam
750 1395 834 1457 gente
845 1390 949 1449 indiae,

142 1458 397 1513 lemiomsemelin
410 1458 465 1508 rita
486 1471 597 1524 parere,
615 1462 779 1527 genitosque
801 1458 949 1511 confestim

143 1544 298 1582 canescere.
339 1528 405 1579 ltcru
417 1526 557 1579 hominum
569 1544 671 1598 genus,
690 1529 738 1596 qui
750 1528 891 1581 Monocoli
905 1544 948 1577 ro·

143 1604 281 1659 careatur,
290 1597 408 1666 singulis
420 1599 556 1663 cruribus,
563 1600 650 1650 mirae
661 1599 836 1665 pernicitatis
846 1599 882 1649 ad
894 1596 949 1649 sal·

143 1675 220 1720 tum:
242 1667 407 1734 eosdemque
418 1666 572 1735 Sciapodas
582 1669 697 1731 vocari,
717 1668 790 1735 quod
802 1670 829 1718 in
848 1667 949 1719 maiori

142 1745 225 1790 nesto
238 1734 311 1787 humi
322 1738 444 1789 iacentes
456 1739 595 1806 resupini,
616 1738 716 1789 umbra
725 1754 755 1789 se
766 1737 867 1804 pedum
887 1751 950 1803 pro·

142 1812 261 1876 tegant:
280 1820 334 1857 nun
347 1806 428 1873 longe
440 1822 488 1858 eos
500 1823 517 1860 a
528 1807 714 1875 'l'roglodytis
735 1809 842 1859 abesse.
879 1806 949 1857 llor-

141 1891 243 1943 susque
254 1875 288 1927 ab
302 1872 343 1925 his
356 1877 528 1929 occidentem
538 1892 647 1941 tersus,
671 1877 806 1945 quosdam
816 1875 877 1928 sine
889 1890 948 1928 cer·

141 1946 212 2007 ricc,
224 1944 321 1996 oculos
330 1945 358 1995 in
370 1944 491 1997 humeris
502 1945 647 2000 habentes.

62 2032 67 2041 ·
85 2026 116 2051 ἰ
177 2013 248 2067 Sunt
259 2013 392 2083 etSotyri
409 2014 571 2067 subsolanis
586 2016 714 2069 ludorum
735 2018 876 2070 montibus
887 2017 949 2081 (Cn

142 2083 352 2137 tharcludorom
370 2084 470 2137 dicitur
487 2087 576 2154 regio)
594 2088 815 2154 pernicissimum
830 2084 948 2138 animal:

143 2169 202 2206 stim
224 2153 431 2222 quadrupedes,
459 2160 517 2206 tum
538 2162 613 2209 recte
635 2164 795 2220 currentes,
828 2153 950 2207 bumana

143 2224 243 2306 effigie,
253 2230 368 2291 propter
378 2223 564 2289 velocitatem,
576 2226 631 2277 nisi
643 2241 724 2279 sones
735 2238 785 2279 aut
796 2226 883 2293 aegri,
893 2238 948 2275 non

143 2300 299 2360 capiuntur.
336 2293 589 2348 Choromandarunr
601 2301 712 2364 gentem
733 2302 815 2347 vocat
824 2297 949 2356 Tauron,

142 2363 307 2426 silvestrem,
318 2366 377 2417 sine
388 2381 466 2428 voce,
488 2366 619 2418 stridoris
632 2365 774 2427 horrendi,
794 2364 876 2416 hirtis
887 2378 947 2414 cor·

142 2433 265 2499 poribus,
277 2434 362 2485 oculis
371 2436 487 2502 glaucis,
499 2436 629 2487 dentibus
640 2435 754 2487 caninis.
772 2434 906 2485 Eudorus
920 2432 947 2482 in

142 2502 303 2554 meridianis
316 2502 420 2566 lndiae,
430 2505 497 2555 viris
510 2504 618 2569 plantas
630 2520 692 2556 esse
703 2501 856 2554 cubitales:
870 2501 949 2551 fensi-

142 2569 185 2619 nis
197 2569 269 2623 adeo
280 2585 390 2637 parvas,
401 2579 432 2621 ut
443 2570 648 2636 Struthopodes
659 2572 842 2636 appellentur.

174 2638 373 2707 Megasthenes
385 2643 497 2701 gentem
508 2638 581 2687 inter
592 2640 732 2689 Nomadas
740 2630 825 2689 indos
841 2637 949 2687 narium

140 2705 203 2759 loco
216 2706 356 2758 foramina
367 2710 473 2755 tuntum
486 2703 647 2768 habentem,
668 2707 798 2773 anguium
816 2705 898 2756 modu
912 2704 949 2755 lo·

139 2774 276 2841 ripedem,
288 2770 381 2822 vocari
393 2772 527 2840 Scyritas.
563 2776 603 2825 Ad
617 2783 759 2827 extrernos
776 2777 844 2825 lines
857 2773 950 2826 indiae

136 2845 172 2894 sb
187 2842 297 2893 oriente
308 2839 382 2891 circa
394 2839 498 2894 fontem
510 2843 629 2909 Gangis,
650 2848 826 2897 Antoniorum
838 2851 949 2910 gentem

1018 336 1213 401 rils'ruie
1258 337 1448 401 aranti.
1492 340 1683 406 CARA&
1765 347 1807 409 99

1001 487 1124 554 septimo
1134 490 1238 542 aetatis
1247 452 1438 559 nnnoparsre,
1445 497 1588 547 renemsm
1596 491 1808 565 quadragesimo

1003 572 1075 608 anno
1086 557 1220 611 accidere.

1037 626 1240 691 Artemidorus,
1261 629 1289 678 in
1312 630 1483 696 Taprobane
1505 633 1596 685 insula
1615 632 1808 703 longissimam

1003 695 1088 745 ritum
1100 694 1162 747 sine
1178 695 1237 747 ullo
1258 700 1383 763 corporis
1405 698 1540 769 languore
1560 703 1679 755 traduci.
1716 703 1809 767 Duris,

1004 764 1132 816 ludorum
1145 764 1278 832 quosdam
1290 781 1350 817 cunr
1362 766 1430 820 ieris
1441 770 1537 833 coire,
1552 772 1708 840 mixtosque
1723 781 1752 824 et
1766 788 1808 826 se·
1950 820 1955 827 .

1003 832 1119 884 miseros
1129 848 1190 884 esse
1202 842 1306 898 partus.
1326 837 1356 886 ln
1367 837 1490 907 calingis
1501 840 1625 892 eiusdem
1637 843 1733 895 indiae
1743 857 1809 911 gen·
1853 832 1914 879 ”s
1977 858 1981 865 ·

1003 911 1031 953 te
1042 906 1231 970 quinquennes
1243 904 1390 970 concipere
1403 906 1529 971 feminas,
1537 915 1664 961 octavum
1677 912 1751 963 ritae
1761 926 1808 965 an·

1002 986 1067 1022 num
1079 985 1135 1022 nnn
1147 970 1289 1024 excedere.
1328 973 1363 1023 Et
1375 974 1441 1025 alibi
1453 980 1542 1041 cauda
1561 980 1662 1032 rillosa
1682 979 1808 1033 homines

1004 1041 1081 1092 nasci
1095 1041 1269 1108 pernicitatis
1279 1041 1408 1104 eximiae,
1418 1044 1489 1097 alios
1501 1050 1613 1099 auribus
1624 1057 1699 1101 totos
1711 1058 1806 1113 conto·

1002 1110 1041 1176 gi.
1077 1111 1173 1162 Oritas
1188 1111 1224 1163 ab
1235 1109 1309 1162 lndis
1327 1112 1408 1163 Arbis
1431 1114 1530 1167 llurius
1550 1116 1733 1171 disterminat.
1770 1118 1807 1171 lii

1002 1179 1109 1230 nullum
1121 1180 1205 1232 alium
1217 1180 1308 1233 cibum
1320 1195 1431 1243 novere,
1453 1199 1535 1249 quam
1548 1188 1673 1250 piscium,
1681 1201 1750 1255 quos
1761 1203 1807 1239 un·

1003 1249 1101 1315 guibus
1112 1249 1248 1302 dissectos
1260 1250 1325 1303 Sole
1337 1256 1480 1303 torreant:
1502 1261 1586 1319 atque
1595 1255 1635 1305 ita
1654 1272 1751 1323 panem
1772 1271 1807 1309 ex

1003 1318 1045 1369 his
1056 1318 1175 1381 lauant,
1187 1326 1217 1370 ut
1227 1318 1314 1371 relert
1326 1320 1490 1372 Clitarchus.
1521 1322 1712 1391 Troglodytas
1723 1323 1808 1392 super

1001 1387 1177 1454 Aethiopiam
1193 1389 1347 1442 velociores
1361 1404 1423 1441 esse
1434 1391 1524 1457 equis,
1546 1391 1730 1458 Pergamenus
1743 1397 1806 1447 Cra-

1002 1466 1053 1508 tes.
1082 1458 1150 1509 ltem
1163 1456 1314 1523 Aethiopas
1325 1464 1426 1511 octona
1436 1459 1530 1511 cubita
1541 1460 1714 1529 longitudine
1725 1477 1805 1516 exee-

1002 1525 1068 1577 derc
1081 1545 1088 1578 z
1109 1526 1246 1594 Syrbotas
1257 1529 1349 1578 vocari
1360 1536 1473 1596 gentem
1485 1545 1554 1580 eant.

1038 1596 1193 1648 Nomadum
1203 1595 1377 1664 Aethiopum,
1386 1600 1535 1651 secundum
1548 1600 1648 1652 llumen
1659 1602 1807 1670 Astragum

1002 1664 1037 1716 od
1050 1667 1278 1733 septemtrionem
1288 1669 1478 1734 vergentium,
1498 1685 1567 1737 gens
1579 1670 1807 1723 Menisminorum

1002 1734 1154 1801 appellata,
1175 1737 1254 1789 abest
1272 1736 1307 1788 ab
1319 1752 1423 1790 oceano
1440 1739 1546 1791 dierum
1567 1740 1667 1792 itinere
1688 1740 1808 1805 viginti:

1002 1805 1174 1877 animalium,
1185 1821 1255 1873 quae
1267 1806 1471 1874 cynocephalos
1484 1824 1623 1872 vocamus,
1645 1808 1719 1862 lacte
1730 1809 1807 1876 risit,

1003 1889 1118 1944 quorum
1130 1883 1257 1926 armenta
1269 1878 1360 1941 puscit
1371 1877 1492 1929 maribus
1502 1878 1671 1942 interemtis,
1687 1885 1808 1946 praeter·

1002 1959 1083 2013 quam
1093 1944 1199 1995 sobolis
1211 1960 1303 1996 causa.
1340 1946 1369 1996 ln
1380 1944 1491 2000 Africae
1502 1948 1701 2001 solitudinibus
1723 1946 1809 2001 honri·

1002 2028 1066 2065 num
1077 2013 1185 2079 species
1197 2013 1297 2066 obviae
1307 2015 1426 2068 subinde
1437 2018 1520 2080 liunt,
1540 2025 1735 2085 momentoque
1747 2033 1809 2070 cra·

1001 2090 1124 2135 nereum.
1160 2083 1241 2135 llaec
1252 2089 1334 2150 atque
1344 2083 1416 2136 talia
1426 2099 1460 2136 er
1472 2083 1614 2138 bominum
1626 2102 1728 2156 genere
1739 2086 1808 2139 ludi·

1000 2153 1062 2205 bria
1072 2151 1135 2213 sibi,
1148 2152 1227 2204 nobis
1239 2153 1382 2216 miracula,
1392 2155 1539 2222 ingeniosa
1551 2158 1618 2208 lecit
1629 2162 1736 2208 natura
1772 2158 1809 2209 Et

1000 2221 1112 2289 singula
1122 2221 1248 2288 quidem,
1270 2237 1340 2288 quae
1352 2221 1421 2274 facit
1432 2227 1458 2275 in
1471 2226 1547 2289 dies,
1567 2242 1601 2278 nc
1611 2240 1697 2292 prope
1715 2224 1809 2289 horas,

1001 2292 1064 2359 quis
1073 2305 1236 2343 enumerare
1247 2291 1361 2343 valeat!
1389 2292 1431 2344 Ad
1443 2293 1629 2363 detegendam
1641 2297 1701 2348 eius
1714 2303 1809 2364 poten·

1001 2364 1077 2422 tiam,
1098 2360 1167 2411 sutis
1178 2362 1215 2412 sit
1226 2361 1301 2413 inter
1312 2359 1443 2428 prodigia
1453 2364 1580 2431 posuisse
1592 2371 1699 2431 gentes.
1734 2366 1809 2418 ilinc

1000 2431 1036 2481 ad
1049 2429 1176 2481 confessa
1186 2431 1214 2479 iu
1226 2429 1336 2482 homine
1347 2445 1445 2497 pauca.

1039 2498 1084 2548 lll.
1104 2500 1287 2565 'l'ergeminos
1302 2500 1378 2551 nasci
1395 2508 1498 2552 certum
1509 2510 1552 2554 est
1562 2503 1744 2554 Horatiorum
1757 2504 1807 2555 Cu·

1002 2567 1203 2634 riutiorumque
1215 2569 1344 2635 exemplo
1355 2586 1361 2618 ε
1373 2583 1467 2636 supra,
1477 2571 1553 2621 inter
1564 2579 1674 2623 «ostenta
1685 2572 1808 2623 duciturr

1003 2641 1195 2702 praeterquam
1217 2639 1246 2686 in
1266 2637 1409 2703 Aegypto,
1436 2637 1483 2687 ubi
1504 2638 1619 2689 fortiter
1640 2646 1706 2703 potu
1728 2639 1808 2691 Nilus

1002 2703 1100 2754 ansuis.
1135 2702 1281 2766 Proxime,
1302 2707 1439 2785 supremis
1461 2705 1524 2755 Diri
1546 2708 1677 2773 Augusti,
1704 2707 1809 2759 Fausta

1003 2772 1138 2839 quaedam
1149 2790 1164 2826 e
1174 2772 1264 2837 plebe,
1282 2772 1380 2823 Ostiae
1393 2772 1462 2823 duos
1474 2789 1577 2837 mares,
1598 2774 1715 2826 totidem
1727 2775 1807 2827 lemi-

1003 2857 1052 2892 nas
1063 2841 1154 2902 enixa,
1166 2839 1353 2910 famemquae
1365 2850 1512 2893 consecuta
1523 2843 1725 2909 est‚porteadit
1736 2840 1807 2897 haud

138 2913 199 2965 aine
211 2925 270 2970 ore,
290 2917 477 2975 corporetoto
490 2911 591 2963 hirtam
603 2913 702 2964 vestiri
721 2911 861 2965 frondium
874 2912 951 2964 lanu·
1002 2909 1093 2962 dubie.
1130 2910 1278 2976 Reponitur
1300 2918 1329 2963 et
1350 2911 1377 2963 in
1396 2910 1588 2977 Peloponneso
1609 2913 1690 2964 binos
1710 2919 1808 2982 quater

140 2984 213 3050 gine,
226 2976 315 3030 halitu
327 2985 435 3029 tantum
446 2980 583 3031 rircmenr
596 2988 625 3033 ot
636 2980 724 3033 odoro
736 2996 817 3047 quem
837 2981 949 3032 naribus
1002 2981 1091 3042 enixa,
1109 2980 1296 3045 maioremque
1307 2989 1412 3047 partem
1425 2995 1459 3032 en
1470 2981 1544 3031 ononi
1556 2983 1616 3033 eius
1627 2982 1732 3035 uixisse
1745 2997 1807 3049 par·

141 3048 262 3101 trahant.
282 3046 396 3098 Nullum
409 3047 465 3099 illis
477 3048 577 3111 cibum,
587 3050 751 3117 nullumque
762 3055 859 3116 potum
871 3068 877 3100 ε
889 3058 949 3102 tau·
1001 3055 1040 3100 tu.
1077 3049 1115 3099 Et
1124 3050 1150 3099 in
1162 3050 1289 3115 Aegypto
1300 3064 1331 3100 se
1351 3055 1430 3100 tenos
1442 3063 1496 3101 uno
1515 3056 1597 3101 utero
1619 3050 1701 3101 simul
1721 3051 1809 3119 gigni,

141 3126 199 3171 tum
210 3115 337 3169 radicum
348 3113 505 3185 florumque
515 3118 608 3169 varios
619 3117 721 3171 odores
733 3124 762 3171 et
778 3117 949 3171 silvestrium
1001 3119 1286 3183 auctorestTrogus.
1350 3118 1483 3184 ignuntur
1502 3124 1531 3170 et
1549 3119 1696 3187 utriusque
1716 3135 1808 3185 senum

143 3184 292 3250 malorum,
314 3202 487 3255 quaesecum
499 3194 613 3253 portant
631 3188 759 3256 longiore
776 3187 892 3251 itinere,
915 3202 949 3239 ne
1001 3200 1070 3252 quos
1095 3183 1346 3252 Hermaphroditus
1365 3202 1514 3250 vocantur,
1534 3189 1604 3242 olim
1625 3187 1807 3257 Androgynen

144 3255 214 3307 desit
227 3255 360 3309 ollactus:
380 3257 510 3326 graviore
521 3258 604 3325 paulo
616 3258 702 3311 odore
715 3255 790 3309 baud
800 3256 950 3309 difficulter
1001 3260 1124 3315 vocatos,
1137 3261 1165 3304 et
1176 3257 1202 3306 in
1212 3254 1349 3322 prodigiis
1360 3252 1480 3319 habitos,
1491 3273 1563 3310 nunc
1574 3273 1641 3312 vero
1653 3255 1680 3310 in
1691 3257 1807 3313 deliciis.

144 3327 301 3380 exanimari.
1035 3323 1183 3390 Pompeius
1196 3325 1315 3391 Magnus
1325 3325 1356 3376 in
1367 3327 1538 3380 ornamentis
1549 3328 1654 3380 theatri
1665 3328 1807 3380 mirabiles

176 3394 266 3464 Supra
277 3395 329 3449 hos
339 3400 464 3449 extrema
475 3395 504 3449 in
520 3404 600 3465 parte
616 3398 752 3449 montium
764 3394 950 3464 Trispitbami
1001 3392 1077 3444 lanto
1086 3393 1180 3458 posuit
1192 3392 1306 3460 elligies,
1326 3392 1362 3444 ob
1373 3393 1401 3446 id
1413 3395 1578 3462 diligentius
1588 3411 1752 3464 magnorum
1764 3411 1807 3448 ar·

144 3462 330 3534 Pygmaeique
342 3474 503 3529 narrantur,
525 3474 617 3520 ternas
628 3464 781 3533 spithamas
800 3465 950 3535 longitudi-
1001 3464 1106 3515 tilicum
1119 3461 1237 3529 ingeniis
1248 3462 1425 3515 elaboratas:
1442 3464 1514 3516 inter
1545 3464 1808 3532 unslegiturEuty-
1836 3474 1857 3537 q

144 3549 189 3598 ne,
198 3534 251 3587 hoc
262 3544 313 3599 est,
326 3543 419 3589 ternos
429 3535 580 3588 dodrantes
591 3550 645 3587 noo
656 3536 833 3597 excedentes,
844 3535 950 3586 salubri
1001 3529 1069 3594 chis,
1081 3548 1099 3583 a
1109 3532 1162 3584 XX
1174 3530 1268 3584 liberis
1279 3546 1348 3599 rogo
1360 3531 1450 3595 illata,
1472 3481 1615 3585 'l'rahibus
1627 3534 1709 3586 enixa
1727 3532 1808 3589 XXX

145 3604 232 3667 caclo,
253 3621 417 3674 semperque
439 3613 581 3668 vernante,
602 3605 743 3658 montibus
762 3606 798 3658 ab
814 3605 950 3672 Aquilone
1001 3609 1105 3669 partus.
1151 3601 1265 3668 Alcippe
1285 3600 1475 3671 elephantum,
1507 3617 1663 3671 quanquam
1685 3602 1712 3655 id
1733 3603 1808 3655 inter

145 3674 299 3741 oppositis:
320 3691 389 3744 quos
399 3691 416 3727 a
425 3676 541 3747 gruibus
552 3675 828 3735 inlestarillom-erus
841 3688 951 3742 quoque
1001 3677 1114 3723 ostenta
1125 3677 1176 3722 est.
1211 3670 1336 3737 Namque
1346 3680 1374 3723 et
1384 3677 1541 3737 serpentem
1554 3674 1663 3740 peperit
1672 3672 1746 3724 inter
1756 3671 1807 3723 ini·

82 3756 88 3771 ·
142 3743 270 3810 prodidit.
290 3745 376 3797 Fama
386 3745 608 3807 est‚insideutes
619 3748 738 3796 arietum
751 3758 951 3810 caprarumque
1001 3741 1041 3791 tia
1052 3739 1167 3791 Marsici
1179 3738 1369 3792 belliancilla.
1403 3740 1595 3793 Multiiormes
1606 3741 1730 3809 pluribus
1750 3755 1806 3792 mo·

142 3812 375 3876 dorsis,armatos
384 3815 497 3881 sagittis
508 3814 582 3867 veris
593 3823 718 3880 tempore
728 3812 951 3880 universoagmi·
1001 3808 1043 3860 dis
1055 3811 1129 3860 iuter
1140 3818 1263 3860 monstra
1280 3816 1375 3874 partus
1392 3807 1520 3863 eduntur.
1558 3811 1691 3862 Claudius
1704 3812 1806 3862 Caesar

143 3897 176 3935 ne
188 3882 223 3934 nd
235 3898 313 3935 mare
324 3882 506 3945 descendere,
526 3890 554 3936 et
566 3900 617 3935 ona
629 3883 776 3949 pullosque
787 3896 881 3934 earum
897 3882 948 3932 ali·
999 3878 1098 3931 scribit
1111 3877 1365 3944 llippocentaurum
1382 3879 1412 3929 in
1429 3877 1576 3930 'l'hessalia
1595 3886 1690 3930 natum
1707 3878 1805 3931 eodem

142 3958 200 4005 tarn
211 3969 389 4005 consumere:
414 3954 501 4006 ternis
513 3953 718 4019 expeditionem
731 3967 792 4003 eam
809 3951 950 4002 mensibus
1000 3948 1204 3999 dielnteriissc.
1233 3947 1271 3999 Et
1285 3961 1335 3999 nos
1346 3948 1504 4016 principatu
1516 3948 1577 3999 eius
1588 3947 1705 3999 allatum
1718 3947 1760 3998 illi
1771 3960 1805 3998 ex

142 4023 248 4085 confici,
260 4022 345 4075 aliter
355 4021 457 4073 futuris
466 4022 598 4090 gregibus
609 4037 664 4073 non
676 4021 778 4073 resisti.
808 4022 949 4072 Casaseo·
1001 4021 1128 4084 Aegypto
1141 4016 1169 4065 in
1180 4014 1263 4067 melle
1279 4015 1408 4069 vidimus.
1444 4018 1496 4069 Est
1515 4019 1590 4068 iuter
1611 4015 1754 4081 exempla,
1774 4015 1806 4066 in

142 4090 285 4153 rumloto,
306 4091 465 4158 pennisque,
486 4098 514 4143 ct
536 4106 652 4143 ovorum
674 4089 861 4157 putaminibus
882 4106 948 4143 con·
1000 4093 1109 4139 uterum
1121 4085 1246 4151 protinus
1258 4100 1386 4138 reversus
1401 4087 1494 4139 inians
1504 4085 1638 4153 Sagunti,
1659 4099 1713 4152 quo
1732 4097 1805 4135 anno

142 4161 224 4212 strui.
261 4158 874 4227 AristotelesincarernisvirerePygmaeos
892 4165 949 4212 tra·
999 4157 1034 4208 ab
1044 4154 1202 4206 Hannibale
1213 4153 1306 4206 deleta
1315 4162 1367 4207 est.
1396 4196 1399 4201 ,

142 4225 202 4280 dit:
223 4227 582 4296 ceterudehinutreliqui.
1035 4224 1077 4276 Er
1090 4223 1313 4275 iaminismutari
1325 4225 1353 4275 in
1373 4239 1478 4285 mares,
1499 4237 1555 4274 non
1576 4227 1619 4274 est
1638 4220 1805 4273 fabulosum.

177 4298 290 4362 Cyrnos
308 4296 437 4349 ludorum
458 4312 544 4366 genus
563 4299 693 4368 isigonus
721 4297 800 4350 annis
825 4297 949 4350 centenis
1000 4291 1359 4355 lurenimusinnnnalibus,
1370 4292 1645 4352 rznrcrniocmso,
1667 4291 1804 4341 cesano

162 4363 332 4431 uadrngenis
352 4366 449 4420 rivere.
486 4369 554 4420 ltern
571 4366 723 4434 Aethiopas
739 4366 899 4418 Macrobioe
920 4373 950 4418 et
999 4362 1127 4429 Longino
1149 4376 1224 4414 coss.
1244 4359 1805 4428 Casinipuerumiactumesrirginesub

142 4379 228 4486 Seras
240 4432 397 4497 existimat,
406 4446 434 4489 et
445 4439 493 4505 qui
502 4435 593 4489 Athon
605 4444 726 4489 montem
737 4435 878 4488 incolant:
897 4432 950 4486 bos
1001 4430 1170 4497 parentibus,
1190 4432 1319 4497 iussuque
1331 4431 1494 4496 Aruspicum
1506 4429 1683 4497 deportatum
1693 4428 1722 4479 in
1732 4428 1806 4480 insu·

143 4502 265 4573 quidem»
276 4505 341 4571 quin
352 4505 484 4572 viperinis
495 4508 625 4560 carnibus
639 4506 768 4559 alantur:
790 4508 885 4571 itaque
899 4519 951 4556 nec
1000 4500 1056 4551 lam
1078 4499 1225 4551 desertam.
1262 4498 1543 4553 literniusniuctanos
1563 4495 1694 4566 prodidit,
1716 4498 1806 4549 risum

144 4574 238 4641 capiti,
259 4588 311 4626 nec
321 4577 443 4628 restibus
454 4592 549 4629 eorum
560 4578 646 4630 noxia
656 4577 766 4645 corpori
776 4574 869 4627 inesse
890 4574 948 4625 ani·
1000 4584 1018 4621 a
1027 4584 1057 4620 se
1068 4568 1149 4634 Argis
1159 4571 1348 4629 Arescontem,
1364 4569 1409 4620 cui
1419 4583 1519 4621 nomen
1529 4571 1679 4622 Arescusae
1692 4567 1804 4621 luissett

144 4644 237 4695 ΜΙῙδ·
1000 4638 1128 4705 nupsisse
1139 4639 1233 4699 etiam,
1251 4652 1313 4688 mox
1326 4639 1437 4691 barbam
1450 4644 1481 4690 et
1492 4638 1654 4691 virilitatem
1665 4636 1805 4706 provenis·

177 4712 361 4775 Onesicritus,
381 4714 482 4781 quibus
504 4717 533 4767 in
553 4716 622 4768 locis
643 4714 738 4768 lndiae
758 4716 873 4767 umbrae
893 4728 949 4766 non
1000 4724 1040 4771 se,
1050 4721 1220 4773 uxoremque
1230 4706 1352 4758 duxisse.
1388 4707 1520 4760 Eiusdem
1530 4711 1617 4761 sortis
1628 4717 1656 4760 et
1668 4708 1805 4787 Smyrnae

145 4780 209 4841 siat,
231 4796 350 4847 corpora
361 4781 504 4835 bominum
516 4784 670 4836 cubitorum
683 4785 806 4851 quinum,
827 4790 855 4835 et
870 4783 949 4836 bino·
1001 4792 1115 4845 puerum
1126 4792 1143 4827 a
1153 4791 1183 4828 se
1195 4777 1292 4828 risum.
1328 4777 1389 4845 lpse
1400 4778 1429 4829 in
1440 4776 1535 4831 Africa
1548 4778 1608 4830 ridi
1625 4784 1762 4830 mutatum
1775 4789 1806 4827 us

145 4863 204 4899 rum
216 4850 372 4917 palmorum
384 4856 528 4915 excutere,
538 4862 567 4907 et
577 4853 670 4906 virere
681 4868 767 4906 annos
779 4859 887 4905 centum
900 4851 949 4903 tri·
1000 4862 1105 4899 marem
1116 4845 1274 4914 nuptiarum
1284 4844 1345 4911 die,
1363 4844 1398 4899 1..
1409 4847 1561 4900 cossinium
1572 4849 1661 4901 ciram
1670 4842 1807 4914 Thysdri.

145 4918 229 4986 ginta,
239 4935 291 4971 nec
302 4936 456 4986 senmcere,
468 4923 517 4975 sed
528 4930 559 4975 ut
570 4923 663 4975 medin
673 4937 758 4984 aevo,
769 4922 848 4973 niori.
885 4923 950 4973 Cra·
1000 4924 1105 4969 maana

144 4994 185 5039 tes
195 4986 553 5060 Pergamenuslndos,qui
565 4990 950 5052 centenosnnuoserredont,
1035 4985 1130 5036 Editio
1150 4985 1267 5051 geminis
1290 4999 1380 5036 raram
1403 5001 1479 5047 esse,
1499 4993 1549 5039 aut
1569 4999 1735 5052 puerperae,
1755 4990 1807 5039 aut

145 5054 298 5123 Gymnetas
320 5059 455 5126 appellat,
476 5075 531 5112 non
547 5062 628 5129 pauci
638 5061 806 5112 Marrubios.
842 5060 950 5111 Ctesias
1001 5053 1157 5122 puerperio,
1170 5062 1363 5121 praeterquam
1374 5052 1569 5116 alteri,ritam.
1588 5052 1618 5106 Si
1630 5070 1694 5105 sero
1705 5052 1807 5103 utrius·

143 5134 254 5193 gentem
265 5143 299 5180 es
310 5126 363 5189 his,
374 5144 446 5195 quae
458 5131 615 5197 appelletur
626 5129 765 5190 Pandere,
779 5129 808 5181 in
819 5128 951 5181 convalli·
1001 5140 1054 5194 que
1065 5136 1152 5175 serris
1162 5120 1229 5173 editi
1239 5122 1295 5173 sint
1311 5123 1427 5191 gratini,
1448 5122 1582 5175 rariorem
1602 5124 1713 5188 utrique
1730 5119 1806 5199 salu·

143 5193 193 5247 bus
203 5198 299 5260 sitam,
311 5211 397 5249 annos
409 5198 531 5251 ducenos
542 5199 647 5261 virere,
668 5200 696 5250 in
708 5199 823 5250 iuventa
832 5196 951 5249 candido
1001 5202 1067 5245 teni.
1091 5190 1221 5242 Feminas
1231 5190 1307 5259 gigni
1321 5191 1450 5255 celerius,
1462 5206 1544 5257 quam
1556 5206 1656 5254 mares,
1666 5190 1750 5240 sicuti
1760 5202 1807 5239 cs·

143 5265 254 5331 capillo,
264 5266 311 5332 qui
322 5265 351 5319 in
363 5274 507 5321 senectute
517 5269 665 5338 nigrescat.
685 5269 789 5320 Contra
799 5264 949 5334 aliosque·
1002 5262 1090 5314 lerion
1099 5275 1261 5313 senescere:
1282 5259 1395 5325 saepius
1407 5262 1433 5310 in
1443 5265 1523 5311 utero
1534 5260 1642 5311 moveri
1652 5268 1757 5311 mares,
1777 5260 1809 5305 et

143 5332 280 5401 dragenus
291 5352 347 5388 non
360 5337 494 5391 excedere
502 5338 712 5400 annoniunctos
722 5336 951 5401 Macrobiinquo·
1002 5330 1029 5382 in
1041 5331 1157 5382 dextera
1168 5327 1227 5381 iere
1238 5329 1298 5396 geri
1309 5335 1396 5395 parte,
1406 5331 1433 5379 in
1444 5327 1525 5379 laeva
1535 5326 1669 5387 feminas,
1688 5322 1811 5372 comtos.

142 5417 201 5455 rum
213 5404 337 5459 feminae
347 5407 435 5461 semel
464 5408 575 5459 arlant:
594 5406 680 5473 idque
695 5413 723 5457 et
732 5400 952 5472 Agatharchides
1036 5396 1084 5450 lV.
1104 5399 1210 5450 ceteris
1221 5397 1409 5450 animantibus
1418 5402 1523 5449 statum
1535 5402 1564 5447 et
1573 5388 1697 5460 pariendi
1708 5387 1811 5445 allm-

139 5474 235 5526 tradit.
273 5472 426 5529 Praeterea
437 5421 557 5528 ihcustis
568 5492 617 5529 eos
627 5475 682 5538 ali,
702 5482 731 5527 et
744 5490 806 5528 esse
820 5472 952 5541 pernices.
1002 5475 1047 5519 tus
1057 5468 1169 5549 gers-¹²
1180 5473 1289 5488 ·-···
1303 5472 1359 5516 ··*,;
1382 5463 1464 5516 bomo
1475 5472 1537 5516 toto
1547 5477 1635 5521 nno,
1655 5458 1684 5505 et
1699 5449 1811 5561 ἰηῗεηο

140 5537 311 5602 Mardorum
323 5559 425 5599 nomen
436 5545 474 5598 lis
483 5542 563 5598 dedit
573 5544 739 5607 clitarchus,
750 5548 779 5596 et
789 5544 837 5598 Me
858 5537 952 5593 artbe-
1002 5538 1086 5605 gigm‘
1375 5534 1480 5601 eptimo
1491 5540 1595 5586 menae,
1614 5523 1687 5575 sitm
1698 5528 1732 5563 οῦ
1746 5528 1814 5583 svn,

139 5619 519 5686 m‚trecentosqussornm
529 5613 606 5669 nens
616 5618 789 5669 arannem
845 5607 952 5664 eminas
1002 5614 1058 5661 etr
1406 5598 1597 5661 nominique
1633 5589 1704 5641 Ante
1721 5586 1813 5647 ”bll-
