4340 6018
179 302 188 315 ⁸
252 331 285 389 C.
329 324 479 387 retuli
523 323 728 386 sacuam
772 287 940 386 Narnia
983 325 1171 389 tristem
1215 324 1412 386 mavul.
1455 325 1688 391 ctas-to.
1747 335 1804 395 lll

143 476 398 540 timeonviderct,
420 473 652 528 incdiatestatus.
690 476 726 528 lit
736 474 950 543 unguentariam

145 547 284 619 quandam
293 546 426 601 dilectam
436 546 505 597 laba
517 544 615 598 tradit.
635 546 764 598 Omnium
777 546 881 596 umoris
892 543 950 597 ine·

145 624 361 686 reargumcnta,
382 615 514 684 gaudium
527 622 721 680 aconspectu,
741 613 950 681 blanditiaeque

144 687 316 748 inconditae,
327 687 479 765 stipesque,
491 698 559 754 quas
570 684 690 752 populus
701 683 836 747 dedisset,
855 698 950 735 serva·

145 766 200 820 tae,
211 765 241 810 et
252 759 281 807 in
291 757 382 808 sinum
393 756 507 808 eilusae.
542 753 602 805 Nec
612 754 725 816 mirum,
745 770 807 807 esse
817 767 951 814 amorem,

145 825 450 899 quibnssitnremoria.
487 823 692 892 ldcmnamquc
704 824 803 887 tradit,
823 823 950 891 agnitum

144 899 304 958 ineenecta,
326 895 618 962 multospostannoa,
641 893 952 960 qnirectorininventa

144 967 254 1020 lubeat.
273 966 347 1017 idem
358 963 561 1017 divinationem
572 963 709 1031 quandam
720 964 856 1015 iustitiae.
882 963 950 1013 Cum

144 1035 272 1090 Bncchns
282 1049 332 1087 rex
349 1034 469 1102 triginta
486 1032 656 1100 elephantis,
677 1032 812 1097 totidem,
835 1032 864 1083 in
881 1046 950 1099 quos

144 1105 251 1161 saevire
272 1105 451 1166 instituerat,
471 1103 616 1170 stipitibus
635 1102 770 1170 alligatos
791 1101 950 1164 obiecisset,

143 1175 374 1246 procursantibus
385 1174 463 1225 inter
473 1189 523 1228 eos
532 1174 580 1240 qui
590 1174 769 1235 lacesserent,
776 1186 831 1224 non
842 1170 949 1238 potuis·

144 1263 174 1300 se
184 1245 267 1310 effici,
289 1252 320 1296 ut
330 1243 507 1299 crudelitatis
517 1244 625 1298 alienae
635 1242 793 1294 ministerio
805 1241 951 1307 iungeren-

176 1386 225 1439 Vl.
245 1383 419 1451 Elephanton
430 1384 515 1436 ltalia
532 1384 652 1449 primum
670 1380 741 1432 vidit
753 1377 854 1448 Pyrrhi
875 1378 950 1447 regis

144 1455 236 1517 bello,
260 1460 289 1506 et
299 1454 384 1506 bores
394 1452 487 1507 Lucas
502 1453 669 1520 appellavit,
689 1449 849 1502 inlrucanis
864 1449 950 1511 visos,

103 1538 109 1555 ’
144 1540 216 1580 anno
227 1523 310 1576 Urbis
332 1522 608 1592 quadringentesimo
628 1521 834 1587 septuagesimo
855 1533 951 1570 secun·

145 1597 200 1649 do:
222 1594 312 1646 Roma
320 1600 414 1645 autem
424 1594 452 1644 in
465 1590 619 1660 triumpho,
637 1598 744 1657 septem
757 1590 835 1641 annis
852 1586 887 1640 ad
903 1602 949 1639 su-

143 1667 282 1735 perierem
294 1678 436 1715 nnmerum
446 1663 561 1715 additis.
597 1659 703 1712 Eadem
719 1659 854 1725 plurimos
875 1670 949 1709 auno

144 1735 366 1804 quingentesimo
376 1732 509 1795 secundo,
519 1731 640 1783 victoria
650 1728 799 1781 inllietelli
811 1727 951 1796 pontilicis

143 1809 172 1858 ln
184 1802 280 1857 Sicilia
291 1802 433 1855 del¹oenis
444 1809 549 1869 captos.
569 1802 686 1861 Centum
698 1798 884 1864 quadraginta
895 1796 949 1848 duo

145 1874 224 1927 luere
235 1872 385 1925 transvecti
396 1872 513 1933 ratibus,
525 1886 594 1937 quas
605 1869 744 1920 doliorum
755 1868 893 1919 consertis
903 1881 948 1918 or·

145 1943 255 1997 dinibus
266 1943 448 2009 imposuerat.
484 1941 601 1994 Verrius
612 1955 660 1991 eos
672 1952 810 2006 pugnasse
819 1937 848 1987 in
857 1936 950 1999 Circo,

143 2013 362 2079 interfectosque
381 2011 482 2064 iaculis
493 2011 582 2063 tradit
599 2010 715 2076 penuria
735 2007 863 2059 consilii:
884 2020 950 2072 quo·

142 2086 217 2135 niam
229 2096 318 2149 neque
328 2082 365 2133 ali
377 2081 536 2148 placuisset,
549 2095 638 2147 neque
650 2079 748 2131 donari
760 2076 880 2143 regibus.
916 2076 949 2127 L.

144 2153 208 2205 l‘ieo
217 2152 349 2204 inductos
361 2152 507 2203 dumtaxat
517 2152 546 2202 in
558 2149 676 2211 Circum,
688 2154 772 2216 atque
784 2156 814 2198 ut
825 2153 949 2199 contem-

83 2226 86 2237 '
142 2231 297 2275 tuscorum
308 2221 487 2282 incresceret,
507 2221 542 2272 ab
554 2219 690 2285 operariis
703 2216 798 2268 hastae
814 2217 952 2283 praepila-

141 2291 373 2353 tashnhentibus,
393 2306 443 2358 per
454 2292 565 2343 Circum
576 2296 667 2341 totum
679 2296 767 2340 actos.
803 2285 863 2338 Ncc
883 2284 950 2353 quid

143 2361 245 2415 deinde
254 2362 292 2412 iis
303 2360 408 2411 iactam
418 2362 465 2424 sit,
474 2367 605 2412 auctores
615 2357 765 2425 explicant,
776 2356 825 2422 qui
835 2370 891 2406 non
903 2371 951 2423 pn-

141 2438 203 2484 tant
215 2430 390 2484 interiectos.

175 2499 238 2553 Vll.
258 2501 341 2553 clara
354 2506 399 2554 est
414 2499 498 2551 unius
513 2497 672 2551 allemanie
687 2496 833 2548 dimicatio
854 2495 950 2548 adver·

139 2584 190 2623 sus
201 2568 396 2637 elephantum,
417 2582 479 2618 cnm
490 2567 633 2617 Hannibal
644 2566 770 2632 captivos
781 2573 893 2615 nostros
908 2563 949 2615 di·

138 2640 248 2691 micare
259 2640 335 2690 inter
344 2651 407 2688 sese
416 2634 563 2700 coegisset.
600 2634 724 2699 Namque
735 2648 818 2685 anum
837 2633 884 2700 qai
906 2648 950 2683 au·

137 2715 266 2774 parerat,
277 2706 382 2756 obiecit
393 2702 541 2769 elephanto
553 2718 560 2751 r
583 2709 612 2754 et
622 2702 680 2765 ille,
691 2702 793 2752 dimitti
804 2708 914 2766 pactus,
926 2700 951 2751 si

135 2774 346 2834 interemisset,
356 2773 433 2823 solus
444 2773 473 2822 in
485 2785 569 2823 arena
580 2786 760 2839 congressus,
770 2784 872 2837 magno
881 2770 952 2823 Poe·

133 2859 245 2898 noratur
257 2842 364 2902 dolore,
376 2840 505 2893 confecit.
541 2840 690 2903 llannibal,
701 2855 762 2891 cunr
773 2838 876 2890 isaram
888 2840 950 2893 eius

135 2912 337 2968 dimicationis
348 2918 518 2963 contemtum
530 2909 678 2961 allaturam
690 2909 792 2962 belluis
811 2910 952 2978 intellige·

134 2992 196 3047 ret,
208 2980 318 3047 equites
329 2980 415 3042 misit,
426 2980 473 3045 qui
484 2981 632 3031 abeuntem
647 2979 845 3031 interficerent.
881 2979 949 3031 Pro·

136 3049 285 3108 hoccidenr
297 3064 394 3103 eorum
406 3048 543 3100 facillime
555 3048 707 3114 amputari,
717 3046 818 3115 Pyrrhi
830 3050 951 3114 proelio·

137 3137 202 3174 enm
215 3118 414 3187 experimentis
425 3118 526 3184 patuit.
546 3118 650 3169 Ronrae
660 3132 797 3185 pugnasse
809 3119 951 3170 Fenestel-

138 3190 265 3244 latradit
283 3192 401 3257 primum
419 3187 541 3238 omnium
558 3188 585 3237 in
597 3188 695 3248 Circo,
715 3186 826 3237 Claudii
837 3187 949 3239 Pulchri

140 3259 290 3315 aedilitate
302 3258 406 3320 curuli,
416 3258 456 3308 lli.
466 3257 602 3317 Antonio,
613 3258 643 3307 Α.
655 3256 801 3307 Postumio
813 3258 891 3308 Coss.
903 3274 950 3308 an·

140 3348 176 3385 no
188 3329 272 3381 Urbis
282 3327 485 3380 sexcentesimo
497 3326 724 3393 quinquagesimo
736 3326 844 3392 quinto.
879 3327 949 3379 item

141 3410 208 3469 post
219 3413 308 3451 annos
320 3397 374 3449 XX
388 3395 569 3449 Lucullorum
587 3394 731 3447 aedilitate
749 3396 837 3447 curuli
853 3396 950 3448 adver·

142 3486 189 3524 aas
204 3480 311 3521 tauros.
347 3466 476 3532 Pompeii
486 3480 595 3585 q⁰⁰3⁰⁰
608 3465 701 3517 altero
719 3464 882 3528 consulatu,
903 3465 949 3519 de-

142 3539 284 3594 dicatione
296 3536 393 3603 templi
402 3533 521 3588 Veneris
559 3536 670 3598 ictricis,
682 3550 838 3602 pugnavere
848 3536 878 3585 in
890 3536 949 3587 Cir-

143 3624 176 3662 co
186 3609 298 3676 viginti,
321 3613 369 3657 aut
380 3611 411 3656 ut
423 3602 536 3671 quidam
548 3604 676 3666 tradunt,
697 3603 785 3664 xvir,
821 3603 949 3656 Gaetulis

144 3694 177 3731 ex
187 3680 305 3730 adverso
317 3675 520 3737 iaculantibus,
530 3676 655 3727 nrirabili
666 3674 747 3725 unius
759 3674 949 3737 dimicatione,

144 3751 190 3817 qui
201 3748 318 3817 pedihus
329 3744 468 3796 corriossis
478 3744 568 3810 repsit
579 3746 694 3812 genibus
704 3743 732 3794 ln
745 3749 880 3808 catervas,
900 3746 948 3797 ab·

144 3829 223 3887 repta
234 3823 314 3869 scuta
323 3815 430 3866 iaciens
441 3815 468 3865 in
479 3814 607 3875 sublime,
618 3828 688 3881 quae
700 3813 860 3866 decidentia
868 3816 948 3866 rolu-

144 3890 217 3955 ptati
226 3884 424 3953 spectantibus
436 3889 517 3936 erant
528 3884 556 3935 in
568 3885 662 3937 orbem
673 3883 853 3947 circumacta,
871 3883 949 3936 velut

144 3966 218 4021 arte,
240 3972 295 4008 non
306 3954 401 4007 lurore
414 3953 524 4006 belluae
534 3954 697 4005 iacerentur.
734 3952 868 4021 Magnum
880 3960 909 4007 ct
919 3954 947 4005 in

144 4028 234 4082 altero
246 4026 413 4079 miraculum
425 4023 494 4087 l'uit,
515 4037 572 4074 uno
583 4024 643 4075 icta
654 4024 756 4076 occiso.
793 4024 883 4075 Pilum
904 4038 950 4075 aa·

144 4097 355 4160 temsubocnlo
372 4095 519 4155 adactum,
539 4094 567 4144 in
586 4094 684 4145 vitalia
703 4094 804 4159 capitia
825 4101 948 4145 reserat.

144 4167 273 4221 Universi
283 4165 460 4232 eruptionem
477 4169 634 4226 tentavere,
655 4178 709 4215 non
724 4166 785 4217 sine
800 4165 949 4217 vexatione

143 4237 257 4303 populi,
279 4234 443 4286 circumdati
456 4231 571 4284 clathris
583 4232 690 4285 ferreis.
727 4234 790 4297 Qua
810 4234 844 4286 de
865 4249 950 4286 causa

141 4307 251 4357 Cacsar
262 4304 393 4367 dictator,
403 4310 502 4371 postca
512 4303 603 4355 simile
614 4304 803 4369 spectaculum
815 4304 950 4367 editurus,

141 4373 253 4439 euripis
265 4386 375 4423 arenam
387 4372 579 4425 circumdedits
591 4388 660 4441 quos
669 4374 743 4425 Nero
754 4375 881 4440 princeps
893 4388 950 4423 sus·

141 4442 230 4504 tulit,
252 4441 341 4507 equiti
362 4441 423 4494 loca
438 4443 552 4493 addens.
591 4442 645 4493 Sed
664 4443 828 4509 Pompeiani
848 4443 950 4492 amissa

142 4512 228 4579 lagae
244 4525 294 4576 ape
314 4511 533 4564 misericordiane
554 4511 632 4579 vulgi
653 4512 835 4564 inenarrabili
854 4509 949 4562 habitu

143 4588 309 4648 quaerentes
320 4581 519 4649 supplicavere,
531 4580 649 4647 quadam
668 4596 729 4633 sese
749 4581 950 4632 lanientatione

145 4651 352 4718 complorantes
363 4669 370 4701 ε
389 4656 472 4703 tanto
483 4651 578 4719 populi
590 4651 697 4713 dolore,
709 4659 740 4701 ut
751 4650 853 4702 oblitus
864 4650 951 4717 impe.-

144 4722 248 4773 ratoris
260 4733 294 4770 ac
303 4720 510 4774 munificentiae
521 4720 622 4773 honori
634 4735 685 4771 sno
697 4720 861 4789 exquisitae,
882 4719 950 4771 liena

145 4790 286 4841 universos
300 4796 492 4857 consurgeret,
511 4789 799 4858 dirasqdePempeio,
822 4789 950 4856 quasilla

145 4874 209 4910 mox
221 4860 284 4919 loir,
295 4861 506 4926 imprecaretur.
515 4890 518 4895 >
526 4861 690 4927 Pugnavere
700 4872 728 4912 ct
740 4861 853 4912 Caesari
865 4859 951 4911 dicta·

145 4931 199 4980 tori
209 4931 296 4980 tertio
307 4929 458 4981 consulatu
470 4930 538 4992 eius,
545 4931 646 4997 viginti
657 4928 951 4997 contrapeditesqnin·

144 5005 262 5066 gentos:
286 5000 446 5067 iterumque
463 5000 582 5052 totidem
603 5000 698 5051 turriti
718 5015 779 5051 cum
801 4999 950 5069 sexagenis

143 5069 411 5136 propugnatoribus,
433 5069 531 5122 eodem
549 5084 604 5138 quo
622 5072 730 5136 priores
746 5084 862 5122 numero
878 5069 952 5137 pedi-

142 5147 200 5189 tum
213 5148 242 5190 et
255 5142 314 5205 pari
327 5138 451 5206 equitum
469 5155 503 5192 et
522 5140 641 5191 adverso
663 5138 833 5191 dimicante:
853 5146 953 5206 postea

140 5208 252 5275 singuli,
270 5210 444 5279 principibus
456 5208 573 5261 Claudio
585 5216 613 5260 et
623 5207 726 5260 Neroni
738 5208 766 5258 in
778 5223 951 5260 eonsumma-

142 5277 222 5329 tione
240 5278 442 5346 gladiatorum.
478 5280 567 5346 ipsius
578 5278 706 5329 animalis
723 5283 802 5329 tanta
818 5285 951 5329 narratur

141 5346 294 5399 clementia
305 5353 405 5400 contra
415 5350 509 5411 murus
518 5347 673 5411 validoa,ut
682 5347 710 5397 in
721 5361 807 5415 grege
816 5347 951 5414 pecudum

141 5420 318 5469 occurrentia
328 5431 413 5469 manu
424 5418 577 5479 dimoveat,
598 5432 632 5468 ne
642 5415 718 5484 quod
727 5417 837 5468 obterat
849 5419 950 5482 impru-

140 5484 227 5545 dens:
248 5504 300 5541 nec
313 5488 369 5540 nisi
385 5488 509 5541 lacessiti
526 5493 658 5548 noceant,
680 5485 796 5552 ideoque
814 5485 950 5553 gregatim

139 5568 254 5623 semper
266 5557 537 5621 ambulentminime
547 5572 582 5608 ex
592 5555 722 5607 omnibus
732 5555 856 5621 solivagi.
869 5554 952 5618 Equi·

140 5632 206 5679 tata
217 5627 414 5693 circumreuti,
423 5629 549 5681 instratos
559 5631 608 5678 aut
618 5625 709 5680 imos
719 5625 913 5679 vulneratosve
921 5624 951 5675 in

1002 474 1124 527 medium
1136 490 1236 545 agmen
1246 476 1400 544 recipiunt;
1420 490 1454 529 ac
1463 479 1539 532 velot
1550 481 1668 548 imperio
1679 495 1713 534 ac
1723 485 1808 536 ratic

1002 557 1048 605 ne,
1068 546 1202 612 pervices
1212 547 1340 599 subeunt.
1379 547 1616 614 Capticelcrrirne
1629 552 1811 605 mitificantur

1003 610 1101 663 hordei
1114 628 1205 665 succo.

1039 682 1113 734 Vlll.
1131 682 1385 750 Cupiunturautem
1402 686 1431 735 in
1442 685 1523 738 india
1537 703 1621 741 unum
1642 706 1675 743 ex
1695 694 1809 745 domitis

1003 756 1106 817 agente
1127 759 1251 815 rectore,
1272 755 1320 820 qui
1341 754 1544 819 deprehensum
1565 757 1724 813 solitarium
1746 765 1809 813 aba·

1003 829 1112 874 ctunrve
1123 834 1142 870 a
1152 834 1236 889 grege
1245 822 1374 874 verberet
1384 823 1493 878 lerum:
1515 840 1570 895 qur>
1580 826 1716 898 fatigato,
1732 841 1807 883 tran·

1003 888 1112 942 scandit
1123 893 1153 942 in
1165 905 1237 951 eum,
1248 905 1299 942 nec
1308 906 1389 942 secus
1401 906 1433 944 ac
1452 895 1575 959 priorem
1595 903 1678 968 regit.
1714 901 1809 953 Africa

1003 960 1094 1011 foveis
1103 962 1191 1027 capit,
1203 961 1232 1011 in
1243 973 1312 1026 quas
1324 961 1471 1015 deerrante
1481 964 1585 1032 aliquo,
1597 973 1725 1036 protinus
1737 980 1808 1024 cm.

1003 1030 1028 1080 ri
1038 1036 1194 1098 caligarunt
1205 1043 1307 1090 santos,
1329 1028 1417 1081 moles
1429 1030 1594 1098 devolvunt,
1613 1053 1732 1108 aggeres
1743 1056 1807 1093 con·

1003 1106 1125 1162 struunt,
1145 1099 1274 1165 omnique
1285 1098 1314 1149 vi
1324 1106 1459 1151 conantur
1470 1102 1626 1160 extrahere.
1662 1110 1809 1162 Antearlo·

1004 1168 1123 1221 mitandi
1133 1171 1236 1237 gratia,
1256 1183 1357 1237 greges
1368 1170 1492 1235 equitatu
1504 1177 1642 1239 cogebant
1652 1178 1682 1229 in
1697 1180 1810 1231 conval-

1004 1239 1059 1291 lem
1072 1254 1153 1292 mana
1167 1238 1283 1300 iactam,
1304 1249 1333 1290 ct
1349 1238 1433 1307 longo
1451 1246 1543 1292 tractu
1559 1242 1707 1300 fallacem:
1728 1251 1808 1301 cuins

1004 1308 1128 1360 inclusos
1141 1310 1210 1374 ripis
1221 1308 1367 1375 iussisque,
1380 1309 1452 1360 fame
1463 1309 1621 1366 donrabant.
1656 1319 1806 1387 Argumen-

1005 1385 1065 1428 tum
1076 1384 1136 1430 erat
1147 1392 1255 1439 ramus,
1276 1378 1388 1431 homine
1400 1382 1559 1446 porrigente
1570 1382 1720 1440 clementer
1730 1404 1808 1441 acce·

1004 1455 1077 1514 ptus.
1105 1449 1184 1500 Nunc
1196 1447 1321 1499 dentium
1333 1462 1426 1509 musa,
1438 1448 1522 1516 pedes
1533 1464 1629 1503 eornm
1641 1454 1807 1521 iaculantur,

1003 1517 1128 1584 alioquin
1139 1516 1329 1568 mollissimos.
1366 1519 1561 1587 Troglodytae
1580 1527 1744 1578 contermini
1759 1531 1809 1581 Ae·

1003 1585 1140 1653 thiopiae,
1161 1588 1209 1653 qai
1219 1585 1272 1639 hoc
1283 1586 1346 1638 solo
1357 1596 1459 1639 venata
1470 1591 1595 1653 aluntur,
1616 1595 1730 1657 arbores
1747 1612 1808 1663 pro·

1003 1657 1121 1723 pinquaa
1131 1656 1228 1707 itineri
1238 1671 1335 1708 eorum
1346 1657 1544 1712 conscendunt.
1557 1661 1810 1733 indetotiusagmi·

1003 1726 1046 1777 nis
1059 1726 1238 1778 nov‘iasimuur
1250 1726 1400 1792 speculati,
1419 1736 1559 1782 extremas
1575 1732 1603 1782 in
1621 1733 1717 1786 clance
1738 1735 1810 1786 desi·

1002 1796 1083 1847 liunt.
1120 1797 1215 1847 Laeva
1226 1794 1442 1863 apprehenditur
1452 1800 1542 1850 cauda
1554 1819 1560 1852 ε
1576 1802 1659 1868 pedes
1670 1804 1810 1870 stipantur

1003 1867 1031 1918 in
1041 1866 1156 1916 sinistro
1178 1864 1289 1918 ienrine.
1325 1868 1369 1918 lta
1389 1868 1513 1933 pendens
1532 1870 1653 1923 alterum
1675 1873 1809 1941 poplitem

1003 1936 1102 1987 dextra
1112 1933 1205 1986 caedit
1215 1944 1365 2002 praeacuta
1376 1938 1507 2004 bipenni:
1530 1939 1583 1993 hoc
1596 1955 1676 1994 crare
1696 1942 1809 1994 tardato

1004 2003 1180 2072 profugiens,
1207 2006 1324 2057 alterius
1344 2007 1460 2073 poplitis
1478 2024 1578 2061 nervos
1597 2010 1678 2073 ferit,
1711 2020 1811 2064 cuncta

1004 2074 1159 2141 praeceleri
1169 2076 1334 2141 pernicitate
1346 2090 1492 2143 peragens.
1519 2078 1688 2134 elimatiore
1699 2096 1811 2149 genere,

1002 2144 1053 2196 serl
1064 2146 1153 2210 magis
1168 2134 1280 2208 fallaci,
1301 2146 1425 2198 intentos
1442 2148 1571 2216 ingentes
1587 2165 1669 2202 arcus
1686 2150 1812 2221 deligunt

1004 2213 1081 2265 hunri
1091 2214 1212 2280 longius.
1250 2215 1309 2266 lios
1320 2217 1463 2283 praecipui
1474 2218 1580 2270 viribus
1590 2222 1703 2274 iuvenes
1723 2224 1811 2275 conti·

1004 2292 1088 2336 nont:
1110 2283 1160 2334 alii
1170 2283 1282 2337 connixi
1293 2286 1354 2352 pari
1363 2294 1465 2339 conatu
1481 2288 1668 2354 contendunt,
1688 2308 1720 2345 ac
1732 2309 1810 2360 prae-

1002 2354 1176 2406 tereuntibus
1186 2354 1353 2420 sagittarum
1366 2357 1504 2410 venabula
1514 2359 1646 2425 inligant,
1666 2377 1732 2415 mox
1748 2378 1810 2414 san·

1002 2424 1096 2492 guinis
1116 2424 1246 2491 vestigiis
1264 2433 1426 2494 sequuntur.
1462 2428 1683 2496 Elephantorum
1698 2435 1809 2502 generis

1002 2493 1125 2544 sentinae
1137 2493 1225 2544 multo
1237 2495 1401 2559 pavidiores.

1037 2563 1086 2612 tx.
1107 2561 1369 2617 Domanturautem
1383 2565 1475 2617 rubidi
1498 2567 1617 2620 tameat
1637 2569 1809 2633 verberibus,

1004 2628 1161 2696 elephantis
1171 2631 1236 2682 aliis
1249 2631 1387 2695 admotis,
1408 2636 1456 2701 qni
1468 2636 1682 2689 tumultuantem
1702 2640 1810 2691 catenis

1004 2706 1169 2751 coerceantv
1190 2700 1486 2755 etaliascircacoitus
1508 2705 1627 2757 maxime
1650 2706 1809 2769 efferantur,

1003 2774 1032 2820 et
1044 2767 1157 2820 stabula
1166 2768 1297 2820 indorum
1308 2769 1437 2823 dentibus
1456 2778 1595 2825 sternunt.
1631 2775 1810 2844 Quapropter

1003 2845 1099 2890 arcent
1111 2854 1160 2890 eos
1170 2838 1261 2901 coitu,
1282 2838 1505 2909 sentinarumque
1521 2845 1653 2909 pecuaria
1668 2853 1809 2913 separant,

1003 2922 1073 2975 quae
1085 2907 1158 2959 haud
1170 2908 1227 2960 alio
1237 2907 1331 2971 modo,
1339 2923 1421 2976 quam
1431 2922 1620 2966 armentorum
1633 2913 1742 2968 habent.
1753 2917 1810 2969 Do·

1003 2978 1066 3029 miti
1077 2977 1200 3029 militant
1211 2985 1240 3030 et
1251 2986 1342 3030 turres
1354 2988 1525 3032 armatorum
1539 2983 1569 3033 in
1588 2982 1683 3036 hostes
1705 2986 1809 3049 ierunt,

1003 3062 1158 3115 magnaque
1170 3055 1296 3115 exparte
1308 3048 1429 3102 Orientis
1446 3050 1522 3102 bella
1542 3055 1701 3106 coniicluot.
1738 3056 1806 3108 Pro·

1002 3118 1225 3177 sternuntacies,
1246 3124 1394 3184 proterunt
1413 3127 1545 3172 arnratos.
1582 3122 1670 3175 iidem
1690 3125 1808 3177 minimo

1002 3188 1060 3237 sais
1070 3184 1191 3236 stridore
1202 3193 1355 3250 terrentur,
1374 3189 1571 3256 vulneratique
1582 3198 1611 3242 et
1622 3192 1714 3245 territi
1731 3201 1808 3246 retro

1002 3269 1110 3320 semper
1122 3253 1234 3317 cedant,
1253 3252 1326 3306 haud
1338 3257 1443 3310 minore
1454 3262 1573 3326 partium
1586 3276 1698 3313 auarum
1711 3264 1807 3329 perni-

1003 3325 1055 3376 cie.
1073 3324 1196 3376 indicam
1206 3323 1267 3376 hiri
1279 3334 1389 3392 parent,
1400 3343 1451 3380 nec
1462 3330 1589 3382 contueri
1602 3331 1723 3383 audent:
1745 3347 1806 3383 nam
1857 3356 1861 3369 ·

1003 3402 1032 3448 et
1043 3394 1132 3445 nraior
1142 3393 1245 3446 indicis
1255 3396 1420 3462 magnitudo
1431 3404 1482 3449 est.

1036 3463 1071 3514 X.
1083 3463 1187 3516 Decem
1200 3465 1280 3516 annis
1290 3472 1402 3534 gestare
1412 3467 1440 3517 in
1450 3473 1531 3520 utero
1542 3468 1641 3538 vulgnrs
1651 3470 1807 3523 existimat:

1001 3533 1169 3585 Aristoteles
1179 3534 1303 3598 biennio,
1311 3550 1366 3589 nec
1377 3537 1498 3603 amplius
1510 3553 1591 3607 quam
1604 3541 1746 3607 singulos:
1770 3546 1808 3592 ri·

1003 3618 1070 3656 vere
1083 3601 1199 3656 ducenis
1213 3606 1302 3669 annis,
1321 3612 1351 3657 et
1367 3606 1503 3673 quosdam
1526 3610 1655 3661 trecenis.
1692 3604 1809 3663 iuventa
1872 3644 1875 3653 .

1003 3688 1099 3724 eorum
1109 3690 1127 3726 a
1137 3676 1311 3742 sexagesimo
1321 3676 1430 3743 incipit.
1467 3676 1597 3730 Gaudent
1608 3680 1734 3731 amnibus
1749 3695 1806 3732 ma·

1002 3743 1091 3806 xime,
1112 3750 1141 3795 et
1152 3744 1227 3795 circa
1236 3744 1336 3797 tlurioa
1348 3753 1501 3814 vagantur,
1522 3763 1585 3800 cum
1597 3749 1721 3817 alioquin
1741 3765 1807 3803 nare

1002 3820 1116 3879 propter
1125 3813 1344 3881 pinguitudinem
1355 3817 1482 3882 corporis
1497 3832 1551 3869 non
1571 3821 1687 3886 possint.
1722 3819 1806 3870 lidenr

1002 3882 1116 3950 frigoris
1127 3884 1304 3950 impatientes
1315 3902 1322 3935 z
1343 3887 1493 3938 maximum
1506 3886 1568 3957 ‘hoc
1589 3888 1709 3940 malurn:
1730 3889 1807 3940 iolla·

1002 3953 1161 4018 tionemque
1173 3960 1201 4005 et
1213 3953 1377 4021 profluvium
1389 3956 1511 4019 alri,nec
1522 3957 1579 4009 alia
1591 3959 1750 4010 morborum
1762 3973 1807 4025 ge-

1002 4036 1070 4075 nera
1081 4021 1214 4075 sentiunt.
1250 4023 1313 4076 Olei
1324 4032 1392 4092 potu
1403 4025 1475 4090 tela,
1497 4041 1567 4093 quae
1582 4028 1693 4093 corpori
1710 4040 1806 4077 eoram

1001 4090 1176 4153 inhaereant,
1199 4093 1329 4147 decidere
1341 4096 1450 4147 invenio
1464 4116 1470 4146 ι
1491 4113 1508 4147 a
1520 4096 1622 4148 sudore
1632 4101 1725 4147 autem
1739 4094 1806 4144 luci·

1002 4162 1055 4213 lius
1073 4160 1281 4215 adhaerescere.
1318 4165 1355 4216 Et
1376 4171 1480 4216 terram
1495 4164 1587 4218 edisse
1605 4165 1649 4216 his
1666 4163 1807 4214 tabificum

1002 4239 1054 4292 est,
1074 4232 1128 4282 nisi
1138 4232 1249 4298 saepius
1259 4234 1400 4284 nranrlant.
1438 4236 1580 4285 Devornnt
1590 4240 1680 4284 autem
1693 4234 1722 4283 ct
1735 4232 1807 4300 lapi·

1002 4300 1060 4353 des.
1097 4303 1223 4352 Truncos
1239 4302 1349 4369 quidem
1362 4304 1523 4368 gratissimo
1539 4306 1566 4354 in
1582 4304 1676 4354 cibatu
1696 4300 1807 4355 habent.

1002 4369 1111 4420 l’nlnras
1123 4371 1291 4423 excelsiores
1301 4369 1395 4421 fronte
1406 4378 1599 4438 prosternunt,
1621 4387 1655 4424 ac
1666 4373 1706 4423 ita
1716 4373 1807 4426 iacen-

1003 4440 1071 4491 tium
1081 4440 1229 4491 absumunt
1240 4440 1370 4493 tractum.
1406 4441 1543 4493 Mandant
1562 4457 1629 4494 orer
1650 4442 1758 4508 spirant
1779 4449 1808 4495 et

1002 4508 1114 4572 bibunt,
1133 4509 1340 4577 odoranturque
1351 4508 1424 4563 haud
1437 4512 1589 4579 improprie
1599 4512 1740 4580 appellata
1751 4527 1807 4564 ma-

1002 4595 1048 4630 nu.
1084 4579 1251 4631 hninrnlium
1263 4580 1384 4635 maxinre
1396 4581 1481 4634 odere
1492 4596 1614 4635 mur-emt
1637 4589 1667 4635 et
1681 4582 1706 4633 si
1722 4585 1807 4651 pabu-

1003 4649 1060 4700 lum
1071 4651 1099 4699 in
1112 4651 1256 4718 praesepio
1267 4651 1387 4718 positum
1401 4652 1504 4720 attingi
1513 4652 1548 4703 ab
1560 4668 1593 4706 eo
1603 4653 1709 4715 videre,
1732 4653 1808 4705 lasti-

1003 4719 1092 4770 diunt.
1128 4719 1287 4771 Cruciatum
1298 4722 1403 4788 inpetu
1415 4724 1563 4774 maximnm
1574 4723 1698 4776 sentiunt
1710 4721 1810 4773 hausta

1004 4788 1144 4851 hirudine,
1155 4804 1236 4855 quam
1245 4794 1443 4860 sanguisugam
1452 4793 1537 4860 vulgo
1549 4794 1675 4860 coepisse
1686 4792 1809 4859 appella·

1002 4859 1029 4911 ri
1039 4857 1163 4910 adverto.
1200 4860 1280 4912 llaec
1291 4862 1336 4913 nbi
1347 4863 1376 4911 in
1386 4865 1447 4930 ipso
1457 4866 1570 4916 animae
1584 4861 1677 4916 canali
1693 4878 1724 4915 se
1739 4862 1810 4924 hxlt,

1003 4927 1180 4980 intolerando
1191 4931 1277 4981 allicit
1286 4931 1392 4983 dolore.

1039 4997 1224 5049 [levissimum
1237 5000 1320 5052 dorso
1330 5008 1440 5068 tergus,
1460 5002 1552 5054 ventri
1564 5002 1665 5065 molle,
1686 5010 1807 5056 setarum

1004 5066 1111 5117 nullum
1125 5073 1329 5133 tegumentum:
1342 5086 1376 5122 ne
1388 5070 1416 5120 in
1424 5071 1513 5121 cauda
1521 5071 1631 5137 quidem
1639 5071 1807 5139 praesidium

1004 5135 1143 5202 abigendo
1155 5136 1248 5188 taedio
1260 5153 1427 5198 muscarum,
1449 5146 1581 5208 (narique
1591 5141 1620 5191 id
1632 5150 1660 5191 et
1671 5148 1750 5192 tanta
1761 5153 1806 5189 va·

1005 5207 1087 5257 stitus
1096 5206 1207 5265 sentite)
1227 5208 1278 5258 aed
1287 5210 1441 5260 cancellata
1451 5209 1530 5271 cutis,
1553 5216 1583 5261 et
1592 5209 1713 5262 inritans
1725 5208 1753 5260 id
1764 5220 1809 5272 go·

1005 5289 1056 5325 nus
1067 5273 1227 5325 animalium
1248 5276 1343 5329 adore.
1379 5278 1455 5345 Ergo
1476 5293 1538 5329 cum
1550 5279 1657 5331 extenti
1679 5288 1808 5340 recepere

1006 5345 1144 5403 examina,
1157 5343 1273 5397 arctatis
1283 5348 1310 5397 in
1321 5361 1404 5414 rugas
1415 5349 1676 5414 repentecancellia,
1687 5356 1809 5407 conspre-

1004 5412 1104 5465 lrensas
1112 5422 1239 5466 enarraret.
1276 5416 1385 5468 llociia
1397 5431 1448 5485 pro
1460 5416 1557 5478 cauda,
1567 5417 1643 5477 iuba,
1654 5413 1721 5463 villo
1732 5418 1784 5461 eut.

1039 5481 1177 5535 Dentibus
1188 5486 1420 5552 ingenspretium,
1431 5479 1810 5538 etdeorumsimulacrislaa·

1005 5551 1113 5604 tissima
1127 5568 1162 5606 cx
1178 5555 1214 5605 iis
1224 5556 1347 5606 materia.
1385 5555 1492 5607 invenit
1508 5552 1621 5604 luxuria
1631 5547 1793 5599 commerd·

1004 5622 1109 5677 tionem
1128 5629 1157 5677 et
1178 5623 1271 5684 aliam
1291 5624 1407 5689 expetiti
1426 5624 1454 5675 io
1476 5620 1549 5672 callo
1566 5632 1664 5670 manus
1685 5633 1698 5668 r
