4368 6008
275 352 309 414 c.
343 345 495 419 rainu
529 344 739 411 saeuum
773 345 936 411 aaron
969 346 1156 413 nterea.
1190 350 1276 413 nie.
1294 349 1431 413 xxiv.
1463 351 1560 412 cur.
1587 351 1719 417 acar..-
1773 358 1835 420 ιιι

189 514 285 559 etcum
296 499 510 566 ungunturoleo
521 496 658 558 suanm,
677 496 809 553 cadmum
820 497 929 553 lacerer
946 497 1002 553 ιὶι1

188 582 215 629 ιι
224 572 403 627 lassitudines
414 568 574 621 dissolvere.
611 568 723 617 Urinam
734 567 818 628 ιιιιιι,
830 575 858 619 st
869 582 986 621 meam.

188 649 273 709 caput
290 646 400 691 tentant
415 638 473 691 riui
491 635 585 687 modo:
603 642 713 687 namet
732 635 802 687 odor
815 637 914 691 sinriiis
934 644 987 689 ert.

187 711 346 766 inflationes
358 708 466 774 peliunt
476 706 505 757 in
516 705 659 757 iuferiora.
695 704 792 757 Alvum
803 707 920 759 sistunt:
938 704 988 773 hy·

187 781 315 848 dropicis,
328 784 356 830 et
368 777 487 828 lienibus
500 789 630 841 perquam
641 772 733 825 utiles.
770 776 867 827 Laetis
877 776 988 831 uberta·

114 878 119 903 ι
187 849 367 903 temfaciont.
402 845 594 897 Adue-reantur
610 845 720 895 venenis
734 846 912 909 serpentium,
932 858 988 897 nra·

186 925 257 973 aiore
268 933 338 986 quae
350 915 440 982 frigus
455 913 587 964 inferunt.
623 914 717 964 Minor
732 913 872 969 eliicaeior
883 915 919 965 ud
929 928 986 969 aar·

185 996 292 1056 peotes:
313 987 418 1039 bibitur
434 984 546 1035 seminis
561 980 695 1035 drachma
711 982 740 1033 iu
755 986 820 1035 vino
835 984 880 1035 vel
897 997 988 1049 postia,

186 1065 233 1111 aut
253 1058 359 1108 duabus
381 1053 513 1105 foliarum
532 1056 752 1104 tenerrimarum.
788 1054 827 1105 Et
844 1053 988 1105 illinuntur

187 1136 304 1194 utraque
319 1125 452 1177 adversus
471 1136 636 1173 araneorum
647 1136 771 1173 morsus:
792 1123 836 1175 rel
848 1123 988 1189 perunctis

187 1204 306 1258 tantum,
328 1193 423 1245 sullitu
434 1206 542 1259 quoque
553 1203 601 1242 aut
611 1191 753 1244 substratu
766 1191 863 1259 fugant
872 1206 989 1245 venena·

186 1274 223 1319 ta.
259 1267 299 1318 Ad
316 1265 451 1317 Venerem
470 1261 590 1327 impetos
605 1259 743 1314 inhibent:
764 1276 852 1327 eoque
868 1264 987 1315 maxime

185 1334 343 1403 phalangiis
353 1332 547 1391 adversantur,
562 1345 679 1395 quorum
690 1346 799 1383 morsus
809 1332 933 1398 genitale
943 1346 988 1383 ea·

183 1407 265 1457 citat.
311 1402 417 1468 Capitis
428 1398 554 1451 dolorem
566 1414 600 1451 ex
612 1401 748 1453 ebrietate
759 1400 860 1453 sedant
872 1417 932 1453 com
945 1415 988 1452 rc·

183 1490 267 1528 saceo
290 1473 342 1524 llos
361 1469 505 1537 tenerique
524 1469 662 1521 cauliculi.
705 1470 824 1523 Seminis
843 1470 988 1523 decoctum

181 1542 418 1595 uehementiorem
441 1539 543 1606 capitis
563 1539 689 1591 dolorem
714 1539 843 1591 dissolvit
864 1541 939 1591 fotu:
960 1547 989 1590 ct

180 1614 294 1666 vulvam
305 1613 389 1665 etiam
400 1614 494 1663 suffitu
506 1610 551 1663 rel
559 1609 688 1675 appositu
700 1616 812 1676 purgat:
823 1609 914 1660 alvum
926 1623 988 1661 com

179 1681 296 1749 pulegio
307 1688 335 1732 et
346 1682 428 1733 melle
440 1689 547 1746 potum.
585 1679 713 1731 vomicas
726 1694 867 1745 panosque
878 1678 988 1731 difficile

181 1756 399 1816 concoquentcs,
410 1766 471 1801 com
484 1748 574 1801 farina
589 1746 745 1800 hordeacea
756 1748 857 1800 mollit.
891 1748 988 1799 biche·

179 1835 231 1871 nas
242 1826 272 1871 et
283 1818 430 1884 lentigines
447 1834 509 1870 cum
526 1815 688 1882 aphronitro
706 1825 735 1870 et
751 1827 832 1869 aceto
843 1833 936 1871 semen
946 1832 988 1869 aa·

180 1895 246 1943 nat:
266 1887 362 1940 eteris
374 1885 495 1949 hulcera,
518 1894 545 1937 et
562 1888 732 1950 eruptiones,
753 1896 815 1937 oum
832 1886 927 1937 melle:
949 1891 988 1937 te·

179 1959 278 2018 stium,
298 1971 358 2007 cum
375 1957 478 2021 butyro
497 1961 526 2005 et
539 1954 613 2004 foliis
627 1955 737 2005 vitium:
758 1951 893 2020 rhagadas
905 1953 988 2014 sedis,

181 2041 244 2080 cum
258 2024 457 2091 aquaillitum:
476 2026 582 2084 luxata,
604 2038 664 2075 cum
676 2023 745 2084 sale,
760 2024 884 2084 stuitro,
907 2029 936 2075 et
946 2037 988 2077 ce·

180 2112 222 2151 ra.
264 2098 300 2147 Et
309 2109 412 2155 semen,
422 2101 450 2145 et
463 2093 569 2153 folium,
582 2092 695 2144 additur
706 2093 733 2143 in
746 2091 914 2160 malagmata
925 2107 987 2144 uer·

180 2179 290 2225 rorum,
302 2170 330 2216 et
341 2163 486 2230 podagras.
515 2162 615 2213 Semen
626 2162 780 2213 instillatur
790 2163 820 2212 io
829 2162 893 2214 oleo
907 2161 989 2212 dem·

179 2242 257 2288 ctum
272 2233 357 2300 capiti
367 2233 395 2283 in
406 2231 555 2296 lethargia,
564 2238 594 2282 et
605 2229 741 2297 phrenesi.
778 2230 890 2296 Virgam
903 2230 988 2296 quiin

178 2319 267 2357 manu
285 2302 414 2364 habeant,
435 2312 484 2355 aut
499 2301 528 2351 in
543 2301 651 2363 cinctu,
673 2306 811 2366 negantur
830 2300 988 2368 intertrigi-

177 2389 245 2426 nem
259 2373 373 2423 seutire.
586 2372 591 2381 ’

215 2442 353 2495 ΧΧΧΙΧ·
368 2439 468 2491 Ericen
486 2438 587 2490 Graeci
599 2447 696 2491 vocant
713 2435 843 2489 fruticem
853 2451 908 2487 non
918 2434 988 2487 mul·

177 2518 241 2563 tum
266 2509 411 2575 a‘myriee
432 2507 619 2566 differentem,
639 2507 733 2557 colore
757 2505 941 2571 rorismarini,
960 2510 988 2557 st

174 2594 272 2649 paene
284 2578 360 2627 folio.
396 2576 460 2626 Hoc
470 2575 611 2625 adversari
621 2574 794 2638 serpentibus
806 2572 928 2625 tradunt.

215 2646 280 2699 xla.
299 2643 414 2695 Genista
425 2657 535 2709 queque
546 2642 648 2691 vinculi
663 2657 743 2692 usum
756 2648 889 2707 praestat.
925 2641 988 2692 Flo·

176 2731 227 2771 res
250 2714 352 2780 apibua
370 2712 533 2779 gratissimi.
570 2709 676 2760 Dubito
696 2725 731 2760 an
754 2710 822 2762 haec
842 2712 889 2772 sit,
904 2724 987 2777 quam

113 2811 119 2821 ·
175 2784 286 2838 Graeci
297 2790 426 2833 auctores
437 2786 549 2846 sparton
561 2779 747 2843 appellavere,
768 2794 829 2833 cum
841 2795 874 2831 ex
887 2795 920 2831 ea
931 2780 988 2831 lina

196 2853 337 2905 iscatnria
348 2850 421 2917 apud
434 2865 482 2901 eos
493 2848 620 2899 factitari
629 2849 786 2903 docuerim:
816 2856 845 2901 et
857 2848 988 2915 numquid

173 2870 254 2977 iianc
265 2921 454 2987 designaverit
465 2919 614 2979 Homeros,
634 2933 694 2969 cum
707 2918 781 2971 dixit
792 2919 900 2971 navium
911 2930 989 2987 spar-

173 3001 208 3046 ta
230 2991 379 3043 dissoluta.
416 2987 543 3040 Nondum
567 2989 639 3038 enim
660 2987 747 3040 fuisse
767 2984 926 3041 Africanum
945 2989 987 3043 vel

136 3048 163 3099 4
173 3052 341 3128 liispanum
354 3064 479 3125 spartum
491 3058 518 3108 in
539 3071 599 3117 uso,
617 3064 722 3110 certum
734 3065 790 3111 est:
809 3066 909 3111 etcum
920 3059 989 3110 suti·

171 3133 220 3185 les
232 3134 336 3182 tierent
346 3144 440 3192 naves,
451 3129 509 3180 lino
521 3134 622 3189 tamon,
632 3143 685 3178 non
695 3136 799 3194 sparto,
811 3141 932 3193 unquam
944 3144 989 3179 sn·

171 3209 232 3253 tas.
273 3198 373 3251 Semen
385 3200 455 3260 eius,
468 3197 539 3265 quod
552 3197 654 3249 Graeci
665 3197 762 3249 endem
776 3196 886 3249 nomine
897 3198 990 3264 appel·

171 3272 250 3332 lant,
264 3267 446 3330 infuniculis,
469 3267 665 3333 phanesiorum
675 3268 768 3328 modo,
781 3284 905 3329 nascens,
927 3282 990 3333 pur·

172 3353 229 3410 gat
241 3338 361 3390 ellebori
375 3337 452 3398 vice,
472 3336 604 3388 drachma
615 3345 644 3390 et
656 3337 774 3388 dimidia
787 3346 853 3405 pota
863 3339 890 3388 in
902 3351 989 3403 aquae

170 3410 291 3462 mulsae
302 3404 411 3471 cyathis
421 3413 539 3472 quatuor
548 3407 661 3458 ieiunis.
696 3407 775 3457 Remi
786 3407 917 3459 similiter
927 3421 989 3457 conr

170 3477 283 3531 fronde
305 3475 333 3524 in
356 3482 434 3525 aceto
457 3478 589 3526 macerati
611 3476 737 3540 pluribus
747 3476 853 3537 diebus,
876 3483 904 3528 et
924 3476 990 3536 tusi,

170 3543 375 3601 succumdant
394 3543 552 3595 ischiadicis
572 3544 680 3605 utilem,
700 3545 794 3611 cyathi
812 3547 893 3597 unios
912 3552 989 3611 potu.

170 3615 305 3681 Quidam
318 3616 423 3664 marina
435 3629 509 3680 aqua
520 3629 660 3665 nracerare
672 3615 785 3675 malunt,
805 3625 833 3667 et
845 3615 990 3666 infundere

171 3687 315 3754 clystere.
352 3682 547 3751 Perungontur
567 3684 665 3735 endem
686 3674 1002 3737 euccoischiadici·ad·'

170 3756 240 3808 dito
253 3753 330 3805 oleo.
367 3752 486 3814 Quidam
500 3752 534 3803 ad
551 3754 738 3819 stranguriam
752 3761 866 3805 utuntur
875 3754 989 3805 serrrine.

171 3825 304 3878 Genista
315 3828 379 3871 tosa
387 3836 449 3871 cum
461 3825 592 3889 axungia,
603 3837 695 3888 genua
707 3821 829 3874 dolentia
839 3831 929 3875 satiat.

209 3891 292 3944 xm.
312 3889 449 3956 Myrieen,
466 3905 546 3956 quarn
559 3893 651 3943 ericen
663 3899 743 3943 rocat
754 3892 891 3955 Lenaeos,
911 3891 988 3943 simi·

22 3960 85 4021 rari.
98 3962 234 4045 inplens
246 3960 343 4027 scopis
356 3958 490 4010 horeriuis
503 3960 577 4011 dicit.
607 3960 705 4011 Sanari
717 3976 750 4011 ea
760 3965 949 4014 carcinomata
961 3961 989 4011 ln

169 4033 244 4083 rino
258 4026 379 4081 decocta
389 4031 512 4093 tritaque
526 4044 588 4081 cum
601 4030 684 4080 melle
695 4029 777 4083 illita.
812 4032 990 4083 Arbitrantur

168 4100 299 4170 quidam
321 4098 465 4153 hancesae
477 4101 640 4151 tamaricen:
660 4099 708 4149 sed
725 4099 760 4149 ad
772 4099 872 4150 lienem
885 4099 989 4161 praeci-

169 4186 233 4241 pua
248 4173 307 4227 est,
329 4169 354 4217 si
374 4183 473 4216 succus
492 4167 551 4216 eius
571 4181 719 4227 expressus
737 4169 764 4214 in
782 4170 847 4216 vinc
867 4165 989 4215 bibatur.

168 4240 318 4302 Adeoque
336 4235 490 4285 mirabilem
509 4235 568 4283 eius
587 4231 768 4294 antipathiam
787 4242 885 4284 contra
900 4234 989 4282 sulum

168 4308 232 4362 hoc
245 4307 388 4356 viscerum
401 4301 515 4359 faciunt,
528 4307 558 4349 nt
572 4299 717 4359 affirment,
727 4300 750 4350 si
763 4316 797 4351 ιι
809 4315 841 4351 ea
853 4300 941 4351 alveis
952 4300 990 4351 fa·

154 4379 229 4443 ,ctis
241 4373 347 4425 bibant
358 4385 431 4430 sues,
442 4371 502 4419 sine
512 4368 584 4418 liene
597 4368 723 4418 inveniri.
760 4369 796 4418 Et
808 4369 872 4419 idco
884 4368 989 4419 homini

191 4455 299 4509 unque
309 4439 433 4505 splenico
444 4438 534 4488 eibum
545 4442 695 4501 potumque
706 4435 773 4488 dant
783 4437 810 4487 in
828 4439 900 4488 vasis
911 4452 945 4489 ex
956 4452 990 4489 ea

167 4465 279 4571 iactis.
319 4508 420 4560 Gravis
432 4514 530 4558 auctor
540 4507 569 4555 iu
580 4505 726 4563 medicina,
739 4509 843 4573 virgum
855 4520 889 4557 ex
901 4522 934 4558 ea
944 4507 989 4558 de·

168 4587 316 4641 fractam,
338 4586 368 4629 ut
380 4592 468 4643 neque
480 4582 592 4635 terram,
611 4590 700 4641 neque
710 4575 813 4627 ferrum
827 4577 990 4643 attingeret,

168 4654 287 4709 sedare
302 4648 409 4699 ventris
430 4645 541 4695 dolores
561 4653 702 4696 asseverat
712 4645 881 4712 impositam,
902 4646 942 4697 ita
960 4653 990 4697 ut

167 4722 282 4778 tunica
295 4718 442 4783 cinctuque
453 4714 563 4781 corpori
582 4716 792 4780 apprimnretur.
830 4716 936 4782 Vulgus
948 4715 988 4765 in·

127 4808 146 4851 e
169 4794 298 4859 felicem
310 4787 436 4839 arborem
449 4799 509 4836 eam
524 4783 655 4850 appellet,
677 4793 708 4835 ut
719 4783 847 4847 diximus,
858 4785 990 4852 quoniam

169 4860 252 4915 nihil
270 4859 354 4917 ferat,
363 4872 411 4905 nec.
421 4860 532 4905 seratur
544 4867 672 4918 unquam.

211 4927 309 4982 xiiii.
330 4923 489 4985 Corinthus,
513 4928 541 4975 ct
555 4924 715 4988 quaecirca
729 4927 773 4974 est
785 4922 871 4989 regio,
893 4921 989 4989 brypnr

170 5006 277 5058 vocat,
299 4995 413 5060 eiusque
434 4992 489 5061 duo
509 5007 613 5061 genera
632 4991 713 5045 facit:
732 4994 890 5045 silvestrem
909 4993 992 5058 plane

168 5068 327 5123 sterilem:
346 5063 464 5115 alteram
481 5058 631 5113 mitiorem.
667 5063 748 5115 llaec
760 5061 991 5130 fertinhegyptc

170 5138 330 5208 Syriaque
341 5135 424 5185 etiam
440 5131 616 5184 abundanter
626 5131 766 5198 lignosum
784 5133 914 5194 fructum,
934 5148 991 5183 ma·

170 5211 277 5262 iorem
292 5202 379 5271 galla,
399 5216 525 5268 asperum
538 5208 631 5271 gustu,
653 5218 708 5269 quo
719 5202 820 5254 medici
830 5210 945 5254 utuntur
955 5202 993 5253 ri-

167 5295 204 5332 es
216 5273 369 5344 galleam
380 5272 638 5339 compositionibus,
659 5286 727 5337 quas
740 5270 872 5324 antheras
883 5278 990 5323 vocant.

166 5351 211 5402 Et
223 5346 343 5410 lignum
355 5347 458 5401 autem,
476 5348 504 5391 et
514 5341 576 5403 flas,
599 5348 628 5392 et
640 5340 717 5403 folia,
739 5336 768 5394 e't
779 5349 875 5394 cortex
886 5342 914 5391 in
932 5354 992 5391 eos·

169 5418 244 5470 dens
258 5426 332 5462 unos
345 5406 520 5468 adhibentur,
531 5424 686 5476 quanquam
702 5412 870 5462 remissiora.
900 5410 993 5461 Datur

169 5482 356 5550 sanguinem
366 5476 557 5524 reith-“hu
568 5486 665 5532 cortex
677 5482 771 5541 tritus,
784 5488 812 5532 ιι
822 5486 919 5532 ιοιιιι
930 5492 992 5545 pre·

165 5549 338 5609 nemetes*
617 5560 725 5598 Dama,
764 5548 837 5602 idem
850 5547 992 5600 tususim·

165 5622 309 5692 pesitum
753 5626 802 5672 et.
838 5618 926 5672 Foliis
945 5631 992 5672 cx·

131 5828 273 5947 ,J

1044 501 1178 569 primitur
1189 514 1289 555 sacca
1303 500 1339 553 ad
1356 498 1428 553 brac
1439 500 1547 552 eadem.
1582 502 1622 553 Et
1632 505 1662 556 ia
1673 507 1740 558 vinc
1754 506 1837 561 'dcco-

1039 579 1175 641 quantur:
1195 573 1259 636 ipsa
1276 584 1342 622 vero
1362 569 1471 621 adiecto
1492 569 1576 621 nielle
1594 577 1765 641 gangraenis
1786 578 1839 630 im.

1038 649 1150 693 nuutur.
1185 638 1339 691 Decretum
1350 652 1447 691 eorum
1458 640 1486 690 in
1499 640 1563 690 rinc
1572 650 1678 704 potum,
1697 646 1741 697 vel
1751 647 1840 712 impo.

1042 712 1099 762 sita
1108 724 1171 761 caru
1180 722 1296 761 rosamo
1306 716 1336 761 ιι
1347 723 1412 761 esra
1423 708 1530 760 sedant.
1566 710 1614 760 Sic
1624 720 1653 761 et
1664 715 1839 780 epinyctidas

1038 784 1148 832 sanant.
1183 776 1227 831 Ad
1237 776 1361 829 dentium
1373 776 1499 830 dolorem
1513 777 1683 844 auriumque,
1692 783 1839 836 decoctum

1039 847 1336 902 scramsalutarcest:
1354 846 1438 898 radix
1455 846 1491 898 ad
1502 847 1600 898 eadem
1610 849 1749 903 similiter.
1785 853 1840 905 Fc-

1038 919 1078 971 lia
1088 918 1141 969 hcc
1152 932 1196 969 am
1216 914 1325 979 lios,ad
1337 928 1372 966 ea
1382 929 1453 981 quae
1459 925 1575 981 serpunt
1585 918 1765 983 imponuntur
1775 936 1837 975 cum

1040 989 1162 1055 polenta.
1235 1000 1298 1037 men
1319 982 1466 1037 drachmae
1481 987 1603 1050 pondere
1624 987 1756 1040 adversos
1773 988 1838 1055 pha·

1039 1058 1133 1126 longia
1148 1062 1177 1107 et
1192 1069 1310 1107 maneos
1325 1053 1438 1104 bibitur.
1475 1056 1540 1105 Com
1557 1056 1676 1108 altilium
1696 1070 1762 1110 vern
1780 1059 1839 1125 pin·

1039 1129 1087 1197 gni
1099 1125 1253 1178 furuncmis
1262 1125 1422 1190 imponitur.
1466 1124 1570 1176 Efficax
1581 1132 1609 1176 et
1620 1132 1719 1179 contra
1730 1140 1840 1194 serpen·

1040 1198 1109 1248 tium
1121 1198 1204 1257 ictus,
1230 1203 1422 1261 praeterquam
1434 1193 1570 1258 aspidum.
1606 1194 1730 1249 Necnon
1741 1199 1839 1250 morbc

1040 1268 1134 1335 regio,
1155 1262 1318 1331 phthiriasi,
1336 1263 1531 1328 leudibusqoe,
1553 1264 1697 1318 decoctum
1717 1266 1840 1319 iurum

1039 1335 1173 1404 prodest,
1205 1331 1457 1399 abundantiamque
1479 1334 1625 1386 mulierum
1645 1336 1728 1387 sistit
1764 1337 1840 1389 cinis

1040 1406 1150 1457 arboris
1165 1403 1201 1455 ad
1221 1403 1314 1454 omnia
1330 1402 1428 1453 eadem
1446 1402 1570 1469 prodest.
1606 1405 1697 1466 Aiunt,
1718 1407 1744 1457 si
1761 1405 1840 1457 buris

1040 1474 1156 1527 castrati
1175 1471 1275 1525 amose
1293 1473 1490 1531 immisceatur,
1508 1473 1537 1523 in
1549 1477 1626 1538 potu,
1646 1474 1693 1524 vel
1714 1475 1744 1524 in
1766 1476 1841 1538 cino,

1041 1544 1178 1597 Venerem
1199 1542 1283 1593 finiri.
1319 1542 1465 1607 Garboque
1486 1554 1520 1593 ex
1535 1556 1569 1593 eo
1587 1556 1690 1609 genere
1708 1544 1790 1594 urina
1805 1558 1842 1596 ea

1039 1615 1191 1665 restinctus
1206 1615 1234 1664 in
1250 1612 1348 1663 umbra
1363 1611 1508 1663 conditur:
1528 1611 1602 1663 idem
1619 1624 1683 1663 cass
1700 1611 1784 1663 libeat
1795 1627 1842 1664 ao·

1040 1683 1167 1744 candere,
1187 1682 1344 1734 resolvitur.
1380 1679 1460 1747 Magi
1476 1679 1507 1731 id
1525 1688 1598 1733 etex
1615 1678 1747 1747 madonis
1761 1682 1843 1733 arina

1039 1754 1100 1805 fieri
1111 1751 1294 1802 tradiderunt.

1073 1820 1171 1873 xmo.
1190 1820 1248 1873 Nec
1258 1821 1338 1886 virga
1346 1820 1499 1887 sanguinea
1509 1817 1620 1871 felicior
1631 1816 1756 1871 habetur.
1777 1819 1862 1879 tior·v

1039 1896 1087 1941 tex
1107 1891 1169 1940 eius
1196 1890 1316 1942 interior
1346 1886 1510 1949 cicatrices,
1541 1902 1611 1952 quae
1633 1901 1843 1953 praesanarere,

1039 1957 1139 2025 aperit·
1628 1984 1647 2011 t

1074 2024 1177 2078 xciv.
1195 2022 1293 2088 sileris
1314 2022 1385 2077 folia
1405 2024 1479 2076 illita
1499 2021 1589 2075 fronti
1610 2025 1709 2089 capitis
1731 2024 1845 2079 dolores

1039 2096 1147 2149 sedant.
1182 2095 1314 2146 Eiusdem
1326 2109 1420 2146 semen
1432 2094 1541 2153 tritum,
1559 2093 1588 2143 iu
1600 2091 1663 2144 oleo
1674 2092 1844 2159 phthiriases

1040 2171 1158 2218 coercet.
1194 2162 1344 2230 Serpentes
1356 2169 1385 2215 at
1396 2162 1609 2215 huncfruticem
1620 2162 1778 2231 refugiente
1798 2164 1845 2217 ba·
1935 2222 1939 2231 ¹

1039 2236 1188 2353 columque
1199 2233 1300 2286 rustici
1310 2234 1345 2285 ob
1355 2232 1385 2285 id
1397 2248 1431 2285 ex
1444 2247 1477 2283 ec
1489 2240 1599 2299 gerunt.

1040 2378 1106 2423 ente
1124 2385 1235 2438 cypros,
1255 2385 1321 2421 suos
1341 2371 1370 2421 in
1388 2372 1503 2435 Europa
1526 2388 1590 2423 usus
1612 2370 1703 2423 habet
1739 2370 1844 2425 Succos

1041 2441 1101 2492 cius
1112 2439 1213 2501 amris,
1231 2438 1367 2498 articulis,
1388 2439 1538 2506 algoribus,
1558 2441 1742 2505 folianbiqos
1754 2440 1845 2493 veteri

1040 2507 1149 2559 holceri
1170 2522 1232 2558 cum
1250 2506 1321 2557 salis
1338 2508 1418 2567 urica,
1440 2515 1468 2560 et
1487 2509 1546 2558 oris
1569 2507 1844 2561 exhulcerationibus

1041 2580 1165 2643 prosunt.
1201 2574 1278 2626 Acioi
1294 2581 1393 2627 eontra
1413 2575 1593 2639 phthiriasin:
1616 2577 1683 2627 item
1695 2585 1794 2628 contra
1803 2578 1845 2629 ia·

1040 2644 1211 2766 “ww
1229 2643 1343 2696 foliave.
1378 2640 1483 2695 Sanam
1494 2650 1523 2695 et
1534 2644 1752 2711 gallinaceorum
1765 2646 1845 2712 pitul-

1075 2783 1174 2836 XLVl.
1192 2782 1275 2835 Folia
1285 2781 1343 2833 alni
1360 2794 1395 2833 ιι
1411 2778 1616 2847 ferventisque
1636 2781 1792 2834 certissimo
1802 2796 1844 2835 rs·

1040 2853 1133 2906 medio
1145 2858 1210 2905 suut
1223 2851 1333 2903 tumori.

1075 2920 1187 2973 XLVll.
1209 2921 1318 2975 Ederae
1336 2932 1439 2987 genera
1460 2918 1563 2986 viginti
1583 2917 1842 2976 demonstravimus.

1041 2993 1152 3047 Natura
1167 2991 1287 3043 omniurn
1304 2991 1333 3043 in
1348 2988 1484 3041 medicina
1499 3003 1608 3055 anceps.
1644 2987 1770 3041 Mentem
1784 2995 1843 3043 tur.

1040 3065 1103 3126 bat,
1124 3069 1154 3115 et
1164 3069 1247 3129 caput
1258 3066 1360 3127 purgat
1372 3058 1478 3125 largius
1489 3064 1564 3123 pota.
1600 3057 1699 3110 Nervis
1710 3058 1786 3110 intus
1795 3074 1844 3113 uu·

1041 3138 1094 3186 cet.
1130 3125 1471 3183 lisdemnerrisadhibits
1492 3127 1559 3178 foris
1576 3128 1700 3195 prodest.
1736 3127 1844 3180 Eadem

1042 3209 1152 3264 natura,
1173 3216 1243 3267 quse
1254 3204 1343 3260 aceto,
1364 3198 1390 3247 ei
1402 3204 1452 3246 est.
1489 3196 1591 3249 Ouinia
1608 3210 1711 3262 genera
1726 3197 1786 3248 eius
1801 3212 1844 3250 re·

1042 3271 1185 3339 frigerent.
1220 3269 1331 3320 Urinam
1349 3267 1424 3318 cient
1438 3271 1518 3333 putu:
1540 3265 1641 3331 eapitis
1659 3265 1785 3318 dolorem
1802 3281 1845 3319 se·

1043 3341 1120 3402 dant,
1149 3338 1294 3405 praecipue
1315 3337 1440 3393 cerebro,
1468 3336 1678 3400 continentique
1699 3336 1844 3387 cerebrum

1043 3409 1227 3467 membranae,
1249 3405 1357 3457 utiliter
1368 3403 1499 3455 mollibus
1517 3404 1657 3469 impositis
1668 3402 1759 3454 foliis:
1780 3418 1844 3455 cum

1043 3486 1122 3530 aceto
1135 3486 1163 3529 et
1175 3490 1288 3527 rosaceo
1299 3475 1376 3524 tritis
1387 3480 1416 3524 et
1426 3472 1548 3525 decoctis
1555 3508 1563 3534 ,
1585 3472 1681 3525 addito
1692 3478 1791 3537 postea
1800 3486 1845 3525 ra·

1042 3563 1124 3599 sacen
1137 3547 1207 3598 oleo.
1243 3544 1392 3595 illinuntur
1401 3549 1494 3593 autem
1507 3541 1609 3592 fronti:
1629 3548 1658 3592 et
1668 3541 1784 3593 decocto
1794 3554 1844 3593 eo·

1043 3633 1101 3668 rum
1115 3617 1275 3674 functurus,
1287 3620 1424 3679 caputque
1440 3611 1609 3678 perungitur.
1646 3609 1727 3661 liieni
1738 3616 1766 3661 et
1777 3617 1845 3676 peta

1043 3694 1072 3738 ιι
1092 3686 1167 3737 illita
1186 3689 1309 3751 prosunt.
1339 3681 1537 3746 Decoquuntur
1559 3685 1587 3730 et
1606 3685 1704 3731 contra
1715 3677 1845 3731 horrores

1043 3753 1388 3818 febriumernptiouesqus
1397 3751 1525 3816 pituitae,
1536 3754 1584 3799 aut
1594 3747 1621 3798 iu
1633 3747 1698 3798 rino
1709 3754 1844 3799 teruntur.

1043 3824 1174 3891 Corymbi
1185 3836 1292 3890 quoque
1305 3822 1365 3889 poti
1376 3822 1419 3872 vel
1429 3820 1494 3870 illiti
1505 3819 1604 3869 lienem
1617 3823 1730 3869 sanant:
1743 3818 1846 3870 locine·

1042 3908 1073 3945 ra
1082 3900 1176 3945 autem
1187 3893 1259 3944 illiti.
1280 3890 1408 3943 Trahunt
1418 3897 1445 3941 et
1456 3904 1562 3941 menses
1573 3886 1703 3952 appositi.
1739 3885 1844 3937 Soccus

1041 3963 1145 4014 ederae
1165 3961 1259 4013 taedia
1280 3964 1386 4011 narium
1411 3957 1685 4024 graveolentiamque
1705 3954 1844 4015 emendat,

1043 4033 1191 4096 praecipue
1203 4031 1284 4081 albae
1292 4030 1406 4080 satirac.
1434 4027 1507 4078 idem
1518 4024 1625 4076 infusus
1637 4022 1750 4073 naribus
1761 4025 1845 4087 caput

1045 4105 1156 4164 purgat,
1167 4097 1304 4149 efficacius
1316 4097 1412 4148 addito
1424 4098 1508 4146 nitro.
1526 4092 1686 4145 infunditur
1697 4091 1779 4141 etiam
1793 4103 1843 4154 pu·

1044 4166 1162 4217 rulentis
1174 4167 1298 4223 auribus,
1308 4172 1358 4217 ant
1369 4164 1529 4214 dolentibus
1541 4175 1602 4210 eum
1615 4159 1689 4209 oleo.
1724 4157 1842 4209 Cicatri-

1042 4235 1121 4286 cibus
1134 4248 1241 4298 quoque
1251 4235 1378 4285 decorem
1391 4231 1467 4283 facit.
1502 4229 1544 4279 Ad
1556 4229 1642 4280 lienes
1654 4225 1795 4276 efficacior
1805 4225 1844 4277 al·

1041 4305 1095 4354 bae
1108 4310 1159 4360 est,
1180 4301 1257 4352 ferro
1268 4301 1437 4352 calefactus:
1457 4296 1581 4361 satisque
1592 4301 1635 4344 est
1646 4295 1744 4345 acinus
1754 4295 1844 4346 saxia

1042 4370 1101 4420 sini
1112 4368 1222 4436 cyathis
1233 4369 1341 4420 duobus
1353 4367 1433 4417 sumi.
1469 4365 1550 4417 ricini
1570 4378 1680 4429 quoque
1698 4378 1732 4415 ea
1745 4364 1842 4416 cadem

1043 4442 1109 4492 alba
1119 4439 1201 4500 terni,
1211 4440 1238 4489 in
1251 4445 1330 4489 aceto
1342 4435 1432 4488 mulsa
1444 4435 1511 4502 poti,
1519 4434 1607 4483 tineus
1619 4432 1738 4498 pellunt:
1750 4434 1777 4483 in
1788 4447 1845 4499 qua

1043 4512 1189 4563 curatione
1210 4507 1300 4559 ventri
1320 4519 1430 4572 quoque
1451 4503 1619 4570 imposuisse
1641 4518 1690 4555 eos
1709 4501 1842 4555 utileest.

1043 4578 1167 4639 Ederae,
1188 4592 1269 4644 quam
1289 4574 1495 4642 chrysocarpon
1516 4572 1729 4637 appellavimus,
1750 4570 1845 4624 beccis

1043 4651 1120 4702 aurei
1135 4649 1237 4699 eoloris
1254 4645 1364 4715 viginti,
1382 4645 1411 4695 ia
1430 4644 1488 4694 sini
1510 4644 1634 4693 sextario
1651 4642 1737 4702 tritis,
1756 4642 1845 4694 itaut

1043 4719 1117 4771 terni
1129 4714 1225 4785 cyathi
1236 4722 1379 4783 potentur,
1398 4727 1499 4780 aquam
1521 4727 1591 4778 quae
1612 4717 1703 4762 cutem
1714 4710 1844 4771 subierit,

1044 4789 1123 4840 urina
1134 4786 1227 4841 educit
1238 4785 1433 4837 Erasistratus.
1471 4780 1602 4833 Eiusdem
1614 4780 1710 4832 acinos
1722 4780 1844 4846 quinque

1044 4859 1128 4910 tritus
1138 4857 1164 4907 in
1175 4870 1291 4909 rosaceo
1303 4856 1377 4915 cleo,
1387 4850 1596 4918 calefactosque
1606 4850 1633 4900 in
1646 4848 1751 4901 cortice
1762 4847 1845 4900 Puni·

1045 4928 1079 4990 ci,
1090 4926 1241 4978 instillavit
1252 4925 1377 4977 dentium
1391 4921 1483 4974 dolori
1495 4936 1513 4971 a
1522 4919 1662 4972 contraria
1670 4932 1746 4971 sure.
1783 4918 1845 4970 nct-

1045 5000 1082 5061 ni,
1092 4997 1138 5063 qui
1148 4998 1223 5049 croci
1233 5009 1346 5046 succum
1357 4991 1470 5055 habent,
1476 4990 1628 5058 praesumti
1639 4996 1708 5055 patu
1718 5000 1842 5053 scrupu-

1044 5067 1074 5119 la
1085 5072 1162 5117 tutos
1173 5070 1332 5132 praestant=
1344 5063 1411 5115 item
1423 5062 1584 5127 sangninem
1596 5064 1783 5116 carcreaates,
1794 5060 1844 5105 aut

1044 5136 1212 5189 torminibus
1234 5134 1404 5187 laborantes.
1441 5132 1549 5183 Ederae
1560 5132 1656 5195 nigrae
1666 5124 1842 5179 candidiores

1044 5205 1172 5273 corymbi
1183 5205 1254 5270 poti,
1267 5203 1378 5256 steriles
1390 5201 1475 5254 etism
1485 5201 1563 5251 viros
1573 5197 1689 5250 faciunt.
1721 5190 1843 5245 illinitur

1044 5276 1161 5328 decocta
1172 5288 1351 5341 quaemnquo
1361 5272 1389 5323 ln
1399 5271 1463 5321 sinc
1474 5271 1596 5321 omnium
1609 5265 1842 5378 'mmmmm'

1044 5344 1193 5406 ri,etiamsi
1204 5342 1336 5395 cacoethe
1347 5345 1410 5392 sint.
1428 5339 1560 5391 lacrima
1570 5335 1669 5395 ederae
1679 5329 1729 5397 pail
1780 5340 1843 5409 ram

1045 5421 1096 5477 est,
1106 5410 1328 5480 phthiriasinqus
1339 5410 1423 5461 tollit.
1460 5408 1528 5459 Flos
1537 5405 1722 5465 cuiuscunque
1732 5410 1843 5477 gepens

1044 5483 1127 5535 trium
1138 5482 1291 5552 digitorum
1303 5487 1394 5547 captu,
1414 5473 1606 5544 dysentericus
1616 5476 1644 5521 et
1656 5469 1747 5519 aivum
1757 5469 1844 5518 utana
1890 5506 1894 5510 Α

1044 5552 1180 5615 emendat,
1190 5553 1218 5604 in
1230 5553 1293 5605 vinc
1304 5556 1415 5603 austero
1427 5546 1471 5598 bis
1482 5544 1528 5596 die
1539 5547 1630 5607 potus.
1659 5537 1696 5588 Et
1706 5536 1842 5589 ambustis

1043 5622 1164 5677 illinitur
1174 5621 1286 5677 utiliter
1300 5629 1448 5741 m'ff‘
1483 5611 1640 5678 nsngrsn
1649 5605 1784 5676 capillum
1795 5619 1842 5660 cc·

1155 2324 1169 2351 r
1183 2302 1346 2369 Ligustrum
1357 2302 1382 2352 si
1395 2302 1493 2353 eadem
1505 2304 1589 2354 arhcr
1599 2308 1729 2369 est,quee
1740 2302 1770 2354 in
1782 2301 1845 2355 Ori·
1865 2314 1885 2353 t·
1988 2302 1996 2351 .’
