4368 6008
339 328 403 387 256
506 324 538 382 C.
566 316 717 379 Plinii
755 309 963 374 sacuam
999 308 1164 370 Narba
1201 308 1393 375 distuli,
1425 310 1505 372 tia.
1528 309 1606 371 XX
1643 310 1736 371 CAP.
1759 312 1881 374 ther

343 487 465 535 sacrani,
485 484 547 522 cum
558 466 653 528 nielie,
664 467 746 516 acuto
758 459 903 528 nitroque:
921 458 1054 511 similiter
1064 456 1147 524 poda·

342 558 417 613 gras.
455 539 566 608 Ungues
576 537 691 587 scabros
702 528 851 583 detrahere
863 528 967 580 dicitur
979 528 1040 579 sinu
1054 526 1148 577 huiua-

344 629 384 666 re.
421 609 492 664 Sunt
511 607 602 675 quiet
618 603 714 655 morbo
732 596 895 671 regiodept
909 598 1073 650 sentencias
1086 610 1148 647 cum

343 682 437 744 melle,
458 678 578 731 arterias
597 680 626 726 et
644 671 774 724 tonsillas
786 668 862 720 nitro
881 663 1150 734 additopciincent,

345 752 438 804 sirum
452 751 594 800 nauseant:
607 748 688 794 coetu
701 740 745 793 ici
754 753 805 806 per
815 753 854 799 se,
867 738 910 788 rel
922 750 982 786 cuni
995 735 1087 785 maiia
1099 742 1149 785 aut

345 819 489 885 lenticula,
499 817 673 870 concitantes
685 810 859 863 vomitiones.
888 802 1149 875 hili·mti·mpmos

345 893 466 959 tingunt,
479 893 507 939 et
518 884 554 937 ad
566 882 769 951 suprascripta
779 883 905 929 utuntur.

382 957 497 1011 cxxxi
503 954 533 1008 V.
553 955 577 1004 E
590 950 732 1005 contrario
748 951 777 999 in
793 947 902 1014 mugnis
915 942 1044 996 laudibus
1055 940 1150 993 moira

279 1038 283 1043 “
347 1036 391 1083 est
401 1033 528 1093 utraque,
550 1032 579 1074 et
587 1023 680 1073 satira
691 1026 721 1070 et
730 1018 877 1070 silvestris.
913 1015 979 1066 Duo
991 1027 1094 1080 genera
1106 1026 1151 1063 ca·

348 1113 411 1151 rum
421 1091 605 1163 amplitudine
617 1090 679 1142 tetii
689 1088 891 1140 discernuntur.
913 1084 1051 1135 Maiorem
1064 1082 1150 1133 Grae-

348 1172 374 1220 ci
385 1168 515 1235 malopen
528 1168 629 1217 vocant
641 1161 671 1210 in
681 1158 788 1210 satiris.
825 1158 947 1208 aiterum
959 1154 994 1205 ab
1006 1148 1152 1204 emollien-

349 1238 385 1289 do
396 1244 493 1289 ventre
506 1235 610 1286 dictam
620 1236 720 1299 putant
739 1224 894 1278 malachan.
929 1225 953 1275 Ε
965 1222 1151 1282 silvestribus,

348 1308 393 1359 cui
404 1306 510 1375 grande
521 1304 621 1356 iulium
634 1308 662 1354 et
673 1297 781 1351 radices
793 1297 882 1358 albae,
899 1294 1011 1344 althaea
1024 1298 1150 1351 tucatur,

349 1378 385 1429 ab
408 1372 576 1428 excellentia
594 1371 727 1425 effeetus:
757 1365 957 1437 aquibusdain
980 1360 1151 1429 plistulycia.

294 1502 297 1507 ,
349 1449 438 1500 Ouiae
449 1445 583 1507 salumin
595 1457 649 1511 quo
660 1445 798 1502 serantur,
806 1435 935 1504 pinguius
948 1432 1063 1484 iaciunt.
1079 1430 1152 1480 liuto

351 1526 450 1570 contra
466 1530 561 1569 omnes
572 1512 716 1565 aculeatos
733 1509 807 1560 ictus
817 1506 914 1559 cilicas
927 1504 984 1565 ris,
1004 1504 1152 1568 praecipue

350 1587 538 1652 scorpionum,
559 1596 715 1649 vesparum,
735 1578 933 1644 similiumque,
951 1582 979 1625 et
992 1573 1077 1623 murm
1088 1582 1151 1622 ara·

348 1658 405 1709 nei.
442 1656 513 1720 Quin
531 1661 559 1705 et
570 1654 711 1704 tritanum
729 1648 792 1700 oleo
810 1645 934 1713 qualibet
944 1658 1039 1695 aarum
1052 1655 1152 1707 perun·

350 1727 391 1778 cti
410 1732 486 1785 ante,
506 1724 550 1775 rel
566 1722 769 1781 habenteseas,
789 1714 1002 1767 conteriuntur.
1040 1711 1152 1762 Folium

349 1795 512 1862 impositum
523 1789 717 1858 scorpionibus
728 1795 869 1854 torporem
881 1785 971 1836 alieri.
1010 1779 1113 1833 Valent
1124 1785 1151 1830 et

351 1872 450 1919 contra
460 1876 572 1917 venena.
593 1859 711 1911 Aculeus
722 1872 821 1908 omnes
829 1852 979 1907 extrahunt
989 1851 1080 1903 illitae
1091 1864 1151 1902 cru·

351 1935 404 1987 dae
415 1949 476 1986 com
488 1933 579 1984 nitro:
596 1937 681 1997 potae
692 1942 758 1979 reio
769 1927 901 1977 decoctae
912 1921 1078 1975 contradite
1091 1934 1152 1981 sua,

350 2005 457 2071 leporis
468 2001 567 2053 niarini
578 1996 886 2063 scaenarestingount:
907 2001 937 2045 et
948 1998 978 2045 nt
989 1991 1100 2059 quidam
1113 1989 1154 2040 di-

351 2080 426 2133 eunt,
443 2072 467 2123 si
478 2078 614 2124 vomatur.
1125 2064 1129 2069 '

386 2143 428 2193 lie
447 2141 547 2193 iisdem
566 2142 634 2191 nitra
651 2146 681 2191 et
695 2137 753 2188 elia
761 2132 919 2186 traduntur.
955 2129 1010 2182 Sed
1023 2129 1154 2191 maxime,

351 2215 376 2263 si
386 2210 512 2279 quotidie
524 2212 585 2277 quis
595 2209 670 2259 succi
682 2222 716 2257 cx
727 2204 850 2273 qualibet
861 2216 954 2254 earum
966 2201 1081 2251 sorbeat
1091 2212 1154 2265 eya·

352 2281 431 2333 thum
444 2279 597 2340 dimidium,
620 2275 747 2329 omnibus
762 2272 865 2323 morbis
876 2271 1040 2321 cariturum.
1080 2266 1152 2317 lini-⁶

353 2366 419 2405 cera
429 2350 572 2407 ninnantia
582 2349 612 2399 in
624 2347 715 2414 capite
727 2350 826 2394 sanant
836 2343 864 2392 in
879 2341 958 2392 urina
969 2336 1154 2405 putrefactae,

353 2418 478 2474 lichenas
490 2426 519 2471 et
531 2417 646 2470 hulcera
655 2418 712 2468 uris
723 2427 785 2465 cuin
798 2411 890 2463 melle.
927 2409 1018 2460 liadix
1030 2407 1154 2467 decocta,

353 2491 479 2543 furfures
490 2489 590 2557 capitis
603 2485 766 2551 ardentium
780 2482 972 2533 stabilitates·
994 2479 1072 2540 Eius,
1085 2490 1155 2543 quae

353 2576 439 2613 unum
455 2561 562 2611 caulem
579 2556 662 2609 habet
683 2553 777 2607 radice
798 2553 873 2607 circa
883 2550 993 2601 dentem
1006 2548 1157 2615 quidoleut

355 2638 496 2700 pungunt,
516 2628 605 2682 donec
626 2625 737 2679 desinat
749 2622 840 2675 dolor.
878 2619 981 2671 b'ndem
994 2628 1115 2669 strumas
1128 2620 1156 2668 ct

355 2700 499 2770 parotidas
511 2712 667 2766 panosque,
684 2695 782 2748 additu
796 2691 915 2744 hominis
930 2691 1034 2751 salira,
1055 2692 1157 2755 purgat

356 2774 429 2824 citro
440 2771 547 2823 vuinus.
584 2768 684 2821 Senien
701 2767 731 2818 in
747 2766 813 2815 rino
825 2763 905 2831 nigro
917 2768 1013 2827 potum
1027 2757 1157 2824 apituita

355 2850 384 2894 ct
397 2843 510 2893 nauseis
525 2840 637 2893 liberat.
672 2834 766 2889 Radix
781 2844 963 2885 inanimatum
976 2828 1051 2880 vitiis
1063 2840 1157 2879 occur·

355 2913 400 2973 rit,
412 2911 568 2979 adalligata
578 2909 607 2959 in
619 2909 683 2959 lana
695 2908 782 2974 nigra
819 2901 930 2953 ‘l'ussim
942 2902 972 2949 in
983 2900 1055 2950 lacte
1065 2902 1157 2960 cocta,

354 2991 383 3033 rt
393 2981 556 3031 sorbitionis
576 2978 657 3028 inodo
673 2982 779 3035 sumta,
802 2972 892 3038 quinis
907 2969 1006 3020 diebus
1017 2966 1155 3018 emendat.

354 3048 505 3101 litorisaehu
527 3046 642 3099 inutiles
657 3043 770 3097 Sestius
790 3041 879 3108 Niger
899 3039 974 3090 dicit.
1011 3036 1156 3104 Olympias

354 3118 497 3178 Thebana,
517 3117 660 3168 abortivas
677 3128 737 3164 osse
749 3125 811 3162 cum
825 3109 908 3176 adipe
921 3106 1044 3159 anseris:
1066 3105 1156 3173 aliqui

354 3186 469 3256 purgari
479 3185 613 3248 feminas,
634 3183 711 3236 toliis
723 3196 817 3234 aaroni
830 3193 929 3231 manus
940 3178 1039 3244 plenae
1049 3190 1157 3227 nicusu-

353 3272 386 3310 ra
394 3259 422 3307 in
433 3256 497 3308 oleo
509 3260 539 3308 et
548 3255 611 3305 rino
622 3253 732 3306 sumtis.
768 3253 869 3319 Utique
880 3252 990 3300 constat
1002 3246 1156 3313 parturiet·

354 3339 398 3381 tes
409 3326 488 3379 iuliis
499 3327 646 3378 substratis
658 3325 779 3376 celerius
799 3320 886 3374 solvi:
906 3318 1034 3384 protinus
1047 3329 1063 3365 a
1075 3322 1155 3383 partu

353 3395 547 3458 reuocandum,
559 3410 593 3447 ne
603 3395 686 3446 volva
697 3399 838 3460 sequatur.
869 3390 945 3441 Dant
957 3394 986 3440 et
995 3400 1106 3438 succum
1118 3385 1157 3437 bi·

353 3466 476 3518 bendum
488 3465 709 3533 parturientibus
719 3463 832 3525 ieiunis,
852 3460 880 3511 in
891 3461 956 3510 vino
967 3457 1099 3510 decoctae
1108 3453 1155 3506 he·

354 3539 439 3587 mina.
476 3536 549 3597 Quin
571 3540 601 3585 et
621 3548 715 3587 semen
732 3533 890 3599 adalligant
901 3526 1016 3581 brechio
1033 3524 1157 3594 genitale

354 3617 409 3654 non
427 3602 638 3654 continentium.
675 3603 806 3672 ddeuque
824 3614 874 3653 eae
886 3599 985 3651 Veneri
999 3603 1157 3655 nascuntur,

353 3677 387 3721 ui
405 3682 500 3721 temen
519 3671 658 3725 unicaulis
679 3685 823 3739 aspersum
840 3669 969 3737 genitali,
991 3666 1156 3718 leoninarum

354 3738 507 3791 ariditates
527 3750 631 3804 augere
652 3739 686 3786 ad
708 3741 845 3791 inlinitum
862 3738 1034 3788 Xenocrates
1050 3733 1156 3784 trudat:

354 3812 480 3874 lienique
490 3812 548 3858 tres
559 3804 667 3857 radices
688 3804 770 3855 iusta
787 3806 970 3871 adalligatus,
990 3811 1116 3855 tenesmo
1128 3807 1157 3853 et

355 3875 542 3947 dysentericis
553 3874 703 3927 utilissime
714 3874 840 3924 infundi:
852 3872 920 3923 iteni
929 3872 1006 3924 sedis
1016 3871 1102 3932 uitiis,
1113 3871 1156 3922 iel

355 3950 379 4001 si
402 3948 557 4001 tornantur.
593 3941 805 3997 Melanoholicis
824 3955 934 4008 quoque
955 3955 1053 3992 succus
1074 3940 1158 3991 datur

357 4017 467 4088 cyathis
483 4016 573 4069 ternis
587 4012 713 4081 tepidus:
735 4019 764 4064 et
775 4010 986 4071 insanientibus,
1007 4011 1156 4076 quaternis.

354 4090 497 4142 Decoctac
509 4084 696 4139 comitialibus
707 4080 836 4133 heminae
846 4081 931 4132 succi.
963 4080 1018 4131 ilis
1029 4085 1056 4130 ct
1067 4080 1158 4132 ealcu-

356 4160 435 4222 losis,
447 4164 475 4210 et
485 4156 638 4215 inflatione,
661 4159 691 4206 et
701 4152 875 4214 torminibus,
885 4157 935 4201 aut
946 4148 1157 4216 opisthotonico

354 4228 558 4289 laborantibus,
570 4223 682 4292 tepidus
691 4222 822 4276 illinitur.
858 4220 1158 4288 stramnigaham

357 4301 501 4361 ambustis,
510 4297 629 4350 decocta
638 4296 667 4347 ia
678 4293 773 4346 oleum
786 4290 855 4344 tolia
864 4292 1061 4358 imponunturi
1083 4297 1111 4343 et
1121 4289 1157 4342 ad

355 4368 500 4421 rainerum
509 4368 632 4436 impetus
644 4366 730 4418 crude
742 4377 803 4415 cuni
814 4375 893 4429 pane
912 4361 1015 4413 Sueuos
1025 4360 1158 4413 decumae

356 4437 450 4487 nervis
462 4437 590 4502 prodest,
612 4442 641 4490 et
651 4436 772 4498 vesicae,
795 4438 824 4483 et
835 4430 1031 4482 intestinorum
1043 4432 1158 4482 rosioni·

356 4505 417 4554 nas.
434 4501 537 4555 Vulras
548 4513 577 4558 et
588 4507 651 4559 cibo
662 4511 691 4557 ct
700 4503 841 4555 infusione
851 4499 960 4553 emollit
970 4498 999 4549 in
1012 4500 1087 4552 oleo:
1099 4515 1157 4551 suc

356 4586 405 4622 cus
417 4571 550 4625 decoctae
559 4577 621 4641 pori
632 4581 741 4626 meatus
751 4587 851 4625 suares
862 4568 939 4622 iacit.

393 4639 530 4691 Althaeae
542 4642 570 4693 in
581 4644 709 4695 omnibus
720 4656 805 4710 supra
816 4641 899 4693 dictis
909 4638 1050 4690 efficacior
1061 4636 1157 4687 radis:

356 4711 507 4778 praecipue
518 4711 656 4764 convulsis
668 4715 821 4779 ruptisque.
848 4710 934 4760 Cocta
945 4709 971 4758 in
983 4722 1055 4774 aqua
1065 4705 1157 4757 airuns

356 4777 443 4830 sistit.
482 4781 521 4828 aa
532 4780 597 4830 rino
608 4779 673 4831 albo
684 4789 815 4842 strumas,
831 4786 860 4831 et
872 4777 1024 4845 parotidas,
1035 4782 1064 4829 et
1074 4789 1159 4827 mam·

356 4860 465 4899 marum
475 4844 722 4913 inflammationes,
743 4860 772 4903 ct
782 4864 868 4916 panus
882 4849 911 4899 ia
922 4849 987 4899 irino
997 4845 1066 4898 tolia
1078 4843 1158 4896 deco·

1203 467 1254 519 Est
1263 469 1356 516 autern
1367 468 1398 514 et
1408 459 1547 521 silvestre,
1556 458 1632 526 quod
1643 458 1695 512 alii
1705 459 1843 514 oxalidem
1853 463 2008 530 appeliant,
2107 494 2112 500 ·

1203 548 1305 603 sapore
1315 531 1484 599 proximant,
1507 527 1586 580 loliis
1598 530 1700 593 scutis,
1715 528 1810 583 colore
1822 532 1905 583 betae
1916 533 2008 585 caudi.

1203 605 1264 666 dae,
1277 603 1373 654 radice
1384 600 1521 651 minimas
1531 599 1622 649 nostri
1633 612 1698 651 cero
1709 601 1851 664 rumicem,
1868 601 1917 654 aiii
1931 604 2008 671 lapa-

1203 671 1281 725 thum
1294 669 1496 734 cantherinum,
1517 666 1553 718 ad
1569 674 1691 723 strumas
1703 683 1766 721 cum
1788 672 1909 740 aruirgia
1919 673 2010 726 ethea-

1203 744 1354 796 tissimum.
1390 738 1611 791 Estetalterum
1622 739 1793 806 genusiere,
1815 742 2033 811 oxylapathoni

1203 819 1315 875 vocant,
1325 809 1417 863 satiro
1429 809 1502 861 ideni
1513 807 1641 871 similius,
1661 816 1690 861 et
1701 813 1830 862 acutiora
1841 810 1926 865 habet
1938 812 2010 865 iulia

1204 882 1385 942 aerubriora,
1404 893 1459 931 non
1476 878 1530 930 nisi
1546 878 1575 929 in
1591 877 1762 945 palustribus
1777 894 1902 934 nascens.
1938 882 2011 934 Sunt

1205 927 1490 1023 quihydrolapathon
1505 948 1620 1000 madunt
1635 949 1663 999 in
1680 963 1753 1017 aqua
1770 956 1876 1003 natum
1912 953 1963 1004 Est
1980 954 2043 1006 et*

1205 1021 1282 1095 aliud
1293 1020 1320 1071 hi
1360 1014 1512 1087 alapathon
1525 1021 1612 1071 maius
1623 1019 1724 1081 satiro,
1745 1019 1953 1089 candidiusque,
1974 1036 2009 1076 ac
2022 1028 2045 1073 ÷

1204 1090 1328 1159 spissius.
1351 1094 1380 1141 ni
1396 1088 1500 1141 resima
1510 1089 1685 1155 scorpionum
1696 1089 1800 1142 ictibu's
1811 1090 1966 1158 medentur,
1978 1100 2009 1146 et

1204 1162 1290 1215 ier-ire
1307 1157 1454 1227 prohibent
1471 1156 1614 1211 habentes.
1651 1158 1741 1211 iladix
1759 1167 1841 1214 aceto
1852 1160 1970 1216 decocta
1982 1162 2009 1216 si

1206 1232 1323 1294 coletur,
1336 1244 1436 1281 succus
1446 1226 1575 1281 dentibus
1584 1228 1750 1281 auxiliatur:
1773 1231 1798 1283 si
1809 1246 1876 1285 reru
1886 1232 2009 1297 bibatur,

1205 1302 1303 1354 morbo
1325 1299 1411 1368 regio.
1447 1296 1547 1350 Senien
1563 1297 1702 1352 atoniachi
1717 1301 1924 1355 inextricabilia
1936 1302 2008 1356 vitia

1205 1377 1294 1423 sanat.
1330 1366 1535 1437 hippolapathi
1554 1368 1663 1422 radices
1682 1369 1812 1437 privatim
1827 1386 1933 1441 ungues
1950 1388 2008 1427 sta·

1205 1443 1272 1493 bros
1293 1439 1452 1492 detrahunt.
1488 1438 1691 1506 Dysentericos
1712 1454 1806 1493 serires
1822 1440 1929 1496 duabus
1944 1442 2006 1495 dra·

1207 1511 1293 1562 ohnils
1303 1511 1331 1561 in
1341 1510 1405 1562 mnu
1420 1514 1516 1576 putum
1530 1508 1640 1561 liberat.
1677 1509 1850 1579 oxylapathi
1861 1527 1954 1566 senten
1966 1512 2008 1564 lo·

1205 1589 1266 1647 tum
1278 1580 1307 1630 in
1318 1592 1392 1648 aqua
1403 1579 1530 1642 caelesti,
1551 1578 1712 1646 sauguinem
1724 1581 1916 1635 reiicientibus
1928 1582 2006 1635 adie-
2075 1614 2080 1619 -
2173 1592 2174 1597 ’

1206 1657 1252 1703 cta
1263 1650 1357 1702 acacia
1368 1650 1453 1702 lentis
1464 1649 1657 1715 nragnitudiue
1669 1649 1792 1715 prodest.
1821 1652 2007 1705 Praestantis-

1207 1723 1294 1774 simos
1305 1720 1436 1787 pastillus
1448 1718 1555 1771 iaciunt
1567 1733 1601 1771 ex
1610 1718 1686 1772 loliis
1698 1726 1727 1772 et
1738 1721 1841 1785 radice,
1861 1722 1957 1777 addito
1967 1723 2008 1774 nl·

1207 1798 1251 1843 tru
1265 1797 1292 1842 et
1304 1789 1384 1842 thure
1397 1789 1510 1856 exiguo.
1546 1790 1576 1840 ln
1588 1801 1639 1840 usu
1652 1797 1733 1843 noeto
1744 1791 1860 1845 diluunt.

1243 1858 1395 1914 cxxxvi.
1415 1857 1471 1911 Sed
1482 1859 1606 1910 satiram
1622 1861 1651 1910 in
1664 1859 1805 1927 epiphoris
1818 1863 1965 1915 oculorum
1976 1861 2009 1914 ii·

1207 1928 1460 1982 liiiuntirontibus.
1495 1928 1602 1980 Redire
1612 1928 1735 1982 lichenas
1756 1937 1785 1983 et
1795 1931 1888 1999 lepras
1899 1936 2013 1984 curanti

1207 2002 1237 2052 ln
1250 2000 1312 2053 tino
1323 2012 1389 2051 reru
1402 1998 1526 2062 decocta,
1546 2005 1675 2061 strumas,
1697 2006 1724 2051 et
1735 2001 1888 2066 parotidas,
1909 2009 1939 2053 et
1951 2001 2007 2053 cal·

1208 2070 1295 2123 cuius.
1332 2069 1405 2121 Pota
1414 2070 1479 2120 rino
1490 2074 1521 2121 et
1530 2067 1619 2121 lienes
1629 2069 1714 2132 illita,
1725 2070 1863 2122 coeliacos
1873 2084 1971 2138 aeque,
1979 2076 2010 2123 et

1208 2139 1410 2208 dysentericus,
1424 2145 1454 2190 et
1465 2142 1614 2190 tenesmos.
1651 2138 1691 2190 dd
1702 2138 1854 2206 eademque
1865 2141 1957 2192 omnia
1968 2128 2008 2192 ei·

1208 2210 1320 2262 ficamus
1330 2209 1373 2260 ius
1385 2206 1506 2276 lapathi:
1530 2214 1560 2260 et
1576 2208 1768 2275 incrustant,
1788 2217 1817 2261 et
1827 2210 1933 2261 urinam
1944 2209 2009 2272 olet,

1209 2286 1238 2332 et
1251 2279 1398 2346 caliginem
1411 2278 1557 2330 oculorum
1568 2277 1695 2330 discutit:
1717 2278 1784 2331 item
1803 2280 1937 2345 pruritum
1950 2292 2009 2332 eur·

1207 2351 1294 2417 poris,
1314 2351 1342 2399 in
1352 2347 1427 2399 solia
1438 2346 1608 2399 balinearum
1621 2347 1756 2414 additum,
1773 2355 1822 2401 aut
1833 2351 1909 2417 prius
1919 2351 2009 2417 ipsunt

1209 2419 1312 2471 illitum
1333 2419 1394 2471 sine
1411 2416 1484 2469 oleo.
1520 2416 1629 2468 Firmat
1644 2424 1673 2471 et
1691 2418 2010 2472 commanducstsradlx

1210 2490 1317 2541 dentes.
1338 2487 1441 2540 Eadem
1452 2486 1568 2539 decocta
1580 2500 1641 2538 cum
1652 2489 1725 2551 rino,
1736 2491 1813 2542 sistit
1824 2490 1930 2541 aliani:
1941 2488 2010 2541 tolia

1209 2559 1329 2611 solvunt.
1366 2557 1476 2609 Adiecit
1494 2556 1581 2623 Solon
1596 2553 1647 2625 (ne
1663 2558 1727 2625 quid
1740 2557 1916 2628 omittamus)
1931 2557 2010 2610 buia·
2022 2594 2045 2623 ,.

1209 2627 1325 2696 pathos,
1347 2626 1450 2679 radicis
1461 2631 1567 2679 tantum
1581 2627 1730 2681 altitudine
1742 2629 1882 2691 differens,
1902 2620 2010 2694 storga

1210 2699 1402 2766 dysentericus
1413 2695 1524 2760 effectu,
1538 2704 1623 2765 potae
1635 2712 1669 2751 ex
1681 2698 1756 2750 rino.

1245 2765 1413 2819 lixxxvll.
1433 2765 1538 2838 Sinapi,
1556 2768 1633 2819 cuius
1643 2766 1672 2818 in
1684 2768 1782 2820 sstids
1793 2771 1847 2836 triu
1857 2781 1958 2836 msera
1968 2764 2010 2816 di·

1210 2839 1310 2900 ximus,
1327 2835 1503 2905 Pythagoras
1513 2838 1701 2905 principatum
1713 2836 1817 2891 habere
1827 2854 1861 2890 ex
1874 2836 1925 2899 his,
1945 2850 2011 2902 quo·

1211 2923 1271 2960 runi
1294 2907 1411 2959 sublime
1434 2907 1475 2957 ris
1499 2907 1613 2970 teratur,
1635 2907 1785 2969 iudicarit,
1806 2908 1934 2973 quoniam
1955 2919 2012 2956 noa

1209 2976 1286 3031 aliud
1296 2976 1385 3044 magis
1395 2976 1425 3027 in
1436 2990 1518 3028 nores
1529 2982 1558 3027 et
1569 2975 1713 3027 cerebrum
1730 2981 1866 3041 penetret.
1903 2974 1945 3028 sd
1956 2989 2012 3027 ser·

1209 3050 1331 3116 pentionr
1343 3047 1416 3096 ictus
1434 3050 1463 3095 et
1478 3044 1655 3111 scorpionum
1673 3044 1768 3097 tritum
1786 3058 1849 3095 com
1861 3050 1944 3096 aceto
1954 3043 2011 3095 illi·

1209 3118 1293 3169 nitor.
1324 3114 1481 3183 Fungorum
1493 3128 1600 3165 venena
1612 3113 1737 3165 discutit.
1766 3114 1870 3164 contra
1881 3114 2013 3178 pituitam

1209 3191 1323 3240 tenetur
1332 3184 1361 3235 in
1372 3182 1525 3249 ore,dunec
1533 3182 1679 3249 liquescat,
1688 3183 2012 3251 autgergarisatureurn

1210 3272 1283 3324 aqua
1302 3255 1399 3307 niobe.
1442 3251 1627 3306 addentium
1648 3252 1775 3304 dolorem
1798 3250 1954 3302 manditur:
1977 3249 2012 3301 ad

1209 3341 1292 3379 uram
1305 3323 1499 3392 gargarizatur
1517 3337 1579 3374 euin
1598 3328 1678 3375 aceto
1691 3327 1720 3373 et
1731 3320 1824 3375 melle.
1862 3318 2011 3373 Stomacho

1210 3396 1389 3447 utilissimum
1401 3397 1498 3445 contra
1508 3392 1604 3444 orinia
1612 3391 1692 3453 ritis,
1701 3391 1943 3459 pulmonibusque.
1955 3392 2009 3442 aa·

1209 3465 1381 3519 screationes
1403 3461 1500 3513 iociles
1520 3459 1591 3513 iacit
1610 3461 1638 3511 in
1656 3459 1717 3512 cibo
1735 3466 1870 3512 sumtum:
1891 3458 2013 3510 daturet

1210 3534 1380 3601 suspiriosis.
1415 3532 1486 3584 item
1507 3527 1695 3582 comitialibus
1709 3529 1833 3598 tepidum
1849 3543 1911 3581 cum
1927 3540 2010 3579 succo

1211 3615 1396 3656 cucumerum.
1433 3599 1551 3663 Sensus,
1573 3604 1658 3667 etque
1678 3598 1906 3651 sternutamentis
1927 3605 2011 3667 caput

1209 3670 1425 3741 purgationum
1436 3669 1538 3732 mollit,
1551 3675 1694 3721 menstrua
1705 3676 1734 3722 et
1744 3669 1853 3721 onnam
1865 3669 1931 3721 ciet.
1952 3667 2011 3735 lly-

1211 3741 1334 3808 dropicis
1347 3739 1507 3805 imponitur,
1516 3753 1579 3790 cum
1592 3738 1644 3790 lico
1658 3744 1686 3791 et
1697 3739 1810 3792 cumino
1820 3743 1912 3790 tusum
1924 3737 2011 3788 ternis

1209 3810 1343 3881 partibus.
1369 3809 1511 3860 comitiali
1522 3808 1629 3869 morbo,
1639 3813 1668 3861 et
1678 3810 1821 3860 riolvarum
1833 3806 2011 3860 conversione

1210 3879 1364 3933 suffocatas
1374 3877 1481 3930 excitat
1491 3878 1593 3941 odore,
1615 3884 1695 3930 nomo
1707 3879 1811 3930 mistui
1831 3874 2010 3930 itemlethar·

1210 3952 1299 4020 gicos.
1326 3946 1465 4000 adiicitur
1476 3947 1631 4016 tordylian.
1660 3948 1712 3999 Est
1723 3945 1855 4001 autemid
1866 3960 1962 3999 semen
1976 3946 2040 3997 exi

1211 4020 1302 4073 seseli.
1337 4017 1376 4068 lit
1389 4016 1414 4067 si
1427 4016 1619 4071 vehementior
1633 4032 1744 4069 somnus
1766 4016 1935 4085 lethargicos
1952 4029 2012 4083 pre·

1211 4097 1283 4152 mat,
1302 4087 1430 4141 eruribus
1446 4094 1495 4141 aut
1506 4088 1592 4141 etiam
1609 4087 1694 4155 capiti
1706 4087 1827 4139 illinitur
1838 4100 1900 4139 eum
1911 4085 1965 4136 lieu
1976 4096 2011 4135 ex

1212 4167 1303 4214 aceto
1339 4156 1455 4211 Veteres
1466 4158 1578 4211 dolores
1588 4156 1721 4222 thoracis,
1735 4158 1903 4219 lumborum,
1915 4166 2013 4207 conen·

1212 4230 1314 4291 dicuin,
1333 4226 1523 4291 humerorum,
1543 4234 1572 4281 et
1583 4227 1612 4278 in
1623 4241 1786 4295 quacunque
1795 4231 1876 4294 parte
1887 4224 2011 4292 corporis

1212 4315 1248 4354 ex
1267 4299 1327 4354 alto
1348 4297 1420 4350 vitia
1440 4296 1612 4351 extrahenda
1627 4304 1701 4361 sunt,
1723 4298 1828 4350 illitum
1847 4293 1971 4348 caustica
1984 4292 2012 4341 ci

1211 4368 1352 4432 emendat,
1363 4368 1489 4436 pustulas
1499 4365 1638 4420 iaciendo.
1669 4369 1704 4421 iit
1714 4371 1742 4420 ia
1754 4381 1854 4436 magna
1863 4364 1967 4417 duritie
1976 4364 2012 4413 si·

1210 4454 1245 4493 ne
1256 4442 1309 4493 lico
1319 4439 1495 4505 impositum:
1515 4431 1603 4492 rei'si
1618 4434 1812 4491 vehementior
1827 4435 1901 4488 ustio
1916 4435 2012 4485 amen

1210 4517 1266 4570 tur,
1277 4524 1326 4578 per
1336 4509 1463 4575 duplices
1473 4522 1589 4575 pennos.
1619 4508 1743 4561 Utuntur
1752 4508 1787 4560 nd
1799 4504 1939 4574 alopecias
1950 4515 2012 4554 cum

1210 4581 1331 4641 rubrica,
1347 4594 1453 4645 psoras,
1470 4579 1572 4647 lepras,
1586 4576 1765 4646 phthiriases,
1783 4576 1943 4635 lithanicni,
1958 4571 2015 4638 opi·

1211 4647 1396 4701 sthotonieos.
1432 4649 1571 4718 Inungunt
1591 4662 1699 4715 quoquc
1714 4648 1827 4697 scabras
1848 4658 1944 4711 genas,
1965 4646 2015 4693 aut

1212 4715 1366 4783 caligantes
1377 4718 1474 4769 oculos
1486 4733 1547 4770 cum
1559 4715 1650 4769 melle.
1687 4714 1846 4777 succusque
1856 4711 1947 4761 tribus
1958 4724 2015 4762 mo·

1211 4783 1256 4837 dir
1267 4783 1433 4852 exprimitur
1442 4789 1471 4834 in
1483 4786 1574 4846 fictili,
1585 4783 1752 4849 calescitque
1763 4782 1791 4831 in
1803 4792 1837 4831 eo
1850 4776 1916 4830 Sole
1926 4779 2015 4832 modi·

1211 4868 1252 4906 ce.
1288 4854 1355 4904 Erit
1369 4858 1399 4904 et
1412 4866 1427 4903 e
1443 4851 1582 4904 cauliculo
1594 4863 1692 4902 succus
1703 4852 1820 4910 lacteus,
1841 4847 1942 4914 quiite
1953 4862 2013 4899 mser

357 4921 405 4968 cte
422 4921 450 4966 et
466 4915 538 4967 illita
548 4918 658 4969 tollunt.
695 4920 800 4971 iisdem
822 4915 1158 4977 aridainlactedecoctn,
1209 4922 1346 4983 induruit,
1357 4920 1483 4973 dentium
1494 4920 1585 4973 dolori
1596 4917 1732 4971 medetur.
1767 4915 1867 4970 Samen
1879 4932 1913 4970 ae
1924 4918 2016 4979 radix,

357 4984 512 5053 quamlibet
541 4986 716 5051 perniciosae
744 4988 813 5039 tussi
845 4988 977 5039 citissime
1003 4984 1157 5037 niedentur.

1212 5006 1274 5043 cuni
1284 4992 1455 5042 immaduere
1466 4996 1567 5054 inusto,
1576 4993 1767 5051 conteruntur,
1790 5000 1945 5055 manusque
1956 4987 2014 5055 ple-

357 5054 548 5121 Hippocrates
558 5053 720 5117 vulneratis,
742 5057 959 5125 sitientibusque
971 5054 1081 5107 deiectu
1096 5068 1157 5105 san·
1208 5074 1264 5113 aaa
1276 5074 1407 5112 mansura
1416 5059 1566 5112 sorbentur
1576 5057 1611 5111 aa
1621 5058 1772 5111 firmanda,
1782 5055 1888 5119 faunu,
1909 5062 2015 5109 ptam.

357 5126 459 5193 guinis,
479 5122 583 5175 radicis
594 5123 726 5176 decoctae
736 5139 848 5178 succum
858 5125 1007 5179 bibendum
1020 5124 1108 5178 dediti
1130 5130 1159 5175 et

357 5196 445 5262 ipsam
463 5192 623 5245 vulneribus
635 5207 697 5244 euni
712 5194 795 5246 nieiie
812 5202 842 5246 ct
859 5198 966 5248 resina:
984 5197 1050 5248 item
1063 5201 1158 5248 contu·

1210 5128 1301 5193 chum,
1323 5130 1429 5192 oculos,
1451 5135 1545 5198 caput,
1564 5142 1717 5198 sensusque
1731 5140 1843 5180 omnes:
1863 5126 2014 5180 mulierum

1211 5199 1296 5253 etiarn
1307 5198 1502 5261 lassitudines,
1523 5198 1723 5252 saluberrimae
1738 5212 1840 5268 genere
1851 5196 2012 5251 medicinae.

357 5262 529 5345 nimietatis,
539 5260 721 5325 tumentibus,
740 5264 923 5344 etmusculis,
941 5266 1044 5331 inerms,
1056 5265 1158 5319 artico·
1209 5269 1342 5322 calculas
1359 5280 1468 5337 quoqne
1483 5268 1601 5321 diseunt
1616 5276 1712 5336 poium
1723 5270 1854 5322 innato,
1889 5266 2012 5320 nlinitur

358 5333 394 5416 ¹¹!
404 5333 550 5400 iiiili⁰⁸¹¹¹i³
571 5337 600 5384 ‘i
614 5329 790 5413 ⁸⁸ii¹J¹¹⁸i¹⁰¹⁸
805 5346 839 5383 Μ
856 5333 1043 5400 dyitnieiicit
1055 5340 1082 5388 iu
1094 5336 1157 5385 vino
1210 5347 1239 5393 et
1249 5339 1383 5391 litoribus
1393 5338 1588 5407 sugillatisque
1599 5354 1660 5391 curn
1673 5339 1757 5394 melle
1775 5344 1805 5393 et
1815 5336 1898 5405 adipe
1909 5333 2013 5387 anseri·

358 5399 607 5486 bibenanmdedit
643 5401 761 5463 Mirum,
785 5414 886 5471 aquarii
904 5404 998 5459 radice
1014 5405 1158 5459 enaddita
1210 5409 1510 5476 n0,antcaracypria,
1544 5408 1592 5462 Fit
1603 5414 1632 5461 at
1643 5410 1736 5463 oleum
1748 5423 1783 5461 01
1794 5422 1828 5461 ρο
1839 5408 1944 5461 ,amine
1955 5416 2014 5455 ms.

356 5470 506 5525 addensari
516 5472 568 5525 sub
579 5471 641 5534 dio,
660 5477 743 5542 atque
754 5473 915 5526 lactescere.
953 5474 1103 5530 iliiicaclor
1111 5489 1158 5528 su·
1209 5478 1323 5532 defucto
1334 5480 1361 5530 in
1372 5477 1437 5532 oleo
1448 5491 1653 5549 expressoque,
1674 5494 1729 5547 quo
1741 5482 1860 5533 utuntur
1869 5475 1905 5528 sd
1915 5486 2014 5526 nervo·

355 5547 422 5601 tem,
452 5542 649 5595 uoreeentior.

1208 5560 1269 5600 runi
1291 5551 1409 5621 rigores,
1428 5547 1641 5618 lumborumque
1661 5556 1692 5603 et
1712 5547 1894 5602 coxendicum
1908 5540 2012 5613 periri·

391 5607 442 5662 LX
473 5610 532 5662 liv.
542 5612 600 5665 Nec
612 5610 757 5681 lapathum
767 5612 920 5668 dissimiles
931 5612 1050 5665 edemus
1061 5612 1155 5668 habet.
1209 5617 1323 5674 mones.
