4368 6008
308 331 340 392 C.
366 326 523 391 Pthil
552 325 770 388 SECUNDI
803 325 978 390 mauolt
1011 326 1208 391 HISTOR
1242 330 1330 390 lle.
1356 328 1437 393 XX.
1471 332 1562 395 CAP.
1584 336 1724 397 88-96.·
1763 336 1830 401 sir

212 478 394 539 mxvlll.
412 476 523 546 Sinapis
540 482 669 530 naturam
686 476 981 548 effectusqoeeosdem
1033 485 1155 545 coctum,
1171 485 1272 534 etcum
1284 481 1363 535 aniso
1374 480 1488 535 illitum.
1524 484 1674 549 Terretur,
1695 485 1831 542 utalsum

179 555 284 610 babere
294 551 418 605 traditur
428 549 540 610 adarca,
555 549 630 601 inter
639 548 727 600 silvas
738 550 862 615 tantalo
873 550 982 605 cortice
1032 552 1123 603 sistat.
1146 552 1290 615 coeliacis,
1302 560 1331 606 ct
1342 552 1527 621 dysentericis
1536 554 1687 624 imponitur
1697 571 1731 609 cx
1741 564 1831 613 aceto.

179 622 349 680 calamorum
361 621 412 672 sub
423 619 485 687 ipsa
494 633 575 669 conta
585 632 711 670 nuceas.
1033 620 1075 674 nd
1086 620 1218 674 iocineris
1230 621 1343 676 dolores
1354 629 1431 673 estur
1441 637 1502 674 cum
1515 639 1568 675 uva
1577 639 1668 690 passa.
1688 627 1728 678 nd
1740 625 1831 694 phtisi·

161 688 188 729 4
215 691 368 747 Lxxxlle
387 688 560 742 Marrubium
598 687 705 754 lenique
719 686 980 757 interprimasber·
1031 689 1617 761 siautilissimecsemineduntscligmata
1628 695 1830 760 Musculorum,
1890 676 1893 697 ¹

178 767 231 818 bas
242 758 481 820 commendavere,
493 758 566 825 quod
578 702 679 811 dranci
689 759 802 824 prasion
810 767 920 821 vocant,
931 759 981 811 alii
1032 775 1190 824 nemorum,
1209 763 1400 824 articulorum,
1420 763 1559 815 cervicum
1569 764 1700 827 duritias,
1720 768 1831 822 cerebri

179 829 387 898 linostrophon,
406 828 532 881 nonnulli
544 825 723 894 philopaeda,
734 836 784 880 aut
792 826 980 896 philochares,
1031 829 1209 883 membranas
1221 830 1335 898 mitigat
1345 829 1438 892 ierim
1447 832 1578 895 seminis,
1600 834 1685 898 nitro,
1703 835 1830 900 autsale,

126 938 133 975 ,
180 897 652 970 notiusquamutindicandumsit.
687 896 980 952 liuiusioliasemen·
1032 899 1310 953 euteinereadditis
1339 899 1445 954 Eadem
1456 918 1518 955 cum
1530 902 1583 969 ilco
1594 902 1668 955 idem
1679 906 1831 973 concoquit

199 989 234 1026 ue
243 971 364 1026 contrita
372 975 489 1038 prosunt
502 974 600 1019 contra
616 973 773 1035 serpentes,
795 976 938 1035 pectorum
951 974 979 1020 et
1030 985 1064 1022 ac
1079 976 1209 1022 maturat.
1246 971 1314 1023 &aar
1332 970 1428 1023 radice
1443 986 1510 1025 tero
1523 973 1678 1026 cucumeris
1692 972 1830 1027 silvestris

191 1041 410 1104 aterisdolores,
431 1038 531 1118 tussim
547 1043 678 1117 veterem.
715 1038 796 1089 litiis
807 1039 855 1105 qui
865 1037 978 1105 sangui·
1031 1038 1155 1092 extrahit
1165 1041 1463 1161 quaeeunquqrorpori
1475 1039 1648 1095 inhaereant.
1682 1041 1831 1096 Sicetira·

179 1107 614 1183 nemreiecerinaeximscutsle,
630 1107 868 1175 scopisciuscum
881 1108 980 1175 panico
1032 1117 1161 1163 ctaossa.
1196 1109 1315 1178 Serpere
1351 1109 1430 1162 ulcus
1449 1110 1479 1162 in
1489 1113 1554 1163 viso
1565 1113 1680 1164 decocta
1690 1112 1829 1179 prohibet,

178 1199 253 1251 aqua
264 1180 397 1245 decoctis,
406 1187 438 1230 nt
448 1178 587 1246 asperitas
595 1177 671 1228 succi
682 1178 836 1246 mitigetur.
857 1177 980 1244 imponi·
1031 1179 1191 1247 eruptiones
1201 1180 1321 1245 pituitae
1332 1194 1393 1232 cum
1405 1179 1497 1232 melle.
1508 1179 1644 1234 Emendat
1655 1196 1760 1249 ungues
1771 1198 1830 1235 sca·

180 1260 229 1307 tur
238 1251 352 1305 strumis
363 1264 426 1302 curn
439 1248 530 1315 adipe.
541 1245 614 1299 Sunt
624 1245 672 1313 qui
682 1247 779 1298 viridis
789 1261 885 1301 semen
916 1261 980 1297 uan-
1031 1248 1097 1301 bros
1109 1263 1170 1300 curn
1182 1249 1337 1316 parimodo
1348 1251 1492 1301 nasturtii:
1505 1250 1617 1303 testium
1629 1252 1698 1304 vitia
1708 1261 1738 1305 et
1748 1252 1831 1306 rami·

179 1330 239 1377 tum
249 1322 358 1375 duobus
368 1318 465 1388 digitis
475 1315 597 1386 capiant,
611 1330 673 1367 cum
683 1315 769 1369 larris
779 1316 886 1385 pugillo
897 1262 980 1369 deco·
1032 1333 1152 1370 cescum
1168 1319 1262 1371 resine
1277 1326 1307 1371 et
1322 1316 1454 1387 myrrha,
1477 1324 1506 1372 ct
1515 1336 1688 1388 gangraenas
1700 1338 1736 1375 aa
1747 1338 1829 1392 aqua.

181 1398 267 1456 mum,
280 1390 378 1444 addito
389 1390 492 1457 exiguo
504 1387 561 1439 olei
571 1392 601 1438 ct
611 1387 691 1449 salis,
701 1388 814 1440 sorbere
824 1387 935 1439 ieiunos
945 1384 981 1437 ad
1034 1386 1295 1441 Stousachidolores
1307 1404 1369 1441 cum
1380 1389 1464 1442 ioeno
1474 1388 1831 1445 Graecoseatariiautriua·

180 1462 412 1515 tussimiubeant.
427 1456 885 1524 Altinibilcomparantineadem
898 1469 983 1509 causa
1032 1458 1452 1527 quedacoetisinaquemulsa.
1487 1460 1832 1515 intestinorumetthore·

178 1531 317 1585 marrubii
327 1537 356 1582 et
367 1528 498 1581 foeniculi
515 1528 607 1579 succis
619 1527 654 1579 ad
668 1527 809 1578 sestarios
824 1534 920 1579 ternos
934 1540 983 1578 cx·
1032 1527 1071 1580 cis
1083 1528 1324 1595 perniciosaritie,
1334 1527 1457 1597 clystere
1467 1532 1496 1581 in
1508 1529 1581 1593 oleo,
1592 1537 1642 1583 aut
1653 1531 1743 1584 melle.

178 1602 295 1671 pressis,
315 1598 495 1665 decoctisque
516 1595 792 1660 adsentariosduos,
814 1596 981 1649 tumaddito
1022 1610 1039 1649 ·t
1067 1598 1163 1651 aelii.
1182 1597 1288 1650 Blituoa
1310 1601 1384 1652 iners
1404 1599 1516 1652 ridetur
1537 1614 1570 1653 ac
1589 1600 1652 1652 sine
1670 1606 1832 1668 saporeaut

178 1669 419 1731 meliissextario,
433 1665 983 1729 rursusdecoemadscxtariosduoasi
1032 1667 1186 1722 acrimonia
1195 1669 1264 1722 ulla.
1300 1669 1378 1722 Unde
1389 1669 1540 1725 conuicium
1557 1669 1668 1722 leminis
1687 1671 1761 1738 apud
1770 1670 1832 1726 nle-

179 1738 333 1794 eocblearii
343 1734 472 1790 mensura
482 1738 512 1788 in
525 1736 760 1788 diesorbeaturln
769 1749 858 1803 oquae
868 1736 981 1803 cyatho.
1033 1736 1167 1789 nandium
1180 1737 1287 1792 iaciunt
1299 1739 1403 1791 mariti.
1420 1738 1574 1793 Stomacho
1584 1739 1685 1794 inutile
1693 1746 1746 1795 est.
1760 1742 1835 1795 Ven-

178 1812 218 1864 Et
239 1808 363 1861 virilium
383 1808 460 1859 vitiis
478 1814 570 1858 tusum
588 1821 649 1857 cum
667 1805 751 1858 melle
766 1805 839 1859 mire
857 1804 981 1872 prodest
1032 1812 1103 1859 trem
1115 1808 1186 1861 adeo
1198 1811 1303 1872 turbat,
1313 1816 1346 1860 ut
1356 1807 1499 1863 choleram
1510 1809 1597 1862 iaciat
1605 1808 1754 1877 aliquibus.
1779 1811 1833 1864 Di·

179 1879 321 1935 Liobenas
332 1882 580 1945 purgateaaceto.
616 1876 725 1942 lluptis,
746 1874 899 1938 convulsis,
919 1890 982 1942 spa·

177 1950 260 2004 sticis
271 1948 364 2001 nervis
374 1946 508 1999 salutare.
534 1943 635 1996 Potum
644 1947 738 1997 alvum
749 1947 836 1999 solvit
849 1960 911 1996 com
920 1944 981 1998 sale

182 2026 211 2073 et
232 2024 320 2071 aceto.
356 2016 426 2069 item
446 2020 589 2068 menstrua
610 2021 640 2067 st
664 2015 802 2070 secundas
821 2014 980 2069 mulierum.

182 2089 268 2143 Arida
277 2087 371 2140 isrina
381 2102 442 2140 cum
454 2085 537 2138 mella
549 2084 584 2136 ad
596 2084 693 2137 tussim
710 2088 811 2139 siccam
822 2083 982 2139 efficacissi-

181 2174 228 2211 ma
238 2166 290 2212 est.
326 2156 395 2209 ltcm
407 2154 442 2208 ad
453 2169 638 2224 gangraenas,
659 2160 687 2208 et
698 2155 840 2224 pterygia.
876 2154 981 2207 Succos

181 2245 247 2282 sero
258 2227 401 2290 auriculis,
423 2233 452 2279 et
464 2227 588 2288 naribus,
610 2230 640 2277 et
649 2228 746 2278 morbo
756 2227 843 2293 regio,
857 2224 982 2276 minuen-

182 2298 289 2368 daeque
300 2297 352 2350 bili
363 2312 426 2349 cum
437 2294 521 2348 melle
533 2292 656 2362 prodest
684 2296 754 2347 item
766 2301 864 2346 contra
876 2304 982 2346 venenu

181 2369 256 2421 inter
275 2382 366 2434 pauca
386 2372 493 2434 potens.
528 2366 593 2432 ipsa
607 2362 694 2416 herba
708 2363 880 2416 stomachum
897 2371 982 2416 etca-

181 2439 352 2491 screationes
364 2436 486 2503 pectoris
498 2438 607 2502 purgat,
619 2448 680 2485 cum
693 2433 764 2486 iride
776 2441 805 2486 et
815 2434 907 2485 melle.
921 2432 981 2483 Uri·

180 2522 246 2560 nam
257 2507 323 2560 ciet.
360 2504 490 2558 Cavenda
500 2513 593 2556 tamen
605 2503 802 2556 esbulceratae
813 2503 931 2563 vesicae,
952 2506 982 2552 et

180 2592 278 2630 renum
288 2575 372 2628 vitiis.
397 2575 509 2626 Dicitur
519 2587 618 2624 succus
628 2580 657 2624 ct
668 2572 824 2624 claritatem
835 2571 979 2624 oculorum

150 2684 159 2713 ,
180 2646 321 2701 adiurare.
358 2644 458 2705 castor
478 2639 613 2708 marrubii
628 2640 684 2691 duo
700 2655 806 2708 genera
815 2639 918 2692 tradit:
939 2641 983 2690 ni·

175 2729 277 2785 mum,
298 2711 410 2779 etquod
423 2713 512 2779 magis
524 2710 642 2777 probat,
663 2709 820 2761 candidum.
856 2710 981 2760 lnorum

179 2788 265 2838 inane
275 2796 388 2834 succum
400 2780 480 2832 addit
491 2780 676 2846 is,ipsumque
686 2794 768 2832 orum
781 2777 905 2831 infundit
916 2778 983 2830 mel·

179 2855 209 2907 le
219 2854 316 2921 nequis
327 2851 510 2919 portionibus,
529 2847 714 2916 tepefactum:
734 2849 858 2902 vomicas
869 2863 980 2915 rumpe·

180 2937 222 2987 re,
231 2935 359 2990 purgare,
370 2934 519 2987 persanare
529 2920 710 2987 promittens:
731 2918 813 2970 illitis
825 2918 910 2970 etiam
920 2919 980 2970 rul-

182 2992 295 3048 neribus
307 3006 325 3042 e
335 3006 402 3043 cane
412 2990 495 3042 iactis
506 2994 569 3041 tuso
580 3003 642 3040 cum
652 2989 773 3057 axungia
782 2988 880 3041 reteri.

216 3063 274 3115 XC.
293 3060 452 3127 serpylbsm
465 3075 483 3110 a
492 3057 629 3125 serpendo
641 3065 741 3125 putant
752 3058 865 3111 dictum.
898 3054 982 3121 Quod

153 3134 171 3165 ·”·
181 3133 212 3186 in
222 3131 342 3183 silvestri
353 3129 460 3191 euenit,
483 3130 510 3179 in
522 3127 611 3197 petris
626 3128 754 3181 maxime.
791 3128 914 3180 Setinum
927 3141 983 3178 non

181 3200 280 3269 serpit,
301 3199 349 3252 sed
371 3199 406 3252 ad
423 3199 532 3268 palmae
548 3196 725 3250 altitudinem
735 3199 877 3251 increscit.
913 3196 980 3248 Pin·

180 3265 981 3407 titibutziem{htPltlll‘dlltlrlult

582 3371 591 3399 s
861 3373 870 3400 s
969 3363 980 3375 '

180 3410 329 3479 lopendrns
341 3417 489 3461 terrestres
500 3423 533 3460 ac
544 3408 681 3471 marinas,
700 3413 729 3459 et
739 3407 910 3474 scorpiones,
933 3405 981 3457 dc·

182 3478 382 3535 coetiseasinu
393 3479 479 3529 ramis
489 3476 631 3544 foliisque.
642 3476 735 3544 Fugat
746 3483 775 3531 et
785 3478 983 3538 odorcomnes,

181 3551 208 3603 si
219 3557 326 3601 uratur.
361 3549 399 3601 Et
410 3553 508 3600 contra
521 3548 693 3599 marinorum
714 3562 820 3600 venena
834 3547 982 3613 praecipue

180 3619 267 3672 salet.
302 3619 410 3686 Capitis
421 3616 565 3670 doloribus
576 3617 721 3669 decoctum
731 3616 760 3668 in
771 3624 852 3669 aceto
863 3616 982 3667 illinitur

181 3687 355 3756 temporibus
366 3702 400 3739 ac
411 3686 498 3739 fronti
509 3702 570 3739 cum
584 3700 709 3740 rosaceo.
723 3687 792 3739 item
804 3685 981 3753 phreneticis,

181 3758 358 3827 lethargicis:
380 3755 624 3818 contratormina,
645 3764 673 3815 et
682 3759 779 3809 urinae
790 3755 982 3816 difficultates,

182 3831 310 3897 angiam,
328 3826 507 3892 vomitiones,
528 3824 668 3878 drachmis
679 3833 800 3895 quatuor
810 3826 902 3879 datur.
939 3825 981 3876 Ex

182 3914 255 3967 aqua
266 3897 372 3950 bibitur
381 3905 409 3949 et
420 3896 455 3948 ad
467 3896 617 3949 iocinerum
634 3895 782 3949 desideria.
819 3896 900 3947 Folia
912 3894 980 3946 obo-

181 3969 218 4022 lis
229 3975 347 4037 quatuor
357 3966 458 4019 dantur
467 3965 502 4019 ad
512 3965 613 4018 lienem
629 3982 664 4019 ex
676 3975 765 4021 aceto.
799 3965 841 4017 ad
852 3973 981 4017 cruentus

184 4037 391 4092 emerentianes
417 4037 521 4089 teritur
545 4036 574 4088 in
597 4035 705 4104 cyathis
727 4036 837 4089 duobus
857 4035 931 4087 aceti
951 4041 981 4086 et

160 4108 284 4163 -nellie
801 4126 807 4137 ¹

159 4208 165 4219 ·
218 4177 289 4230 XCl.
307 4174 494 4246 sisymbrium
515 4175 646 4228 silvestre
667 4189 685 4226 a
705 4172 868 4240 quibusdam
890 4170 982 4238 thym-

183 4248 298 4301 braeum
309 4247 494 4315 appellatum,
513 4243 608 4312 pedali
624 4258 679 4295 non
694 4243 812 4308 amplius
822 4241 981 4294 altitudine.

141 4330 157 4381 i
182 4318 267 4384 Quod
277 4317 306 4368 in
317 4317 403 4382 riguis
414 4316 548 4375 nuscitur,
554 4312 646 4364 simile
656 4314 794 4363 nasturtio
807 4319 857 4362 est.
870 4309 980 4365 Utrum·

180 4403 236 4458 qne
247 4388 343 4438 enicet
356 4384 490 4435 adversus
500 4381 630 4434 aculeata
640 4380 817 4442 animaliaut
823 4378 982 4441 crabrones,

162 4484 168 4493 ·
182 4464 212 4511 st
223 4454 338 4507 similia
350 4452 432 4514 ouon
443 4453 559 4503 insieco
570 4448 670 4512 ortum,
682 4448 831 4502 odoratum
842 4454 929 4510 est,et
942 4447 982 4501 in·

181 4524 290 4580 saritur
301 4520 421 4583 coronis,
432 4521 591 4589 angustiore
601 4519 681 4573 folio.
695 4517 800 4572 Sedent
809 4523 928 4585 utraque
938 4533 982 4569 cu·

180 4595 250 4664 pitis
261 4592 397 4644 dolorem.
408 4589 643 4658 itemepiphoras,
651 4588 916 4641 utPhilinustradit.
927 4587 981 4640 Alii

181 4675 282 4733 panem
294 4660 416 4715 addunt:
428 4662 479 4714 alii
491 4676 541 4728 per
550 4676 581 4712 se
593 4660 749 4727 decoquunt
759 4660 787 4711 in
797 4659 870 4711 rino.
895 4658 983 4711 Sonat

183 4739 213 4787 et
223 4732 417 4800 epinyctidas,
440 4732 567 4798 cutisque
578 4731 648 4783 sitia
657 4730 685 4781 in
695 4729 769 4783 lucie
778 4728 925 4781 mulierum
937 4728 981 4780 in·

181 4809 230 4856 tra
240 4809 366 4868 quartum
378 4802 452 4853 diem
464 4801 771 4867 noctibusimpositnm,
779 4799 931 4866 diebusque
938 4798 983 4851 de·

181 4878 314 4925 tractum
347 4872 531 4934 vomitiones,
543 4870 691 4937 singultus,
701 4871 832 4934 tormina,
843 4865 983 4921 stomachi

183 4940 384 4995 dissolutiones
396 4940 515 5005 cohibet,
525 4941 586 4993 sive
596 4943 624 4991 in
636 4940 699 4993 cibo
709 4946 841 5003 sumtum,
850 4940 910 4991 sire
922 4952 983 4989 suc·

184 5025 221 5064 co
230 5018 337 5077 potum.
371 5010 434 5063 Non
445 5010 580 5064 edendum
592 5010 724 5077 gravidis,
734 5010 789 5061 nisi
800 5017 909 5061 mortuo
921 5022 983 5060 cun·

185 5088 277 5149 ceptu.
313 5079 422 5147 Quippe
433 5082 516 5132 etiarn
527 5081 688 5147 impositum
700 5080 786 5133 eiicit.
821 5078 917 5132 Monet
929 5076 983 5129 uri·

184 5165 249 5203 nam
263 5165 324 5202 cum
341 5150 406 5202 vino
421 5156 532 5215 potum:
553 5150 683 5203 silvestre
699 5157 728 5202 st
739 5148 869 5202 calculos.
906 5150 982 5212 Quos

184 5221 211 5273 vi
234 5219 305 5272 'lare
314 5233 383 5286 opus
394 5219 443 5283 sit,
458 5221 562 5273 excitet
571 5219 693 5273 inlusum
704 5219 789 5288 capiti
801 5234 862 5270 cum
873 5224 964 5271 aceto.

246 5290 302 5342 cll.
319 5290 385 5342 Lini
394 5305 488 5345 semen
499 5305 561 5342 cum
572 5290 636 5343 aliis
646 5290 756 5359 quidem
771 5290 800 5341 in
814 5303 866 5339 uso
878 5298 934 5339 est:
952 5291 982 5338 et

181 5372 234 5426 per
244 5375 275 5413 sa
286 5360 432 5413 mulierum
444 5360 596 5413 cutisnitia
606 5360 735 5414 emendat
744 5360 774 5411 in
785 5357 867 5410 iacie.
881 5355 981 5408 Oculo·

179 5430 341 5483 ramacieto
352 5444 435 5482 succo
452 5429 575 5482 adiurat.
609 5430 766 5499 Epiphoras
781 5442 843 5480 cum
859 5425 982 5479 tharnet

179 5511 263 5566 aqua,
274 5509 323 5552 aut
333 5514 395 5552 cum
404 5497 519 5566 myrrha
528 5514 562 5551 ac
571 5501 636 5553 vino
649 5500 741 5553 sedate
763 5495 908 5566 parotidas
919 5508 979 5547 cust

179 5566 276 5632 melle,
296 5569 445 5633 aotadipa,
466 5573 516 5620 sut
525 5583 604 5622 cers:
623 5569 762 5623 stomachi
771 5564 945 5620 solutiones!

175 5650 305 5706 spersum
316 5638 446 5706 polentae
456 5637 553 5690 modo:
570 5637 687 5710 anginas
697 5642 726 5692 in
737 5653 809 5708 aqua
819 5642 848 5692 et
858 5635 923 5691 oles

212 5705 309 5763 Pars.
326 5708 424 5763 liram
442 5721 568 5763 nacon.

1032 1878 1104 1929 citur
1113 1884 1206 1930 tannen
1227 1881 1362 1932 adsersus
1381 1880 1542 1946 scorpiones
1560 1885 1659 1947 potum
1670 1895 1685 1931 e
1696 1882 1759 1932 rino
1770 1895 1832 1948 pro·

1032 1947 1122 2008 desse,
1130 1953 1159 1999 et
1168 1947 1254 1999 clasis
1265 1946 1367 2015 pedum
1378 1948 1466 2001 illini:
1477 1950 1546 2001 item
1554 1948 1684 2011 lienibus,
1690 1957 1720 2003 et
1728 1958 1832 2019 tempo·

1033 2032 1094 2137 supp)
1104 2016 1205 2140 dqpqtti,
1216 2034 1252 2071 ex
1263 2018 1337 2071 oleo.
1373 2018 1560 2086 Hippocrates
1572 2026 1715 2105 menstrua
1724 2019 1786 2072 aisti
1797 2036 1832 2074 so

1032 2101 1162 2209 c'llcplw
1180 2156 1274 2209 llleom
1292 2157 1320 2209 in
1332 2155 1416 2210 ltalia
1434 2156 1859 2223 nonnisiamedicidseritur,e

1031 2231 1060 2278 et
1070 2224 1105 2276 iis
1117 2225 1265 2279 admodum
1277 2228 1383 2294 paucis.
1418 2227 1483 2278 Duo
1491 2243 1597 2297 genera
1608 2228 1676 2281 cius.
1703 2228 1833 2282 Nobilius
1902 2222 1930 2273 -2'1
1944 2242 1988 2273 ‘a'

1030 2292 1252 2348 Athamantieum
1270 2305 1386 2359 vocant,
1405 2297 1448 2349 illi
1465 2306 1599 2365 tanquam
1616 2300 1652 2351 ab
1663 2298 1835 2354 Athamanta

1030 2364 1188 2428 intentum,
1209 2365 1237 2417 hi
1248 2370 1377 2432 quoniam
1388 2366 1612 2420 laudatissimum
1626 2368 1655 2420 in
1665 2367 1834 2423 Athamanta

1031 2437 1197 2499 reperiatur,
1208 2432 1287 2485 foliis
1298 2436 1377 2489 anias
1388 2437 1488 2499 simile,
1502 2444 1532 2488 et
1541 2438 1621 2491 caule
1630 2437 1781 2506 aliquando
1790 2439 1834 2492 bi·

1031 2504 1160 2567 cubitali,
1171 2502 1310 2554 radicibus
1321 2503 1415 2556 multis
1427 2513 1454 2555 et
1465 2507 1600 2572 obnigris,
1615 2507 1779 2574 quibusdam
1791 2506 1833 2559 al·

1031 2572 1163 2624 tissimis:
1175 2571 1265 2622 minus
1278 2570 1380 2633 ruiuna,
1392 2573 1549 2637 quamillud
1561 2574 1691 2628 alterum.
1704 2577 1766 2629 ctet
1776 2576 1832 2629 uri·
1869 2636 1874 2647 p
1938 2616 1940 2621 -

1031 2654 1095 2692 nam
1106 2641 1136 2691 in
1145 2633 1219 2707 'aqua
1230 2645 1335 2704 potum,
1351 2639 1445 2691 radice
1457 2642 1525 2694 trita
1535 2643 1581 2694 rel
1591 2643 1717 2696 decocta.
1753 2645 1864 2697 lnile··⁴

1032 2710 1125 2762 tiones
1135 2706 1273 2763 stomachi
1283 2707 1486 2762 mire‘diseutit.
1522 2711 1833 2779 ltemtormina,etre·
1892 2738 1895 2749 ·

1031 2779 1108 2831 sicae
1118 2779 1200 2830 titia:
1213 2778 1411 2844 vulvarumque
1421 2779 1550 2831 articulis
1560 2796 1621 2831 cum
1633 2782 1726 2845 melle,
1738 2783 1830 2836 inian-

1031 2847 1108 2901 tibus
1119 2864 1179 2900 cum
1191 2848 1255 2914 apio
1266 2846 1368 2899 illitum
1380 2847 1437 2897 imo
1447 2850 1536 2899 centri
1548 2852 1642 2902 urinas
1653 2859 1755 2905 nsoset.

1066 2918 1150 2971 xcv.
1162 2916 1345 2981 Panniculum
1357 2917 1543 2971 nobilitavere
1554 2930 1698 2987 serpentes
1708 2928 1832 2990 gustatu,
1847 2936 1862 2963 Α

1031 2997 1063 3038 ut
1074 2986 1204 3049 diximus,
1224 2994 1363 3037 senectam
1375 2986 1511 3050 exuendo,
1531 2988 1675 3042 oculorum
1697 3005 1731 3044 ue
1742 2992 1831 3046 aciem

1031 3072 1114 3110 succo
1126 3057 1186 3110 eius
1197 3055 1360 3108 reficiendo:
1370 3057 1441 3108 unde
1451 3057 1621 3110 intellectum
1632 3067 1682 3123 est,
1708 3063 1833 3114 ominum

1032 3142 1141 3195 quoque
1157 3125 1305 3193 caliginem
1321 3127 1471 3193 praecipue
1493 3142 1527 3178 eo
1541 3127 1643 3181 letari.
1680 3130 1832 3198 colligitur

1032 3197 1077 3249 bic
1089 3197 1168 3248 caule
1178 3202 1365 3264 turgescente.
1401 3196 1431 3246 ln
1442 3193 1508 3247 Sole
1518 3199 1653 3261 siccatur,
1673 3199 1831 3268 inungitur·

1031 3282 1084 3334 que
1106 3281 1140 3319 ex
1162 3266 1254 3318 melle.
1290 3263 1398 3331 Ubique
1412 3261 1465 3316 boc
1479 3271 1532 3317 est.
1567 3266 1791 3321 Laudatissimos
1801 3268 1831 3322 in

1033 3336 1148 3388 iberiae
1160 3334 1282 3387 lacrimis
1295 3335 1336 3396 dt,
1346 3339 1376 3385 et
1388 3346 1422 3385 es
1432 3334 1538 3388 semine
1548 3339 1664 3390 recenti.
1683 3338 1732 3391 Fit
1743 3340 1830 3393 etiarn

1032 3422 1047 3460 e
1058 3405 1205 3465 radicibus,
1209 3406 1304 3485 prima
1313 3405 1517 3471 germinatione
1527 3406 1635 3458 incisis.

1066 3475 1164 3528 xcvi.
1182 3474 1233 3525 Est
1254 3479 1284 3525 et
1302 3474 1332 3525 in
1352 3473 1405 3526 hoc
1415 3489 1518 3543 genere
1534 3473 1675 3540 silvestre,
1694 3476 1831 3544 quodalil
1845 3472 1861 3529 -i

1032 3541 1290 3612 hippomarathron,
1309 3543 1357 3594 alii
1370 3545 1542 3611 myrsineum
1552 3552 1669 3610 nocant,
1688 3546 1833 3600 foliisma·

1031 3615 1146 3675 ioribus,
1157 3620 1240 3681 gustu
1249 3612 1368 3675 nemore,
1379 3615 1532 3681 procerius,
1547 3615 1686 3669 brachiali
1695 3617 1831 3669 crassitu*

1033 3686 1107 3748 dine,
1117 3683 1211 3735 radice
1222 3682 1349 3734 candida
1386 3684 1516 3737 Nascitur
1527 3688 1555 3738 in
1565 3685 1672 3749 calidis,
1691 3686 1740 3740 sed
1751 3700 1833 3738 sexo·

1031 3756 1080 3808 sis.
1116 3752 1229 3817 Diocles
1250 3759 1280 3804 et
1298 3751 1376 3807 aliud
1392 3751 1612 3822 hippomarathri
1632 3772 1720 3839 genus
1733 3755 1832 3819 tradit,
1844 3762 1860 3793 ···

1032 3826 1116 3893 longo
1128 3831 1156 3875 ct
1168 3827 1287 3888 angusto
1299 3822 1378 3885 iulio,
1388 3827 1492 3877 semine
1504 3826 1654 3878 coriandra.
1672 3826 1831 3879 Medicinae
1871 3826 1926 3873 π’
1970 3834 1981 3859 =·=

1032 3896 1060 3947 ia
1068 3893 1211 3956 satiro,ad
1222 3893 1398 3959 scorpionum
1410 3894 1482 3945 ictos
1493 3902 1522 3947 et
1534 3896 1714 3962 serpentium,
1725 3896 1831 3947 semine

1031 3966 1060 4016 in
1069 3966 1132 4015 nino
1145 3972 1220 4031 poto.
1244 3962 1348 4016 Succos
1359 3969 1387 4015 et
1399 3964 1511 4016 auribus
1521 3964 1686 4027 instillatur,
1697 3965 1831 4015 rernricu-

1032 4034 1130 4101 losque
1141 4035 1170 4085 in
1183 4033 1226 4084 his
1237 4040 1327 4086 necat.
1348 4032 1440 4099 ipsum
1452 4034 1637 4086 condimentis
1646 4048 1734 4100 prope
1744 4034 1831 4083 omni·

1031 4105 1082 4156 bus
1093 4102 1241 4154 inseritur:
1253 4103 1389 4169 oxyporis
1401 4103 1484 4155 etiam
1497 4103 1648 4169 aptissime.
1661 4102 1732 4162 Quin
1744 4107 1772 4151 et
1782 4113 1831 4166 pa·

1032 4173 1077 4223 nis
1087 4176 1188 4224 crustis
1199 4170 1337 4223 subditur.
1369 4170 1468 4224 Sensen
1480 4170 1654 4222 stomachum
1665 4169 1830 4221 dissolutum

1032 4240 1191 4308 adstringit,
1200 4241 1245 4293 rel
1254 4241 1283 4290 in
1295 4239 1419 4291 febribus
1429 4246 1561 4291 sumtum.
1573 4238 1831 4303 Nausaamexaqua

1033 4309 1131 4360 tritum
1140 4308 1230 4360 sedat.
1266 4308 1448 4360 Pulmonibus
1458 4314 1487 4359 ct
1497 4307 1666 4359 iocineribus
1675 4306 1832 4360 laudatissi.

1033 4393 1116 4429 nsum.
1153 4377 1285 4430 Ventrem
1296 4379 1381 4437 sistit,
1392 4391 1454 4428 cum
1465 4375 1575 4428 modice
1585 4377 1712 4439 sumitur,
1721 4376 1831 4430 urinam

1033 4448 1134 4509 exciet,
1143 4454 1173 4499 et
1182 4448 1304 4499 tormina
1313 4445 1425 4513 mitiget
1435 4446 1589 4509 decoctum,
1608 4445 1831 4513 lactisqusdeie·

1033 4524 1081 4571 ctu
1091 4523 1188 4584 potunt
1199 4532 1334 4568 mammas
1344 4515 1443 4583 replet.
1464 4515 1553 4567 llsdix
1565 4530 1626 4568 curn
1635 4517 1748 4585 ptisana
1757 4530 1830 4568 surn-

1033 4596 1063 4641 ta
1080 4602 1162 4639 renes
1181 4592 1293 4655 purgat,
1314 4586 1373 4639 sive
1394 4586 1510 4640 decocto
1532 4600 1623 4649 succo,
1645 4586 1704 4638 sire
1726 4588 1832 4639 semine

1034 4663 1135 4710 sumto.
1171 4657 1290 4710 Prodest
1305 4661 1334 4707 et
1349 4655 1511 4725 hydropicis
1529 4655 1655 4708 sudines
1667 4656 1831 4708 rinococta.

1033 4731 1101 4782 ltem
1114 4726 1260 4779 convulsis.
1296 4724 1448 4780 illinuntur
1464 4726 1533 4779 iolie
1541 4727 1697 4779 tumoribus
1710 4725 1832 4778 ardenti·

1033 4801 1085 4850 bus
1097 4812 1130 4849 cx
1143 4804 1232 4865 aceto,
1267 4795 1398 4848 calculos
1410 4797 1516 4849 vesicae
1527 4794 1642 4864 pellunt.
1678 4796 1832 4850 Genituras

1033 4866 1228 4920 abundantiam
1238 4879 1351 4933 quoquo
1361 4865 1444 4917 modo
1455 4864 1582 4918 haustum
1593 4865 1670 4919 iacit.
1694 4865 1833 4921 verendis

1033 4936 1242 4998 amicissimum,
1253 4936 1312 4987 site
1324 4936 1360 4988 ad
1373 4935 1520 4988 fovendum
1530 4937 1622 4989 radice
1633 4950 1696 4988 cuna
1706 4939 1770 4990 vino
1783 4950 1830 4988 eo·

1034 5014 1089 5070 ctu,
1107 5007 1167 5060 sive
1179 5006 1303 5060 contrita
1310 5005 1341 5056 in
1353 5005 1416 5058 oleo
1431 5004 1544 5058 illitum.
1580 5006 1663 5058 Multi
1674 5006 1831 5059 tumoribus

1033 5085 1061 5132 et
1072 5076 1212 5145 sugillatis
1231 5090 1293 5129 cum
1308 5088 1374 5129 cera
1388 5075 1512 5129 illinunt.
1546 5075 1584 5127 Et
1599 5074 1695 5130 radice
1704 5076 1734 5128 in
1744 5090 1830 5128 succo

1032 5147 1076 5201 sel
1087 5163 1148 5201 cunt
1160 5147 1245 5201 melle
1254 5153 1353 5199 eontra
1363 5145 1441 5199 canis
1451 5159 1574 5199 morsum
1585 5150 1712 5211 utuntur,
1727 5154 1757 5200 et
1767 5158 1831 5198 con·

1032 5224 1079 5272 tra
1087 5216 1267 5287 multipedam
1279 5232 1315 5269 ex
1323 5217 1399 5269 nino.

1067 5285 1324 5355 llippomarsthron
1334 5285 1370 5337 ad
1380 5285 1474 5338 omniu
1482 5282 1683 5338 vehementius.
1700 5282 1831 5336 calculos

1031 5359 1182 5425 praecipue
1192 5357 1280 5426 pellit.
1316 5354 1436 5409 Prodest
1447 5356 1557 5409 semeae
1567 5369 1628 5406 cum
1640 5354 1704 5404 vino
1715 5352 1783 5415 leni,
1801 5358 1832 5405 et

1031 5428 1195 5480 laminarum
1211 5428 1361 5479 menstruis
1377 5424 1565 5479 haerentibus.
1601 5421 1829 5475 umcsstsslneo

1032 5510 1124 5520 ··“··
1145 5512 1227 5550 ’···“·τι
1239 5495 1328 5549 radix.
1348 5494 1450 5549 Modus
1460 5496 1489 5546 in
1499 5500 1625 5558 utroque,
1635 5489 1709 5556 quod
1720 5489 1830 5544 duobus

1250 5566 1363 5618 aalma
1373 5565 1402 5616 in
1418 5565 1567 5630 potionem.
1604 5556 1764 5625 Petrichus,
1784 5564 1832 5630 qui

1299 5642 1329 5693 et
1339 5637 1455 5749 Miqtpn,
1465 5630 1512 5698 qui
1521 5628 1773 5698 rhisotomumena,
1782 5633 1831 5687 ad.
