4374 6014
366 217 397 278 C.
420 217 520 279 PLIN.
543 215 734 278 SEC.·NAT.
757 214 1270 277 fllsr.ara.xxx1.csr.rr.
1309 217 1384 279 atis.
1408 215 1541 278 xxxii.
1570 212 1653 276 CAP.
1681 220 1708 277 1.
1805 218 1867 281 363

221 369 353 422 mixtum:
365 380 419 435 qno
430 379 533 433 genere
543 365 636 418 nervis
647 380 755 432 quoque
765 364 894 433 prodest:
913 364 1021 417 Coelia-

221 439 261 491 cis
283 436 447 503 inlunditur.
485 434 604 502 Perungi
624 442 690 486 ante
709 438 881 487 accessiones
903 432 1020 500 frigidas

222 510 295 559 nitro
315 511 344 556 et
366 504 428 554 oleo
448 502 529 555 multi
546 518 725 570 praecepere:
743 505 816 555 sicut
833 495 966 557 advdrsus
982 503 1020 554 le·

220 592 295 644 pras,
306 573 471 640 lentigines:
490 570 651 638 Podagricis
668 574 696 622 in
709 574 826 625 balineis
837 572 878 623 uti
891 571 964 623 sollo
978 571 1019 621 ni-

221 646 257 697 tri
274 640 396 712 prodest,
409 638 545 705 atrophia,
561 639 757 707 opisthotonis,
769 643 881 693 tetanls.
917 640 965 692 Sal
976 640 1018 691 ni·

222 723 293 765 trum
304 710 346 763 sol
367 709 431 762 huri
443 716 603 761 concoctum
615 711 643 760 in
657 711 776 777 lapidem
789 712 915 763 nectitur.

256 727 367 833 XLVlh
388 778 571 847 spongiarum
593 795 697 846 genera
719 781 839 831 diximus
860 781 887 830 iu
911 777 1019 830 naturis

221 849 383 918 aquatilium
395 848 572 899 marinorum.
592 848 709 910 Quidam
723 853 822 902 casita
835 849 1019 915 distinguunt.

220 920 296 972 Alias
307 933 342 970 ex
354 917 398 968 his
409 932 498 968 mares
512 916 715 980 existimavere,
741 921 816 969 tenui
830 917 932 977 listuia,
952 919 1020 984 spis·

219 989 370 1054 sioresque,
392 985 594 1053 perturbantes,
616 1002 686 1054 quae
702 993 730 1039 et
747 987 890 1054 tinguntur
905 988 932 1036 lu
950 985 1020 1037 deii·

221 1058 282 1119 elis,
302 1055 452 1122 aliquando
469 1063 497 1106 et
513 1071 651 1122 purpura:
671 1058 743 1109 aiias
759 1056 894 1118 laminas,
908 1055 1020 1107 maiori·

220 1127 272 1177 bos
285 1124 385 1176 tistulis
399 1139 432 1175 nc
443 1126 595 1191 perpetuis.
632 1128 789 1179 Enraribus
802 1125 929 1176 duriores
940 1124 1019 1187 alias,

221 1209 288 1262 quas
301 1194 443 1260 appellant
454 1202 557 1261 tragos,
563 1196 731 1247 tenuissimis
744 1195 846 1247 listuiis
857 1202 943 1260 atque
954 1194 1019 1245 den-

220 1263 347 1314 sissimis.
384 1262 526 1314 candidae
537 1278 603 1314 cura
614 1266 697 1326 liunt,
718 1281 732 1316 e
745 1265 914 1316 mollissimis
928 1277 1020 1315 recen·

220 1340 323 1398 tes.per
339 1338 474 1384 aestatem
493 1335 596 1384 tinctae
612 1335 681 1385 salis
696 1349 801 1400 spuma,
824 1334 859 1385 ad
872 1334 979 1385 hunam
990 1338 1019 1383 et

241 1403 333 1452 ruinas
344 1408 508 1453 sternuntur
519 1404 654 1463 inversae,
675 1401 727 1455 hoc
740 1411 791 1466 est,
834 1419 870 1455 ua
881 1410 961 1470 parte
973 1400 1021 1453 ad·

220 1416 345 1532 haesere,
366 1478 397 1521 ut
415 1471 561 1523 candorem
579 1473 682 1523 bibant.
723 1421 832 1524 Animal
846 1488 907 1524 essa
925 1470 1021 1525 docui·

221 1554 291 1601 mus,
313 1540 397 1591 etiam
420 1556 517 1592 cruore
534 1541 707 1594 inhaerente.
743 1542 836 1608 Aliqui
858 1547 971 1592 narrant
993 1546 1021 1592 et

221 1607 318 1658 auditu
329 1612 387 1676 regi
399 1625 455 1672 eas,
478 1609 657 1678 contrahique
668 1611 702 1663 ari
715 1627 823 1671 sonum,
834 1612 1020 1677 exprimentes

220 1676 418 1728 abundantiam
431 1678 560 1742 humoris,
583 1695 633 1730 nec
653 1681 735 1732 areiil
748 1681 834 1746 petris
847 1695 937 1746 posse,
955 1679 1020 1729 ideo

219 1744 345 1796 abscindi
366 1761 397 1796 ac
413 1748 517 1797 saniem
535 1751 671 1800 emittere.
711 1749 782 1809 Quin
796 1756 823 1799 et
840 1765 888 1800 eas
899 1764 969 1814 quae
985 1746 1020 1797 ab

220 1815 357 1880 Aquilone
368 1816 425 1865 sint
458 1817 564 1879 enitar,
588 1817 746 1883 praeierunt
758 1818 868 1870 ceteris.
905 1817 1018 1868 Necus·

208 1882 301 1950 'quam
316 1883 422 1933 diutius
433 1832 535 1935 ‹lor-sce
546 1887 684 1950 spiritum,
697 1887 795 1941 medici
807 1885 951 1936 allirmant.
975 1883 1021 1935 Sic

221 1958 249 2003 et
261 1951 391 2018 prodesse
402 1953 572 2018 corporibus,
594 1956 659 2021 quia
669 1964 764 2006 nostro
775 1971 853 2006 suum
865 1955 1000 2005 misceant
1012 1970 1019 2003 :

220 2027 249 2073 et
260 2022 323 2072 ideo
344 2023 432 2087 magis
450 2031 575 2074 recentes
593 2027 733 2091 magisque
745 2024 890 2075 humidas:
909 2022 957 2073 sed
970 2021 1020 2071 mi·

219 2105 271 2141 nus
283 2091 310 2140 in
322 2090 415 2141 calida
426 2104 504 2157 aqua,
516 2092 658 2161 minusque
671 2102 776 2153 unctas,
796 2100 845 2145 aut
856 2093 944 2143 unctis
957 2105 1019 2142 cor-

220 2160 334 2278 ffimbm
356 2159 515 2225 impositus:
534 2168 563 2211 et
578 2167 682 2227 spissas
701 2164 790 2213 nrinus
811 2162 1019 2213 adhaerescere.

253 2227 418 2279 uilissimum
439 2244 526 2296 genus
543 2245 636 2281 earum
654 2232 790 2297 peniciiii:
812 2231 955 2281 oculorum
977 2236 1020 2278 tu·

220 2310 312 2348 mores
330 2297 469 2347 levantes
485 2296 573 2349 mulso
590 2300 724 2366 impositi.
761 2299 846 2350 iidem
858 2302 1019 2364 abstergen-

221 2365 274 2416 dae
296 2365 453 2431 lippitudini
475 2368 633 2418 utilissimi:
671 2382 773 2432 cosque
794 2368 970 2417 tenuissimos
992 2372 1020 2414 et

221 2432 401 2484 mollissimos
417 2449 477 2485 esse
492 2443 613 2501 oportet.
650 2437 830 2501 imponuntur
844 2442 872 2484 et
887 2433 1020 2498 spongiae

220 2501 301 2567 ipsae
313 2499 454 2567 epiphoris
466 2517 499 2551 ex
511 2517 606 2567 posca:
634 2519 668 2553 ex
680 2511 759 2552 aceto
772 2503 863 2551 calido
874 2503 908 2550 ad
920 2503 1020 2562 capitis

223 2570 344 2620 dolores.
381 2569 423 2619 De
445 2576 539 2620 cetero
549 2577 676 2620 recentes
697 2569 859 2632 discutiunt,
881 2568 1020 2629 molliunt,

220 2638 369 2706 mitigant:
388 2643 496 2688 veteres
507 2654 559 2688 non
577 2637 715 2704 glutinant
733 2639 857 2687 ruinera.
894 2637 964 2684 Usus
975 2651 1020 2684 ea·

221 2720 282 2757 rum
293 2705 329 2757 ad
340 2705 532 2772 abstergenda,
540 2705 668 2767 lucenda,
676 2705 861 2772 operienda,u
872 2702 942 2763 loto,
955 2701 1018 2752 dum

221 2775 298 2827 allud
313 2776 481 2841 imponatur.
517 2774 640 2827 iluicera
659 2789 768 2841 quoque
784 2772 897 2825 humida
909 2779 936 2823 et
946 2772 1018 2823 seni·

221 2843 260 2894 iia
271 2844 420 2909 impositae
430 2843 551 2893 siccant:
583 2843 723 2895 fracturae
735 2850 763 2893 et
775 2843 888 2894 vulnera
897 2840 1020 2907 spongiis

221 2911 370 2963 utilissime
381 2910 519 2962 foventur.
556 2910 609 2964 San
632 2914 674 2962 uls
686 2913 793 2978 rapitur
809 2913 836 2961 in
848 2908 977 2968 secando,
990 2914 1021 2957 ut

223 2982 330 3032 curatio
348 2981 466 3046 perspici
484 2981 580 3045 possit.
643 2989 653 3030 t
668 2982 746 3046 ipsae
761 2980 903 3031 vulnerum
916 2977 1020 3028 iniiam·

222 3051 393 3101 mationibus
415 3051 605 3116 imponuntur,
626 3065 697 3100 nunc
718 3051 823 3109 siccae,
845 3063 918 3098 nunc
939 3053 1020 3097 aceto

192 3170 203 3187 ‚
222 3131 360 3184 aspersae,
381 3132 454 3168 nunc
475 3118 549 3179 rino,
570 3133 726 3185 nuncaqua
742 3117 853 3185 frigida.
888 3117 931 3166 Ex
948 3129 1022 3181 aqua

221 3201 288 3238 vero
299 3188 411 3238 caelesti
423 3190 577 3254 impositae,
589 3196 665 3239 secta
676 3189 799 3238 recentia
817 3200 869 3235 non
882 3186 1022 3251 patiuntur

220 3254 414 3307 intumescere.
452 3257 632 3322 imponuntur
643 3264 671 3308 et
683 3257 799 3323 integris
811 3254 953 3320 partibus,
972 3252 1020 3303 sed

222 3323 356 3377 linctione
367 3325 476 3376 occulta
487 3325 688 3388 laborantibus,
710 3339 781 3392 quae
793 3322 966 3376 discutienda
974 3321 1021 3383 sit,

1071 370 1099 418 et
1110 366 1143 418 iis
1153 381 1224 433 quae
1233 373 1407 433 apostemata
1417 376 1531 431 vocent,
1553 367 1635 421 melle
1645 368 1762 420 decocto
1772 382 1870 434 perua-

1071 439 1132 485 ctis.
1176 435 1243 487 item
1265 436 1410 498 articulis,
1437 438 1508 488 alias
1528 445 1609 490 aceto
1630 438 1705 489 salso
1731 436 1871 499 nradidae,

1070 504 1141 554 alias
1152 520 1167 555 e
1177 518 1269 569 posca.
1305 505 1335 556 ai
1347 503 1453 557 ferveat
1464 507 1592 571 impetus,
1603 522 1638 558 ex
1646 520 1727 575 aqua.
1747 505 1868 558 Eaedem

1070 578 1099 623 et
1109 571 1190 632 callo,
1205 573 1318 623 esaisa:
1338 582 1368 623 at
1380 581 1477 626 contra
1492 577 1666 641 scorpionum
1678 576 1750 626 lctus
1762 590 1794 626 ex
1806 590 1868 626 ace·

1069 648 1109 691 to.
1146 642 1176 691 ts
1186 640 1330 691 rainerum
1343 644 1488 693 curatione
1499 651 1528 701 et
1542 645 1671 696 succidae
1688 644 1768 695 ianae
1779 645 1867 695 vicem

1069 709 1194 775 implent,
1219 724 1290 759 nunc
1300 724 1333 760 ex
1345 710 1408 759 vino
1419 718 1447 761 et
1459 711 1531 773 oleo,
1543 727 1614 763 nunc
1625 729 1658 765 ex
1671 712 1776 764 eadem.
1804 709 1867 763 Dil-

1070 777 1191 830 lerentin
1201 776 1277 839 haec,
1289 777 1362 844 quod
1375 779 1454 831 ianae
1465 780 1620 844 emolliunt,
1642 782 1777 847 spongiae
1788 796 1866 833 coer·

1070 855 1141 909 cent,
1153 848 1315 914 rapiuntque
1326 847 1395 898 ritis
1407 846 1556 901 hulcerum.
1593 848 1828 916 circumligantur
1839 856 1868 901 et

1069 914 1229 984 hydropicis
1239 917 1388 979 siccae,rei
1399 931 1434 969 ex
1445 932 1516 985 aqua
1527 918 1622 983 tepida
1632 933 1759 986 poscare,
1768 926 1866 969 utcun-

1070 1002 1122 1054 que
1132 985 1325 1047 blandioribus
1344 1001 1413 1052 opos
1428 994 1472 1037 est
1488 990 1626 1054 operirive
1643 996 1691 1039 aut
1706 988 1805 1041 siccari
1824 1001 1869 1039 cu·

1069 1062 1136 1107 tem.
1160 1055 1341 1121 imponuntur
1351 1063 1379 1107 et
1391 1053 1432 1106 his
1444 1057 1555 1119 morbis,
1566 1073 1635 1124 quos
1645 1057 1775 1124 vaporari
1788 1070 1870 1122 opor·

1070 1130 1137 1185 teat,
1148 1121 1264 1175 ferventi
1276 1140 1348 1190 aqua
1358 1123 1495 1192 perlusae,
1504 1141 1703 1194 expressaeque
1715 1126 1788 1177 inter
1799 1124 1869 1175 duas

1070 1192 1191 1244 tabulas.
1227 1190 1272 1245 Sic
1284 1202 1314 1245 et
1333 1195 1482 1261 impositae
1498 1194 1641 1246 stomacho
1653 1202 1777 1263 prosunt,
1801 1201 1830 1246 et
1840 1195 1868 1243 ia

1071 1261 1141 1314 febri
1153 1267 1251 1314 contra
1266 1263 1367 1313 nimios
1379 1265 1502 1317 ardores.
1539 1266 1592 1317 Sed
1604 1265 1734 1332 splenicis
1746 1280 1762 1317 e
1774 1278 1867 1329 posca,

1070 1332 1180 1399 ignibus
1192 1332 1279 1383 sacris
1289 1348 1322 1384 ex
1334 1340 1423 1394 aceto,
1434 1334 1603 1385 efficaciores
1614 1351 1694 1402 quarn
1705 1334 1789 1385 aliud.
1819 1333 1869 1382 lm·

1070 1402 1135 1470 poni
1146 1408 1256 1468 oportet
1268 1402 1315 1463 sic,
1323 1410 1442 1455 utsanas
1453 1419 1561 1471 quoquo
1569 1411 1662 1470 partes
1669 1405 1791 1471 spatiose
1803 1417 1868 1468 ope-

1070 1474 1154 1522 riant.
1191 1470 1339 1538 Sanguinis
1356 1472 1520 1538 prollnrium
1537 1476 1639 1525 sistunt
1657 1489 1690 1523 ex
1709 1479 1798 1533 aceto,
1819 1474 1870 1522 aut

1070 1539 1180 1606 frigida.
1217 1541 1346 1592 Livorem
1367 1541 1401 1591 ab
1420 1542 1476 1592 ictu
1498 1551 1637 1594 recentem
1656 1557 1689 1593 ex
1707 1555 1778 1608 aqua
1792 1539 1870 1590 salsa

1070 1609 1161 1661 calida
1170 1611 1279 1676 saepius
1291 1616 1397 1662 mutata
1408 1610 1526 1672 tollunt,
1550 1614 1660 1664 testium
1674 1618 1810 1662 tumorem
1822 1606 1870 1657 dn·

1071 1679 1213 1744 ioremque
1225 1694 1258 1730 ex
1271 1694 1363 1745 posca.
1400 1681 1440 1731 Ad
1458 1695 1554 1731 canum
1568 1696 1675 1732 morsus
1687 1679 1795 1731 utiliter
1808 1691 1871 1727 cou-

1070 1748 1146 1798 cisae
1158 1748 1338 1813 imponuntur
1352 1763 1386 1799 ex
1405 1756 1494 1808 aceto,
1515 1757 1563 1808 mit
1581 1749 1695 1817 frigido,
1719 1744 1872 1804 autmeile,
1905 1752 1909 1763 ‘

1069 1815 1187 1867 subinde
1209 1816 1418 1869 humectandae.
1456 1817 1605 1871 Africanae
1625 1819 1695 1869 cinis
1712 1831 1772 1866 curn
1795 1815 1872 1880 porri

1070 1884 1166 1935 sectivi
1178 1899 1259 1935 succo
1271 1887 1433 1953 sanguinem
1447 1887 1636 1938 reiiclentibus
1648 1885 1745 1936 haustu
1756 1882 1824 1932 saiis
1836 1895 1872 1932 ex

1070 1952 1175 2019 frigida
1185 1953 1305 2019 prodest.
1344 1953 1416 2005 idem
1434 1955 1504 2006 cinis
1523 1954 1564 2007 rei
1579 1972 1640 2007 curn
1659 1956 1720 2006 oleo
1737 1951 1779 2003 rei
1790 1957 1872 2002 aceto

1069 2022 1158 2075 fronti
1173 2022 1272 2083 illitus,
1293 2023 1430 2073 tertianas
1452 2025 1537 2074 tollit.
1572 2025 1706 2076 Privatim
1727 2021 1874 2073 Africanae

1070 2106 1104 2144 ex
1118 2105 1202 2157 posca
1213 2099 1347 2141 iuniorem
1360 2091 1522 2143 discutiunt.
1560 2094 1688 2144 Omnium
1700 2098 1791 2142 autem
1803 2089 1873 2138 einis

1070 2175 1130 2212 cunr
1151 2162 1211 2225 pice
1227 2168 1421 2222 crematarum,
1446 2163 1609 2228 sanguinem
1629 2162 1706 2212 sistit
1718 2160 1871 2210 vulnerum.

1069 2229 1161 2293 Aliqui
1181 2242 1260 2280 raras
1283 2229 1445 2290 tantum,ad
1468 2229 1522 2282 hoc
1542 2247 1603 2283 oum
1626 2232 1687 2297 pice
1707 2235 1799 2279 urunt.
1836 2227 1873 2276 Et

1070 2296 1212 2347 oculorum
1224 2311 1309 2347 causa
1328 2299 1525 2350 comburuntur
1546 2301 1576 2351 in
1593 2298 1679 2350 cruda
1691 2297 1748 2349 olla
1760 2292 1873 2363 liguiinl

1070 2367 1171 2429 operis,
1192 2362 1338 2428 plurimum
1357 2366 1521 2429 proliciente
1537 2382 1570 2417 eo
1587 2368 1682 2418 cinere
1702 2373 1869 2416 contrasca·

1069 2432 1167 2483 britlas
1177 2445 1321 2498 genarum,
1329 2441 1573 2499 excrescentesque
1583 2439 1726 2492 samosat
1737 2429 1871 2498 quidquid

1070 2499 1237 2565 opossitibi
1257 2498 1440 2566 destringere,
1456 2502 1590 2566 spissare,
1610 2501 1733 2566 expiere.
1769 2498 1872 2549 Utilius

1070 2569 1097 2619 in
1115 2583 1148 2623 eo
1165 2583 1215 2617 usu
1239 2568 1333 2619 iarar'e
1355 2570 1483 2619 cinerem.
1520 2567 1668 2621 Praestent
1686 2574 1714 2621 et
1730 2566 1871 2634 striglium

1069 2640 1165 2693 ricem,
1177 2635 1421 2700 linteolorurnque,
1431 2634 1539 2685 allectis
1550 2636 1723 2702 corporibus.
1759 2636 1796 2686 Et
1808 2649 1871 2685 con·

1070 2709 1114 2753 tra
1124 2701 1216 2752 Solem
1229 2708 1294 2768 apte
1306 2710 1457 2769 protegunt
1468 2707 1567 2770 capita.
1597 2705 1701 2755 Medici
1713 2704 1824 2755 inscitia
1835 2703 1871 2753 ad

1070 2773 1124 2822 duo
1136 2771 1250 2821 nonrina
1261 2785 1308 2822 eas
1319 2772 1464 2838 redegere:
1476 2772 1751 2841 Alricanas,quarum
1764 2772 1870 2822 lirmius

1070 2841 1108 2890 slt
1127 2841 1227 2891 robur:
1247 2838 1469 2907 ilbodiacasque,
1489 2841 1523 2892 ad
1545 2842 1694 2895 lorendum
1717 2841 1870 2893 molliores.

1070 2908 1149 2960 Nunc
1160 2915 1251 2959 autern
1265 2910 1443 2960 mollissimae
1461 2911 1537 2962 circa
1553 2926 1646 2962 muros
1657 2909 1810 2976 Antiphelli
1823 2923 1870 2960 ur·

1070 2978 1305 3042 bisrcperiontur.
1342 2979 1453 3045 Trogos
1470 2987 1640 3041 auctorest,
1660 2980 1735 3031 circa
1752 2979 1870 3046 Lyciam
1936 3040 1941 3047 Ι

1072 3045 1218 3112 penicillos
1239 3046 1415 3097 mollissimos
1438 3048 1513 3098 nasci
1538 3049 1567 3098 in
1589 3049 1742 3111 alto,unde
1761 3048 1872 3099 ablatae

1071 3116 1127 3165 sint
1146 3117 1287 3182 spongiae.
1324 3115 1458 3183 Polybius
1478 3131 1563 3183 super
1584 3132 1696 3185 aegrum
1714 3129 1871 3184 suspensos,

1071 3184 1225 3252 quietiores
1237 3185 1330 3235 lacere
1342 3192 1445 3235 noctes.
1491 3186 1573 3240 Nunc
1583 3193 1755 3242 revertemur
1764 3185 1799 3238 ad
1811 3199 1868 3239 ma·

1072 3253 1134 3305 rina
1144 3253 1276 3304 animaiin
1288 3258 1316 3305 et
1327 3253 1470 3322 aquatilia.

326 3502 1754 3536 *-

653 3652 700 3736 C.
759 3652 1029 3736 PLINII
1085 3650 1438 3737 SECUNDI

272 3829 998 3934 Nonnullis

1101 3828 1820 3934 Htsronluo

766 4032 1037 4105 LIBER
1106 4031 1321 4104 XXXII.

924 4236 1170 4253 Μ

222 4361 245 4412 l.
263 4323 429 4412 Vsusne
447 4364 490 4413 est
510 4359 665 4412 adsumme
687 4366 802 4410 naturae
821 4360 1021 4425 exemplorum·

223 4443 287 4498 que,
297 4444 347 4497 per
355 4444 448 4482 rerum
460 4429 581 4481 ordinem
595 4448 602 4479 :
614 4436 642 4481 et
652 4430 740 4494 ipsum
751 4443 803 4478 sua
813 4434 912 4494 sponte
922 4440 1019 4481 occur·

222 4501 261 4551 rit
281 4499 443 4552 immensum
466 4499 607 4565 potentiae
619 4501 746 4549 «scenitae
766 4497 968 4560 documentum,
990 4506 1021 4550 ut

223 4582 336 4636 prorsus
353 4584 402 4620 nee
418 4569 493 4620 ailad
510 4569 583 4618 ultra
599 4568 693 4635 quaeri
711 4567 820 4628 debeat,
840 4582 891 4618 nec
907 4583 958 4634 par
973 4574 1021 4620 aut

225 4638 316 4691 simile
326 4638 414 4705 possit
427 4637 621 4704 inveniri,ipsa
632 4639 798 4688 revincente
810 4643 918 4697 natura,
928 4639 1021 4704 etqui·

226 4705 288 4758 dem
305 4707 461 4760 numerosis
478 4707 576 4758 modis.
613 4707 684 4768 Quid
702 4709 773 4757 enirn
787 4706 939 4758 violentius
951 4708 1022 4758 mari

223 4777 356 4839 ventisve,
366 4785 394 4828 et
403 4777 569 4837 turbinibus,
580 4780 608 4827 et
620 4775 766 4842 procellist
793 4791 846 4842 quo
858 4778 963 4827 maiore
974 4775 1021 4827 bo·

223 4846 325 4895 minum
338 4847 450 4913 ingenio
462 4848 490 4895 ln
503 4846 560 4896 uiia
569 4846 612 4895 sui
624 4852 703 4912 parte
715 4844 809 4895 adiuta
819 4853 873 4907 est,
884 4860 965 4912 quam
977 4860 1022 4895 re·

223 4911 258 4963 lis
269 4915 423 4981 remisqnei
459 4916 586 4967 Addatur
603 4913 688 4965 biset
705 4914 838 4979 reciproci
859 4922 953 4965 aestus
964 4915 1020 4966 ine·

224 4984 373 5034 narrabilis
385 4984 436 5044 vis,
447 4999 613 5052 versumque
623 4990 713 5033 totum
724 4996 799 5035 mare
811 4985 838 5033 in
850 4983 957 5036 humen.
968 4985 1021 5035 Ta·

222 5064 285 5102 men
295 5053 389 5103 omnia
400 5051 474 5112 haec,
492 5055 651 5120 pariterque
662 5052 759 5104 eodem
767 5052 1021 5118 impellentia,unus

222 5133 257 5171 ac
267 5135 366 5187 parvus
378 5121 525 5173 admodum
537 5122 696 5187 pisciculus,
718 5120 846 5172 echeneis
857 5122 1021 5187 appellatus,

221 5187 251 5239 in
263 5204 293 5242 se
304 5195 388 5239 tenet.
425 5191 515 5241 iiuant
524 5192 600 5243 venti
613 5192 688 5251 ticet,
698 5198 726 5243 el
737 5191 862 5241 saeviant
873 5190 1020 5255 procellae,

223 5258 343 5322 imperat
359 5256 458 5320 lurori,
477 5260 603 5326 viresque
620 5267 713 5313 tantas
730 5260 886 5325 compescit,
907 5267 934 5309 et
945 5261 1021 5324 cogit

223 5331 301 5376 stare
311 5325 434 5391 navigia:
454 5327 528 5392 quod
544 5344 597 5379 non
614 5330 725 5383 vineola
738 5330 807 5391 ulia,
827 5342 881 5378 non
901 5341 1020 5377 ancorae

222 5393 348 5460 pondere
367 5395 543 5446 irrevocabili
564 5398 663 5449 iactae.
702 5400 823 5451 infrenat
844 5398 971 5463 impetus,
992 5402 1020 5446 et

224 5460 320 5516 domat
330 5462 425 5514 mundi
437 5462 542 5517 rablern
553 5468 629 5518 orriio
641 5483 691 5518 suo
704 5468 810 5529 labore,
832 5480 886 5518 non
898 5467 1018 5517 retinen·

1074 4364 1119 4424 do,
1140 4367 1187 4413 aut
1199 4362 1254 4414 aiio
1265 4360 1358 4424 modo,
1375 4374 1455 4431 quam
1469 4359 1653 4414 adhaerendo.
1688 4359 1750 4411 iloc
1760 4360 1868 4411 tantuin

1074 4433 1142 4485 satis
1163 4439 1206 4483 est
1226 4438 1323 4483 contra
1344 4438 1388 4483 tot
1405 4432 1531 4498 impetus,
1552 4435 1670 4483 utretet
1686 4430 1727 4481 ire
1748 4430 1868 4495 navigia.

1074 4502 1128 4553 Sed
1140 4510 1264 4552 armatae
1283 4499 1386 4553 classes
1403 4502 1551 4566 imponunt
1566 4500 1620 4550 sibl
1638 4499 1755 4550 turrium
1771 4513 1870 4565 propu-

1094 4571 1202 4633 nacola,
1221 4575 1252 4622 ut
1263 4570 1290 4621 in
1304 4570 1374 4620 mari
1384 4584 1492 4637 quoque
1504 4576 1649 4636 pugnetur,
1664 4569 1738 4619 reiut
1749 4583 1764 4619 e
1776 4569 1868 4620 muris.

1073 4587 1139 4693 lieu
1148 4641 1258 4691 vanitas
1270 4638 1397 4698 humana,
1418 4653 1479 4689 cum
1496 4646 1590 4689 rostra
1604 4637 1654 4688 iiia
1664 4652 1728 4688 aere
1739 4636 1869 4703 ferroque
1933 4646 1938 4653 ’

1075 4710 1110 4762 ad
1123 4710 1195 4760 intus
1206 4714 1322 4767 armata,
1342 4707 1518 4774 senripednils
1533 4705 1656 4757 inhibere
1673 4705 1769 4772 possit,
1789 4720 1822 4756 ac
1832 4713 1870 4757 te·

1074 4795 1139 4831 nere
1151 4778 1286 4836 devincta,
1299 4776 1456 4841 pisciculus.
1490 4775 1592 4827 Fertur
1603 4776 1714 4826 Actiaco
1724 4773 1816 4825 Marte
1831 4781 1870 4826 te·

1074 4849 1166 4899 nuisse
1187 4846 1354 4913 praetoriam
1378 4845 1467 4894 navim
1487 4845 1608 4905 Antonii,
1628 4845 1802 4911 properantis
1818 4841 1870 4892 cir·

1075 4919 1178 4970 cumire
1188 4924 1217 4967 et
1227 4913 1369 4966 exhortari
1385 4929 1458 4974 suos
1480 4912 1566 4965 donec
1581 4916 1713 4965 transiret
1730 4913 1757 4962 ln
1773 4912 1867 4962 ailam.

1073 4988 1192 5052 ideoque
1204 4984 1372 5035 Caesariana
1390 4982 1488 5032 classis
1502 4982 1608 5048 impetu
1626 4984 1731 5035 nsalore
1743 4979 1867 5048 protinus

1073 5057 1157 5107 venit.
1192 5053 1295 5104 Tenuit
1308 5060 1337 5103 et
1353 5058 1447 5101 nostra
1464 5053 1598 5103 memoria
1613 5053 1671 5104 Caii
1688 5048 1820 5119 prlnclpls
1832 5048 1867 5100 ab

1073 5128 1172 5177 Astura
1183 5122 1294 5173 Antium
1307 5122 1506 5187 renavigantis:
1527 5128 1611 5173 utres
1627 5129 1670 5173 est
1680 5121 1761 5171 etiam
1774 5116 1866 5182 auspi·

1074 5196 1140 5245 caiis
1152 5191 1309 5258 pisciculos.
1346 5190 1488 5256 Siquidem
1500 5191 1652 5241 novissime
1663 5196 1720 5238 turn
1732 5187 1759 5235 ln
1772 5184 1866 5236 urbem

1072 5278 1199 5314 reversus
1210 5260 1258 5309 iiie
1271 5263 1427 5324 imperator,
1437 5261 1496 5310 suis
1508 5261 1572 5311 tells
1583 5257 1726 5309 confossus
1738 5259 1788 5303 est.
1811 5251 1869 5304 Nec

1073 5331 1157 5397 ionga
1168 5329 1222 5381 ruit
1238 5328 1313 5378 iilius
1332 5343 1426 5379 moras
1442 5329 1602 5386 admiratio,
1623 5324 1717 5374 statim
1734 5321 1868 5371 eausain·

1073 5400 1198 5461 tellecta,
1218 5413 1280 5449 cum
1296 5412 1311 5448 e
1327 5404 1388 5448 tota
1404 5398 1494 5449 classe
1512 5391 1714 5461 quinqueremis
1731 5389 1793 5439 sola
1812 5402 1868 5439 nun

1073 5471 1237 5538 proliceret,
1257 5466 1451 5584 exsilientqiqus
1465 5464 1594 5533 protinus
1607 5457 1692 5526 quiid
1704 5466 1869 5524 quaererent

1439 5536 1454 5564 ί
