4368 6008
360 321 422 384 258
462 319 494 380 C.
517 320 633 383 PLIN.
657 317 749 382 SEG.
771 313 871 378 Nar.
894 312 1013 375 illst.
1037 313 1119 373 ΗΒ.
1141 311 1223 374 XX.
1245 312 1336 374 CAP.
1358 314 1499 372 tit-too.
1522 311 1607 371 bill.
1630 311 1727 375 xxi.
1751 311 1845 376 cai.
1873 318 1952 378 l-ii.

364 486 461 524 versus
475 475 620 538 serpentes
636 468 705 522 nihil
723 463 951 535 hippomarathre
966 464 1106 519 efficacius
1116 478 1165 532 pu·
1247 462 1344 518 xcix.
1361 464 1399 518 Et
1411 463 1446 515 de
1457 463 1621 517 carduorum
1638 468 1703 516 sata
1721 464 1796 517 inter
1810 463 1958 518 hortensia
1974 466 2015 519 di-

364 549 469 593 tarere.
505 539 578 593 Sane
591 545 620 592 et
629 538 771 591 Nicander
782 552 836 589 non
847 540 875 590 in
891 536 1046 588 notissimis
1058 537 1163 601 posuit.
1211 535 1316 586 ximus:
1337 542 1509 602 quapropter
1525 540 1553 587 et
1565 533 1730 585 medicinam
1748 548 1781 586 ex
1791 534 1826 585 iis
1836 549 1892 585 non
1903 534 2014 588 differa-

399 607 508 662 XCVll.
520 607 657 660 Cannabis
667 608 696 659 in
706 606 785 658 silvis
796 608 914 673 primurn
925 613 991 657 nata
1001 605 1164 672 est,nigrior
1212 619 1281 655 mus.
1293 601 1470 657 silvestrium
1481 618 1586 673 genera
1597 610 1662 654 sunt
1673 603 1742 654 duo:
1753 619 1836 655 unum
1849 603 2015 657 fruticosius

319 710 323 725 .
363 677 452 741 foliis,
468 685 496 730 et
506 678 640 743 asperior.
677 676 777 729 Samen
793 677 852 729 eius
864 676 1042 742 exstinguere
1051 675 1162 742 genitu·
1212 681 1314 726 eterra
1324 674 1434 725 statim:
1455 674 1575 743 alterurn
1590 672 1862 725 unicaulecrassius.
1901 675 2036 742 Utrique·

363 749 558 800 ramrirorum
575 745 686 797 dicitnr.
724 744 828 797 Succos
845 760 879 799 ex
895 760 928 797 eo
940 745 1105 796 vermiculos
1117 758 1163 795 aa·
1212 742 1283 795 tolia
1294 757 1390 810 pauca,
1401 742 1524 809 spinosa,
1536 742 1681 795 muricatis
1692 744 1885 795 cacuminibus.
1908 744 1963 796 Sed
1976 744 2016 796 nl·
2057 806 2073 819 ῃ

362 819 444 879 rium,
466 822 494 868 ct
507 815 689 882 quodcunque
700 815 801 866 animal
813 814 976 875 intraverit,
998 813 1091 874 elicit,
1112 812 1162 865 sed
1213 818 1259 865 ter
1273 811 1372 865 liorem
1388 827 1558 881 purpureum
1578 813 1667 864 mittit
1681 813 1756 865 inter
1774 812 1878 865 medios
1889 815 2015 877 aculeos,
2035 814 2047 823 ’

364 902 424 937 cnm
436 884 533 936 dolere
544 885 652 951 capitis.
673 887 820 951 Tantaque
830 884 872 934 vis
884 884 909 933 ei
919 889 971 947 est,
982 889 1013 934 ut
1024 897 1113 950 aquae
1123 885 1163 933 in·
1214 881 1346 934 celeriter
1357 889 1559 946 canescentem,
1574 888 1603 935 ιι
1614 882 1762 935 abeuntem
1774 897 1835 934 curn
1846 896 1927 934 aura:
1950 900 2015 935 sco·

361 954 435 1018 lusa,
454 953 602 1021 coagulare
618 969 678 1005 eam
697 952 812 1004 dicatur.
849 952 886 1003 Et
896 952 961 1005 ideo
973 952 1162 1004 iumentorum
1213 950 1543 1019 lymonGraecirocant.
1580 951 1637 1003 llic
1649 958 1795 1019 antequam
1806 949 1906 1005 tloreat
1917 961 2017 1006 contu·

362 1024 426 1077 also
438 1025 577 1075 succurrit
588 1029 654 1089 pota
665 1024 692 1072 in
706 1037 786 1090 aqua.
823 1020 914 1077 Radix
926 1026 1083 1073 contractos
1094 1023 1161 1073 arti·
1212 1037 1259 1073 sus
1280 1026 1363 1088 atque
1384 1037 1540 1088 expressus,
1560 1020 1635 1073 illito
1650 1036 1735 1073 succo
1754 1020 1895 1089 alopecias
1912 1024 2015 1091 replet.

362 1094 442 1146 culos
453 1093 563 1146 emollit
573 1092 602 1144 in
614 1105 688 1158 aqua
700 1098 794 1143 cocta:
804 1092 873 1143 item
886 1090 1034 1160 podagras,
1045 1097 1075 1143 et
1085 1089 1161 1142 simi·
1211 1089 1304 1143 lladix
1321 1092 1506 1160 cuiuscunque
1521 1105 1556 1145 ex
1567 1092 1639 1160 aqna
1648 1090 1765 1144 decocta
1780 1092 1927 1158 potoribus
1937 1094 2017 1147 sitim

360 1162 543 1231 lesimpetus.
577 1160 719 1213 Ambustis
732 1160 962 1225 crudaillinitur,
981 1161 1032 1213 sed
1048 1161 1160 1228 saepius
1211 1159 1456 1213 lacercnarratur.
1493 1160 1671 1214 Stomachum
1688 1161 1866 1213 corroborat:
1889 1164 2014 1216 etrulris

360 1238 486 1285 mutatur
497 1232 655 1300 priusquam
666 1234 785 1282 arescat.
1212 1230 1249 1294 (si
1257 1229 1404 1294 credimus)
1417 1231 1502 1284 etiarn
1515 1230 1643 1283 conferre
1653 1230 1761 1299 aliquid
1772 1231 1907 1296 traditur,
1916 1240 1948 1286 ut
1958 1248 2014 1287 ma·

396 1292 742 1357 xcvl11.Ferutnsenen
755 1299 858 1352 anetho
870 1298 961 1353 simila
972 1297 1065 1353 habet.
1080 1300 1161 1362 Quae
1213 1303 1430 1368 resgignantur.
1465 1300 1591 1354 ltaenim
1604 1299 1744 1357 Chaereas
1754 1301 2013 1357 Atheniensisscri·

360 1373 396 1426 ab
408 1388 463 1424 uno
474 1372 553 1424 caule
564 1370 698 1423 dividitur
709 1369 737 1422 in
748 1371 902 1434 cacumine,
922 1370 1026 1423 lemine
1035 1373 1159 1436 putator.
1211 1369 1277 1438 psit,
1297 1369 1478 1434 stillancia,
1496 1372 1544 1440 qui
1554 1372 1629 1423 circa
1648 1372 1766 1426 carduos
1783 1372 2015 1445 diligentissimus

361 1442 461 1493 Caules
471 1441 591 1495 eduntur
600 1440 717 1504 decocti,
729 1438 1011 1508 commendanturque
1021 1445 1115 1492 musto
1127 1453 1161 1496 se
1211 1438 1334 1492 ridetur.
1369 1440 1509 1494 Mastiche
1522 1442 1618 1494 cardui
1630 1440 1745 1495 odorem
1760 1443 1937 1496 commendat
1947 1445 2013 1497 oris.

359 1511 454 1572 melle,
463 1509 610 1562 stomacho
622 1510 715 1563 utiles.
728 1509 776 1562 Sin
790 1511 885 1577 piures
896 1511 990 1574 senti,
1000 1510 1100 1577 capitis
1111 1509 1160 1562 do·
1247 1510 1277 1561 C.
1295 1507 1351 1562 Sed
1360 1509 1509 1563 discessuri
1520 1513 1554 1564 ab
1565 1510 1725 1575 hortensiis,
1740 1527 1825 1565 unam
1836 1516 2014 1581 compositio·

358 1580 449 1632 iorem
460 1578 577 1631 iaciunt.
590 1579 681 1632 Radix
692 1578 799 1632 denarii
809 1578 931 1648 pondere
942 1583 970 1632 in
981 1580 1039 1631 tini
1049 1578 1160 1648 cyathis
1213 1594 1277 1633 nem
1288 1594 1322 1632 ex
1333 1577 1377 1630 his
1389 1581 1573 1633 clarissimam
1585 1581 1775 1645 subtexemus,
1788 1581 1921 1635 adversus
1931 1600 2013 1637 rene·

359 1647 586 1710 duobus,bibitur
595 1649 728 1702 adversus
738 1656 890 1717 serpentes.
903 1651 938 1703 Et
949 1651 1011 1718 ipsa
1019 1650 1100 1701 radix
1111 1651 1161 1703 im·
1210 1654 1279 1701 nata
1290 1649 1431 1713 animalia,
1450 1652 1478 1703 in
1498 1651 1566 1702 ‘sam
1577 1650 1670 1717 lapide
1683 1652 1810 1704 versibus
1821 1651 1848 1703 in
1859 1653 1955 1707 limine
1965 1669 2013 1707 ae-

358 1716 482 1785 penitur.
506 1716 553 1770 Sic
564 1725 593 1770 et
605 1720 771 1772 torminibus
782 1719 918 1773 medetur.
937 1721 980 1773 Ex
991 1719 1055 1773 oleo
1066 1727 1159 1771 autem
1213 1718 1256 1771 dis
1267 1719 1438 1787 Aesculapii.
1492 1721 1595 1789 erpylii
1606 1721 1690 1772 dudm
1701 1720 1882 1774 denariorum
1894 1723 2014 1791 pondus:

359 1793 488 1850 etaceto,
507 1793 606 1841 contra
615 1789 733 1843 sudores
743 1785 921 1853 immodicos,
940 1788 1160 1843 veliniebribus
1212 1803 1266 1855 epo
1287 1790 1390 1853 abacis,
1411 1795 1513 1854 etmel,
1534 1789 1698 1843 tantundem
1710 1791 1891 1859 singulorum,
1909 1792 2017 1849 'triioiii

358 1855 482 1924 prolicit.
518 1858 622 1911 Succos
638 1858 747 1913 ierulaa
762 1859 854 1911 airum
870 1860 955 1911 solvit
965 1859 1046 1911 labae
1058 1859 1160 1926 anagni·
1211 1803 1320 1925 pusicius
1332 1857 1455 1911 denarii:
1477 1862 1564 1922 anesi,
1586 1868 1614 1914 et
1630 1860 1765 1912 foeniculi
1778 1861 1902 1925 seminis,
1920 1870 2016 1929 etam·

356 1925 456 1978 tudine
468 1926 627 1980 deseratus.
663 1928 910 1981 Eriridlmedulla
921 1929 1011 1980 ruinis
1023 1927 1110 1990 utilis,
1131 1934 1159 1980 et
1211 1928 1270 1990 mii,
1291 1933 1320 1981 et
1334 1928 1402 1997 apii,
1419 1929 1597 1982 denariorum
1614 1934 1710 1982 sendra
1729 1930 1848 1997 singulis
1859 1934 2016 2001 generibus,

360 1996 636 2049 adomniaearitia.
671 1996 713 2051 Ad
725 1999 887 2064 sanguinem
898 1996 1050 2051 sistendum
1064 1996 1159 2049 decem
1212 1998 1558 2052 erviiarinaeduodecinr.
1594 1999 1674 2051 ilaec
1686 2004 1749 2051 tusa
1760 2000 1940 2069 cribrataque
1950 2004 2015 2055 rino

393 2079 447 2118 ana
467 2066 581 2119 seminis
596 2066 738 2129 bibuntur,
758 2067 787 2117 in
801 2069 866 2119 rino
879 2068 955 2131 trita,
974 2067 1019 2120 rel
1030 2066 1161 2120 medulla.
1212 2082 1293 2136 quam
1307 2069 1395 2134 possit
1406 2069 1569 2132 excellenti,
1591 2069 1758 2135 digeruntur
1775 2069 1803 2120 in
1815 2072 1960 2137 pastillos,
1977 2072 2017 2122 ri·

358 2079 433 2188 {inst
443 2137 491 2202 qui
505 2135 696 2188 comitialibus
711 2135 816 2187 morbis
833 2136 953 2188 dandum
970 2144 1069 2204 putant
1081 2136 1172 2188 Lerna·
1212 2138 1328 2190 storiati
1339 2137 1471 2204 pondere.
1500 2142 1545 2192 Ex
1555 2138 1597 2190 his
1608 2140 1710 2206 singuli
1722 2139 1824 2192 dantur
1834 2156 1867 2194 ex
1878 2141 1935 2193 nini
1946 2143 2017 2194 nix·

361 2210 472 2271 quarta,
483 2210 571 2265 sexta,
583 2204 711 2270 septima,
723 2204 977 2273 ligulaemensura.
1002 2207 1111 2259 Natura
1121 2205 1162 2257 ie·
1211 2209 1236 2259 ti
1255 2205 1367 2276 cyathis
1388 2209 1485 2260 ternis.
1523 2210 1585 2260 liae
1596 2205 1719 2262 theriaca
1736 2223 1853 2276 magnus
1863 2211 2015 2265 Antiochus

359 2274 486 2326 rularum
498 2275 639 2327 muraenis
651 2273 834 2327 infestissima
843 2281 901 2327 est:
921 2283 1014 2328 tactae
1024 2275 1161 2343 siquidem
1211 2291 1263 2331 rex
1274 2274 1408 2331 adversus
1419 2278 1513 2331 omnia
1523 2292 1630 2333 venena
1639 2293 1707 2332 usos
1718 2277 1849 2334 traditur.

360 2356 396 2394 ea
405 2343 570 2395 moriuntur.
607 2344 708 2405 Castor
723 2342 826 2395 radicis
844 2360 957 2398 succum
972 2351 1002 2398 et
1017 2345 1161 2398 oculorum

363 2410 489 2467 claritati
499 2411 626 2466 conferre
638 2412 755 2465 multum
766 2413 884 2480 putarit

475 2616 1913 2652 ‘’m-

809 2793 878 2914 c..
915 2795 1172 2883 PL1N11
1228 2797 1560 2887 sacuam

424 2973 1947 3081 Nardssablsinsroataa

910 3177 1464 3257 a1aasxn

356 3513 378 3564 1.
390 3477 431 3563 Ῐιι
442 3511 532 3565 hortis
542 3512 600 3564 seri
612 3519 811 3568 coronamenta
825 3515 908 3569 iussit
918 3516 997 3578 Cato,
1019 3516 1161 3569 inenarra·
1215 3516 1406 3571 centesimam.
1442 3516 1490 3571 Sic
1502 3517 1612 3570 coronis
1622 3529 1638 3570 e
1647 3513 1765 3568 iloribus
1777 3516 1911 3585 receptis,
1929 3516 2014 3584 panio

357 3578 409 3631 bili
421 3577 521 3633 tlornm
532 3583 655 3635 muime
665 3584 838 3637 subtilitate:
860 3586 969 3653 quande
984 3586 1055 3637 nulli
1065 3591 1161 3652 petest
1214 3601 1279 3638 mox
1289 3588 1410 3651 subiere,
1420 3603 1492 3656 quae
1502 3594 1637 3639 vocantur
1645 3586 1810 3655 Aegyptiae,
1820 3601 1852 3639 ac
1863 3585 1964 3640 deinde
1974 3587 2016 3640 hi·

357 3646 471 3699 {acilius
482 3663 543 3700 csse
555 3648 641 3717 loqui,
661 3665 744 3719 quarn
754 3669 847 3706 rerum
860 3662 978 3707 naturae
989 3656 1111 3722 pingere,
1122 3654 1161 3706 la·
1213 3657 1325 3719 berriae,
1347 3672 1408 3708 cum
1420 3664 1497 3709 terra
1506 3656 1590 3709 ilores
1600 3663 1698 3724 negat,
1717 3663 1845 3709 ramento
1856 3671 1871 3709 e
1883 3658 2012 3710 cornibus

358 3717 487 3769 scirienti
500 3720 675 3782 praesertim,
693 3724 723 3771 ιι
732 3722 760 3771 in
772 3736 873 3789 magno
885 3723 988 3790 gaudie
1001 3724 1160 3776 fertilitatis
1213 3725 1314 3777 tincto.
1339 3725 1533 3806 Paqlatimque
1544 3734 1573 3779 et
1584 3728 1687 3778 Romae
1698 3725 1838 3793 subrepsit
1848 3726 2012 3795 appellatio,

359 3791 416 3838 tam
437 3786 534 3855 retiae
555 3786 672 3840 ludenti.
708 3789 817 3855 Quippe
832 3791 943 3858 reliqua
959 3807 1026 3843 usos
1047 3792 1160 3844 alimen·
1214 3794 1329 3846 corollis
1339 3793 1414 3847 inter
1424 3795 1505 3848 initia
1516 3803 1632 3863 propter
1643 3795 1831 3864 gracilitatem
1847 3797 2011 3848 nominatis:

358 3856 436 3923 tique
442 3855 540 3975 qratia
550 3857 661 3924 genuit:
673 3854 794 3923 ideoque
804 3860 899 3910 secula
910 3875 1051 3926 annosque
1062 3860 1161 3913 tribuit
1213 3877 1278 3916 mox
1299 3869 1327 3915 et
1345 3864 1513 3927 corollariis,
1533 3870 1596 3932 post
1616 3879 1679 3917 uam
1696 3880 1711 3916 e
1727 3864 1832 3917 lamina
1842 3879 1925 3917 aerea
1938 3865 2012 3919 tenui

358 3926 405 3978 iis.
466 3925 541 3976 loces
552 3939 617 3975 sero
630 3924 787 3993 odoresque
802 3926 831 3977 in
842 3927 915 3980 diem
928 3929 1030 3995 gignit:
1051 3944 1161 3997 magna,
1212 3931 1344 3984 inaurata
1352 3938 1401 3984 aut
1414 3928 1589 4002 thargentata
1598 3882 1750 3987 habentur.

358 4003 389 4047 nt
401 3995 492 4063 {ialam
504 4000 556 4057 est,
567 3994 762 4047 admonitione
772 3992 925 4061 hominum,
936 4012 1006 4065 quae
1016 4000 1160 4066 spectatis·
1248 4004 1296 4057 tv.
1316 4003 1433 4055 Crassus
1443 4004 1533 4067 dives,
1554 4005 1660 4072 primus
1676 4008 1794 4072 argento
1805 4017 1928 4070 aureque
1940 4003 2012 4056 lolia

357 4067 428 4117 sime
440 4065 568 4124 lloteant,
580 4063 723 4116 celerrime
736 4080 915 4120 marcescere.
940 4068 995 4119 Sed
1007 4085 1041 4121 ne
1053 4068 1161 4135 pictura
1213 4073 1351 4133 imitatus,
1367 4073 1441 4126 ludis
1452 4074 1510 4126 suis
1521 4089 1641 4128 coronas
1652 4074 1741 4127 dedit.
1777 4074 2012 4140 accesseruntque

358 4135 468 4204 quidem
480 4130 637 4187 sufficiente
646 4134 765 4201 imagini
777 4135 902 4188 celorum
916 4137 1081 4199 reddendae,
1092 4141 1160 4193 mix·
1213 4149 1243 4197 ct
1263 4143 1398 4205 lemnisci,
1419 4159 1489 4212 ques
1505 4144 1591 4198 adiici
1605 4145 1726 4212 ipsarum
1739 4158 1907 4212 coronarum
1921 4142 2010 4195 honos

359 4214 540 4273 terarumque
551 4203 692 4269 varietati,
710 4205 771 4259 sire
781 4205 884 4258 alterni
895 4215 980 4274 atque
992 4209 1160 4276 erultiplices
1212 4218 1285 4276 erat,
1307 4221 1422 4281 propter
1431 4216 1579 4280 Etruscas,
1601 4216 1699 4285 quihus
1711 4214 1790 4282 iungi
1803 4215 1856 4265 nisi
1866 4214 1942 4265 ausei
1954 4229 2009 4264 nnn

356 4275 430 4327 inter
440 4291 471 4328 se
481 4280 647 4338 nectamur,
669 4274 730 4330 sire
741 4276 858 4344 privatis
873 4291 1006 4345 generum
1025 4277 1159 4332 tunicatis
1213 4283 1361 4337 dehebant.
1389 4286 1454 4338 i’uri
1465 4285 1513 4337 din
1524 4285 1603 4340 sucre
1615 4289 1644 4339 ii.
1666 4285 1784 4338 Caelare
1795 4299 1844 4337 eos
1856 4283 1960 4352 primns
1972 4284 2012 4335 in·

356 4344 387 4394 in
397 4346 501 4408 orbem,
519 4345 715 4414 inobliquam,
733 4346 763 4399 in
773 4346 917 4411 ambitum,
929 4348 1066 4416 quaedam
1078 4364 1158 4403 core-
1212 4354 1306 4406 stituit
1316 4352 1346 4405 P.
1358 4354 1494 4409 Claudius
1503 4355 1637 4421 Pulcher,
1658 4358 1841 4424 bratteasque
1852 4354 1936 4406 etiam
1949 4351 2010 4420 phi·

356 4422 738 4480 naepercorenescurrunt.
1212 4422 1293 4492 lyrae
1303 4423 1389 4476 dedit.

392 4480 626 4538 insensoribus
638 4486 792 4540 utebantur
801 4487 915 4554 antiqui,
923 4493 1053 4556 stroppos
1064 4489 1160 4557 appel·
1247 4493 1281 4546 V.
1300 4491 1417 4560 Semper
1425 4499 1517 4547 ιιιιιιιι
1530 4496 1684 4549 aucteritas
1694 4495 1738 4548 rei
1749 4493 1858 4547 ludicro
1869 4490 2011 4559 quaesita·

358 4548 467 4602 lantes:
485 4553 559 4604 unde
571 4561 637 4606 nata
655 4554 820 4622 strophiolo.
858 4557 931 4619 Quin
949 4566 978 4609 et
993 4558 1158 4609 vocabulum
1212 4575 1272 4612 rnm
1283 4560 1345 4614 tuit.
1359 4563 1487 4632 Namque
1499 4563 1534 4615 ad
1544 4567 1697 4618 certamina
1708 4565 1736 4616 in
1748 4566 1856 4616 Circum
1871 4576 1920 4628 per
1929 4559 2012 4612 ludes

358 4618 449 4685 ipsum
461 4619 541 4672 tarde
551 4626 781 4677 communicatum
799 4631 850 4688 ιιι,
869 4627 943 4678 inter
957 4634 1157 4678 saeratantum
1212 4636 1242 4683 et
1259 4631 1315 4699 ipsi
1336 4633 1551 4697 descendebant,
1572 4642 1601 4686 et
1617 4648 1713 4686 serres
1730 4647 1796 4682 sues
1808 4633 1910 4696 quique
1920 4632 2013 4683 mitte·

359 4686 861 4746 etbellicoshonoresceronissnum
882 4694 1158 4748 nomenrindicanti·
1211 4700 1287 4751 bant.
1313 4700 1379 4753 lndc
1389 4702 1441 4754 iiia
1452 4702 1506 4753 xli
1515 4698 1671 4755 tabularum
1684 4699 1743 4751 lex:
1758 4699 1814 4758 Qut
1825 4710 1955 4751 coaoaart
1967 4716 2013 4753 rs·

358 4758 419 4808 bus.
431 4757 498 4808 Cum
510 4771 575 4810 tero
588 4776 603 4811 e
615 4760 729 4813 floribus
741 4766 840 4816 flerent
849 4770 932 4825 serta,
944 4780 961 4815 a
969 4764 1089 4818 serendo
1100 4780 1158 4817 ser·
1211 4782 1263 4821 atr
1275 4784 1346 4833 resa,
1358 4785 1517 4822 eacusrava
1528 4764 1750 4831 aros,r1ar'urrs
1763 4777 1838 4817 anae
1850 4779 1962 4819 nurroa
1972 4782 2011 4821 at.

358 4825 422 4877 riae
432 4825 658 4892 appellabantur:
680 4833 753 4897 quod
764 4833 838 4900 apud
850 4834 973 4886 Graecos
985 4847 1094 4903 quoque
1103 4848 1158 4886 nen
1212 4837 1303 4898 Quam
1314 4838 1388 4889 serti
1400 4839 1498 4905 equire
1510 4841 1683 4898 meruissent,
1696 4834 1815 4903 pecunia
1825 4840 1936 4899 partam
1949 4836 2012 4903 lege

359 4893 432 4946 adeo
442 4895 597 4962 antiquitus
608 4898 720 4965 placuit.
1212 4904 1276 4968 dici,
1288 4920 1368 4956 neme
1379 4905 1526 4958 dubitarit.
1555 4907 1625 4969 Quis
1636 4920 1703 4973 ergo
1715 4902 1822 4956 bonosi
1833 4910 1864 4955 ut
1875 4903 1931 4972 ipsi
1940 4920 2012 4958 mor-

394 4962 442 5015 lli.
461 4964 596 5017 Arborum
608 4967 680 5020 enim
693 4969 778 5021 ramis
788 4973 917 5026 coronari
929 4971 958 5024 in
969 4971 1058 5024 saeris
1070 4976 1158 5024 certa·
1211 4981 1270 5038 tnn,
1281 4974 1497 5042 parentibusque
1507 4977 1575 5037 eius,
1591 4976 1656 5027 dnm
1668 4977 1744 5027 intus
1755 4974 1865 5041 pesitus
1876 4982 1960 5037 essct,
1971 4974 2012 5026 so·

359 5031 489 5094 minibus,
499 5042 632 5114 meserat
643 5036 770 5102 primum.
801 5037 906 5094 Postea
916 5042 1019 5095 variari
1029 5047 1157 5110 caeptum
1210 5041 1424 5107 risvelerretur‚
1447 5043 1858 5111 sinefraudecssetimposita.
1895 5045 2010 5097 Aliasin

359 5102 483 5155 mixtura
494 5102 657 5155 remrcelori
668 5104 776 5167 ilerum,
787 5122 857 5174 quae
869 5111 989 5163 invicem
1001 5110 1102 5164 oderes
1114 5126 1159 5162 ce·
1210 5126 1261 5162 usu
1273 5111 1432 5177 promiscuo
1442 5129 1476 5164 ne
1488 5113 1611 5166 ludicrae
1623 5113 1734 5181 quidem
1747 5120 1836 5166 erant.

357 5172 487 5240 loresque
509 5170 684 5234 accenderet,
705 5174 836 5241 Sicyone,
857 5192 893 5230 ex
907 5179 1022 5247 ingenio
1039 5180 1158 5233 Pausiae
1245 5179 1291 5232 vt.
1310 5181 1464 5250 ingensque
1475 5189 1504 5234 et
1516 5183 1561 5235 hic
1571 5184 1715 5236 severitas.
1742 5183 1775 5235 1..
1785 5182 1901 5235 Fulvius
1911 5197 2011 5249 argen-

358 5242 476 5311 pictoris
487 5246 570 5308 atque
582 5238 721 5309 Glycerae
732 5249 908 5309 coronariae,
929 5249 1049 5302 dilectae
1059 5249 1156 5302 admo·
1209 5250 1314 5313 tarius,
1335 5251 1410 5304 bello
1422 5252 1526 5304 Punico
1541 5253 1678 5316 secundo,
1699 5267 1760 5305 cum
1778 5267 2009 5306 coronarosaeea

358 5311 423 5364 dum
435 5312 488 5375 illi,
509 5324 570 5362 eum
584 5322 669 5377 opera
680 5312 739 5362 eius
751 5313 861 5379 pictura
872 5317 1045 5381 imitaretur,
1065 5327 1093 5372 et
1104 5320 1158 5372 illa
1208 5319 1332 5373 interdiu
1349 5334 1364 5371 e
1380 5322 1496 5390 pergula
1512 5338 1564 5374 sua
1574 5323 1604 5374 in
1615 5322 1706 5375 torum
1718 5324 1898 5392 prospexisse
1909 5322 2009 5382 (licteus,

357 5395 512 5449 provocans
521 5382 650 5444 variaret,
660 5388 789 5450 essetque
800 5390 941 5436 cenantes
951 5387 1019 5438 artis
1031 5403 1065 5440 ac
1074 5397 1155 5440 natu·
1208 5405 1242 5442 cx
1254 5391 1421 5444 auctoritate
1431 5397 1543 5444 senatus
1554 5393 1582 5444 is
1594 5409 1734 5447 carcarem
1745 5394 2006 5454 abductus,nonan·

356 5464 419 5502 rae:
440 5450 536 5518 quales
549 5450 635 5503 etiarn
646 5466 718 5507 nunc
728 5456 840 5503 exstant
852 5453 969 5506 artificis
980 5456 1057 5508 illius
1068 5457 1156 5510 tabel-
1209 5465 1237 5512 te
1248 5460 1329 5512 linem
1340 5460 1408 5513 belli
1420 5462 1540 5514 emissus
1550 5470 1601 5515 est.
1612 5462 1642 5514 P.
1652 5464 1803 5525 Munatius,
1815 5477 1876 5515 cum
1887 5461 2005 5513 demtanr

355 5517 415 5581 lae,
436 5528 519 5588 atque
530 5520 663 5590 inprimis
679 5520 822 5589 appellata
832 5518 971 5588 Stephane
991 5525 1081 5588 iocos,
1102 5541 1156 5594 qua
1207 5528 1341 5598 Marsyae
1350 5545 1483 5584 corenam
1494 5531 1636 5589 essoribus
1651 5533 1738 5600 capiti
1753 5548 1806 5585 suo
1817 5531 2006 5598 imposuisset,

354 5586 445 5653 pinxit
461 5591 561 5659 ipram.
595 5589 682 5662 ldqne
701 5591 866 5647 factumest
883 5599 948 5661 post
986 5592 1155 5664 lympiadem
1206 5603 1293 5670 atque
1304 5600 1339 5655 eb
1349 5600 1378 5655 id
1389 5600 1454 5656 duel
1465 5617 1528 5657 eum
1537 5603 1567 5656 in
1579 5602 1691 5661 necue
1701 5601 1842 5656 ainmriri
1851 5600 2008 5653 inssiuent.
