4374 6014
292 313 298 319 ’
363 290 426 394 ela
479 328 512 391 C.
546 325 692 388 PLlNll
727 318 1126 384 SECUNDINATUM
1151 315 1329 379 HlSl'Oll.
1354 313 1439 374 cia.
1462 310 1655 373 xxxin.
1691 313 1786 375 CAP.
1812 316 1927 377 latr.

365 482 430 537 Non
442 477 512 534 enim
530 472 649 526 inveniri
663 471 691 523 in
708 477 839 533 terreno,
862 486 915 524 nec
925 469 977 522 nisi
989 472 1060 521 inter
1072 474 1168 522 cautes

367 551 503 606 creditum
516 543 615 599 iuerat.
651 542 774 594 Similins
790 556 855 593 reru
868 549 919 603 est,
942 541 1014 607 quod
1027 540 1100 592 idem
1114 540 1169 591 Xe·

368 624 498 675 socrates
509 614 605 674 tradit,
626 611 797 663 torrentibus
808 626 892 677 saepe
905 609 1056 677 deportari.
1086 608 1166 660 Sudi-

367 706 417 744 nes
428 700 494 740 vero
509 688 592 749 negat
610 681 665 731 nisi
678 680 713 733 ad
731 680 872 733 meridiem
890 681 1081 747 spectantibus
1097 678 1168 730 locis

369 757 458 813 nascit
477 751 549 821 quod
563 758 667 803 certum
680 756 735 802 cst:
747 766 801 801 non
813 750 885 802 enirn
897 751 1035 817 reperitur
1045 748 1073 799 in
1085 762 1170 816 aquo·

368 832 416 890 sis,
437 835 592 895 quanquam
605 820 632 871 in
643 821 758 887 regione
771 819 942 887 praegelida,
962 818 1007 870 vel
1017 818 1041 868 si
1052 816 1087 869 ad
1099 817 1169 869 »vada

368 909 455 964 usqua
472 891 630 960 glacientur
645 905 748 943 amnes.
786 890 907 940 Caelesti
924 888 1053 949 humore,
1074 901 1169 952 parva·

369 962 492 1034 quenive
506 960 535 1012 id
545 961 605 1012 iicri
618 975 729 1011 necesse
741 966 798 1012 est:
819 959 885 1010 ideo
897 958 1000 1011 caloris
1010 957 1168 1022 impatiens,

369 1050 425 1087 uon
435 1032 490 1084 nisi
502 1028 605 1099 frigido
618 1030 696 1096 potui
710 1029 856 1081 addicitur.
902 1030 996 1092 Quare
1007 1025 1169 1093 sexangulis

368 1109 501 1158 nascatur
510 1100 659 1161 lateribus,
681 1114 736 1150 non
747 1099 831 1151 facile
843 1098 916 1149 ratio
928 1097 1046 1149 investiri
1057 1102 1169 1163 potest:

369 1189 403 1228 eo
416 1174 506 1241 magis
517 1168 591 1238 quod
604 1184 691 1236 neque
703 1171 881 1220 mucronibus
894 1168 989 1221 eadem
998 1169 1104 1235 species
1116 1171 1168 1229 est,

370 1250 399 1299 et
409 1243 452 1295 itu
461 1240 606 1293 absolutus
617 1246 659 1292 est
672 1239 791 1292 laterum
801 1239 917 1304 laevor,
937 1244 970 1290 ut
980 1239 1058 1290 nulla
1067 1236 1095 1288 id
1108 1242 1169 1289 arte

369 1308 592 1381 possitnequari.

405 1382 440 1433 X.
458 1378 623 1447 Magnitudo
635 1378 803 1444 amplissima
818 1374 908 1428 adbuc
923 1377 983 1429 visa
1000 1375 1081 1428 nobis
1098 1380 1169 1438 erat,

369 1466 451 1520 quam
463 1451 490 1500 in
503 1448 643 1516 Capitolio
654 1447 865 1514 LiriaAugusta
876 1447 1024 1511 dicaverat,
1034 1446 1169 1497 librarum

370 1522 481 1572 circiter
495 1518 708 1585 quinquaginta·
736 1518 908 1570 Xenocrates
925 1520 1097 1578 auctorest,
1120 1529 1169 1565 ras

371 1586 534 1657 amphorale
552 1588 658 1637 visum:
689 1592 717 1639 et
736 1588 831 1655 aliqui,
852 1603 886 1639 ex
904 1587 982 1638 lndia
1006 1584 1168 1654 crystallum

371 1657 557 1713 sextariorum
569 1662 694 1722 quatuor.
740 1658 797 1709 Nos
808 1657 914 1724 liquido
925 1655 1063 1725 ,affirmare
1075 1668 1169 1721 possu-

370 1743 443 1791 mus,
465 1727 494 1778 in
505 1727 631 1777 cautibus
642 1725 752 1791 Alpium
764 1728 850 1789 nasci,
862 1733 944 1793 atqua
956 1725 1026 1777 adeo
1038 1725 1127 1784 inviis,
1138 1726 1170 1773 at

370 1797 533 1866 plerumque
547 1794 616 1847 lune
633 1794 784 1859 pendentes
800 1811 860 1847 cnm
874 1792 1028 1844 extrahant
1067 1793 1169 1845 Peritis

369 1868 452 1935 sigua
462 1871 490 1918 et
501 1862 606 1915 indicia
616 1869 684 1913 nota
699 1867 772 1912 sunt.
808 1860 979 1913 lnfestantur
990 1858 1119 1925 plurimis
1130 1856 1169 1907 vi-

370 1937 431 1988 tiis:
450 1930 550 1984 scabro
561 1930 723 1992 ferrumine,
741 1929 881 1981 maculosa
893 1930 972 1990 nube,
994 1927 1106 1977 occulta
1118 1925 1168 1974 ali-

371 2002 559 2074 quavomica,
581 1999 719 2066 praeduro
739 1997 886 2065 fragilique
904 2005 1013 2048 centro:
1033 1999 1099 2046 item
1112 1994 1170 2045 sale

340 2120 351 2141 ,
371 2071 522 2141 appellato.
559 2070 610 2121 Est
628 2067 736 2120 etrula
752 2068 891 2133 aliquibus
907 2066 1019 2132 rubigo:
1042 2064 1106 2115 aliis
1123 2079 1168 2114 ca·

371 2143 562 2212 pillamentum
580 2138 668 2189 rimae
683 2135 784 2188 simile.
820 2137 882 2187 lloc
897 2135 1017 2187 artiiices
1028 2133 1171 2185 caelatura

372 2210 524 2266 occultant.
560 2208 638 2270 Quae
659 2221 726 2258 vero
746 2206 805 2257 sine
825 2205 893 2256 citio
914 2211 988 2264 sunt,
1009 2218 1093 2270 puras
1111 2218 1171 2254 esse

371 2283 494 2341 rraaiunt,
512 2283 640 2330 acenteta
659 2274 840 2343 appellantes,
863 2290 912 2325 nec
931 2288 1045 2340 spumae
1065 2273 1171 2334 colore,

373 2351 422 2404 sed
432 2346 564 2415 limpidae
575 2361 671 2413 aquae.
710 2346 855 2397 Postremo
866 2347 1018 2395 auctoritas
1031 2346 1058 2393 in
1069 2341 1171 2410 ponde·

373 2436 404 2474 re
417 2426 469 2472 est.
506 2416 620 2467 lnreuio
632 2415 768 2477 medicos,
791 2429 861 2482 quae
876 2421 940 2465 sunt
957 2413 1062 2465 urenda
1076 2425 1173 2478 corpo·

372 2504 445 2551 rum,
458 2504 512 2538 non
525 2486 610 2537 aliter
619 2485 713 2536 utilius
724 2486 753 2535 id
766 2486 826 2537 lieri
839 2492 945 2550 putare,
963 2498 1043 2550 quam
1056 2480 1173 2550 crystal-

373 2559 434 2611 lina
446 2557 505 2624 pila
518 2554 642 2607 adversis
657 2554 749 2621 posita
766 2554 840 2606 Solis
855 2555 950 2605 radiis.
986 2554 1064 2605 Alius
1075 2551 1120 2603 bie
1131 2549 1173 2601 ia·

373 2642 432 2689 ror,
452 2628 480 2677 H
493 2657 502 2667 ·
513 2624 540 2676 S.
561 2624 615 2675 cl..
628 2626 666 2675 Μ.
680 2624 791 2674 trullam
812 2639 895 2674 unam
917 2639 970 2674 non
988 2630 1055 2675 ante
1068 2620 1172 2672 multos

375 2710 462 2750 annos
475 2700 624 2745 mercatam
637 2693 885 2755 amatreiamilias,
904 2708 954 2744 nec
964 2692 1059 2745 divite.
1097 2690 1172 2742 ldcm

374 2766 450 2820 Nero
462 2765 624 2829 amissarum
636 2778 725 2814 rerum
737 2763 833 2813 nuntio
845 2769 968 2828 accepto,
991 2762 1060 2813 duos
1072 2760 1173 2813 calices

375 2834 556 2903 crystallinos
566 2833 595 2883 in
605 2847 734 2898 suprema
748 2832 788 2883 ira
799 2832 884 2900 fregit
895 2832 993 2883 illisos.
1031 2832 1110 2882 Haec
1121 2829 1173 2880 suit

373 2906 448 2958 ratio
461 2902 584 2954 seculum
604 2916 684 2952 suum
700 2902 848 2967 punientis,
869 2917 903 2953 ne
914 2902 975 2967 quis
990 2899 1062 2951 alius
1078 2915 1112 2951 ex
1130 2897 1173 2949 his

376 2974 492 3028 oiberet.
511 2972 681 3037 Fragmenta
692 2971 788 3022 sarciri
799 2969 876 3020 nullo
887 2970 970 3022 modo
981 2976 1094 3038 queunt.
1122 2966 1173 3018 Mi·

373 3043 458 3097 read
477 3038 689 3091 similitudinem
712 3054 853 3092 accessere
868 3040 967 3101 citrea,
986 3037 1036 3090 sed
1052 3036 1173 3105 prodigii

373 3110 470 3172 modo,
492 3113 524 3159 ut
535 3123 614 3160 suurn
632 3110 752 3174 pretium
770 3109 899 3161 auxerint
911 3106 1050 3177 crystalli,
1070 3122 1125 3159 nou
1135 3106 1174 3158 di·

374 3176 535 3232 minuerint.
1141 3172 1147 3182 ‘

409 3245 492 3300 xil.
511 3246 672 3300 Proximum
692 3245 783 3298 iocum
805 3247 834 3298 in
856 3244 978 3309 deliciis,
1008 3244 1174 3297 feminarum

374 3328 467 3372 tamen
479 3317 568 3370 adhuc
579 3324 695 3378 tantum,
716 3316 828 3369 sirccina
839 3316 982 3367 obtinent:
1004 3313 1174 3383 eandemque

375 3389 469 3443 omnia
479 3386 555 3449 haec,
567 3402 647 3454 quam
661 3401 797 3454 gemmae,
813 3387 1019 3446 arrctoritatem,
1040 3400 1173 3436 sanema-

375 3458 463 3510 inrem
475 3458 615 3524 aliquibus
635 3455 670 3508 de
690 3457 780 3508 causis
803 3455 970 3521 crystallina
985 3461 1013 3507 et
1024 3453 1174 3515 marchisa,

375 3528 459 3593 rigidi
470 3534 552 3593 potus
563 3534 691 3594 utraque.
715 3524 746 3575 ln
757 3524 877 3576 succinis
889 3540 1000 3577 causam
1012 3540 1046 3576 ne
1057 3524 1175 3575 deliciae

395 3597 486 3645 uidem
497 3594 589 3646 adbuc
607 3594 846 3662 excogitaverunt.
883 3596 1000 3646 Occasio
1015 3601 1057 3646 est
1069 3594 1175 3644 vanitas

388 3674 548 3712 scaccorum
558 3662 732 3730 diligentiae.
768 3664 906 3729 lsegentes
922 3664 1005 3714 modo
1016 3678 1104 3729 aeque
1114 3676 1174 3728 per·

376 3729 520 3794 patiuntur
529 3743 573 3777 me
584 3730 619 3779 de
630 3738 694 3783 ortu
707 3747 811 3792 eorum,
833 3748 893 3784 cum
907 3732 960 3782 hoc
970 3747 1078 3798 quoque
1090 3732 1174 3781 inter·

376 3799 415 3847 sit
426 3795 514 3858 vitae,
536 3794 609 3846 scire
626 3804 753 3859 posteros
765 3799 896 3865 quidquid
913 3802 953 3851 illi
965 3801 1114 3865 prodidere
1125 3801 1174 3850 ml·

375 3865 502 3917 randum.
540 3862 723 3915 Phaethontis
736 3864 850 3919 lutariae
863 3870 911 3920 icti
922 3883 1033 3919 sorores
1046 3867 1110 3919 lietu
1119 3883 1175 3919 mu·

375 3942 451 3987 tatas
464 3933 491 3983 in
505 3932 622 3985 arbores
633 3932 760 3999 populns,
771 3933 894 3987 lacrimis
905 3937 1037 3988 electrum
1048 3937 1174 3989 omnibus

376 4004 454 4057 annis
467 4000 583 4055 sundere
594 4002 672 4054 iuxta
682 4002 830 4055 Eridanum
844 4019 961 4069 amnem,
977 4021 1056 4073 quern
1069 4008 1173 4061 Padum

375 4086 518 4126 vocamuss
540 4080 568 4125 et
580 4072 713 4124 electrum
726 4073 905 4140 appeliatum,
926 4077 1057 4140 quoniam
1069 4064 1117 4129 sal
1128 4092 1175 4128 vo·

376 4146 480 4196 citatus
491 4142 530 4192 sit
541 4142 664 4204 Elector,
674 4142 786 4211 plurimi
800 4146 900 4212 poetae
911 4144 1014 4208 dixere,
1027 4146 1173 4215 primique,

375 4220 407 4264 ut
418 4212 550 4273 arbitror,
570 4211 732 4279 Aeschylus,
743 4211 920 4276 Philoxenus,
931 4213 1076 4276 Nicander,
1095 4219 1175 4267 Euri·

375 4282 466 4352 pides,
478 4281 604 4349 Satyrus.
642 4282 723 4342 Quod
735 4298 796 4335 esse
806 4283 916 4346 falsum,
939 4283 1036 4336 ltaliae
1047 4285 1173 4337 testimo-

375 4352 422 4402 nio
434 4358 520 4417 patet.
556 4348 757 4419 Diligentiores
773 4368 878 4417 eorum,
899 4353 1055 4406 Electridas
1069 4353 1174 4404 insulas

376 4422 404 4469 in
417 4420 487 4469 marl
496 4418 637 4470 Adriatico
649 4436 709 4473 esse
720 4421 857 4484 dixerunt,
878 4423 993 4491 adquae
1006 4422 1176 4476 dilaberetur

375 4486 477 4539 Padus.
514 4489 576 4551 Qua
587 4490 776 4554 appellatione
793 4493 882 4544 nullas
899 4509 1018 4561 unquam
1031 4494 1070 4544 ibi
1081 4492 1176 4554 luisse,

376 4562 484 4608 certum
495 4564 551 4607 est:
563 4573 614 4609 nec
625 4572 691 4609 vero
703 4561 775 4610 ullus
786 4562 824 4613 ibi
834 4564 977 4628 appositas
989 4578 1059 4627 esse,
1070 4563 1097 4613 in
1108 4576 1175 4629 quas

378 4624 526 4692 quidquam
538 4640 619 4677 cursu
629 4625 698 4678 Padi
714 4627 810 4681 derebi
823 4631 918 4696 possit.
955 4632 1026 4684 Nam
1038 4632 1112 4700 quod
1123 4634 1175 4683 Ae·

377 4691 491 4759 schyius
504 4696 532 4744 in
544 4694 649 4759 iberis,
674 4694 726 4747 hoe
740 4702 791 4759 est,
812 4699 839 4757 in
850 4700 1003 4765 Hispania,
1023 4701 1175 4754 Eridanum

378 4777 441 4815 esse
455 4762 535 4823 dixit,
555 4764 726 4831 eundemque
737 4765 872 4832 appellari
884 4767 1055 4833 Rhodanum,
1066 4770 1177 4836 Euripi·

378 4832 428 4882 des
438 4845 544 4893 rursus,
553 4838 582 4883 et
593 4834 757 4899 Apollonius
769 4836 797 4887 in
809 4835 951 4889 Adriatico
963 4839 1047 4890 litore
1058 4837 1178 4892 conflue·

376 4915 408 4953 re
433 4898 595 4951 Rhodanum
618 4911 648 4954 et
668 4903 783 4967 Padum,
803 4904 958 4958 faciliorem
978 4907 1087 4960 veniam
1107 4908 1177 4960 iacit

375 4970 497 5037 ignorati
508 4969 628 5033 succini,
650 4972 677 5022 in
696 4979 774 5025 tanta
785 4974 860 5025 orbis
872 4977 1038 5042 ignorantia.
1077 4977 1176 5030 Modo·

377 5040 498 5103 stiores,
521 5037 569 5089 sed
587 5054 675 5107 aeque
695 5040 805 5105 laisum,
819 5044 974 5109 prodidere,
997 5046 1025 5096 in
1047 5047 1177 5098 extremis

376 5108 512 5161 Adriatici
534 5107 610 5159 sinus
630 5110 744 5175 rupibus
765 5113 847 5164 inviis
868 5114 981 5168 arbores
1002 5123 1086 5176 stare,
1102 5131 1178 5183 quae

378 5180 461 5231 canis
478 5185 539 5230 ortu
555 5175 607 5229 hoc
630 5178 804 5233 effunderent
820 5186 931 5248 gumini.
966 5182 1178 5252 Theophrastus

373 5248 534 5316 inLiguria
551 5246 637 5298 elladi
655 5245 733 5299 dixit.
770 5248 873 5304 Chares
887 5268 954 5307 vero
978 5252 1177 5306 Phaethontem

377 5319 406 5367 in
429 5316 578 5384 Aethiopia
600 5317 766 5368 Hammonis
787 5319 901 5374 obiisse:
923 5324 959 5376 ab
982 5324 1011 5375 ld
1032 5323 1175 5376 delubrum

330 5432 338 5440 .
376 5385 415 5436 ibi
426 5403 487 5440 esse
498 5395 582 5457 atque
595 5386 750 5449 oraculum,
767 5388 954 5460 electrumque
966 5393 1051 5461 gigni.
1087 5392 1178 5445 Phile·

375 5469 440 5506 nron
456 5456 554 5510 fossile
572 5472 653 5518 esse,
673 5463 703 5507 et
720 5458 748 5509 in
763 5454 877 5525 Scythia
895 5465 955 5514 erui
971 5461 1078 5515 duobus
1089 5462 1177 5516 iocis:

378 5524 521 5579 candidum
534 5536 619 5594 atque
637 5527 713 5579 cerei
731 5526 855 5592 coloris,
895 5531 950 5581 uod
962 5539 1109 5583 vocaretur
1120 5531 1178 5582 ele-

382 5599 478 5644 ·trum:
496 5595 524 5646 in
535 5596 591 5647 allo
602 5596 665 5651 luco
676 5594 781 5649 fuirum
793 5631 803 5660 ‚
823 5546 897 5665 quod
910 5599 1102 5666 appellaretur
1111 5600 1177 5653 sub·

1222 466 1415 521 alternicum.”
1450 465 1646 517 Demostratus
1663 464 1813 533 lyncurion
1832 465 1861 518 id
1877 474 1970 531 vocat,
1993 474 2026 522 et

1222 539 1281 589 lieri
1295 552 1329 588 ex
1341 537 1424 589 urina
1435 534 1546 603 lyncum
1565 535 1733 598 bestiarum,
1753 551 1768 586 a
1781 535 1905 587 maribus
1917 538 2026 590 irrisum

1222 615 1250 661 et
1271 608 1390 674 igneum,
1412 622 1427 657 e
1448 604 1559 656 leminis
1578 603 1738 671 languidius
1759 612 1843 673 atque
1865 608 2024 659 candidum.

1220 677 1274 729 Alii
1286 677 1382 729 dixere
1394 675 1567 740 langurium,
1588 679 1615 724 et
1628 689 1688 725 csse
1700 673 1727 722 in
1740 674 1822 725 ltalia
1841 675 1947 729 bestias
1959 677 2026 728 lan-

1222 747 1325 813 gurias.
1360 742 1538 796 Zenothemis
1550 743 1647 809 langas
1663 750 1742 793 vocat
1757 744 1883 807 easdem,
1905 753 1935 798 et
1946 747 2027 799 circa

1221 817 1325 867 Padum
1342 815 1378 865 iis
1394 816 1479 864 ritam
1502 816 1633 879 assignat.
1677 811 1793 864 Sudines
1809 814 1935 866 arborem
1951 830 2027 883 quae

1221 888 1319 954 gignat
1330 885 1358 934 in
1371 883 1497 950 Liguria.
1535 882 1563 932 ln
1577 880 1672 931 eadem
1688 883 1828 933 sententia
1840 890 1866 935 et
1877 884 2027 937 Metrodo-

1220 971 1267 1007 rus
1279 955 1339 1005 luit.
1376 953 1494 1005 Sotacus
1506 950 1626 1002 credidit
1637 951 1665 1001 in
1676 949 1823 1001 Britannia
1832 954 1919 1019 petris
1932 955 2027 1006 elllue·

1222 1041 1261 1086 re,
1284 1039 1351 1090 quas
1363 1020 1512 1075 electridas
1524 1027 1613 1071 vocat.
1633 1017 1757 1086 Pytheas
1769 1021 1941 1073 Guttonibus
1954 1022 2024 1075 Ger·

1222 1097 1330 1146 uraniae
1349 1096 1426 1160 genti
1448 1092 1536 1145 accoli
1559 1090 1729 1141 aestuarium
1742 1091 1856 1159 Oceani,
1877 1091 2024 1143 Mentano-

1222 1180 1284 1215 mon
1299 1163 1417 1223 nonrine,
1436 1162 1528 1228 spatio
1541 1158 1693 1210 stadiorum
1706 1174 1753 1211 sex
1767 1160 1902 1211 millium:
1926 1161 1961 1212 ab
1971 1159 2024 1212 hoc

1223 1232 1277 1284 diei
1290 1232 1466 1299 navigatione
1479 1230 1597 1280 insulam
1609 1229 1708 1280 abesse
1720 1230 1850 1281 Abalum:
1880 1229 1948 1281 illuc
1959 1244 2022 1284 rere

1222 1301 1351 1354 fluctibus
1362 1299 1471 1362 advehi,
1494 1307 1521 1351 ct
1538 1314 1599 1351 esse
1611 1300 1736 1351 concreti
1750 1300 1838 1351 maris
1854 1313 2022 1367 purgamen·

1221 1380 1293 1426 tum:
1311 1373 1417 1423 incolas
1427 1385 1477 1436 pro
1489 1369 1566 1437 ligno
1579 1368 1615 1419 ad
1627 1371 1718 1437 ignem
1725 1367 1767 1420 uti
1779 1384 1821 1432 eo,
1834 1370 2023 1437 proxinrisque

1223 1442 1358 1496 Teutonis
1377 1439 1505 1493 vendere.
1540 1439 1615 1490 Huic
1632 1439 1804 1491 etTimaeus
1816 1439 1953 1501 credidit,
1975 1439 2021 1491 scd

1221 1512 1342 1564 insulani
1360 1509 1493 1562 Basiliam
1511 1508 1630 1561 vocavit.
1667 1507 1811 1560 Philemon
1830 1509 1870 1560 ait
1884 1508 2020 1560 tlummam

1221 1582 1257 1634 ab
1268 1581 1373 1633 electro
1384 1579 1469 1632 reddi.
1511 1579 1605 1631 Nicias
1616 1577 1691 1630 Solis
1703 1578 1844 1630 radiorum
1856 1592 1969 1630 succum
1981 1579 2021 1630 in·

1220 1652 1313 1719 telligi
1324 1652 1419 1702 voluit.
1456 1649 1518 1699 Hos
1534 1649 1607 1700 eirca
1623 1662 1754 1699 occasum
1771 1649 1861 1699 credit
1876 1647 2020 1700 vehemen-

1222 1723 1309 1772 tiores
1320 1723 1347 1771 in
1359 1727 1462 1770 terram
1474 1723 1561 1780 actos,
1576 1720 1705 1785 pinguem
1718 1716 1848 1770 sudorem
1859 1718 1888 1768 in
1900 1733 1934 1770 ea
1942 1725 2022 1784 parte

1223 1791 1327 1842 Oceani
1339 1790 1514 1856 relinquere,
1538 1787 1640 1840 deinde
1656 1788 1811 1840 aestatibus
1828 1788 1856 1839 in
1870 1788 2023 1841 Germano·

1222 1876 1282 1907 rum
1295 1859 1381 1910 litora
1392 1859 1465 1909 eiici.
1501 1859 1538 1909 Et
1553 1856 1580 1907 in
1592 1859 1719 1924 Aegypto
1736 1859 1811 1909 nasci
1824 1859 1910 1910 simili
1930 1858 2022 1919 niodo,

1223 1934 1252 1977 et
1263 1924 1355 1975 vocari
1368 1926 1459 1977 sacal:
1479 1929 1545 1978 item
1557 1926 1585 1977 in
1597 1927 1686 1989 ladio,
1697 1929 1856 1995 gratiusque
1868 1925 1948 1978 thure
1959 1941 2023 1978 esse

1222 1994 1307 2045 lndis.
1354 1993 1386 2044 ln
1399 1992 1482 2060 Syria
1493 2010 1601 2061 quoquc
1612 1996 1729 2048 feminas
1742 1995 1893 2048 verticillos
1905 1994 1970 2046 inde
1983 1995 2024 2047 fa·

1223 2078 1299 2114 cere:
1328 2069 1357 2114 et
1366 2077 1467 2113 vocare
1479 2062 1621 2130 harpaga,
1643 2067 1706 2133 quia
1717 2065 1787 2118 folia
1797 2072 1825 2118 et
1834 2064 1930 2132 paleas
1939 2065 2023 2116 vesti·

1223 2147 1323 2198 umque
1344 2132 1467 2182 lirrrbrias
1491 2132 1593 2198 rapiat.
1635 2134 1843 2185 Tbeocbrestus
1864 2136 1975 2187 Oceano
1994 2133 2023 2185 id

1223 2208 1405 2255 exaestuante
1417 2201 1451 2252 ad
1465 2200 1601 2268 Pyrenaei
1613 2201 1803 2267 promontoria
1813 2202 1888 2255 elici:
1911 2203 1984 2270 quod
1996 2209 2024 2254 et

1223 2274 1396 2324 Xenocrates
1414 2269 1548 2334 credidit,
1569 2272 1616 2338 qui
1633 2273 1667 2323 da
1682 2271 1718 2322 iis
1733 2274 1893 2339 nuperrime
1904 2274 2023 2341 scripsit.

1223 2341 1299 2393 Vivit
1311 2339 1402 2393 udlruc
1412 2341 1560 2402 Asarubas,
1579 2343 1624 2406 qui
1638 2340 1752 2392 tradidit
1762 2342 1841 2392 iuxta
1851 2341 2024 2394 Atlanticum

1224 2427 1301 2464 mare
1322 2425 1382 2463 csse
1402 2408 1493 2460 lacum
1515 2408 1687 2476 Cephisiada,
1706 2424 1785 2476 quem
1806 2409 1899 2461 Mauri
1920 2418 2025 2464 vocant

1225 2482 1375 2532 Electrum.
1422 2480 1504 2531 Hunc
1514 2479 1579 2532 Sole
1591 2479 1774 2532 excalfactum
1786 2495 1800 2531 e
1810 2479 1877 2531 limo
1890 2477 1958 2532 dare
1969 2480 2025 2534 cle·
2092 2514 2101 2533 .

1225 2558 1313 2602 etrum
1334 2548 1454 2601 lluitans.
1493 2547 1621 2601 Mnaseas
1641 2549 1751 2602 Africae
1765 2550 1857 2602 locum
1873 2547 2023 2617 Sicyonem

1228 2620 1369 2688 appellat,
1391 2624 1418 2671 et
1429 2618 1545 2672 Crathin
1557 2635 1664 2671 amnem
1675 2620 1703 2672 in
1714 2620 1853 2672 Oceanum
1865 2619 2023 2671 effluentem

1227 2690 1324 2753 elacu,
1345 2690 1372 2740 in
1384 2703 1437 2755 quo
1451 2704 1529 2753 aves,
1548 2705 1617 2757 quas
1628 2689 1816 2757 Meleagridas
1828 2695 1856 2742 et
1869 2689 2023 2757 Penelopes

1225 2766 1320 2811 vacat:
1344 2766 1372 2811 et
1383 2774 1447 2810 vere
1460 2759 1497 2808 ibi
1510 2762 1598 2821 nasci,
1618 2761 1730 2812 ratione
1741 2759 1852 2821 eadem,
1875 2774 1929 2827 qua
1941 2772 2023 2826 supra

1226 2828 1329 2881 dlctum
1342 2835 1383 2880 est
1395 2829 1429 2880 de
1441 2829 1584 2882 Electride
1596 2829 1668 2881 lacu.
1678 2829 1861 2892 Theomenes,
1873 2829 2022 2897 iuxtaSyr·

1225 2899 1275 2949 tini
1300 2913 1428 2967 magnam
1450 2896 1561 2950 bortum
1578 2900 1764 2968 Hesperidum
1783 2915 1852 2961 esse,
1875 2908 1908 2949 ex
1925 2913 1979 2965 quo
1994 2897 2022 2948 ia

1226 2975 1353 3036 stagnum
1366 2967 1556 3035 cadatcolligi
1569 2984 1635 3019 nero
1647 2970 1823 3037 arirginibus
1831 2967 2021 3035 Hesperidum.

1227 3039 1335 3089 Ctesias
1345 3036 1421 3087 lndis
1432 3036 1534 3087 llumcn
1546 3052 1607 3088 esse
1617 3038 1811 3105 Hypobarum,
1823 3052 1876 3103 quo
1888 3036 2022 3088 vocabulo

1226 3107 1397 3175 significetur
1406 3107 1500 3159 omnia
1511 3108 1537 3157 in
1550 3123 1579 3159 se
1591 3106 1666 3159 ferre
1677 3107 1763 3159 bona:
1777 3107 1862 3160 liuere
1871 3120 1888 3156 a
1898 3104 2021 3171 Septem·

1226 3179 1318 3229 trione
1338 3178 1367 3228 in
1389 3177 1541 3227 exortivum
1555 3178 1696 3228 Oceanum
1716 3177 1929 3228 iuxtanrontem
1942 3174 2023 3225 silve·

1226 3255 1311 3299 strem
1328 3245 1475 3297 arboribus
1491 3245 1622 3296 electrum
1635 3243 1801 3298 terentibus.
1837 3244 1957 3296 Arbores
1976 3256 2022 3295 aas

1227 3314 1401 3383 siptachorns
1425 3317 1532 3380 vocari,
1561 3325 1615 3381 qua
1638 3315 1829 3382 appellatione
1851 3313 2023 3382 siguiilcctur

1228 3386 1387 3452 praedr·¹cis
1403 3386 1536 3435 suauitas.
1573 3384 1755 3437 Mithridates
1773 3385 1801 3434 in
1814 3382 1982 3436 Germaniae
1993 3380 2024 3432 li·

1227 3456 1334 3507 toribus
1346 3470 1406 3506 csse
1417 3455 1545 3516 insulam,
1565 3454 1657 3505 vocari
1679 3470 1713 3505 ue
1725 3470 1786 3507 earn
1798 3453 1961 3513 Oserictam,
1978 3466 2022 3503 ce·

1227 3525 1268 3576 dri
1280 3539 1382 3592 genere
1392 3524 1539 3575 silvosam:
1550 3522 1615 3576 inde
1626 3471 1748 3576 dehuere
1758 3523 1787 3573 in
1799 3528 1904 3590 petras.
1930 3523 2022 3572 Xeno·

1228 3602 1317 3644 crates
1328 3609 1382 3645 non
1393 3594 1535 3644 succinum
1546 3599 1656 3644 tantum
1671 3593 1699 3644 in
1711 3593 1805 3653 ltalia,
1825 3606 1920 3642 rerum
1940 3590 2023 3642 etiarn

1227 3663 1314 3730 thyon
1325 3663 1428 3724 vocari,
1437 3678 1453 3715 a
1463 3661 1574 3730 Scythis
1585 3677 1650 3714 rcro
1662 3664 1791 3722 sacrium,
1803 3662 1934 3727 quoniam
1946 3666 1975 3711 et
1986 3657 2024 3710 ibi

1227 3739 1366 3784 nascatur.
1403 3733 1479 3784 Alios
1502 3738 1599 3799 putare
1620 3734 1646 3783 in
1663 3729 1792 3783 Numidia
1812 3729 1897 3796 gigni.
1934 3728 2026 3794 Super

1228 3816 1323 3853 omncs
1335 3808 1377 3853 est
1387 3800 1539 3869 Sophocles
1552 3803 1671 3869 tragicus
1690 3806 1786 3866 poeta,
1810 3797 1882 3864 quod
1895 3796 2026 3863 equidem

1228 3870 1314 3922 miror
1334 3878 1414 3922 tanta
1434 3872 1572 3940 gravitate
1593 3869 1728 3930 cothurni,
1751 3866 2027 3932 etpraetereavitae

1227 3940 1310 4002 lania,
1331 3939 1399 4061 alix
1410 3942 1536 4007 principe
1547 3942 1608 3992 loco
1620 3937 1728 4007 genitus
1740 3934 1863 3999 Athenis,
1879 3935 1964 3987 rebus
1977 3950 2025 4018 ge·
2071 3994 2085 4001 ·

1226 4010 1293 4072 stis,
1314 4024 1364 4061 exe
1399 4010 1439 4060 itu
1452 4010 1546 4062 ducto.
1582 4011 1637 4061 Hic
1648 4005 1836 4059 ultralndiarn
1853 4004 2025 4075 heridixrte

1227 4079 1556 4162 lacrimisMcleagridum
1570 4081 1660 4130 avium
1669 4077 1843 4143 Meleagrum
1854 4073 2023 4126 dedentium.

1227 4149 1308 4211 Quod
1320 4156 1348 4202 et
1360 4150 1513 4202 credidrsse
1525 4164 1595 4211 cunr,
1610 4149 1652 4202 vel
1663 4161 1791 4215 sperasse
1802 4144 1867 4196 aliis
1879 4144 2024 4210 persuade·

1226 4220 1250 4269 ri
1264 4235 1353 4286 posse,
1375 4222 1435 4286 quis
1448 4236 1502 4270 non
1514 4217 1650 4270 miretur!
1668 4231 1784 4284 quamne
1802 4213 1951 4281 pueritiam
1968 4220 2023 4265 tam

1227 4290 1386 4355 imperitam
1410 4304 1491 4355 pesse
1507 4289 1635 4354 reperiri,
1655 4302 1727 4355 quae
1741 4285 1830 4336 arium
1843 4284 1969 4349 ploratus
1980 4298 2025 4333 an·

1228 4373 1298 4408 nuos
1319 4358 1425 4417 credat,
1449 4358 1614 4410 lacrimasve
1633 4362 1691 4407 tam
1712 4353 1849 4423 grandes,
1869 4366 1985 4419 avesque
2008 4368 2024 4401 e

1228 4426 1356 4489 Graecia,
1363 4426 1561 4493 ubiMeleager
1572 4426 1662 4494 periit,
1676 4427 1817 4493 ploratum
1828 4422 1884 4473 isse
1894 4417 2023 4472 inlndosl

1228 4495 1300 4560 Quid
1312 4510 1342 4547 er
1362 4495 1395 4545 ol
1416 4511 1469 4545 nnn
1483 4498 1568 4547 multa
1581 4511 1669 4563 seque
1688 4495 1819 4548 fabulosa
1829 4490 1948 4558 produnt
1960 4502 2022 4555 poe·
2050 4552 2053 4559 γ

1227 4564 1292 4615 tae!
1305 4512 1360 4615 Sed
1369 4562 1422 4615 boc
1433 4580 1465 4616 ea
1477 4566 1504 4615 in
1517 4579 1634 4630 requae
1645 4565 1770 4631 quotidie
1781 4561 2024 4624 inveniaturatque

1227 4633 1357 4695 abundet,
1378 4640 1406 4683 at
1425 4632 1477 4685 boc
1498 4633 1670 4685 mendacium
1683 4637 1833 4701 coarguat,
1855 4632 2022 4696 serioquen·

1228 4717 1309 4769 quam
1322 4703 1434 4765 dixisse,
1444 4719 1552 4754 summa
1563 4700 1705 4754 bominum
1719 4698 1872 4753 contemtio
1885 4703 1936 4760 est,
1948 4705 1977 4750 et
1987 4696 2024 4746 in·

1227 4772 1375 4825 toleranda
1388 4772 1590 4823 mendaciorum
1603 4772 1763 4838 impunitas.

1262 4843 1288 4894 2.
1308 4844 1421 4894 Certum
1446 4848 1489 4893 est
1510 4841 1586 4908 gigni
1613 4841 1642 4891 in
1664 4836 1763 4891 insulis
1783 4833 2024 4902 Septemtrloaalis

1229 4912 1342 4971 Oceani,
1362 4915 1390 4963 et
1402 4925 1419 4960 a
1430 4909 1578 4962 Gernranis
1589 4907 1727 4977 appellari
1737 4905 1872 4975 glessum:
1893 4905 1989 4973 itaque
1999 4910 2026 4956 et

1229 4997 1246 5032 a
1256 4981 1358 5033 nostris
1380 4994 1461 5029 unam
1484 4979 1637 5030 insularum
1654 4978 1689 5027 ob
1704 4975 1734 5027 id
1748 4972 1922 5025 Glessariam
1937 4972 2028 5042 appel·

1228 5052 1322 5113 latam,
1344 5048 1510 5100 Germanico
1521 5050 1640 5099 Caesare
1661 5045 1701 5097 ibi
1713 5044 1851 5097 classibus
1863 5058 1921 5095 rem
1934 5057 2027 5111 geren·
2073 5090 2078 5095 .

1230 5127 1267 5184 te,
1287 5118 1463 5171 Austrariam
1475 5133 1492 5168 a
1502 5118 1629 5168 barbaris
1641 5115 1755 5167 dictam.
1793 5111 1924 5164 Nascitur
1935 5118 2027 5163 autem
2068 5148 2074 5159 .

1229 5190 1365 5242 defluente
1378 5185 1501 5239 medulla
1513 5186 1585 5251 pinei
1601 5184 1712 5252 generis
1724 5182 1887 5245 arboribus,
1911 5187 1940 5232 ut
1950 5194 2028 5249 gurim

1229 5260 1266 5310 mi
1278 5259 1304 5309 in
1317 5258 1456 5319 cerasis,r
1490 5255 1497 5264 ’
1666 5250 2027 5322 Erunrpithumorisalrua·

1229 5327 1337 5379 dantia:
1350 5328 1426 5379 denar
1682 5340 1747 5377 rore
1759 5326 1855 5376 autum

1229 5398 1413 5449 intumescens
1711 5394 1795 5469 aulis,
1816 5404 1854 5442 cer

1228 5466 1387 5532 expellitur,
1407 5467 1416 5514 i
1722 5458 1854 5517 lereride

1228 5533 1412 5587 considerata
1748 5543 1854 5585 mecum

1227 5607 1317 5656 nostrl
1339 5601 1415 5655 credi
1766 5597 1854 5671 appell
