4340 6018
343 290 386 348 9⁰
476 283 510 344 0.
555 279 699 343 PLlNll
743 277 945 340 SECUNDI
986 275 1150 339 NATUR
1193 274 1381 337 tristor.
1424 274 1586 337 Libit.
1630 272 1860 338 canat-ao.

345 432 509 501 ramspatio
522 430 786 500 praenavigarerint.
821 427 923 490 insula,
933 441 1004 495 quae
1014 424 1090 478 Solis
1099 441 1146 493 ap·
1198 424 1385 489 derernhaee,
1406 423 1597 478 Celebuthras.
1632 424 1711 479 Alius
1720 424 1821 477 utilior
1830 433 1925 494 portus
1937 442 2000 495 gen·

345 505 476 573 pellatur,
496 511 523 556 et
540 501 635 555 eadem
653 498 740 548 cubile
756 494 961 563 Nympharum,
983 496 1097 559 rubens,
1117 497 1145 546 in
1198 494 1413 558 tisNecanidtln,
1435 493 1733 562 quivocaturBarace.
1769 495 1811 547 lbi
1821 504 1921 564 regnat
1933 498 2015 561 ran,

348 589 403 642 qua
422 574 525 624 nullum
543 587 596 622 oon
610 566 710 620 animal
726 565 893 627 absumitur,
913 565 1026 616 incertis
1047 566 1146 616 causis.
1198 565 1279 628 dion,
1301 564 1383 632 longe
1394 567 1428 617 ab
1439 564 1563 630 emporio
1574 558 1779 617 mediterraneo
1792 563 1913 618 distante
1924 571 2001 634 oppi-

348 645 476 709 Origene
488 658 494 691 :
514 638 614 690 flsnren
627 635 787 686 Carmaniae
799 634 929 701 Hytanis,
942 642 1103 700 portuosum
1118 640 1147 686 et
1199 634 1249 696 do,
1259 634 1333 702 qaod
1344 638 1461 685 vocatur
1471 632 1599 684 Medusa.
1634 633 1839 700 Regiuautem,
1850 636 1950 703 exque
1961 638 2001 702 pi·

346 726 415 764 aaro
428 710 528 763 fertile.
555 708 638 758 Abeo
650 707 768 769 primum
780 706 991 768 septemtriones
1003 704 1145 769 apparuis-
1198 719 1249 771 per
1259 702 1418 771 monoxylis
1429 702 1558 755 lintribus
1569 702 1694 754 Baracen
1705 701 1873 768 convehunt,
1884 714 2001 757 vocatur

346 798 377 835 sc
387 781 565 833 adnotavere.
599 775 745 825 Arcturum
759 787 808 824 nec
818 772 944 822 omnihus
963 774 1038 823 cerni
1059 772 1147 823 nocti·
1199 776 1351 826 Cottonara
1361 791 1367 822 ι
1379 787 1450 840 qnae
1459 772 1552 822 omnia
1563 772 1696 837 gentium,
1707 778 1880 838 portuumve,
1892 779 1941 825 aut
1951 788 1999 840 up·

345 846 687 913 bus,nectotisunqoam.
722 839 938 893 Achaemenides
947 842 1146 908 usqueillote·
1198 841 1448 909 pidurumnomina
1462 839 1533 908 apud
1554 842 1690 893 neminem
1712 842 1835 907 priorum
1857 844 1999 909 reperiun-

299 931 306 946 ·
345 920 447 971 numae.
483 914 562 967 Aeris
572 919 601 964 et
612 910 681 964 lerri
693 910 821 973 metalla,
841 917 870 961 ct
879 910 1012 973 maenici,
1031 919 1060 962 et
1071 910 1147 962 minii
1198 919 1252 964 tur.
1289 910 1351 971 Quo
1363 917 1480 978 apparet
1490 910 1593 961 mutari
1606 911 1729 983 locorum
1739 917 1840 962 status.
1868 912 2001 964 Exindia

345 985 477 1039 exerceri.
505 983 572 1036 lnde
582 983 799 1048 promontorium
812 980 975 1032 Carnraniae
985 986 1038 1042 est,
1048 995 1082 1032 ex
1092 995 1145 1047 quo
1199 980 1365 1047 renavigant
1375 995 1468 1032 arenae
1478 981 1556 1049 Aegy
1578 979 1618 1030 tio
1628 979 1703 1047 'l'ybi
1715 980 1881 1045 incipiente,
1902 989 2000 1032 nostru
2027 1022 2031 1033 .

343 1058 371 1106 in
383 1056 499 1107 adversa
517 1067 567 1103 ura
584 1049 620 1102 ad
639 1057 749 1118 gentem
763 1048 882 1101 Arabiae
897 1049 995 1101 Maras
1014 1054 1147 1101 traiectus
1198 1049 1363 1109 Deccmbri:
1384 995 1908 1116 aututiqueMechirishegy·pthlnlra
1928 1051 2000 1103 diem
2030 1042 2035 1053 '

344 1124 430 1176 distat
446 1123 469 1174 1.
487 1124 525 1174 M.
538 1135 675 1186 passuum.
711 1118 821 1169 insulae
831 1125 902 1181 tres,
919 1133 1034 1186 quarum
1045 1119 1146 1170 Oracla
1198 1124 1322 1180 sextum,
1343 1118 1416 1187 quod
1432 1120 1464 1169 iit
1478 1119 1555 1169 intra
1569 1117 1633 1169 ldus
1646 1120 1790 1171 lanuarias
1811 1127 1938 1171 nostras:
1959 1120 2002 1172 ita

245 1210 247 1214 ·
343 1191 605 1247 tantumhahitatur
616 1202 730 1254 aquosa,
751 1189 932 1240 acontinenti
947 1187 1024 1240 XXV
1035 1189 1146 1255 M.pas·

342 1277 433 1314 saum.
467 1260 577 1312 insulae
595 1258 632 1311 tv
647 1259 703 1308 iam
714 1257 741 1307 in
752 1257 817 1308 sinu
829 1263 894 1310 ante
905 1256 1029 1311 Persida.
1066 1259 1148 1309 Circa

344 1332 394 1384 has
404 1329 487 1397 hydri
498 1328 597 1379 marini
608 1327 733 1378 vicenum
745 1327 902 1379 cubitorum
913 1326 1077 1381 adnatantes
1093 1335 1147 1379 ter·

298 1406 301 1413 '
342 1415 424 1453 ruere
436 1399 560 1450 classem.
595 1396 702 1460 lnsula,
721 1396 895 1451 Acrotadus:
916 1399 985 1449 item
998 1397 1147 1458 Gauratae,

321 1492 324 1502 ·
340 1475 369 1522 ia
401 1469 481 1519 uibus
493 1465 588 1521 chinni
599 1481 676 1533 gens.
711 1464 734 1515 F
735 1465 828 1517 lumen
839 1467 961 1533 Hyperis
972 1468 1000 1516 in
1012 1466 1102 1533 medio
1113 1469 1147 1516 si·

341 1556 380 1591 nu
411 1539 511 1599 ersieo,
523 1535 712 1587 onerariarum
724 1534 835 1586 navium
847 1550 944 1602 capax.
976 1535 1092 1587 Flumen
1105 1535 1147 1587 Si.

341 1612 489 1675 tiogagus,
520 1620 573 1671 quo
594 1603 765 1671 Pasargadas
785 1605 904 1671 septimo
925 1604 970 1657 die
991 1607 1147 1672 navigatur.

341 1677 457 1729 Flumen
473 1673 630 1740 navigabile
641 1675 818 1726 Heratemis:
841 1673 932 1726 insula
949 1674 1009 1726 sine
1029 1674 1147 1725 nonrine.

340 1747 457 1799 Flumen
468 1744 569 1797 Granis
580 1743 750 1796 modicarum
761 1745 870 1794 navium
881 1758 981 1811 capati,
992 1759 1043 1811 per
1053 1745 1146 1797 Susia-

341 1831 395 1868 nen
406 1813 468 1866 iluit
480 1832 486 1865 :
509 1815 609 1867 dextra
620 1816 678 1866 eius
689 1812 818 1864 accolunt
828 1813 1033 1875 Deximontani,
1045 1814 1094 1881 qui
1104 1814 1147 1865 bi·

340 1892 437 1939 tumen
449 1885 602 1951 perficiunt.
633 1883 751 1935 Flumen
761 1882 869 1934 Zarotis
881 1884 955 1934 ostiu
967 1882 1082 1946 difficili,
1094 1884 1147 1935 nisi

340 1955 457 2023 peritis:
478 1953 586 2005 insulae
598 1952 669 2005 duae
679 1967 780 2019 parvae
793 1969 799 2003 :
816 1951 882 2004 inde
891 1953 997 2005 vadosa
1006 1953 1147 2021 navigatio

340 2025 459 2093 palustri
471 2023 586 2084 similis,
609 2036 659 2089 per
669 2023 779 2088 euripos
791 2027 886 2073 tamen
896 2022 1029 2089 quosdam
1041 2025 1148 2090 peragi-

228 2124 232 2134 »
340 2103 396 2146 tur.
432 2094 540 2146 Ostium
554 2090 715 2167 Euphratis.
751 2088 861 2154 Lacus,
880 2092 1146 2158 quemfaciuntl'lu-

341 2165 420 2215 lacus
431 2163 567 2228 ct'l'igris'
585 2160 664 2212 iuxta
680 2157 841 2212 Characem.
878 2160 946 2212 inde
966 2162 1046 2229 Tigri
1067 2162 1146 2214 Susa.

340 2233 442 2286 Festus
453 2232 514 2283 dies
524 2232 563 2283 ibi
575 2232 703 2297 agentem
715 2228 901 2281 Alexandrum
917 2229 1080 2283 invenerunt
1102 2245 1146 2283 se·

342 2303 428 2370 ptimo
440 2316 548 2364 nrense,
557 2306 704 2368 postquam
716 2298 858 2365 digressus
869 2301 905 2351 ab
916 2299 952 2350 iis
962 2299 1056 2352 iuerat
1066 2299 1147 2351 Pata·

340 2372 385 2434 lis,
405 2371 491 2424 tertio
504 2369 698 2436 navigationis.
736 2365 783 2421 Sic
794 2369 944 2421 Alexandri
961 2370 1058 2422 classis
1074 2370 1147 2422 nari·

379 2442 428 2492 vit.
466 2440 568 2491 Postea
579 2455 596 2490 a
609 2438 717 2505 Syagro
730 2438 846 2490 Arabiae
862 2440 1054 2504 promontorio
1065 2439 1148 2491 Pata·

354 2527 388 2563 en
398 2508 535 2572 Favonio,
546 2522 625 2574 quem
637 2506 789 2572 Hippalum
801 2506 840 2559 ibi
850 2515 959 2570 vocant,
982 2510 1040 2575 peti
1051 2510 1146 2560 certis·

340 2583 440 2631 simum
450 2578 596 2631 videbatur
607 2575 699 2628 decies
711 2582 739 2628 et
756 2581 963 2630 tercentorum
982 2578 1087 2631 XXXH
1107 2579 1146 2630 M.

338 2663 473 2718 passuum
485 2646 688 2701 aestimatione.
1128 2656 1133 2661 ·

375 2718 566 2772 Sacirtaaetas
578 2714 736 2783 propiorem
747 2728 857 2767 cursum
867 2715 1057 2785 tutioremque
1077 2717 1146 2770 indi-

341 2790 424 2852 cavit,
434 2788 459 2840 si
468 2787 504 2840 ab
516 2787 614 2839 eodem
625 2785 817 2852 promontorio
828 2770 968 2853 Zigerum,
979 2794 1090 2854 portum
1102 2789 1145 2839 ln·

341 2859 416 2921 diae,
426 2861 542 2924 pateret
561 2855 673 2922 Diuque
684 2854 727 2905 ica
737 2855 899 2922 navigatum
911 2863 963 2921 est,
975 2858 1063 2911 donec
1075 2871 1147 2908 com·

341 2927 442 2996 pendia
452 2927 557 2978 invenit
567 2929 719 2985 mercator,
729 2924 864 2991 lucroque
875 2925 956 2978 ludia
966 2926 1081 2978 admota
1093 2932 1146 2977 cst.

341 2998 449 3064 Quippe
462 2994 589 3046 omnibus
600 2995 679 3044 annis
689 2995 850 3061 navigatur,
870 2996 1084 3061 sagittariorum
1103 3009 1148 3045 co-

340 3066 471 3119 hortibus
490 3062 648 3130 impositis:
680 3063 780 3114 etenim
800 3063 909 3128 piratae
931 3064 1052 3114 araxime
1076 3061 1145 3113 inie-

342 3142 427 3188 stant.
463 3132 521 3185 Nec
532 3129 636 3199 pigebit
648 3135 736 3180 totum
749 3144 859 3183 cursum
871 3128 906 3179 ab
916 3130 1044 3196 Aegypto
1064 3142 1149 3195 expo-

341 3220 419 3267 nere,
429 3216 500 3253 nuno
510 3202 629 3267 primum
641 3204 719 3250 certa
730 3199 833 3249 notitia
848 3203 1017 3264 patescente.
1054 3197 1148 3264 Digna

341 3271 480 3337 res,nullo
492 3284 564 3321 anno
574 3269 664 3319 minus
675 3268 703 3317 H
711 3267 747 3321 ·S
758 3266 932 3334 quingenties
941 3265 1050 3334 imperii
1058 3267 1147 3317 nostri

343 3341 525 3397 exhauriente
537 3339 624 3400 lndia,
636 3345 665 3389 et
676 3352 782 3390 merces
792 3335 968 3398 remittente,
989 3351 1060 3402 quae
1072 3334 1146 3404 apud

341 3428 394 3465 nos
406 3410 592 3477 centuplicato
604 3413 730 3461 veneant.
768 3405 828 3457 Duo
846 3404 937 3456 millia
959 3419 1087 3471 passuum
1109 3405 1144 3456 ab

342 3480 515 3534 Alexandria
526 3479 605 3528 abest
617 3475 747 3542 oppidum
759 3474 914 3541 iuliopolis.
934 3474 1000 3526 lnde
1011 3475 1146 3543 navigant

342 3549 409 3601 Nilo
420 3550 538 3613 Captum
549 3538 658 3613 000111
677 3543 746 3593 mill.
759 3556 897 3608 passuum,
917 3543 963 3608 qui
974 3558 1070 3595 cursus
1081 3545 1147 3596 Bte·

342 3618 393 3668 siis
403 3614 533 3666 dantibus
544 3613 687 3678 peragitur
698 3610 749 3662 Xll
760 3610 867 3665 diebus.
902 3615 924 3664 A
934 3614 1022 3680 Copto
1032 3613 1146 3665 camelis

342 3686 415 3744 itur,
446 3680 625 3748 aquationum
645 3678 756 3732 ratione
776 3681 966 3734 mansionibus
992 3682 1146 3749 dispositis.

342 3752 437 3805 Prima
447 3749 603 3819 appellatur
613 3749 769 3816 Hydreum,
790 3749 894 3801 XXXll
916 3751 983 3803 milh
1019 3750 1148 3804 Secunda

342 3824 372 3873 in
383 3827 485 3881 monte,
507 3818 565 3870 diei
576 3817 685 3871 itinera.
722 3818 820 3871 Tertia
829 3820 859 3870 in
870 3820 962 3871 altero
972 3821 1148 3889 Hydreuma·

344 3897 387 3954 te,
408 3905 426 3942 a
443 3890 531 3955 Copto
542 3886 617 3941 XCV
629 3887 698 3939 mill.
735 3886 844 3940 Deinde
854 3888 882 3938 in
893 3896 996 3941 monte.
1031 3887 1146 3940 Moxad

343 3958 490 4029 Hydreum
501 3951 646 4023 Apollinis,
666 3957 782 4023 aCopto
806 3956 970 4010 CLXXXIV
989 3957 1058 4015 mill.
1074 3972 1146 4024 pass.

343 4030 451 4083 Rursus
464 4030 492 4080 in
505 4033 605 4079 monte.
634 4026 702 4079 Mox
713 4026 747 4079 ad
762 4040 860 4078 novum
872 4026 1018 4096 Hydreum
1030 4042 1047 4079 a
1058 4029 1146 4093 Copto

324 4099 328 4105 ’
345 4097 508 4153 ccxxxiii
524 4094 593 4148 mill.
604 4110 677 4162 pass.
713 4096 765 4147 Est
775 4103 803 4148 ct
813 4097 889 4148 aliud
901 4096 1044 4164 Hydreum
1055 4102 1147 4159 vetus,

344 4166 578 4238 Troglodyticnm
590 4166 763 4227 nominatur,
783 4166 830 4216 ubi
845 4166 1013 4232 praesidium
1029 4166 1148 4219 excubat

344 4238 515 4292 diverticulo
528 4235 611 4287 dudm
622 4233 748 4287 millium.
783 4234 878 4287 Distat
897 4250 915 4287 a
933 4249 1005 4287 novo
1021 4235 1148 4302 Hydreu-

344 4314 420 4358 mate
431 4306 469 4357 lV
478 4306 549 4358 mill.
561 4320 700 4373 passuum.
729 4303 795 4356 lnde
805 4304 939 4357 Berenice
950 4303 1089 4373 oppidum,
1099 4303 1149 4356 ubi

345 4383 444 4495 portos
455 4375 543 4426 Rubri
552 4375 647 4438 maris,
668 4375 783 4441 aCopto
803 4374 937 4428 CCLVlll
955 4375 995 4426 Μ.
1009 4376 1148 4440 passuuai.

367 4443 401 4495 ed
412 4443 478 4510 quia
488 4444 579 4494 maior
589 4459 651 4509 pars
664 4444 769 4497 itineris
781 4444 927 4496 coniicitur
937 4444 1066 4496 noctibus
1086 4459 1148 4511 pro·

278 4562 288 4575 ,
345 4517 410 4580 pter
420 4517 523 4571 aestus,
533 4518 562 4563 et
571 4514 682 4565 stativis
693 4514 752 4565 dies
764 4513 958 4575 absumuntur,
968 4520 1058 4564 totum
1071 4529 1090 4565 a
1099 4515 1150 4566 Co·

346 4587 397 4650 pto
408 4580 561 4631 Berenicen
572 4580 627 4631 iter
639 4581 802 4635 duodecimo
814 4584 959 4635 coniicitur
969 4581 1023 4635 die.

383 4648 521 4714 Navignre
540 4648 676 4714 incipiunt
697 4659 805 4703 aestate
825 4653 918 4706 media
937 4658 1003 4704 anta
1014 4652 1097 4705 Canis
1107 4666 1151 4703 or·

349 4725 420 4781 tum,
439 4722 489 4770 aut
508 4716 543 4767 ab
564 4723 664 4768 exortu
684 4720 828 4782 protinus:
848 4724 1017 4789 veniuntque
1038 4721 1151 4775 circiter

1198 1189 1300 1251 evenit,
1311 1187 1450 1240 utendam
1461 1202 1534 1239 anno
1545 1195 1679 1240 remeent.
1707 1188 1847 1254 Navigant
1859 1195 1953 1241 autem
1965 1204 2000 1241 ex

1197 1257 1365 1312 lediarento
1373 1255 1509 1308 Vulturno
1520 1273 1527 1306 r
1539 1263 1634 1308 etcum
1641 1257 1780 1309 intravere
1787 1258 1909 1311 Rubrum
1916 1273 2001 1323 mare,

1197 1326 1292 1380 Africo
1302 1326 1347 1378 vel
1357 1329 1468 1379 Austro.
1503 1325 1806 1379 Nuncrevertemurad
1820 1331 2000 1395 propositum.

1232 1395 1346 1449 xxva.
1359 1396 1521 1448 Carmaniae
1531 1411 1607 1446 oram
1618 1403 1716 1463 palere
1726 1395 1874 1448 duodecies
1885 1403 2001 1450 centena

1198 1464 1223 1516 L
1243 1466 1282 1517 Μ.
1293 1481 1421 1531 passuum
1434 1464 1578 1519 Nearchus
1588 1467 1711 1533 scripsit.
1747 1467 1787 1517 Ab
1800 1466 1882 1517 initio
1893 1467 1952 1519 eius
1964 1468 1999 1519 ad

1198 1534 1300 1586 flumen
1309 1535 1396 1587 Sabin
1411 1542 1519 1588 centum
1533 1536 1570 1585 M.
1582 1549 1723 1601 passuum.
1759 1535 1824 1587 lade
1836 1537 1928 1588 vineas
1945 1537 2000 1588 coll

1199 1612 1228 1657 et
1238 1620 1305 1657 arra
1316 1605 1352 1656 ad
1363 1603 1464 1658 llumen
1475 1604 1612 1665 Andania,
1634 1605 1711 1657 XXV
1726 1605 1764 1656 Μ.
1774 1605 1875 1672 spatio.
1911 1606 2000 1673 Regin

1198 1682 1314 1726 vocatur
1333 1675 1470 1726 Armuzia.
1513 1672 1622 1741 Oppida
1641 1674 1818 1737 Carmaniae,
1838 1673 1950 1737 Zerbis,
1971 1683 2001 1728 ct
2100 1690 2111 1703 .

1198 1743 1372 1795 Alexandria

1233 1811 1360 1866 XXVlll.
1380 1814 1512 1880 irrumpit
1522 1811 1661 1865 deindeet
1671 1812 1700 1864 in
1713 1811 1850 1879 hacpnrte
1860 1816 2000 1882 geminum
2048 1850 2053 1861 ,

1199 1882 1312 1935 marein
1323 1890 1422 1946 terras,
1443 1883 1516 1950 quod
1530 1884 1648 1934 llubrum
1667 1882 1762 1933 dixere
1776 1883 1878 1945 nostri,
1899 1885 2002 1936 Graeci

1199 1951 1385 2020 Erythraeam
1396 1968 1412 2003 a
1422 1967 1491 2019 rege¹
1501 1953 1633 2020 llrythra,
1642 1960 1701 2015 ant,
1713 1959 1745 2002 ut
1758 1952 1898 2016 alii,Snlis
1908 1968 2002 2020 reper-

1199 2037 1280 2073 cussa
1286 2022 1370 2075 talem
1379 2021 1457 2075 reddi
1468 2021 1590 2074 colorem
1598 2021 1804 2074 existimantes:
1815 2023 1864 2074 alii
1875 2023 1909 2074 ab
1916 2038 2003 2076 arena

1198 2098 1343 2158 terraque,
1364 2092 1412 2143 alii
1425 2092 1475 2143 tali
1485 2105 1572 2157 aquae
1583 2091 1670 2157 ipsius
1682 2097 1790 2143 natura.
1826 2091 1880 2144 Sed
1891 2091 1918 2143 in
1932 2091 2002 2145 duos

1199 2160 1429 2213 dividitursiaus.
1465 2161 1549 2227 isqui
1560 2162 1595 2213 ab
1606 2163 1713 2213 oriente
1732 2167 1787 2221 est,
1806 2160 1934 2213 Persicus
1955 2176 2002 2229 ap·

1198 2230 1329 2297 pellatur,
1339 2232 1426 2282 vicies
1438 2238 1468 2282 et
1478 2231 1621 2297 quinquies
1634 2230 1751 2282 centena
1761 2232 1800 2281 M.
1809 2245 1937 2296 passuum
1949 2233 2011 2284 cir-·

1199 2300 1290 2365 cuitu,
1311 2307 1343 2352 ut
1353 2297 1551 2352 Eratosthenes
1561 2300 1657 2350 tradit.
1694 2299 1865 2352 Exadversu
1881 2302 2002 2353 estAra·
2032 2341 2037 2351 .

1198 2369 1258 2432 bia,
1278 2371 1357 2433 cuius
1370 2368 1518 2422 duodecies
1529 2377 1644 2421 centena
1654 2368 1723 2420 mill
1733 2383 1862 2436 passuum
1879 2375 1922 2423 est
1942 2369 2002 2422 loa-

1198 2440 1304 2507 gitudo.
1340 2440 1443 2491 Rursus
1456 2440 1545 2491 altero
1561 2440 1682 2491 ambitur
1702 2439 1765 2490 sinu
1775 2440 1895 2492 Arabico
1914 2441 2002 2491 numi·

1199 2517 1273 2559 nato.
1292 2511 1433 2562 Oceanum
1444 2510 1489 2576 qui
1501 2506 1601 2570 inlinit,
1612 2508 1746 2560 Azanium
1756 2509 1907 2575 appellant.
1934 2510 2003 2562 Per·

1197 2578 1286 2629 sicrrm
1307 2579 1452 2630 introitum
1474 2576 1500 2630 V
1520 2577 1588 2630 mill.
1610 2592 1740 2644 passuum
1762 2577 1932 2641 latitudinis,
1951 2579 2001 2630 alii

1199 2647 1465 2714 quatuorfecaruot.
1500 2647 1593 2701 Abeo
1613 2647 1648 2698 ad
1666 2648 1793 2699 latiorum
1813 2648 1901 2700 sinum
1922 2655 2000 2699 recto

1199 2716 1550 2771 cursuundeciescentena
1570 2714 1649 2767 XXV
1670 2717 1709 2768 M.
1722 2717 1919 2784 propemodum
1938 2732 2003 2767 curr-

1199 2793 1257 2838 stat
1267 2803 1337 2850 esse,
1358 2795 1387 2840 et
1396 2788 1478 2839 situm
1490 2788 1548 2839 elus
1560 2785 1669 2837 humani
1682 2788 1781 2853 capitis
1793 2786 1892 2853 effigie.
1929 2785 2001 2837 One·

1199 2856 1312 2908 sicritus
1323 2863 1352 2908 et
1362 2856 1504 2909 Nearchus
1521 2855 1556 2906 ah
1568 2855 1636 2906 indo
1655 2870 1737 2906 amne
1754 2856 1783 2904 in
1804 2858 1893 2907 sinum
1914 2853 2004 2905 Persi·

1201 2940 1272 2987 cum,
1289 2931 1373 2990 atque
1392 2925 1471 2975 illinc
1482 2922 1655 2989 Babylonem
1667 2920 1827 2987 Euphratis,
1843 2922 2002 2986 paludibus,

1198 2993 1369 3059 scripserunt
1379 2992 1466 3042 vicies
1477 2998 1506 3041 et
1516 2989 1661 3055 quinquies
1676 2995 1792 3041 centena
1810 2989 1850 3039 M.
1871 3003 2003 3053 passuum

1199 3076 1268 3111 esse.

1233 3128 1263 3179 ln
1274 3127 1441 3179 Carmaniae
1451 3127 1553 3194 angaria
1565 3130 1630 3177 sunt
1641 3126 1862 3194 Chelonophagi,
1883 3128 2003 3180 testudi-

1198 3211 1263 3248 num
1274 3196 1421 3262 superlicio
1431 3211 1511 3248 casas
1526 3201 1668 3261 tegentes,
1687 3212 1770 3250 carne
1790 3203 1944 3249 vescentes.
1979 3200 2003 3249 A

1199 3264 1715 3333 ssunrineArbipromoatcriunxipsum
1734 3265 1902 3328 inhabitant,
1923 3280 2003 3334 prae·

1199 3342 1243 3387 ter
1254 3335 1348 3403 capita
1359 3340 1420 3387 tuto
1432 3349 1551 3403 corpore
1561 3333 1644 3397 hirti,
1664 3338 1801 3403 coriisque
1821 3337 1936 3403 piscium
1957 3352 2002 3389 ve·

1198 3404 1269 3456 stiti.
1304 3406 1345 3457 Ab
1365 3403 1462 3458 horum
1484 3410 1576 3458 tractu
1592 3404 1700 3458 indiam
1717 3420 1814 3458 versus
1832 3405 2002 3457 Caieandrus

1199 3473 1310 3526 deserta
1321 3474 1412 3526 insula
1429 3476 1459 3526 ia
1474 3488 1588 3534 oceano,
1607 3473 1631 3524 1.
1652 3476 1691 3527 M.
1712 3490 1842 3542 passuum
1862 3476 2001 3526 traditur:

1199 3544 1332 3612 iuxtaque
1343 3559 1404 3596 eam
1415 3542 1490 3596 freto
1505 3541 1682 3596 interfluente
1694 3544 1815 3606 Stoidis,
1834 3550 2002 3613 quaestuosa

1198 3614 1366 3681 nvargaritis.
1403 3614 1425 3664 A
1436 3613 1627 3683 promontorio
1639 3615 1783 3666 Carmanis
1794 3613 1944 3679 iunguntur
1952 3615 2000 3665 Ar·

1198 3683 1299 3734 moaci.
1337 3680 1457 3744 Quidam
1470 3681 1649 3747 interponunt
1659 3683 1768 3744 Arbios,
1780 3683 1892 3735 000οΜ
1911 3681 2002 3733 millia

1200 3765 1328 3817 passuum
1339 3758 1401 3803 toto
1412 3750 1505 3802 litora
1534 3751 1575 3802 lbi
1587 3759 1684 3817 portus
1695 3750 1886 3815 Macedonum,
1897 3760 1925 3804 et
1935 3765 2002 3803 arae

1198 3818 1351 3872 Alexandri
1362 3820 1388 3870 in
1401 3823 1601 3885 promontorio.
1636 3822 1751 3873 Amnes:
1774 3823 1913 3888 Saganos:
1935 3820 2001 3872 dein

1198 3888 1297 3950 Daras,
1308 3894 1336 3941 et
1346 3887 1451 3941 Salsos.
1487 3890 1527 3940 Ab
1543 3903 1576 3941 co
1587 3892 1805 3956 promontorium
1817 3891 2002 3953 Themisteas,

1199 3957 1292 4009 insula
1301 3955 1482 4025 Aphrodisias
1492 3957 1644 4011 habitatur.
1679 3960 1746 4013 lade
1755 3960 1879 4013 Persidis
1890 3960 2002 4012 initium

1199 4027 1234 4079 ad
1247 4025 1348 4079 flumen
1358 4028 1486 4089 Oroatia,
1497 4043 1550 4095 qno
1561 4028 1740 4091 dividiturab
1750 4030 1905 4097 Elymaide.
1933 4030 2002 4081 Coa·

1199 4104 1244 4149 tra
1252 4095 1394 4151 Persidem
1405 4098 1521 4161 insulae,
1542 4095 1646 4161 Philos,
1666 4100 1815 4163 Casandro,
1832 4101 2002 4151 Arcelacam

1199 4171 1292 4219 monte
1303 4168 1430 4235 praealto
1443 4168 1573 4235 Neptuno
1592 4183 1680 4220 sacra.
1715 4170 1779 4235 lpsa
1795 4169 1888 4221 Persis
1908 4166 2004 4220 adrer-

1199 4247 1246 4288 sos
1266 4252 1393 4288 cremum
1415 4237 1470 4290 sita
1492 4238 1602 4291 obtinet
1622 4239 1708 4291 litora
1727 4238 1777 4291 DL
1796 4239 1835 4290 M.
1856 4250 2003 4305 passuum:

1200 4306 1286 4363 etiam
1296 4306 1427 4359 inlusum
1436 4307 1790 4370 dives,inPartlrorumiam
1799 4307 1904 4374 pridem
1914 4312 2003 4358 tram·

1199 4377 1262 4428 lata
1271 4391 1380 4429 nomen.
1412 4377 1526 4431 Horum
1537 4377 1571 4430 da
1583 4378 1697 4445 imperio
1708 4393 1780 4429 nunc
1789 4377 1893 4443 paucis.

1235 4445 1336 4499 XXlX.
1346 4446 1611 4515 RegnaParthorum
1621 4444 1810 4513 duodeviginti
1820 4445 2002 4495 santumnia:

1199 4514 1242 4567 lta
1252 4515 1324 4568 enirn
1338 4515 1467 4569 dividunt
1478 4517 1647 4584 provincias,
1666 4516 1740 4567 cirea
1750 4515 1803 4565 duo
1816 4518 1858 4572 (ut
1870 4510 2004 4575 dixinrus)

1200 4585 1298 4648 maria,
1317 4584 1439 4637 Rubrum
1451 4601 1468 4636 a
1480 4585 1609 4647 meridie,
1630 4585 1788 4651 Hyrcanum
1799 4598 1816 4632 a
1826 4579 2005 4646 septemtrio·

1201 4669 1245 4706 ae.
1281 4654 1325 4705 Ex
1334 4654 1370 4705 lis
1380 4653 1518 4713 undecim,
1538 4668 1609 4720 quac
1619 4654 1765 4718 superiora
1774 4650 1912 4710 dicuntur,
1933 4648 2002 4701 inci·

1201 4725 1306 4789 piunta
1316 4724 1435 4773 conhniu
1445 4722 1597 4783 Armeniae,
1607 4719 1767 4787 Caspiisque
1778 4717 1926 4770 litoribus:
1942 4733 2004 4785 per·

348 4786 432 4839 XXX
452 4788 496 4837 die
507 4785 613 4838 Ocelim
624 4785 756 4849 Arabiae,
776 4794 824 4838 aut
835 4788 927 4842 Canen
941 4789 1094 4844 thuriferae
1109 4804 1153 4843 re·
1202 4791 1293 4843 tinent
1304 4790 1340 4842 ad
1353 4787 1479 4856 Scythas,
1490 4804 1551 4839 cum
1563 4789 1661 4854 quibus
1673 4803 1707 4841 ea
1718 4803 1807 4855 aequo
1818 4787 1930 4855 degunt.
1951 4787 2005 4840 Be-

351 4856 451 4924 giurda
469 4856 519 4905 list
531 4855 1152 4929 ettertiusportus,quivocaturMuza,quem
1203 4860 1279 4925 liqua
1289 4865 1393 4926 septem
1405 4873 1489 4926 regna
1499 4857 1633 4910 inferiora
1643 4859 1829 4925 appellantur.
1864 4857 1946 4918 Quod
1967 4857 2005 4910 ad

349 4925 447 4980 lndicn
457 4924 599 4992 navigatio
611 4940 664 4976 nun
675 4926 754 4991 petit,
775 4925 892 4977 necnisi
913 4928 1003 4980 thuris
1024 4930 1153 4982 odorum·
1203 4926 1324 4980 Parthos
1343 4928 1455 4990 attinet,
1478 4942 1588 4994 semper
1606 4925 1662 4978 fuit
1682 4927 1797 4980 Parthia
1815 4929 1844 4978 in
1863 4927 2004 4980 radicibus

350 5010 403 5062 que
414 4993 592 5045 Arabicarum
604 5003 782 5046 mercatores.
818 4992 1056 5063 latusoppidum:
1074 5001 1153 5068 regia
1203 4997 1337 5050 montium
1357 4997 1469 5062 saepius
1488 4995 1639 5058 dictorum,
1660 4998 1707 5064 qui
1727 5013 1822 5050 omnes
1840 5012 1888 5050 eas
1907 5003 2005 5065 gentes

350 5065 411 5115 eius
422 5063 577 5129 appellatur
587 5062 701 5129 Saphar,
710 5061 838 5129 aliudque
849 5061 928 5115 Save.
963 5067 1152 5120 lndosautem
1203 5072 1376 5133 praetexunt.
1412 5066 1506 5117 Habet
1516 5067 1550 5118 ab
1560 5073 1624 5117 ortu
1634 5067 1721 5129 Arios,
1740 5066 1882 5119 ameridie
1892 5069 2005 5119 Carma-

349 5131 508 5200 petentibus
527 5132 706 5184 utilissimum
725 5140 769 5185 est
791 5132 826 5184 ab
846 5132 926 5185 Oceli
945 5136 1050 5202 egredi.
1085 5137 1153 5191 lude
1194 5136 1278 5187 niam
1288 5143 1317 5187 et
1328 5134 1453 5198 Arianos,
1462 5135 1498 5186 ab
1509 5149 1608 5187 occasu
1617 5134 2004 5204 PratitasMedos,aseptem·

349 5206 433 5255 reato
445 5200 566 5269 Hippalo
577 5202 708 5270 navigant
719 5201 817 5254 diebus
836 5203 1025 5271 quadraginta
1039 5206 1075 5258 ad
1097 5207 1152 5273 pri-
1204 5205 1296 5256 trione
1308 5205 1463 5271 Hyrcanos,
1473 5203 1595 5271 undique
1606 5203 1725 5258 desertis
1736 5206 1836 5258 cincta.
1849 5206 2004 5260 Ulteriores

351 5286 427 5324 mum
449 5271 603 5336 emporium
620 5271 716 5324 indiae
731 5271 873 5335 Muzirim,
894 5288 948 5325 non
969 5276 1153 5341 expetendum
1205 5272 1298 5325 Parthi
1309 5272 1449 5325 Nomades
1461 5273 1657 5341 appellantur:
1674 5274 1753 5337 citra,
1764 5274 1894 5329 deserta:
1913 5276 1948 5328 ab
1960 5280 2005 5327 oe·
2018 5332 2030 5345 Ι

350 5340 582 5462 proptervicinos
602 5340 716 5406 piratas,
738 5344 782 5408 qui
794 5340 1023 5395 obtinentlocum
1043 5349 1153 5397 nomine
1205 5359 1268 5394 casu
1280 5341 1700 5409 urbeseorum,quasdiaimus,
1719 5346 1813 5397 issatis
1823 5352 1851 5398 et
1861 5346 2004 5411 Calliope:

369 5410 377 5425 V

379 5412 459 5462 itrias
471 5428 478 5461 ε
500 5423 588 5476 neque
600 5415 642 5461 est
658 5409 800 5461 abundans
821 5410 967 5462 mercibus.
1004 5412 1153 5467 Praeterea
1205 5413 1239 5464 ab
1250 5412 1357 5465 oriente
1365 5413 1481 5474 aestivo,
1492 5412 1650 5478 Europum:
1668 5414 1701 5465 ab
1712 5413 1837 5477 hiberno,
1848 5416 1960 5467 Mania:
1974 5412 2003 5463 in

351 5478 435 5548 longe
446 5486 547 5533 eterra
558 5478 637 5530 abest
648 5479 757 5530 narium
769 5479 870 5541 statio,
890 5478 1075 5548 lintribusque
1086 5484 1152 5535 alle·
1204 5483 1295 5536 medio
1307 5480 1537 5547 Hecatompylos,
1557 5483 1676 5535 Arsacae
1697 5486 1793 5552 regia:
1814 5484 1917 5536 Nisaea
1937 5481 2002 5533 Par·

351 5554 451 5600 rantur
462 5548 555 5613 onera,
565 5554 593 5602 et
603 5554 775 5619 regeruntur.
805 5548 951 5619 Regnabat
960 5548 1008 5614 ibi,
1019 5565 1080 5604 cum
1091 5566 1152 5619 pru·
1204 5550 1320 5621 thyenes
1332 5550 1443 5614 nobilis,
1453 5550 1503 5603 ubi
1514 5550 1744 5621 Alexandropolis
1753 5569 1772 5608 s
1781 5552 1931 5607 conditore.
