4368 6008
353 210 415 319 2bb
478 253 509 314 C.
553 253 703 315 PLlNil
736 251 941 312 sacuam
973 250 1142 310 hesua.
1164 249 1353 308 illarum
1386 249 1595 307 blihxxl.
1635 250 1729 309 CAP.
1754 253 1870 314 stt-89.

355 404 537 476 praecordiis,
546 403 702 470 vulvisque,
714 416 748 454 ac
756 400 854 453 morbo
864 399 954 467 regio.
989 400 1021 453 ln
1033 403 1153 452 mustum

355 477 381 529 si
391 472 695 539 addatur,lacitrinum
707 470 796 522 urinis
806 469 922 522 ciendis.
941 467 1153 520 Effoditurcum

355 544 548 599 iollaemittlt.
584 542 710 595 siccatur
720 540 750 592 in
760 540 868 592 umbra.
905 538 995 593 Situm
1007 538 1153 593 celerrime

357 616 454 669 sentit.

390 681 516 736 LXXlX.
535 680 572 730 Et
582 678 711 746 quoniam
723 678 883 746 quidam,ut
893 677 1025 742 diximus,
1035 675 1153 729 nardum

357 755 489 806 rusticum
500 750 679 802 nonninarere
690 749 811 800 radicem
818 747 967 809 baccharis,
975 753 1153 799 contexemus

357 829 386 876 et
396 822 499 874 Gallici
514 818 594 871 nardi
609 816 734 869 remedia
744 818 774 868 in
785 816 856 868 hunc
865 818 956 870 locum
970 816 1057 868 dilata
1068 816 1096 866 in
1107 830 1153 882 pe·

356 891 476 960 regrinis
487 889 643 942 arboribus.
665 888 740 954 Ergo
752 886 884 939 adsersus
893 893 1035 952 serpentes
1046 885 1152 936 duabus

356 960 496 1013 drachmis
512 958 542 1010 in
553 959 617 1009 vino
629 958 776 1010 succurrit.
811 955 1078 1021 inflammationibus
1089 952 1152 1015 coli,

354 1030 400 1083 vel
411 1045 444 1082 ex
455 1044 537 1097 aqua,
548 1028 591 1079 rel
603 1043 636 1080 ex
646 1027 719 1078 vino.
754 1027 822 1078 item
834 1026 974 1088 iocineris,
996 1030 1025 1076 et
1041 1038 1151 1075 renum:

355 1098 523 1165 suffusisque
534 1097 609 1151 telle.
638 1096 676 1146 Et
693 1094 854 1161 hydropicis
865 1109 914 1160 per
924 1108 965 1157 ee,
976 1094 1019 1144 rel
1031 1107 1092 1143 cum
1106 1093 1152 1143 ab·

354 1166 468 1220 cinthio.
498 1166 580 1219 Sistit
591 1165 788 1232 purgationum
800 1164 948 1215 mulierum
960 1164 1089 1230 impetus.

318 1244 345 1287 4
389 1237 503 1289 LXXX.
524 1237 592 1287 Eius
603 1248 678 1295 rere,
696 1234 768 1299 quod
780 1232 835 1299 phu
847 1231 944 1285 eodem
956 1231 1018 1283 loco
1031 1228 1153 1296 appella·

353 1304 452 1368 sinsus,
462 1304 542 1357 radix
554 1304 637 1356 datur
648 1303 728 1369 potui
741 1303 817 1364 trita,
827 1302 872 1353 rel
883 1302 999 1353 decocta
1012 1300 1048 1352 ad
1058 1308 1151 1351 strau-

355 1379 477 1441 gulatus,
494 1372 670 1440 relpectoris
681 1371 801 1433 dolores,
823 1371 866 1422 vel
877 1370 1006 1424 laterum.
1041 1368 1152 1421 Menses

354 1443 1079 1574 qulqffffietbwlcquilthrefipaffigimur,nullom
1090 1505 1151 1557 dul·

355 1581 394 1633 cis
414 1580 547 1635 facillime
559 1587 652 1632 autem
668 1578 738 1640 rino,
753 1583 891 1644 antequa.
927 1576 1110 1630 Utilissimum
1123 1575 1152 1626 in

353 1650 500 1703 medicina.
536 1649 706 1701 adservatur
716 1662 816 1700 cornea
827 1646 937 1713 pyxide.
974 1646 1099 1698 Discutit
1111 1645 1152 1696 in·

352 1717 558 1771 flammationes
571 1732 667 1769 omnes
677 1717 799 1783 quidem,
818 1716 868 1768 sed
878 1715 1020 1768 oculorum
1032 1715 1151 1769 maxime

355 1803 390 1840 ex
401 1803 453 1840 nro
465 1782 577 1838 illitum.
595 1785 747 1837 Vulrarum
759 1799 868 1852 quoque
878 1784 1079 1852 strangulatus,
1092 1791 1150 1835 sto-

354 1855 446 1909 machi
458 1854 710 1918 exhuleerationes,
731 1857 862 1923 pectoris,
884 1861 1028 1916 strenam,
1046 1855 1151 1906 iocine-

355 1941 426 1987 rum,
436 1926 606 1991 pulmonum,
616 1927 843 1991 vesicarumque:
858 1925 1039 1991 peculiariter
1049 1922 1153 1974 iniiam·

355 1995 475 2047 matiani
485 2009 580 2047 earum
591 1994 769 2047 vehementer
778 1991 858 2044 utile.
877 1994 947 2045 item
959 1992 1028 2045 tussi
1038 2002 1066 2044 et
1078 1992 1153 2058 pleu-

353 2064 453 2117 riticis.
484 2064 576 2115 Tollit
586 2071 615 2115 et
625 2063 759 2128 pruritus.
788 2063 885 2114 Urinas
897 2065 959 2114 ciet.
977 2062 1031 2124 Qui
1043 2075 1154 2113 crocum

354 2133 434 2201 prius
444 2134 575 2195 biberint,
586 2132 727 2198 crapulam
738 2146 793 2182 non
804 2131 934 2194 sentient,
945 2131 1076 2183 ebrietati
1086 2130 1154 2182 reei-

355 2210 439 2255 stent.
467 2205 593 2255 Coronae
613 2215 722 2268 quoque
743 2215 777 2252 ex
799 2214 833 2251 eo
848 2201 969 2253 mulcent
981 2201 1152 2252 ebrietatem.

355 2272 490 2324 Somnum
503 2271 578 2323 tacit.
606 2271 695 2336 Caput
711 2269 813 2322 leniter
832 2277 931 2321 moret.
960 2271 1096 2323 Venerem
1106 2271 1154 2320 sti·

355 2342 453 2394 mulat.
489 2339 556 2391 Flos
569 2341 630 2392 eius
640 2339 699 2406 igni
720 2352 800 2391 sacro
811 2338 930 2390 illinitur
949 2354 1012 2390 cunr
1025 2339 1155 2391 cretaCi·

356 2411 451 2462 melia.
488 2411 580 2474 ipsum
592 2407 717 2475 plurimis
729 2407 958 2461 medicaminibus
972 2409 1110 2460 miscetur.

392 2477 530 2532 mxxxii.
550 2478 673 2543 collyrio
687 2477 734 2528 uni
745 2478 830 2528 etiam
844 2490 944 2530 nomen
957 2477 1043 2528 dedit.
1077 2479 1154 2531 Faex

358 2563 466 2615 quoque
480 2549 603 2614 expressi
624 2553 765 2613 unguento
783 2547 904 2607 crocino,
925 2547 999 2609 qnod
1011 2557 1153 2595 crocoma-

357 2632 422 2685 gma
434 2616 585 2684 appellant,
597 2615 681 2668 habet
691 2630 755 2667 suas
766 2612 904 2664 utilitates
915 2618 1014 2664 contra
1023 2611 1154 2664 suffusio·

357 2702 407 2738 nes
419 2687 573 2748 oculorum,
588 2684 692 2736 urinas.
727 2684 820 2749 Magis
833 2679 991 2743 excalfacit,
1000 2696 1081 2749 quam
1093 2697 1154 2735 cro·

174 2754 178 2762 '
256 2791 261 2797 -
359 2771 420 2807 cum
443 2756 542 2822 ipsum.
580 2753 731 2820 Optimum,
752 2751 1156 2821 quodgustatusaliramdeu·

357 2833 455 2893 tesqne
467 2826 562 2876 inlicit.

393 2892 550 2947 Lxxxrll.
568 2893 619 2945 iris
632 2893 695 2945 rusa
706 2891 815 2951 melior,
825 2906 906 2959 quarn
918 2891 1043 2943 eandida.
1061 2890 1154 2941 lnfan·

358 2963 435 3015 tibus
455 2978 515 3015 eam
536 2962 721 3027 circumligari
742 2960 867 3011 salutare
887 2968 944 3025 est,
966 2960 1153 3012 dentientibus

358 3032 517 3097 praecipue,
528 3039 556 3082 et
566 3031 759 3087 tussientibus,
766 3030 937 3082 tinearumre
948 3030 1017 3081 vitio
1027 3029 1154 3080 laboran-

359 3099 434 3151 tibus
446 3100 586 3151 instillari.
621 3099 717 3151 Ceteri
737 3098 852 3150 ellectus
873 3101 933 3150 eius
945 3115 999 3150 non
1012 3100 1156 3149 multuma

359 3167 442 3220 melle
458 3166 598 3220 differunt.
634 3169 758 3221 ilulcera
779 3174 878 3235 purgat
890 3168 996 3234 capitis,
1011 3168 1156 3234 praecipue

358 3241 576 3305 suppurationes
595 3244 713 3290 veteres.
748 3236 847 3288 Alvum
867 3237 953 3288 soluit
973 3238 1079 3289 duabus
1092 3236 1155 3288 dra·

360 3307 447 3359 ehmis
457 3323 519 3361 curn
531 3307 623 3359 melle.
660 3308 780 3366 l'ussim,
791 3307 922 3368 tormina,
932 3305 1098 3369 inflationes,
1112 3322 1156 3372 po·

359 3385 406 3430 ta:
429 3378 515 3430 lienes
527 3391 561 3429 ex
574 3381 663 3426 aceto.
700 3377 805 3427 Contra
816 3376 985 3441 serpentium
998 3383 1026 3428 et
1041 3389 1155 3427 araneo·

355 3460 421 3517 rum
444 3460 560 3506 morsus,
581 3458 615 3494 ex
636 3459 720 3510 posca
743 3443 824 3496 valet.
861 3447 966 3497 Contra
986 3445 1156 3512 scorpiones,

360 3513 476 3564 duarum
497 3510 692 3585 drachmarum
706 3514 829 3580 pondere
847 3515 874 3565 in
895 3529 965 3582 poue
976 3514 1021 3566 rel
1033 3530 1102 3581 aqua
1112 3529 1156 3565 su·

358 3581 454 3633 mitur.
482 3583 587 3632 Contra
598 3596 694 3632 cauum
707 3598 825 3645 morsus,
836 3598 869 3634 ex
880 3585 943 3635 oleo
954 3585 1116 3650 imponitur:
1128 3590 1156 3635 et

362 3654 460 3702 contra
481 3649 685 3715 perfrictiones.
721 3650 766 3701 Sic
787 3657 815 3703 et
836 3667 981 3703 neruorum
1004 3653 1155 3704 doloribus.

360 3718 477 3771 Lumhis
497 3732 564 3769 vero
580 3724 608 3770 et
632 3717 827 3771 coxendicibus
847 3735 908 3770 cum
923 3721 1016 3772 resina
1026 3721 1156 3773 illinitur.

359 3789 412 3842 Vis
422 3788 448 3839 ei
460 3785 686 3840 eonoeliaetoria.
704 3787 825 3840 Naribus
834 3787 979 3850 subducta,
989 3795 1158 3842 sternumen-

363 3866 393 3910 ta
403 3864 505 3919 ureret,
516 3862 653 3924 caputque
665 3863 774 3923 purgat.
811 3856 911 3909 Dolori
923 3857 1025 3923 capitis
1038 3873 1098 3910 curu
1111 3874 1156 3911 co·

362 3929 453 3980 toneia
465 3927 547 3979 mulis
558 3933 607 3977 aut
619 3924 755 3977 strutheis
776 3925 906 3978 illinitur.
944 3927 1077 3994 Crepulas
1088 3944 1156 3995 quo·

362 4013 414 4065 que
426 4005 454 4050 et
467 3996 658 4062 orthopnoeas
669 3995 792 4046 discutit.
822 3996 999 4048 Vomitiones
1009 3998 1074 4058 ciet,
1090 3998 1156 4049 dun·

360 4069 413 4119 hus
435 4067 526 4120 obelis
546 4072 648 4117 sumta.
685 4064 856 4116 Ossalracta
872 4063 1004 4127 extrahit,
1026 4066 1158 4132 imposita

363 4152 423 4189 cum
447 4137 539 4189 melle.
574 4135 616 4186 sd
637 4133 822 4201 parorrychias
843 4134 935 4185 farina
956 4138 1014 4186 eius
1031 4143 1156 4187 utuntur:

363 4223 423 4259 cum
436 4211 510 4269 rino,
521 4204 555 4257 ad
571 4205 726 4267 clares,rel
739 4219 877 4265 verrucas,
884 4205 1030 4272 triduoque
1041 4221 1094 4257 non
1104 4205 1158 4258 sol·

362 4277 444 4327 ritur.
480 4275 596 4327 Halitus
607 4275 666 4326 oris
676 4274 906 4325 commanducata
916 4274 1019 4336 abolet,
1040 4276 1159 4327 alarum·

363 4357 416 4410 que
427 4343 502 4395 ritia.
541 4345 629 4395 Suceo
649 4343 768 4395 duritias
779 4359 873 4395 omues
884 4343 1001 4394 emollit.
1029 4342 1157 4396 Somnum

362 4412 511 4473 conciliat,
530 4412 579 4465 sed
602 4413 757 4479 genituram
779 4414 925 4465 consumit.
962 4412 1042 4465 Sedis
1064 4413 1158 4476 rimas,

361 4486 392 4532 et
411 4479 620 4545 condylomata,
641 4483 789 4550 omniaque
812 4483 840 4534 in
861 4497 976 4548 corpore
998 4497 1158 4535 excrescen-

361 4548 504 4598 tiasanat.
534 4548 605 4603 Sunt
615 4550 662 4617 qui
672 4552 839 4615 silvestrem,
849 4555 933 4619 syrin
945 4558 1054 4603 recent.
1081 4551 1159 4603 Stru-

362 4630 424 4667 mae
435 4614 512 4695 hnec3
523 4617 566 4667 rel
578 4634 675 4684 panos,
686 4616 729 4670 rel
740 4620 856 4689 inguina
866 4621 991 4672 discutit.
1020 4620 1158 4685 Praecipi-

363 4683 705 4746 tur,ntsinrstramanuad
715 4687 766 4739 hos
776 4705 840 4740 usus
852 4689 1157 4754 eruatur,colligentes-

363 4769 416 4822 que
426 4751 530 4814 dicant,
538 4754 616 4805 cuius
624 4755 846 4824 hominisutique
854 4774 938 4810 carna
949 4757 1083 4810 eximant.
1096 4756 1159 4809 Sce-

362 4825 406 4876 lus
416 4821 608 4874 herbariorum
620 4825 762 4889 aperietur
771 4828 800 4877 in
812 4826 863 4877 hec
874 4830 1021 4879 mentione.
1047 4826 1157 4879 Partem

363 4892 423 4945 eius
433 4898 553 4954 serrant,
565 4898 593 4943 et
604 4894 773 4959 quarundam
786 4896 904 4947 aliarum
918 4895 1075 4957 herbarum,
1087 4897 1159 4946 sicut

362 4960 545 5031 plantaginis:
566 4965 596 5011 et
615 4962 640 5011 si
661 4975 757 5026 parum
778 4964 912 5018 mercedis
931 4966 1030 5017 tulisse
1041 4981 1071 5018 se
1086 4965 1159 5017 arbi·

362 5037 483 5092 trantur,
489 5043 639 5094 rursusque
650 5044 719 5095 opus
730 5041 874 5096 quaerunt,
886 5041 993 5101 partem
1004 5049 1065 5087 eam
1077 5048 1159 5103 quam

362 5114 517 5161 semasere,
537 5097 633 5150 eodem
655 5096 718 5149 luco
740 5099 896 5155 infodiunt:
919 5106 1011 5170 credo,
1031 5112 1063 5158 ut
1082 5104 1159 5168 vitia,

362 5186 434 5240 qnae
443 5169 613 5230 sanaverint,
624 5166 728 5219 iaciant
739 5171 886 5225 rebellare.

367 5264 383 5287 -0
397 5239 543 5293 saliuncae
553 5238 635 5292 radix
647 5238 677 5288 in
689 5238 753 5288 rino
766 5237 881 5295 decocta
891 5244 967 5295 sistit
981 5244 1159 5306 vomitiones,

364 5305 719 5362 corroborutstomachum.

360 5410 373 5423 ι
398 5377 551 5432 LXXXlV.
569 5377 647 5430 Polio
660 5376 792 5429 Musaeus
802 5382 830 5428 et
840 5378 981 5430 Hesiodus
992 5381 1109 5447 perungi
1118 5380 1160 5432 iu·

362 5445 429 5497 bent
438 5442 612 5515 dignationis
625 5446 788 5515 gloriaeque
799 5445 913 5499 avidos:
933 5447 1041 5514 polium
1052 5456 1157 5503 tracta·

361 5514 395 5578 ri,
408 5516 477 5568 colis
497 5517 602 5585 polium
614 5524 866 5587 contrauerpentes
875 5516 1024 5581 substerni,
1043 5520 1096 5581 uri,
1114 5518 1159 5571 rel

1207 396 1331 467 portari:
1351 396 1382 450 in
1393 397 1459 451 rino
1471 395 1589 466 decoqui
1599 412 1706 460 reeens,
1716 398 1763 451 rel
1774 399 1894 464 aridum,
1915 402 2005 456 illini·

1206 484 1269 537 que.
1304 468 1442 536 Splenicis
1453 467 1604 534 propinant
1615 483 1650 520 es
1660 473 1752 520 aceto:
1772 472 1871 522 morbo
1882 473 1963 540 regio
1976 474 2006 524 in

1206 539 1285 592 rino:
1306 545 1336 591 et
1346 538 1508 605 hydropicis
1530 537 1727 603 incipientibus
1737 536 1766 588 in
1777 538 1842 590 rino
1853 539 2006 594 decoctum.

1207 607 1376 661 Vulneribus
1388 622 1497 675 quoquc
1508 607 1549 658 sic
1559 607 1679 658 illinunt.
1698 604 1839 659 Secundae
1849 609 2006 674 mulierum,

1226 684 1357 744 artusque
1370 684 1513 730 emortuos
1525 676 1622 742 pellite
1644 677 1712 728 item
1734 675 1848 729 dolores
1870 683 2004 746 corporis.

1234 747 1322 800 esicas
1343 745 1448 797 iurauit:
1470 752 1498 798 et
1517 743 1658 812 epiphoris
1674 744 1800 796 illinitur.
1836 745 1896 799 Nee
1914 751 2005 818 magis

1205 816 1264 867 alia
1275 814 1361 867 herba
1372 815 1502 867 convenit
1514 815 1728 877 medicamento,
1750 814 1826 882 quod
1846 815 2004 885 alexiphar-

1206 898 1303 936 macon
1314 891 1424 936 vocant.
1452 882 1604 935 Stomacho
1614 891 1706 937 tamen
1717 884 1821 938 inutile
1831 900 1900 950 esse,
1911 898 2005 955 caput·

1206 968 1260 1021 que
1270 968 1304 1005 eo
1315 953 1435 1021 impleri,
1446 960 1474 1005 et
1484 954 1612 1005 abortum
1621 955 1683 1006 lieri
1695 961 1773 1020 puto,
1794 955 1882 1021 aliqui
1892 969 2003 1026 negant.

1204 1023 1246 1074 lld
1256 1022 1423 1088 religionem
1435 1022 1549 1084 addunt,
1557 1023 1605 1074 uhi
1616 1023 1758 1076 inventum
1768 1024 1814 1088 sit,
1819 1025 1947 1090 protinus
1957 1029 2005 1081 ad·

1205 1091 1375 1157 alligandum
1388 1099 1485 1145 eontra
1496 1092 1638 1144 oculorum
1651 1093 1827 1157 suffusiones,
1839 1095 2005 1151 carendum·

1206 1175 1303 1228 queue
1324 1168 1428 1213 terram
1447 1162 1578 1229 attingat.
1613 1161 1651 1213 lli
1662 1170 1690 1214 et
1702 1161 1772 1214 lolia
1783 1163 1843 1216 eius
1854 1163 1953 1232 thymo
1964 1170 2002 1220 si·

1205 1230 1284 1282 milia
1292 1229 1417 1294 tradunt,
1439 1231 1492 1282 nisi
1509 1231 1580 1298 qnod
1592 1230 1804 1295 molliorasunt,
1825 1239 1854 1284 et
1864 1233 2004 1291 lanatiore

1206 1300 1318 1353 canitie.
1354 1301 1421 1351 Cum
1442 1306 1507 1351 ruta
1525 1299 1656 1362 silvestri,
1675 1307 1704 1351 et
1724 1300 1750 1351 si
1768 1307 1876 1354 teratur
1887 1319 1922 1357 ex
1933 1319 2005 1373 aqua

1206 1369 1329 1430 caelesti,
1350 1370 1462 1436 aspidas
1483 1368 1613 1436 mitigare
1624 1370 1739 1422 dicitur:
1759 1376 1788 1422 et
1804 1385 1861 1423 nou
1872 1388 1952 1425 secus
1964 1380 2004 1427 at-

1206 1454 1259 1506 que
1270 1439 1383 1506 cytinus
1394 1437 1554 1508 adsensgit,
1566 1445 1595 1491 et
1606 1437 1718 1492 collibet
1728 1439 1853 1506 vulnere,
1863 1442 2005 1508 pmhibet·

1225 1524 1259 1562 ue
1269 1522 1390 1574 serpere.

1206 1523 1225 1576 q
1240 1577 1382 1630 LXXXV.
1398 1575 1594 1645 Holochrysos
1605 1576 1733 1630 medetur
1741 1578 1918 1644 stranguriae
1928 1578 1957 1631 in
1967 1584 2005 1633 ri·

1206 1663 1244 1700 no
1255 1654 1330 1713 puta,
1341 1654 1369 1699 et
1380 1649 1524 1701 oculorum
1536 1646 1675 1714 epiphoris
1685 1647 1770 1699 illita.
1794 1648 1863 1699 Cum
1873 1647 1952 1701 faece
1962 1666 2005 1704 re·

1206 1731 1239 1768 ro
1251 1717 1309 1769 vini
1320 1724 1444 1770 cremata
1454 1724 1483 1770 et
1494 1716 1616 1782 polenta,
1626 1714 1749 1768 lichenas
1761 1718 1901 1770 emendat.
1918 1717 2005 1788 Chry·

1202 1800 1333 1838 socomes
1343 1786 1424 1838 radix
1434 1786 1556 1849 calfacit,
1577 1794 1606 1838 et
1617 1786 1739 1852 stringit.
1775 1785 1869 1840 Datur
1879 1790 1958 1854 potui
1970 1790 2006 1841 ed

1206 1855 1359 1908 iocinerum
1371 1856 1454 1908 vitia:
1467 1857 1535 1908 item
1547 1854 1722 1922 pulmonum:
1742 1856 1841 1908 rnlrae
1854 1857 1967 1910 dolores
1976 1860 2005 1910 iu

1206 1939 1280 1992 aqua
1289 1925 1380 1976 muba
1393 1927 1518 1978 decocta.
1547 1926 1609 1977 Ciet
1619 1931 1772 1979 menstrua:
1784 1930 1812 1978 et
1823 1926 1847 1978 si
1859 1926 1945 1980 cruda
1956 1928 2004 1981 ds·

1208 2000 1261 2055 tur,
1272 1994 1362 2061 hydro
1383 1998 1489 2047 icerum
1499 2009 1608 2060 aquam.

1241 2064 1346 2116 LXXX
1375 2066 1395 2117 l.
1407 2063 1623 2131 Melissophyllo
1634 2062 1693 2115 sire
1702 2063 1867 2116 melittaena
1876 2064 1900 2116 si
1908 2079 2006 2131 perun·
2017 2082 2035 2117 e

1207 2133 1450 2199 ganturalrearia,
1470 2150 1525 2186 non
1542 2132 1649 2201 fugient
1658 2147 1734 2201 apes.
1770 2133 1855 2186 Nullo
1867 2135 1939 2186 enim
1950 2151 2006 2188 ma·

1207 2204 1251 2271 gis
1261 2201 1384 2270 gaudent
1395 2203 1473 2255 llore.
1510 2203 1598 2269 Copia
1619 2201 1700 2254 istius
1721 2205 1851 2255 numina
1870 2203 2006 2259 facillime

1209 2273 1393 2324 continentur.
1416 2272 1493 2324 idem
1503 2272 1758 2339 praesentissimum
1770 2279 1813 2325 est
1825 2281 1924 2326 cenna
1934 2275 2005 2328 letus

1208 2356 1524 2409 earumvesparunrque,
1544 2342 1724 2404 etsiruiliunr,
1745 2343 1817 2395 sicut
1826 2360 2004 2397 araneorum:

1208 2413 1275 2463 item
1287 2413 1473 2478 scorpionum.
1509 2412 1579 2462 ltem
1590 2416 1686 2462 contra
1697 2412 1839 2464 vulvarum
1850 2421 1926 2465 stran
1967 2416 2005 2465 la·

1210 2480 1308 2543 tiones,
1319 2479 1415 2532 additu
1427 2481 1512 2533 uitro.
1541 2482 1646 2532 Contra
1655 2485 1785 2543 tormina,
1796 2498 1811 2534 e
1822 2482 1896 2533 rino.
1942 2483 2006 2534 'alia

1208 2550 1267 2600 eius
1276 2550 1393 2601 strumis
1403 2550 1562 2612 illinuntur,
1570 2556 1598 2600 et
1609 2549 1684 2601 sedis
1695 2551 1783 2611 vitiis,
1792 2566 1852 2602 cum
1865 2551 1933 2602 sale.
1950 2553 2006 2604 De·

1209 2624 1305 2670 coctae
1315 2633 1415 2669 succus
1426 2619 1545 2671 reminas
1554 2624 1663 2686 purgat,
1673 2625 1701 2669 et
1710 2618 1943 2672 inflammationes
1952 2619 2005 2671 dis-

1209 2690 1288 2748 cutit,
1309 2693 1339 2740 et
1354 2685 1566 2740 hulcerasanat.
1600 2688 1784 2740 articularios
1796 2690 1907 2741 morbos
1918 2689 2005 2750 sedat,

1209 2756 1340 2821 canisque
1361 2762 1489 2808 morsus.
1515 2755 1633 2807 Prodest
1655 2757 1843 2822 dysentericis
1857 2758 2006 2821 veteribus,

1209 2832 1237 2876 et
1247 2825 1388 2887 coeliacis,
1394 2833 1424 2878 et
1433 2824 1632 2891 orthopnoicis,
1643 2824 1937 2886 lienibus,hnlceribus
1946 2824 2006 2879 tho·

1208 2894 1289 2946 racis.
1325 2894 1466 2961 Caligines
1486 2894 1630 2945 oculorum
1639 2892 1728 2943 'succo
1740 2908 1801 2944 cum
1813 2895 1897 2948 melle
1908 2895 2008 2964 inungi

1209 2964 1339 3016 eximium
1351 2962 1476 3017 hahetur.

1243 3030 1408 3087 mxxxvii.
1428 3028 1573 3095 Melilotns
1583 3041 1691 3094 quoque
1703 3028 1792 3079 oculis
1804 3029 1933 3083 medetur
1942 3047 2008 3084 cum
2019 3062 2039 3079 ,-

1208 3099 1287 3152 luteo
1299 3100 1353 3162 ori,
1372 3104 1421 3151 aut
1430 3098 1481 3149 lini
1489 3098 1604 3149 semine.
1641 3096 1821 3149 Maxillarum
1835 3113 1945 3166 quoque
1955 3100 2005 3153 do-

1210 3170 1284 3221 lores
1305 3169 1386 3222 lenit:
1407 3174 1436 3219 et
1456 3168 1554 3233 capitis
1567 3179 1630 3217 curn
1641 3179 1770 3218 rosaceo:
1792 3170 1859 3219 item
1871 3168 2006 3224 auriume

1210 3253 1302 3305 passo,
1324 3251 1448 3306 quaeque
1460 3232 1623 3289 inmanibus
1642 3236 1839 3299 intumescunt,
1861 3239 1904 3289 rel
1915 3238 2006 3291 erum-

1211 3316 1288 3375 punt.
1324 3306 1469 3361 Stomacbi
1480 3305 1592 3358 dolores
1603 3307 1632 3356 in
1640 3306 1707 3357 rino
1718 3303 1843 3368 decocta,
1864 3306 1907 3358 rel
1921 3307 2006 3359 cruda

1209 3379 1278 3428 tritu
1298 3392 1342 3430 ue.
1377 3376 1452 3429 ldcm
1465 3374 1581 3427 effectus
1591 3382 1620 3427 et
1630 3374 1665 3425 ad
1677 3375 1782 3426 rulras.
1819 3376 1919 3426 Testes
1932 3392 2006 3439 rere,

1211 3453 1239 3499 et
1249 3392 1342 3500 sesam
1354 3445 1657 3514 prociduam,quaeque
1667 3444 1705 3496 ibi
1715 3445 1771 3495 sint
1781 3444 1961 3505 vitia,recens
1972 3459 2007 3497 ex

1210 3532 1283 3583 aqun
1293 3515 1420 3580 decocta,
1440 3516 1484 3568 rel
1495 3530 1530 3567 ex
1541 3530 1633 3582 passo.
1669 3512 1785 3567 adiecto
1796 3527 1911 3564 rosaceo
1923 3515 2006 3566 illini·

1210 3594 1255 3636 tur
1266 3585 1300 3636 ud
1312 3585 1508 3638 carcinomata.
1546 3583 1721 3636 Deferrescit
1732 3582 1760 3633 in
1771 3583 1835 3647 virro
1847 3582 1930 3634 dulei.
1958 3582 2005 3635 Pe·

1210 3655 1355 3707 culiariter
1364 3662 1393 3707 et
1402 3663 1501 3707 contra
1513 3652 1688 3705 meliceridas
1700 3652 1805 3705 efficax.

1244 3723 1423 3775 Lxxxvln.
1438 3722 1590 3777 *Trifolium
1603 3726 1659 3773 scio
1676 3723 1750 3774 credi
1772 3722 1931 3788 praevalere
1940 3736 2004 3774 con·

1210 3799 1255 3845 tra
1266 3792 1437 3860 serpentium
1453 3795 1525 3844 ictus
1535 3798 1563 3845 et
1575 3793 1761 3859 scorpionum,
1774 3806 1807 3844 ex
1819 3792 1883 3843 rino
1895 3798 1945 3843 aut
1956 3807 2003 3858 po·

1210 3877 1267 3923 sca,
1285 3861 1399 3914 seminis
1411 3864 1505 3928 granis
1516 3863 1614 3931 uiginti
1635 3862 1723 3928 potis:
1745 3861 1788 3912 rel
1801 3859 1886 3923 loliis,
1906 3867 2005 3913 ettuta

1211 3930 1299 3982 herba
1315 3931 1448 3983 decocta:
1471 3938 1668 3998 serpentesque
1689 3945 1825 3996 nunquam
1847 3931 1874 3980 in
1896 3929 2004 3982 trilolie

1210 4001 1308 4067 aspici.
1345 4000 1495 4053 Praeterea
1524 4001 1675 4053 celebratis
1697 4000 1874 4060 auctoribus,
1908 4007 2007 4050 contra

1211 4070 1306 4122 nuruis
1325 4084 1431 4122 venena
1449 4084 1500 4137 pro
1520 4070 1649 4122 antidoto
1671 4068 1799 4120 sufficere
1820 4068 1897 4121 XXV
1916 4083 2006 4135 grana

1211 4143 1280 4202 eius,
1299 4139 1373 4207 quod
1395 4137 1572 4207 minyanthes
1593 4154 1627 4191 ex
1647 4152 1681 4189 eu
1697 4138 1903 4205 appellarimus,
1923 4136 2006 4188 tradi.

1211 4210 1303 4263 Multa
1312 4209 1370 4261 alia
1380 4217 1525 4276 praeterea
1537 4209 1563 4260 in
1573 4207 1704 4261 remediis
1717 4209 1776 4259 eius
1788 4205 1917 4271 adscribi.
1950 4205 2007 4257 Sed

1210 4294 1255 4331 me
1267 4286 1365 4332 contra
1373 4279 1527 4332 sententias
1539 4293 1634 4331 eorum
1653 4277 1812 4344 gravissimi
1825 4276 1875 4326 riri
1886 4276 2007 4327 auctori·

1213 4354 1256 4400 tus
1268 4356 1371 4400 moret.
1407 4346 1559 4414 Sophocles
1570 4348 1641 4398 enim
1654 4352 1738 4413 poeta
1751 4353 1913 4397 venenatum
1925 4342 1954 4395 id
1965 4343 2006 4394 di·

1211 4418 1258 4469 cit.
1295 4417 1386 4469 Simus
1399 4432 1506 4484 quoque
1517 4433 1533 4469 e
1545 4417 1671 4477 medicis,
1694 4415 1816 4477 decocti,
1836 4421 1885 4465 aut
1895 4414 2009 4465 eontmti

1211 4501 1322 4538 succum
1344 4485 1466 4538 infusum
1481 4486 1608 4553 corpori,
1631 4483 1743 4538 easdem
1766 4483 1895 4535 uredines
1906 4482 2008 4544 lacere,

1213 4571 1280 4621 quas
1299 4558 1323 4606 si
1343 4557 1644 4622 percussisaserpente
1663 4554 1829 4618 imponatur.
1866 4554 1941 4617 Ergo
1952 4566 2009 4603 non

1211 4624 1295 4676 aliter
1306 4624 1438 4677 utendum
1449 4638 1492 4685 cu,
1509 4639 1591 4690 quam
1603 4630 1701 4674 contra
1712 4635 1827 4679 venena,
1844 4620 2009 4672 censuerim.

1211 4693 1350 4745 Fortassis
1371 4692 1490 4745 enimet
1511 4690 1552 4743 his
1571 4693 1684 4742 venenis
1696 4689 1812 4739 interae
1824 4686 2011 4741 conuariasil

1211 4769 1321 4824 natura,
1340 4762 1413 4812 meat
1433 4761 1529 4811 multis
1551 4761 1623 4810 aliis.
1659 4760 1728 4810 item
1741 4755 1942 4817 animadverto,
1964 4774 2009 4811 se·
2028 4760 2058 4819 4

1212 4846 1273 4883 men
1284 4831 1352 4890 eius,
1373 4830 1452 4881 cuius
1471 4829 1586 4881 minima
1596 4827 1653 4878 siut
1663 4825 1740 4888 lolia,
1759 4825 1830 4876 sstile
1841 4839 1902 4876 esse
1913 4824 1948 4877 ad
1962 4841 2008 4878 cu·

1211 4898 1385 4950 stodieudsm
1397 4898 1544 4950 mulierum
1557 4898 1629 4948 cutis
1640 4895 1804 4963 gratiam,ln
1815 4893 1887 4946 faeie
1897 4894 2009 4948 illitum.

1244 4966 1395 5018 Lxxxna
1415 4964 1555 5033 Thymum
1566 4964 1662 5032 colligi
1680 4964 1828 5030 oportetin
1839 4962 1919 5027 flore,
1940 4964 2009 5016 etin

1211 5036 1309 5087 umbra
1318 5034 1427 5087 siccari.
1464 5036 1528 5088 Duo
1539 5042 1632 5087 cutem
1643 5040 1707 5085 sunt
1718 5048 1821 5100 genera
1832 5033 1906 5087 eius:
1918 5032 2009 5085 mndi-

1211 5104 1285 5166 dum,
1305 5104 1401 5158 radice
1423 5105 1541 5173 lignosa,
1561 5105 1590 5156 in
1611 5104 1730 5155 collibus
1748 5118 1875 5165 nascens,
1895 5101 2009 5170 quodet

1213 5174 1383 5242 praefertur:
1405 5175 1524 5227 alterum
1536 5172 1653 5240 nigrius,
1664 5174 1796 5240 florisque
1807 5173 1890 5242 nigri.
1924 5172 2006 5223 Utra-

1212 5260 1265 5312 que
1275 5244 1418 5296 oculorum
1440 5243 1565 5296 claritati
1577 5243 1692 5296 multum
1707 5242 1834 5295 conferre
1843 5241 2006 5295 existiman·

1213 5321 1266 5376 tur,
1287 5324 1315 5367 et
1332 5314 1361 5365 in
1376 5315 1448 5376 cibo,
1469 5313 1537 5366 etin
1549 5312 1767 5366 medicamentis.
1804 5315 1872 5365 ltem
1886 5311 2008 5363 diutinae

1211 5384 1296 5435 tunsi:
1315 5383 1504 5453 ineoiigmate
1516 5381 1616 5435 faciles
1625 5383 1833 5436 exscreationes
1844 5381 1936 5433 lacere
1947 5391 2010 5428 cum

1212 5461 1292 5505 aceto
1311 5459 1340 5504 et
1357 5452 1425 5507 sale.
1461 5453 1631 5522 Sanguinem
1651 5465 1830 5505 concrescere
1849 5464 1904 5501 non
1924 5446 2009 5514 petie

1212 5522 1310 5576 melles
1318 5522 1418 5593 inagna
1428 5520 1551 5577 laudum
1563 5521 1762 5577 distillationes
1772 5525 1852 5574 estre
1862 5518 1937 5570 illita
1946 5530 2009 5569 cuns
