4356 6014
353 249 415 313 1⁷6
487 247 522 321 ,0.
556 246 707 308 ΡΗΝῙῙ
740 242 949 306 securint
988 240 1154 301 Neron.
1192 238 1386 302 lllS'i'Oll
1421 242 1507 302 Llll.
1530 239 1627 299 XlV.
1662 239 1757 301 CAP.
1780 243 1807 300 ti.
1832 245 1861 299 li.

353 399 445 453 fallax
455 403 511 451 est:
531 402 626 451 amant
635 403 729 449 tamen
739 406 810 445 eam.
828 390 976 458 Municipii
987 405 1069 443 uram
1079 389 1161 444 l‘om·
1247 391 1387 444 lunestra
1396 396 1491 444 aetate
1501 403 1590 458 pauca
1603 389 1733 456 exempla
1743 398 1955 445 consummatae
1964 392 2015 447 hu·

354 460 955 538 polinomineappellast,quamrisclusinis
968 460 1161 528 copiosiorem.
1213 460 1336 514 insertis
1350 460 1443 514 fueret
1463 474 1557 511 rernm
1576 471 1611 511 eo
1627 459 1718 511 minus
1734 459 1905 526 omittenda,
1925 470 1957 514 ut
1967 474 2016 517 nt·

357 538 507 605 Municipii
523 544 552 590 et
565 537 698 589 Tiburtes
708 530 898 598 appellarem,
918 531 1043 600 qrrausris
1055 531 1160 600 oleagi-
1212 538 1326 583 scantur
1336 531 1421 584 etlam
1433 532 1645 597 praemia,quae
1656 529 1685 579 in
1697 532 1773 580 omni
1783 545 1814 581 re
1824 531 1945 585 unanime
1954 548 2016 601 spe·

304 596 308 603 ’
356 624 437 662 neam
449 622 536 677 nuper
545 599 921 657 invenerintasiruilitudine
937 601 1035 653 olicae.
1064 602 1161 655 Novis·
1213 608 1332 653 cuntur.
1368 598 1508 653 sumniam
1519 613 1586 666 ergo
1598 595 1717 664 adeptus
1727 605 1771 650 est
1780 599 2014 668 gloriumheilius

355 669 1049 739 sinrnhaecurarumadhocterupusrepertaest.
1077 671 1161 724 Vina·
1212 669 1374 733 Sthenelus,
1394 669 1507 737 cplebe
1521 667 1666 729 libertina,
1686 666 1941 736 integerrimos
1953 687 2011 725 am·

357 748 458 801 cloiam
469 744 526 797 soli
537 746 674 794 neverunt
685 738 789 804 Sabini,
800 748 829 793 et
840 742 988 795 Laurenti.
1006 742 1079 794 Nam
1087 739 1160 791 ilau-
1212 740 1286 807 plius
1297 740 1387 792 cineis
1397 739 1516 791 excultis
1526 738 1554 789 in
1565 737 1742 790 Nomentano
1756 751 1834 806 agro,
1850 746 1933 807 atque
1944 757 2012 809 qua.

356 832 438 870 raons
453 812 513 865 scio
533 826 551 863 a
565 809 686 863 Falerno
709 825 726 861 a
746 825 776 862 ro
798 810 1161 865 translatasrocariFaler·
1212 808 1535 876 dringentiesnummum
1550 806 1673 858 millibus
1684 807 1873 861 venumdatis.
1908 812 2014 879 Magna

353 901 420 947 nas,
443 881 587 934 celerrime
603 879 705 948 ubique
722 826 932 948 degenerantes
959 881 1019 933 Nec
1035 895 1091 931 non
1107 880 1161 930 Ta·
1209 878 1287 930 fama
1305 887 1334 930 et
1344 879 1482 933 Vetuleuo
1491 877 1607 945 Aegialo
1624 875 1741 944 perinde
1751 877 1883 931 libertino
1895 878 1964 943 fuit,
1983 882 2013 934 in

355 953 496 1006 rentinunr
507 963 594 1016 genus
601 949 689 1017 aliqui
698 949 797 1012 iecere,
806 950 946 1017 praedulci
953 965 1015 1001 ura.
1027 949 1157 1016 capnias,
1212 948 1384 1014 campaniae
1403 963 1469 1000 rure
1479 947 1635 1010 liternino,
1655 948 1799 1015 maiorque
1816 947 1903 1001 etlam
1915 949 2012 1005 farore

356 1020 580 1083 etbucconiatis,
598 1027 627 1073 et
639 1020 774 1087 tarrupia,
789 1022 817 1069 in
826 1019 960 1071 Thurinis
972 1020 1092 1071 collibus
1105 1033 1159 1069 non
1211 1017 1363 1079 hominum,
1373 1018 1503 1084 quoniam
1514 1018 1604 1083 ipsum
1615 1014 1741 1069 Africani
1750 1018 1862 1071 colebat
1874 1019 2011 1074 exsilium.

356 1098 422 1143 ante
432 1089 622 1150 demetuntur,
642 1104 723 1158 quam
739 1088 886 1155 gelaverit.
923 1088 1025 1141 Pharia
1036 1087 1159 1157 gaudent
1211 1086 1266 1140 Sed
1276 1087 1407 1149 maxima,
1427 1086 1549 1140 eiusdem
1561 1083 1687 1139 Stheneli
1698 1101 1793 1153 opera,
1803 1088 1951 1141 ilhemmin
1962 1091 2014 1143 Pa·

354 1159 437 1213 Pisae
443 1160 574 1211 :Mutina
584 1157 723 1220 Prusinin,
734 1160 815 1226 nigro
825 1163 916 1221 acino,
927 1161 1000 1210 intra
1013 1156 1160 1225 quadrien·
1209 1156 1340 1219 leemosi,
1350 1155 1421 1208 alias
1431 1155 1613 1225 grammatica
1624 1160 1684 1207 arte
1696 1156 1809 1218 celebri,
1830 1158 1858 1209 in
1869 1156 1947 1212 hisce
1957 1158 2011 1212 XX

354 1229 431 1282 nium
443 1228 602 1281 albescente
612 1230 685 1279 rino.
711 1229 823 1291 Mirum,
833 1229 883 1279 ubi
894 1243 955 1280 curu
966 1225 1032 1280 Sole
1044 1228 1159 1280 eircum-
1209 1228 1423 1279 annismerceto
1438 1225 1802 1279 russercentiesnummrlm
1815 1228 1938 1281 centenis
1949 1230 2011 1282 mil·

355 1296 1159 1433 eitilt’.itttsl⁵.litlllt:{teredini}
1209 1293 2011 1432 lithini⁰'li'th‘tt‘lz,l‘tithli’lltlidt

368 1394 379 1419 1
618 1400 627 1428 5
1035 1403 1042 1418 ο
1379 1403 1386 1418 ι

354 1436 640 1505 Virgilius'l‘hssies,
661 1434 889 1497 etMoreotides,
911 1443 938 1487 ct
953 1435 1063 1502 lageas:
1085 1450 1158 1486 eom·
1209 1437 1310 1488 mercis
1332 1438 1496 1504 peremnia
1516 1435 1690 1496 suburbana,
1709 1434 1748 1487 ibi
1770 1441 1864 1488 tamen
1882 1441 2012 1502 marimo,

354 1509 505 1576 pluresque
515 1511 655 1566 externas,
667 1518 737 1571 qune
749 1519 804 1555 non
814 1504 991 1572 reperiuntur
1001 1504 1029 1556 in
1041 1505 1132 1556 ltalia.
1210 1507 1341 1572 quoniam
1359 1515 1389 1558 et
1409 1506 1538 1573 neglectu
1558 1519 1608 1572 per
1617 1503 1826 1572 indiligentiam
1839 1506 1954 1572 praedia
1963 1523 2011 1575 pa·

271 1614 278 1619 -
389 1579 416 1630 8.
435 1576 490 1629 Sed
500 1582 564 1627 sunt
575 1575 727 1626 etiamnum
739 1574 863 1640 insignes
874 1589 937 1637 ura,
947 1588 1002 1625 non
1014 1575 1088 1637 rino,
1101 1589 1157 1626 am·
1210 1583 1333 1639 rarerat,
1353 1591 1386 1628 nc
1401 1591 1435 1627 ne
1452 1578 1479 1626 in
1492 1573 1619 1641 pessimis
1629 1573 1739 1641 quidem
1751 1574 1934 1642 elegantioris
1947 1578 2010 1630 soli.

354 1648 493 1708 brusiaco,
504 1643 646 1706 duracina,
653 1642 713 1694 sine
723 1641 790 1693 ullis
803 1642 875 1694 vasis
886 1644 914 1694 in
927 1645 985 1696 rite
995 1645 1157 1696 servabilis:
1210 1645 1290 1698 llaec
1301 1660 1450 1714 aggressus
1463 1645 1600 1705 excolere,
1615 1658 1669 1693 non
1680 1644 1783 1694 virtute
1794 1644 1891 1707 aninri,
1901 1647 1950 1698 sed
1961 1663 2009 1700 ra·

356 1724 437 1770 tanta
447 1723 491 1767 est
502 1720 600 1766 contra
610 1711 726 1780 frigora,
748 1720 851 1775 aestus,
865 1718 1105 1780 tempestatesque
1115 1714 1159 1765 lir-
1209 1715 1297 1768 nitate
1310 1717 1411 1782 primo,
1431 1729 1503 1782 quae
1514 1720 1582 1767 nota
1592 1712 1662 1765 mim
1673 1712 1702 1765 in
1712 1712 1762 1765 illo
1773 1711 1836 1776 fuit,
1858 1715 2011 1781 pastinatis

354 1788 448 1838 mites.
484 1785 543 1836 Nec
565 1780 757 1849 orthampelos
778 1782 885 1851 indiget
898 1785 999 1836 arbore
1014 1791 1063 1837 aut
1078 1782 1159 1850 palis,
1209 1784 1244 1835 de
1255 1787 1363 1853 integro
1374 1784 1461 1836 vineis
1472 1798 1538 1836 cure
1549 1781 1686 1847 Stheneli,
1706 1782 1772 1834 dum
1785 1784 1941 1852 agricolam
1953 1787 2014 1840 imi·

353 1857 417 1925 ipse
428 1870 459 1908 se
469 1853 691 1906 sustinensenon
701 1851 769 1904 item
781 1850 938 1920 dactylides
948 1852 1062 1921 digituli
1072 1854 1159 1920 grad·
1212 1858 1296 1916 tetur,
1317 1855 1353 1906 ad
1372 1854 1418 1905 rix
1438 1852 1571 1906 credibile
1593 1853 1757 1905 miraculum
1778 1854 1919 1921 perduxit,
1937 1856 2015 1910 intra

353 1926 447 1979 litata.
477 1922 658 1975 Columbinae
669 1936 685 1973 e
696 1924 942 1974 racemosissimis:
954 1930 983 1973 et
994 1923 1084 1989 magis
1094 1937 1158 1988 pur·
1210 1930 1338 1975 ceterum
1351 1937 1453 1975 annum
1465 1922 1691 1992 quadringenties
1702 1927 1842 1975 nummum
1853 1927 1957 1977 emtori
1964 1926 2014 1979 ad·

353 2009 459 2065 pureae
471 1993 636 2060 cognomine
648 1991 951 2058 bimammine,quando
963 2006 1158 2053 nontacemos,
1209 1992 1286 2046 dicta
1298 1995 1434 2060 pendente
1443 1993 1594 2045 vindemia.
1621 1993 1802 2060 Cucurritquo
1813 2009 1896 2046 nemo
1907 2010 1963 2046 non
1976 1996 2014 2048 nd

354 2064 482 2118 seducas
493 2063 566 2114 alias
576 2067 685 2130 gerunt.
723 2062 793 2113 ltcm
805 2060 983 2129 tripedaneo,
1003 2063 1047 2114 cui
1058 2075 1158 2112 nomen
1208 2063 1377 2129 spectandus
1398 2077 1513 2114 uvarum
1530 2065 1559 2115 in
1577 2061 1613 2113 iis
1628 2062 1829 2126 rineis‘strucs,
1848 2062 1940 2117 literis
1951 2066 2013 2118 eius

354 2151 373 2187 a
385 2147 514 2186 mensura
524 2138 576 2184 est.
594 2130 663 2183 item
675 2131 797 2197 scirpula
808 2146 890 2198 passo
902 2130 992 2182 acino.
1019 2131 1057 2181 Et
1067 2130 1158 2181 ithae·
1209 2132 1359 2186 altioribus
1370 2140 1470 2184 contro
1481 2132 1512 2184 id
1524 2134 1605 2200 pigra
1614 2132 1757 2185 vicinitate
1768 2133 1824 2184 sibi
1834 2134 2010 2200 patrocinan-

355 2205 413 2257 tica
422 2203 452 2254 in
462 2202 609 2255 maritimis
620 2199 736 2266 Alpibus
747 2202 897 2268 appellata,
909 2199 1053 2251 dissimilis
1063 2199 1158 2252 lauda·
1209 2209 1250 2254 te:
1264 2203 1534 2255 norissinrehnnaeo
1547 2202 1661 2263 Seneca,
1672 2202 1796 2269 principe
1808 2209 1865 2253 tum
1877 2202 2010 2258 eruditio·

356 2273 465 2327 taeilli.
502 2268 712 2338 Namquehaec
722 2270 822 2333 brevis,
838 2269 965 2322 conferta
975 2269 1066 2334 acino,
1077 2269 1158 2337 dege·
1210 2271 1263 2336 nis,
1285 2287 1319 2324 ac
1340 2272 1494 2339 potentiae,
1512 2287 1583 2339 quae
1603 2278 1747 2338 postremo
1769 2272 1856 2324 nimia
1865 2271 1918 2324 luit
1927 2288 2011 2340 super

355 2360 407 2397 ner
417 2343 489 2404 rino,
500 2340 552 2393 sed
563 2346 628 2392 cute
638 2338 760 2390 omnium
772 2339 945 2403 tenuissima,
957 2338 1066 2402 nucleo,
1075 2353 1157 2406 quem
1209 2344 1307 2408 ipsum,
1319 2342 1433 2394 minime
1445 2342 1540 2409 utique
1551 2342 1685 2393 miratore
1698 2340 1832 2403 inanium,
1843 2348 1922 2395 tanto
1933 2357 2010 2408 prae·

356 2412 454 2466 Chium
464 2416 575 2472 vocant,
586 2424 642 2460 uno
653 2423 687 2460 ac
697 2410 820 2472 minimo,
836 2412 945 2461 acinum
956 2409 1156 2476 praegrandem
1209 2410 1249 2463 dii
1260 2411 1320 2462 eius
1332 2426 1428 2463 amore
1440 2418 1533 2478 capto,
1553 2415 1650 2462 utnon
1670 2410 1788 2477 puderet
1798 2411 1887 2463 inrisu
1899 2412 1969 2464 alias
1979 2420 2010 2466 et

355 2497 440 2533 unum
452 2481 606 2532 alterumve
617 2477 729 2551 habens.
754 2479 807 2531 list
817 2486 846 2531 et
857 2479 939 2546 nigra
947 2479 1103 2542 Amminea,
1112 2480 1158 2529 cui
1209 2487 1386 2534 ostentaturo
1396 2479 1507 2534 tradere
1513 2480 1638 2549 palmam
1655 2495 1732 2543 eam,
1753 2482 1836 2533 eruitis
1846 2481 2009 2551 quadrupli·

356 2552 490 2619 Syriacae
510 2564 610 2601 nomen
629 2548 784 2614 imponunt.
820 2550 891 2601 item
908 2549 1036 2616 Hispana
1049 2547 1159 2616 ignobi·
1210 2557 1273 2603 catu
1297 2551 1384 2603 tineis
1403 2550 1461 2602 illis
1477 2551 1554 2603 intra
1574 2549 1712 2603 decimum
1732 2549 2008 2603 lerecureeaunum:

354 2621 423 2673 lium
436 2618 642 2687 probatissime
1210 2620 1295 2689 digno
1307 2634 1403 2686 opere,
1419 2622 1529 2688 quaein
1539 2619 1675 2673 caecubis
1688 2618 1845 2689 Setinisque
1856 2620 1931 2688 agris
1942 2634 2007 2687 pro·

390 2692 416 2743 9.
436 2691 466 2740 ln
484 2687 606 2756 pergulis
620 2700 686 2740 vero
700 2692 832 2740 seruntur
846 2688 971 2739 escariae
989 2686 1158 2754 appellatae,
1209 2689 1319 2741 liceret:
1342 2689 1451 2757 quando
1461 2697 1490 2743 et
1501 2697 1600 2757 postea
1609 2704 1811 2756 saepenumero
1822 2696 1952 2757 septenos
1963 2705 2009 2742 cu·

355 2778 371 2811 e
383 2758 535 2821 duracinis,
542 2756 623 2810 albae
634 2756 799 2824 nigraeque:
811 2763 840 2808 et
850 2756 971 2809 bumasti
983 2756 1101 2809 totidem
1114 2771 1155 2807 co·
1210 2758 1272 2810 loos
1282 2759 1393 2828 singula
1402 2761 1508 2827 iugera,
1519 2758 1572 2811 hoc
1583 2766 1634 2822 est,
1644 2756 1793 2826 nnsphoras
1803 2768 1934 2812 centenas
1944 2774 2010 2825 qua·

355 2829 474 2882 loribus:
495 2826 659 2879 acnondum
672 2826 871 2892 dictaeaegia,
891 2833 920 2878 et
932 2825 1051 2889 Rhodie,
1071 2832 1157 2878 etun·
1210 2827 1348 2896 dragenas
1369 2831 1452 2879 musti
1472 2828 1583 2881 dedere.
1619 2830 1658 2880 hc
1673 2844 1706 2879 nc
1725 2829 1787 2894 quis
1798 2829 1901 2880 rictam
1916 2829 1944 2879 ln
1956 2827 2009 2880 hoc

355 2898 453 2959 cialis,
473 2895 550 2948 velut
564 2910 582 2946 o
597 2893 719 2962 pondere
732 2895 815 2948 acini.
851 2896 920 2949 ltem
931 2895 1025 2962 pirina
1036 2894 1157 2947 omnium
1210 2899 1407 2963 antiquitatem
1422 2897 1613 2957 arbitraretur,
1632 2897 1704 2949 idem
1716 2897 1787 2947 Cato
1809 2896 1897 2949 denos
1915 2898 2010 2950 culeos

354 2966 519 3034 nigerrima:
545 2968 575 3016 et
594 2963 740 3018 coronario
760 2973 877 3018 naturae
897 2964 961 3017 lusu
982 2964 1159 3033 stephanitis,
1208 2966 1300 3019 redire
1311 2966 1497 3029 exiugerihus
1507 2967 1628 3030 scripsit,
1638 2964 1797 3016 efficacibus
1805 2967 1942 3032 exemplis
1953 2982 2011 3019 non

355 3037 453 3089 acinos
468 3032 547 3085 foliis
564 3034 827 3087 intercursantibus:
848 3042 877 3088 et
889 3049 960 3103 quae
974 3033 1100 3087 forenses
1111 3047 1158 3084 ro·
1208 3036 1300 3086 marin
1309 3033 1372 3099 plus
1382 3039 1520 3084 temerate
1529 3031 1657 3085 conferre
1667 3035 1828 3093 mercatori,
1847 3048 1904 3085 nnn
1914 3036 1945 3086 in
1956 3038 2013 3088 Ru·

356 3111 466 3165 mutor,
485 3102 592 3156 celeres
602 3111 749 3169 proventu,
765 3103 921 3157 vendibiles
933 3103 1076 3168 adspectu,
1096 3116 1157 3167 por·
1207 3104 1288 3155 hrum
1300 3101 1367 3152 litus
1377 3099 1537 3154 indicumve
1548 3115 1653 3154 merces
1664 3102 1776 3168 petitas,
1787 3115 1870 3168 quam
1879 3101 2011 3158 sedulum

245 3198 248 3205 ·
355 3171 536 3226 tatuiaciles.
574 3173 678 3224 Contra
688 3173 856 3225 damnantur
866 3173 951 3225 etium
962 3172 1025 3224 risu
1038 3172 1156 3233 cinerea,
1207 3172 1282 3225 ruris
1293 3170 1390 3222 larem.

356 3249 386 3296 et
396 3240 552 3304 rabuscula,
562 3248 591 3294 et
602 3241 747 3295 asinusca:
767 3245 856 3295 nrinus
867 3248 970 3302 tamem
981 3239 1085 3293 caudes
1096 3238 1155 3290 vul·
1243 3239 1290 3292 Vl.
1305 3238 1379 3291 Vino
1390 3237 1582 3306 antiquissima
1592 3238 1705 3291 claritas
1716 3237 1868 3303 Maroneo,
1880 3243 1910 3293 in
1922 3241 2011 3297 Thra·

355 3312 431 3380 pium
443 3312 562 3373 imitata,
572 3311 704 3378 alopecia.
722 3311 908 3364 Alexandrina
918 3311 1079 3380 appelletur
1089 3310 1155 3360 ritis
1208 3310 1421 3391 eiaemgritima
1432 3309 1633 3378 partegenito,
1654 3317 1686 3360 ut
1695 3314 1794 3359 auctor
1804 3316 1848 3361 est
1858 3311 2008 3365 Homerus.

355 3376 429 3433 circo
438 3377 602 3432 Phalacrum
613 3382 715 3444 brevis,
735 3382 819 3433 rantis
830 3381 1006 3442 cubitalibus,
1026 3379 1156 3432 acinoni·
1208 3378 2009 3447 Nequeanimfabulosa,autdeoriginerurieproditacnn·

356 3466 408 3519 gro
420 3449 503 3502 iabac
515 3448 718 3516 magnitudino,
729 3451 827 3504 nucleo
840 3450 920 3504 molli
932 3458 961 3503 et
971 3450 1095 3512 minimo,
1106 3450 1155 3500 ob·
1208 3457 1365 3514 sectamur,
1383 3456 1577 3517 praeterquam
1588 3450 1744 3503 Aristaeum
1756 3448 1874 3514 primum
1885 3451 2008 3503 omnium

356 3520 439 3587 liquis
449 3519 568 3572 racemis
578 3517 785 3585 praedulcibus,
806 3516 875 3568 lolio
886 3531 973 3583 perro
984 3524 1013 3568 et
1023 3517 1156 3578 rotundo,
1208 3520 1238 3572 in
1249 3521 1347 3573 eadem
1358 3528 1442 3588 gente
1454 3519 1508 3571 mel
1523 3520 1668 3571 miscuisse
1680 3519 1760 3579 rino,
1780 3519 1920 3572 suavitate
1930 3534 2008 3585 prae·

356 3593 416 3642 sine
429 3589 568 3641 divisuris.
605 3586 732 3653 Septimo
744 3585 809 3638 hinc
819 3600 906 3647 anno,
925 3586 953 3636 in
965 3585 1157 3638 Narbonensis
1210 3592 1292 3656 cipue
1301 3591 1445 3656 utriusque
1456 3596 1572 3640 naturae
1581 3594 1680 3654 sponte
1693 3588 1889 3654 provenientis.
1913 3589 2008 3641 Mun.

356 3658 519 3727 provinciae
528 3658 600 3710 Alba
610 3655 720 3717 ilelria,
736 3658 849 3708 inventa
859 3662 902 3708 est
909 3656 977 3707 ritis
987 3668 1043 3706 uno
1056 3652 1101 3705 die
1112 3654 1158 3706 de·
1209 3674 1292 3710 neum
1314 3658 1398 3709 ricies
1408 3664 1489 3709 inrito
1501 3656 1599 3707 addito
1619 3671 1708 3722 aquae
1725 3656 1896 3709 miscendum
1906 3657 2008 3711 idome-

356 3728 520 3782 florescens:
542 3728 578 3778 nh
599 3726 627 3776 id
647 3724 798 3776 tutissima.
839 3724 1025 3778 Narbonicam
1045 3730 1156 3787 vocant,
1208 3742 1256 3778 rus
1269 3727 1399 3793 prodidit.
1422 3726 1512 3777 Durat
1523 3727 1606 3776 stiam
1617 3725 1660 3776 ris
1672 3724 1770 3777 eadem
1782 3726 1810 3778 in
1821 3734 1897 3780 terra
1905 3728 2009 3794 generi,

357 3812 440 3866 quum
452 3811 525 3848 nunc
535 3802 597 3846 tota
604 3793 746 3859 provincia
756 3794 887 3844 conserit.
1209 3795 1235 3846 vi
1257 3810 1342 3862 orque
1352 3795 1513 3846 indomitus.
1542 3793 1651 3860 Quippe
1662 3808 1723 3846 cunr
1735 3794 1881 3848 Mucianus
1892 3804 1935 3849 ter
1944 3811 2007 3848 con·

393 3866 426 3919 V.
446 3868 581 3918 Catonum
591 3862 641 3912 ille
652 3859 774 3926 primus,
794 3858 935 3927 triumpho
946 3868 975 3915 et
986 3875 1102 3914 censura
1112 3877 1157 3913 su·
1208 3810 1298 3915 suiex
1311 3862 1368 3926 his,
1389 3862 1437 3931 qui
1449 3862 1608 3929 nuperrime
1623 3861 1788 3930 prodidere,
1807 3866 2008 3919 sextariussin·

353 3952 405 4059 per
416 3931 648 3998 ceterainsignis,
659 3928 749 3996 magis
761 3935 854 3980 tamen
866 3930 1018 3983 etiamnum
1028 3931 1156 3984 claritate
1210 3934 1292 4000 gulos
1302 3933 1446 4000 octogenis
1457 3945 1545 3998 aquae
1561 3932 1675 3986 misceri
1690 3935 1858 4000 compererit
1875 3950 2007 4003 praesens

369 4007 375 4018 ο

252 4042 257 4053 .
368 4015 510 4067 sternrum,
525 3998 740 4070 praeceptisque
752 3997 873 4050 omnium
884 4014 978 4052 rerum
989 4000 1157 4068 expetenda·
1208 4007 1396 4055 ineotractu.
1425 4003 1494 4054 iisse
1505 4007 1597 4055 autem
1610 4003 1706 4056 colore
1717 4004 1838 4072 nigrum,
1851 4005 2006 4069 odoratum,

354 4091 416 4128 rum
432 4074 505 4125 datis
521 4069 615 4139 generi
627 4069 770 4130 Romano,
791 4067 864 4120 inter
878 4068 969 4135 prima
979 4085 1045 4124 reru
1058 4086 1154 4138 agrum
1210 4079 1351 4124 vetustate
1360 4074 1550 4139 pinguescere.
1577 4073 1614 4124 Et
1625 4073 1764 4136 Pramnio,
1776 4073 1849 4142 quod
1860 4074 1933 4127 idem
1945 4075 2004 4126 llo·

356 4143 482 4206 colendi,
503 4142 578 4194 illius
593 4139 656 4192 aeri
679 4136 855 4190 confessione
867 4139 988 4205 optimus
998 4155 1032 4193 ac
1042 4141 1102 4192 sine
1113 4156 1156 4192 ae·
1209 4157 1301 4193 necrus
1313 4140 1473 4205 celebrarit,
1484 4141 1570 4194 etiam
1582 4159 1654 4195 nunc
1663 4141 1752 4195 honos
1763 4143 1855 4196 durat.
1879 4144 2008 4197 Nascitur

355 4217 433 4268 nruln
445 4212 581 4283 agricola,
591 4224 681 4278 pauca
691 4207 790 4276 attigit
801 4208 898 4260 vitium
910 4223 1024 4276 genera,
1040 4225 1157 4276 quarun-
1208 4210 1348 4279 Smyrnae
1359 4211 1481 4277 regione,
1492 4211 1573 4263 iuxta
1583 4212 1729 4266 delubrum
1740 4214 1842 4266 Matris
1854 4212 1945 4267 deins.
1977 4214 2007 4263 ln

356 4283 420 4336 dnm
432 4298 467 4336 ex
477 4284 513 4336 lis
523 4284 577 4335 iam
588 4281 675 4333 etiam
687 4278 846 4332 nominibus
857 4278 980 4331 abolitis.
1001 4277 1155 4347 separatim
1209 4280 1327 4347 reliquis
1337 4280 1452 4334 claritas
1462 4282 1560 4350 generi
1580 4298 1635 4334 non
1655 4282 1711 4336 ruit
1729 4282 1824 4336 alicui.
1859 4284 1938 4334 Anno
1953 4279 2008 4332 tuit

357 4359 419 4402 toto
430 4357 552 4405 tractatu
562 4350 702 4405 sententia
713 4350 773 4403 eius
783 4347 933 4400 indicanda
944 4354 996 4411 est,
1004 4355 1034 4400 ut
1042 4349 1070 4401 in
1082 4349 1156 4417 omni
1209 4351 1330 4402 oninium
1342 4365 1474 4417 generum
1485 4353 1607 4415 bonitas,
1628 4351 1661 4403 1..
1674 4353 1786 4418 Opimio
1797 4351 1923 4414 consuls,
1945 4364 2007 4402 cum

358 4433 459 4487 genere
474 4435 635 4483 noscamus,
655 4435 729 4488 quae
747 4419 850 4472 luerint
867 4417 1062 4480 celeberrima,
1083 4433 1156 4470 anno
1208 4418 1386 4472 &Gracchus
1393 4421 1637 4488 tribunusplebem
1647 4421 1834 4473 seditionibus
1845 4426 1957 4488 agitans
1968 4421 2009 4472 in·

358 4491 561 4543 sexcentesimo
582 4488 674 4553 Urbis,
693 4490 770 4543 circa
789 4495 885 4554 captas
907 4486 1102 4556 Carthnginem
1124 4501 1157 4539 ac
1208 4495 1356 4542 tercmtus:
1378 4488 1753 4558 eecaelitempcriesiulsit,
1774 4504 1855 4555 quum
1866 4497 2008 4541 cocturam

359 4552 534 4619 Corinthum,
554 4572 615 4609 cum
635 4572 793 4625 supremum
804 4559 830 4610 is
840 4557 913 4610 diem
926 4557 1010 4621 obiit,
1034 4564 1063 4610 et
1073 4572 1157 4624 quan·
1209 4559 1399 4620 voeunhSnlis
1411 4575 1503 4627 opere,
1511 4560 1601 4611 natali
1611 4556 1875 4610 Urbisncxxxrn.
1887 4554 2009 4611 Durani·

357 4631 417 4674 tum
429 4629 527 4688 postea
537 4625 661 4678 CCXXX
672 4630 752 4681 annis
762 4629 819 4680 rita
828 4627 986 4695 profecerit.
1209 4643 1264 4695 que
1275 4626 1365 4682 adhuc
1380 4630 1446 4680 riou
1456 4629 1583 4680 ducentis
1594 4627 1652 4679 iere
1663 4627 1741 4679 snnis
1750 4624 1771 4687 ,⁸
1781 4626 1836 4675 iam
1848 4626 2007 4692 inspeciem

393 4694 470 4760 Ergo
492 4691 641 4744 deritihus
657 4697 774 4764 uvisque
788 4699 829 4748 ita
848 4695 987 4763 prodidit=
1008 4696 1062 4758 Qui
1079 4695 1156 4746 locus
1208 4696 1326 4751 redacta
1346 4698 1437 4750 mellis
1453 4697 1559 4762 asperi:
1578 4697 1680 4747 etenim
1697 4693 1766 4747 hacc
1784 4700 1885 4746 natura
1894 4697 1968 4748 vinis
1977 4697 2007 4749 in

357 4761 424 4812 rino
435 4762 556 4826 optimus
568 4760 678 4813 dicetur
687 4779 756 4826 esse,
775 4772 805 4817 et
815 4772 942 4819 ostentus
953 4764 1075 4827 Solibus,
1094 4766 1157 4815 ilm·
1208 4772 1352 4818 vetustata
1364 4773 1422 4818 est:
1440 4780 1492 4816 nec
1503 4764 1594 4829 potari
1608 4778 1657 4830 per
1666 4779 1697 4815 se
1707 4770 1823 4831 queunt,
1843 4767 1866 4815 si
1877 4780 1933 4816 non
1942 4781 2006 4833 pes·

357 4830 480 4883 mineum
490 4828 686 4891 minusculum,
705 4833 884 4899 stgeminum
895 4834 1051 4903 eugenium,
1070 4831 1156 4886 helvi·
1209 4837 1304 4887 vincat
1314 4849 1396 4899 aquo,
1413 4848 1501 4900 usque
1512 4832 1764 4884 inamaritudinem
1775 4832 2006 4887 carieindomitn.

357 4898 618 4952 numminusculum
629 4903 779 4952 conserite.
818 4905 872 4968 Qui
887 4905 966 4956 loeus
976 4903 1096 4957 crassior
1106 4909 1156 4953 aut
1209 4902 1264 4957 Sed
1274 4905 1375 4955 ceteris
1385 4901 1455 4953 vinis
1466 4900 1692 4954 commendandis
1706 4903 1822 4955 minima
1832 4903 1929 4973 aliqua
1939 4904 2006 4955 mix·

357 4967 529 5029 nebulosior,
550 4966 723 5021 Ammineum
745 4971 852 5034 maius,
872 4978 920 5024 aut
941 4971 1156 5042 Murgentinum,
1208 4980 1272 5023 tura
1282 4970 1484 5023 medicamenta
1493 4978 1570 5023 sunt:
1591 4972 1678 5038 quod,
1699 4977 1731 5022 ut
1748 4974 1955 5040 eiustcmporis
1964 4988 2009 5025 ae·

358 5037 483 5105 Apicium
500 5036 642 5089 Lucanum
664 5039 761 5090 serito.
799 5041 916 5094 Ceterae
928 5043 1001 5095 vites
1012 5041 1154 5094 miscellae
1208 5042 1371 5093 etimatione
1382 5040 1410 5091 in
1420 5038 1545 5107 singulas
1556 5039 1704 5107 amphoras
1714 5042 1824 5095 centeni
1835 5043 1938 5095 nummi
1948 5048 2005 5093 stu·

357 5107 478 5159 masinae
486 5104 516 5157 is
526 5107 650 5175 quemvis
661 5120 758 5173 agrum
770 5110 944 5161 conveniunt.
962 5112 992 5162 ln
1006 5112 1067 5163 lora
1079 5116 1156 5163 recte
1206 5116 1371 5173 tuantur,ex
1381 5108 1424 5161 his
1434 5116 1627 5170 tamen,usura
1637 5110 1825 5178 multiplicata
1835 5112 2007 5170 semissibus,

356 5175 522 5230 conduntur.
558 5176 635 5238 tinas
655 5176 808 5242 suspendas
824 5174 980 5242 duracium,
999 5182 1156 5232 immineas
1209 5194 1280 5249 quae
1289 5178 1715 5243 unlisnrnrodicaestincmi
1724 5182 1852 5234 camaris
1864 5182 2006 5234 Gennani·

357 5248 492 5299 maiores:
507 5245 552 5296 rel
563 5244 599 5297 ad
610 5245 718 5298 labrum
729 5243 875 5297 lerrarium
887 5261 938 5313 pro
949 5251 1039 5314 passis
1051 5248 1104 5302 hae
1115 5265 1156 5301 re-
1208 5250 1232 5301 ci
1257 5248 1309 5300 fllii
1328 5249 1493 5368 principatu,
1514 5250 1594 5299 annis
1608 5249 1682 5302 CLX
1698 5251 1823 5321 singulas
1838 5252 1935 5303 uncics
1950 5249 2007 5300 vini

356 5320 566 5368 cteserrantur.
602 5315 661 5367 Nec
677 5321 741 5366 sunt
754 5314 909 5368 vetustiora
927 5316 962 5370 de
977 5318 1157 5372 illareLati·
1208 5318 1370 5371 constitisse
1382 5333 1417 5369 no
1437 5318 1468 5369 ili
1479 5317 1606 5384 exemplo
1625 5318 1786 5383 docuimus,
1805 5319 1958 5374 relerentes
1968 5318 2008 5369 ri·

354 5399 408 5438 nae
420 5386 532 5454 linguae
543 5390 705 5452 praecepta:
726 5390 782 5435 tam
794 5396 880 5449 prope
897 5386 933 5438 als
945 5386 1052 5455 origine
1062 5402 1156 5440 rerum
1208 5396 1266 5439 tam
1277 5387 1423 5453 Pomponii
1434 5387 1555 5439 Secundi
1564 5387 1646 5451 ratis,
1662 5405 1831 5457 mecumque
1840 5403 1923 5457 quam
1932 5387 2007 5455 prin·

354 5468 459 5507 sumus.
485 5456 656 5510 Anrmlneam
669 5456 795 5521 proxime
804 5451 918 5516 dictatu,
930 5453 1020 5507 varro
1031 5456 1155 5510 Scantia·
1209 5457 1266 5524 cipi
1284 5456 1329 5509 illi
1349 5455 1435 5508 dedit.
1471 5457 1592 5510 Tantum
1614 5461 1794 5526 pecuniarum
1809 5458 1934 5511 detinent
1948 5456 2008 5508 vini

354 5530 520 5578 uamrocat.
1008 5550 1014 5565 ·
1208 5523 1370 5594 apothecae.
1407 5524 1586 5581 Necaliares
1600 5528 1690 5583 maius
1704 5530 1907 5585 incrementum
1919 5526 2009 5580 metit
