4374 6014
339 308 401 369 342
444 306 475 364 C.
512 302 662 363 PLlNll
698 298 901 362 SECUNDl
937 294 1105 362 Natus
1146 295 1333 358 tiisrott
1370 294 1455 355 aia.
1494 293 1754 381 XXngcril'.
1787 301 1904 360 tals.

344 468 442 507 russas
457 451 633 504 denariorum
649 449 731 501 duum
744 448 877 516 pondere,
891 449 951 516 pari
963 461 1076 515 spumae
1092 443 1138 498 nr·

343 525 431 592 genti,
448 519 698 588 myrrhaeexiguo,
720 517 820 571 deinde
830 519 904 570 rino.
939 516 981 571 lid
993 520 1082 585 ignem
1093 529 1137 566 sn-

346 606 433 653 orum,
454 589 569 641 candido
591 601 706 637 osorum
727 587 796 639 trito
808 602 868 639 cum
880 588 982 653 amylo.
1017 587 1139 636 Aiuntet

344 662 462 712 vulnera
471 656 589 710 candido
600 655 743 722 glutinari,
754 656 931 721 calculosque
941 654 1016 722 pelli.
1052 654 1140 704 Lutea

345 742 458 782 ovorum
471 732 550 777 cocta
560 730 590 775 ut
600 724 916 787 indurescanqadmisto
927 730 1009 768 croco
1021 716 1140 779 modice,

345 801 409 851 item
423 795 542 846 melleet
554 793 627 845 lacte
638 793 761 839 mulieris
770 787 853 849 illita,
874 787 985 837 dolores
996 785 1139 838 oculorum

346 866 483 932 mitigant.
514 862 565 912 Vel
578 873 638 908 cum
650 871 764 908 rosaceo
777 864 806 908 et
817 856 905 908 aruino
918 854 982 906 lana
994 854 1082 905 oculis
1092 854 1140 905 im·

346 934 446 1000 posita,
457 927 501 979 rel
513 942 572 977 cum
587 927 653 977 trito
665 927 721 992 apii
733 927 847 986 semine,
866 939 900 976 ac
910 922 1024 991 polenta
1035 925 1061 974 ln
1072 921 1151 973 mul·-

345 1018 376 1053 so
387 999 470 1050 illita.
506 994 625 1047 Prodest
642 1002 671 1046 et
683 994 866 1046 tussientibus
878 1007 927 1059 per
937 1006 967 1043 se
979 992 1083 1043 luteum
1096 990 1141 1043 de·

345 1075 473 1121 roratum
492 1065 635 1133 liquidum,
655 1064 696 1116 ita
716 1069 747 1114 ut
766 1061 893 1115 dentibus
911 1062 1141 1129 noanttlngatur:

346 1136 469 1189 thoracis
479 1134 718 1195 distillationibus,
729 1130 850 1185 faucium
861 1131 1018 1183 scabritiae.
1049 1132 1141 1182 Prira·

345 1209 394 1260 tim
406 1211 502 1257 eontra
512 1200 754 1255 haemorrhoidum
767 1217 889 1253 morsum
899 1201 1027 1261 illinitur,
1044 1201 1141 1250 sorbe-

346 1284 445 1341 turque
456 1271 577 1325 crudum.
606 1270 726 1322 Prodest
736 1277 765 1324 et
776 1271 895 1332 renibus,
906 1270 1015 1323 vesicae
1026 1269 1142 1319 rosioni-

347 1346 397 1395 hus
410 1339 744 1407 exhulcerationibusque,
759 1347 788 1390 et
799 1347 912 1392 cruenta
924 1338 1141 1391 exscreautibus.

346 1416 475 1480 Quinque
486 1423 600 1460 erorum
611 1408 687 1461 lutea
699 1410 727 1459 ia
740 1409 798 1460 vini
808 1408 918 1460 hemina
930 1407 1016 1459 cruda
1025 1408 1141 1459 sorben-

349 1490 397 1534 tur
408 1479 601 1548 dysentericis,
613 1492 674 1529 cnm
686 1478 778 1530 cinere
790 1478 941 1544 putaminis
952 1478 1004 1539 sui,
1016 1483 1045 1529 et
1056 1490 1141 1543 papa·

347 1552 421 1603 reris
431 1562 512 1600 succo
524 1562 556 1598 ac
566 1548 639 1600 rino.
664 1547 772 1600 Dantur
782 1547 913 1600 coeliacis
925 1562 986 1598 cnm
997 1561 1067 1598 urae
1079 1560 1141 1612 pas-

349 1633 396 1669 sae
408 1616 517 1683 pinguis
527 1616 586 1682 pari
599 1617 729 1683 pondere,
753 1622 781 1671 et
792 1617 938 1677 malicorii,
959 1615 1142 1683 pertriduum

348 1687 445 1753 aequis
466 1687 646 1752 portionibus,
681 1688 719 1738 Et
740 1688 795 1740 alio
816 1686 899 1738 modo
925 1686 1001 1738 lutea
1027 1697 1142 1736 osorum

349 1756 441 1818 trium,
452 1755 524 1805 lardi
535 1756 636 1807 veteris
647 1762 676 1808 et
687 1757 777 1809 meliis
790 1754 1059 1825 quadrantibus,rini
1069 1758 1143 1804 vete·

348 1825 388 1876 ris
399 1823 507 1892 cyathis
518 1825 616 1887 tribus,
633 1825 701 1876 trita
718 1825 753 1876 ad
770 1824 979 1878 crassitudinem
992 1822 1093 1883 mellis,
1115 1826 1144 1871 et

349 1909 410 1944 cum
428 1908 496 1960 opus
513 1894 561 1957 sit,
581 1893 727 1947 avellanae
738 1896 816 1945 nucis
827 1893 1015 1961 magnitudine
1028 1907 1061 1943 ex
1072 1904 1145 1955 aqua

348 1969 426 2028 pota.
463 1962 650 2015 ltemexoleo
669 1964 754 2016 fricta
775 1969 863 2024 terna,
883 1962 951 2013 totis
973 1963 1032 2011 oris
1055 1958 1144 2025 pridie

264 2080 269 2089 ,
350 2030 497 2082 maceratis
509 2032 538 2081 in
549 2039 637 2083 aceto.
675 2031 721 2083 Sic
738 2031 938 2084 etlientericis.
976 2029 1144 2097 Sanguinem

350 2105 443 2161 autern
454 2098 721 2160 reiicientibus,cum
732 2101 820 2151 tribus
828 2097 936 2165 cyathis
946 2099 1040 2149 musti.
1060 2098 1145 2148 Utun-

349 2176 396 2218 tur
408 2166 507 2218 iisdem
519 2166 553 2217 ad
566 2167 691 2229 liventia,
702 2170 725 2218 si
736 2169 892 2220 vetustiora
903 2168 968 2231 sint,
979 2182 1039 2218 eunt
1052 2166 1144 2219 bulbis

349 2251 383 2287 ac
393 2235 483 2287 melle.
519 2233 626 2287 Sistunt
637 2243 666 2287 et
678 2251 784 2289 meuses
797 2237 942 2289 mulierum
962 2243 1050 2297 cocta,
1072 2242 1145 2288 etex

300 2306 303 2313 '
351 2307 413 2356 rino
437 2311 517 2370 potat
539 2309 568 2355 et
582 2303 740 2357 inflationes
761 2321 867 2374 quoque
878 2308 976 2358 vulvae
988 2306 1073 2357 cruda
1084 2319 1144 2356 cunr

351 2373 415 2424 oleo
428 2381 476 2424 aut
489 2371 552 2423 rino
563 2372 647 2424 illita.
682 2374 768 2428 Utilia
785 2384 850 2428 sunt
869 2382 897 2428 et
917 2375 1031 2442 ceruicis
1043 2373 1145 2425 dolori·

350 2443 475 2494 nuscum
487 2441 615 2493 ansemno
626 2442 708 2510 adipe
719 2450 748 2497 et
758 2459 881 2498 rosaceo.
918 2444 997 2498 Sedis
1009 2447 1094 2498 etiam
1106 2444 1145 2507 fl·

350 2511 397 2561 tiis
409 2510 540 2562 indurata
549 2509 617 2578 igni,
628 2518 659 2562 ut
668 2511 761 2567 calore
773 2529 882 2582 quoque
892 2517 1009 2582 prosint.
1032 2515 1068 2566 Et
1079 2528 1144 2564 con·

351 2579 503 2647 dylomatis
523 2594 584 2631 eum
608 2594 731 2635 rosaceo.
768 2584 836 2636 ltem
859 2585 994 2636 ambustis
1006 2582 1106 2634 durata
1116 2581 1146 2632 in

350 2663 431 2717 aqua,
442 2664 506 2702 mox
517 2651 544 2700 in
556 2663 646 2715 pruna
657 2652 847 2718 putaminibus
858 2654 979 2706 exustis:
999 2660 1059 2705 tum
1070 2653 1146 2703 lutea

350 2731 385 2771 cx
394 2732 510 2772 rosaceo
522 2719 678 2771 illinuntur.
714 2721 798 2774 Fiunt
809 2729 837 2775 et
848 2730 911 2775 tota
921 2723 1005 2785 lutea,
1017 2737 1088 2790 quae
1097 2733 1145 2771 ro·

350 2794 415 2839 cant
427 2788 529 2850 sitista,
551 2803 610 2841 cum
622 2791 716 2843 triduo
729 2793 851 2845 incubita
861 2793 1007 2844 tolluntur.
1036 2790 1144 2843 Stoma·

350 2853 429 2908 chum
443 2856 607 2908 dissolutum
629 2861 793 2913 confirmant
806 2862 875 2929 pulli
886 2877 1000 2913 ovorum
1013 2875 1074 2910 cum
1085 2858 1144 2927 gal·

347 2924 393 2976 lae
404 2921 529 2985 dimidio,
537 2924 579 2973 ita
589 2940 622 2976 ne
634 2936 699 2975 ante
709 2930 777 2977 duas
790 2931 873 2977 ituras
885 2930 958 2978 nlius
969 2927 1046 2978 cibus
1054 2942 1144 2979 suma-

348 3001 404 3043 tur.
440 2991 516 3042 Dant
536 2998 564 3042 et
585 2991 768 3059 dysentericis
785 2994 914 3062 pullosin
925 2992 986 3059 ipse
997 3006 1049 3044 ovo
1061 2990 1141 3043 deco·

349 3066 420 3120 ctos,
431 3059 558 3110 admixta
569 3061 623 3110 rini
636 3062 741 3112 austeri
752 3061 870 3124 hemina,
886 3070 914 3113 et
926 3063 985 3127 pari
996 3060 1078 3112 modo
1089 3059 1144 3111 olei

349 3127 545 3194 polentaeque.
581 3127 743 3179 Membrana
769 3131 920 3194 putaminis
941 3131 1066 3179 detracta
1085 3130 1144 3179 sira

348 3196 444 3258 crudo,
455 3195 514 3246 sire
529 3200 618 3255 cocto,
631 3196 768 3247 labiorum
781 3198 884 3248 fissuris
896 3196 1030 3247 medetur.
1060 3195 1144 3246 Puta·

349 3265 432 3316 minis
452 3265 521 3317 cinis
541 3263 569 3314 ia
590 3265 656 3315 rino
678 3273 769 3332 potus,
789 3265 931 3335 sanguinis
948 3266 1145 3331 eruptionibus.

350 3334 479 3386 comburi
491 3335 549 3385 sine
562 3335 723 3386 membrana
741 3342 865 3403 oportet:
887 3335 928 3385 sic
938 3335 970 3385 nt
980 3342 1008 3387 et
1018 3332 1146 3387 dentifri-

349 3404 432 3454 cium.
468 3402 545 3453 idem
556 3404 625 3454 cinis
636 3410 664 3456 et
683 3405 830 3456 mulierum
842 3419 949 3457 menses
960 3419 1021 3456 cum
1033 3401 1147 3470 myrrha

348 3471 439 3522 illitus
449 3472 535 3522 sistit.
570 3471 702 3523 Firmitas
714 3476 882 3540 putaminum
894 3480 975 3526 tanta
989 3479 1041 3535 est,
1059 3480 1090 3524 ut
1101 3488 1145 3524 re·

350 3546 406 3601 cta,
427 3540 525 3600 neeri,
544 3541 794 3605 necpondereuiiu
814 3544 995 3611 frangantur,
1014 3557 1065 3593 nec
1090 3542 1144 3592 nisi

350 3605 495 3672 partiatum
518 3607 621 3660 inflexa
641 3612 823 3665 rotunditate.
850 3615 995 3665 Totaora
1013 3611 1146 3663 adiuvant

349 3679 471 3793 partum,
483 3689 542 3725 cuns
554 3680 626 3738 ruta,
643 3684 672 3729 et
683 3680 794 3741 anetho,
810 3688 837 3731 et
849 3684 958 3733 cumino
969 3687 1060 3746 potae
1073 3680 1145 3729 rino.

372 3741 477 3792 cabrem
487 3755 634 3808 corporum
646 3760 678 3797 ac
690 3750 827 3811 pruritum
837 3751 900 3800 cleu
911 3757 939 3801 et
950 3749 1044 3801 cedria
1053 3750 1146 3799 mixtis

350 3808 465 3861 tollunt.
500 3811 625 3863 Hulcera
637 3827 746 3881 quoque
757 3815 870 3867 humida
880 3819 908 3867 in
928 3818 1031 3883 capite,
1051 3816 1145 3884 cycla-

349 3878 426 3931 mino
438 3877 570 3930 admixtn.
605 3881 646 3931 Ad
658 3883 734 3948 puris
747 3892 776 3936 et
787 3886 928 3953 sanguinis
939 3887 1146 3937 exscreationes

350 3963 434 4003 orum
446 3946 560 3999 crudum
571 3964 633 4001 eum
644 3954 720 4017 porri
731 3954 832 4005 sectivi
841 3969 931 4016 succo,
943 3954 1058 4022 parique
1070 3969 1144 4006 men-

349 4034 416 4071 sura
431 4017 633 4072 mellisGraeci
649 4020 813 4074 calefactum
826 4021 962 4076 hauritur.
997 4022 1107 4074 Dantur
1117 4028 1146 4074 et

349 4088 532 4142 tussientibus
543 4095 623 4141 corta
644 4096 673 4143 et
682 4091 750 4143 trita
760 4108 821 4143 curn
832 4092 924 4155 melle,
945 4098 974 4145 et
985 4092 1072 4145 cruda
1084 4106 1145 4159 cunr

349 4173 432 4226 passo
444 4158 552 4226 oleique
564 4159 624 4225 pari
638 4160 728 4212 modo.
765 4161 950 4214 lnfundnntur
960 4168 989 4215 et
999 4162 1145 4213 virilitatis

349 4229 426 4280 vitiis
442 4228 561 4298 singula,
583 4243 644 4280 eum
661 4233 745 4282 ternis
766 4231 840 4297 passi
862 4231 981 4298 cyathis,
1001 4230 1145 4298 amylique

349 4298 488 4349 semuncia
499 4314 516 4349 a
527 4296 652 4350 balineis.
687 4301 823 4353 Adversus
836 4301 906 4351 ictus
917 4300 1087 4367 serpentium
1099 4314 1144 4351 co·

351 4370 398 4414 ctu
410 4368 530 4431 tritaque
542 4366 650 4417 adiecto
662 4370 799 4420 nasturtio
811 4370 963 4421 illinuntur.
999 4370 1067 4420 Cibo
1078 4375 1145 4435 quot

350 4430 441 4481 modis
462 4433 556 4485 iuvent
576 4442 670 4486 notum
682 4446 734 4500 est,
754 4454 814 4489 curn
834 4444 1006 4489 transmeent
1022 4436 1145 4489 faucium

350 4506 499 4578 tumorem,
519 4502 695 4570 calfactuque
715 4507 807 4558 obiter
826 4506 947 4559 foveant.
984 4505 1086 4558 Nullus
1102 4513 1146 4557 est

351 4564 423 4615 alsus
435 4566 520 4630 cibus,
530 4569 577 4635 qui
588 4570 615 4620 in
626 4574 801 4640 aegritudine
812 4576 879 4637 alat,
891 4588 980 4641 neque
991 4581 1096 4635 oneret,
1106 4574 1144 4624 si·

351 4631 461 4699 mulque
476 4637 531 4686 rim
548 4646 628 4702 potus
647 4655 679 4691 ac
691 4642 745 4694 cibi
755 4642 864 4697 habeat.
899 4643 1105 4694 Maceratorum
1116 4644 1147 4694 in

351 4708 432 4780 aceto
444 4703 547 4755 molliri
559 4706 677 4760 diximus
688 4719 825 4776 putamen.
853 4711 969 4764 Talibus
982 4726 1041 4762 cum
1053 4709 1146 4763 farina

350 4783 378 4818 m
390 4782 487 4833 panem
497 4772 620 4825 subactis
632 4778 749 4832 coeliaci
760 4789 930 4835 recreantur.
966 4778 1084 4843 Quidam
1104 4781 1146 4831 ita

351 4836 476 4889 resoluta
494 4839 522 4889 in
541 4842 644 4907 patihis
664 4853 764 4902 torreri
776 4852 991 4918 utiliusputant·
1028 4851 1088 4912 Quo
1098 4864 1145 4917 ge·

351 4919 418 4956 nere
429 4921 483 4959 aon
495 4907 572 4961 alvos
583 4915 699 4980 tantum,
714 4919 763 4970 sed
775 4926 803 4971 et
812 4934 921 4972 menses
933 4920 1096 4970 feminarum
1109 4918 1145 4968 si·

351 4979 442 5027 stunt:
464 4982 516 5057 aut
523 4977 547 5027 si
557 4981 647 5032 maior
657 4984 694 5034 sit
703 4985 831 5054 impetus,
843 4989 928 5040 cruda
938 5002 999 5040 cum
1010 4984 1101 5038 farina
1111 5002 1146 5039 ex

351 5058 425 5111 aqua
438 5040 609 5125 hauriuntur.
645 5050 681 5101 Et
701 5067 751 5118 per
766 5071 796 5109 se
807 5056 882 5107 lutea
893 5071 927 5109 ex
944 5059 979 5108 iis
990 5054 1104 5107 decocta
1116 5056 1144 5107 in

351 5121 441 5174 aceto,
452 5112 541 5165 donec
550 5114 739 5173 rndttrescaut:
751 5123 904 5191 iterumque
916 5140 975 5176 cum
987 5125 1054 5176 trito
1066 5126 1144 5191 pipe-

350 5189 536 5235 referrentur
547 5181 583 5233 ad
595 5183 761 5241 cohibendas
776 5191 863 5245 alros.
901 5193 948 5244 Fit
963 5199 992 5246 et
1011 5192 1028 5244 d
1050 5201 1144 5246 sente·

352 5253 415 5332 ricis
429 5251 579 5304 remedium
598 5250 747 5319 singulare,
767 5272 818 5311 oro
830 5260 917 5312 eftiiso
929 5262 956 5312 in
969 5211 1049 5314 noui
1062 5277 1143 5325 novo,

350 5322 529 5390 eiusdemque
541 5320 586 5372 ori
596 5334 732 5383 mensura,
743 5331 774 5375 ut
785 5328 862 5390 paria
873 5329 928 5380 siut
939 5332 1040 5393 omnia,
1051 5332 1143 5395 melle,

350 5402 413 5441 mox
424 5400 514 5452 aceto,
530 5390 597 5443 item
610 5389 685 5453 eleo,
695 5390 818 5442 confusis
829 5398 980 5462 crebroque
989 5400 1142 5466 permistis.

349 5454 412 5517 Quo
423 5457 527 5513 fuerint
539 5475 572 5511 ea
582 5458 787 5520 excellentiora,
805 5456 859 5525 hqe
872 5470 1044 5527 praesentius
1055 5483 1143 5521 reme·

349 5522 426 5575 dium
443 5530 505 5580 erit.
541 5528 593 5580 atii
615 5527 709 5581 eadem
729 5536 857 5582 mensura
874 5543 924 5595 pro
940 5531 1003 5584 oleo
1024 5541 1141 5591 etaceto

1191 446 1309 498 resinam
1321 444 1458 494 adiiciunt
1468 443 1622 504 rubentem,
1631 445 1799 513 vinumque:
1820 448 1914 501 et'alio
1928 465 1987 504 mo·

1192 514 1227 566 do
1250 517 1415 579 temperant,
1437 510 1493 561 olei
1514 516 1842 581 tantumnreusurapari,
1861 521 1990 586 pineique

1192 583 1306 634 corticis
1328 580 1433 630 duabus
1455 578 1636 644 sexagesimis
1657 580 1843 647 denariorum,
1864 589 1990 640 ursacius

1191 651 1264 716 quod
1275 649 1353 699 rhum
1363 648 1493 707 diximus,
1511 645 1602 698 mellls
1614 648 1702 701 obolis
1713 652 1833 719 quinque
1844 655 1927 705 siurul
1940 655 1988 708 de·

1193 719 1287 780 ccctis,
1294 717 1337 769 ita
1348 723 1378 768 ut
1389 717 1465 767 cibus
1475 715 1548 766 alius
1558 725 1621 781 post
1631 725 1747 784 quatuor
1757 720 1841 773 horas
1851 730 1990 777 cantatur.

1191 788 1370 839 'l'orrninibus
1390 800 1500 853 qunque
1520 784 1767 852 multimedentur,
1787 791 1990 844 orabinaeurn

1193 856 1253 907 allii
1269 856 1355 921 spicis
1367 861 1488 922 quatuor
1499 868 1554 905 uua
1564 855 1690 919 terendo,
1701 857 1812 924 riuique
1824 856 1935 913 hentina
1946 877 1992 914 ra·

1192 924 1362 986 lefuciendo,
1384 929 1469 991 atquc
1479 923 1520 976 ita
1531 923 1610 990 potui
1625 924 1724 977 dando.
1762 928 1798 979 Et
1813 945 1847 981 ne
1862 931 1928 996 quid
1940 930 1990 983 de·

1193 996 1232 1045 sit
1244 1008 1357 1045 osorum
1367 994 1484 1062 gratiae,
1500 992 1646 1044 candidum
1659 1010 1694 1049 ex
1709 995 1753 1051 bis
1765 996 1918 1049 admixtum
1931 1000 1989 1051 cni·

1194 1063 1220 1114 ci
1232 1063 1309 1114 virae
1327 1061 1449 1129 glutinat
1470 1062 1536 1111 ritri
1556 1061 1719 1128 fragmenta.
1752 1062 1806 1116 Vis
1826 1082 1893 1118 vern
1911 1076 1990 1121 tanta

1194 1137 1250 1194 est,
1270 1138 1301 1182 ut
1316 1130 1420 1198 lignum
1438 1127 1579 1196 perfusum
1596 1146 1649 1183 ovo
1661 1149 1715 1184 non
1727 1133 1835 1196 ardeat,
1856 1149 1888 1187 ac
1898 1151 1930 1187 ne
1941 1153 1987 1189 ve·

1193 1201 1245 1251 stis
1261 1198 1371 1267 quidem
1388 1206 1515 1251 contacta
1525 1198 1667 1251 aduratur.
1703 1201 1747 1253 De
1756 1203 1924 1270 gallinarum
1940 1221 1987 1257 au·

1193 1276 1249 1321 tem
1267 1270 1325 1321 oris
1343 1275 1449 1320 tantum
1463 1267 1548 1319 locuti
1560 1284 1669 1333 sumus,
1689 1285 1750 1322 cum
1772 1279 1801 1322 et
1820 1273 1988 1339 reliquarum

1193 1339 1291 1389 alitum
1312 1346 1416 1389 restent
1425 1351 1553 1421 'magnae
1573 1338 1727 1404 utilitates,
1748 1341 1820 1392 sicut
1841 1344 1898 1393 suis
1919 1343 1988 1395 locis

1224 1423 1325 1458 cenius.

1194 1407 1289 1528 (lym
1306 1474 1454 1530 Praeterea
1474 1481 1519 1529 est
1533 1490 1648 1529 ovomm
1665 1492 1752 1544 genus
1771 1477 1801 1530 in
1811 1493 1911 1549 magna
1922 1479 1988 1535 Gal·

1194 1545 1295 1598 lterum
1315 1546 1397 1608 fama,
1418 1545 1549 1597 omissum
1562 1546 1686 1597 Graecis.
1721 1549 1832 1618 Angues
1853 1551 1988 1604 innumeri

1195 1620 1303 1667 aestate
1314 1616 1463 1677 convoluti,
1482 1615 1578 1667 salivis
1587 1615 1708 1668 faucium
1719 1634 1917 1688 corporumque
1927 1635 1989 1687 spn-

1196 1685 1247 1735 mis
1261 1687 1360 1736 artifici
1373 1684 1515 1750 coinplexu
1528 1684 1727 1751 glomerantur,
1737 1689 1885 1756 anguinum
1897 1687 1988 1756 appel·

1195 1756 1277 1805 latur.
1313 1753 1438 1806 Druidae
1448 1753 1539 1806 sibilis
1551 1756 1578 1806 id
1596 1757 1691 1808 dicunt
1706 1756 1735 1807 iu
1749 1759 1866 1811 sublime
1880 1757 1987 1821 iactari,

1194 1837 1317 1890 sagoque
1338 1829 1467 1890 oportere
1488 1826 1629 1892 intercipi,
1655 1841 1689 1877 ne
1708 1826 1839 1880 tellurem
1861 1831 1986 1893 attingat.

1195 1890 1348 1959 Profugere
1364 1899 1504 1958 raptorem
1521 1908 1604 1961 equo:
1625 1902 1767 1960 serpentes
1784 1897 1856 1948 enim
1872 1895 1988 1962 insequi,

1196 1961 1283 2013 donee
1294 1970 1443 2014 arceantur
1451 1963 1539 2014 amnis
1549 1963 1667 2013 alicuius
1678 1965 1845 2016 interventu.
1875 1964 1988 2033 ls'xperi·

1197 2037 1318 2082 arentum
1337 2033 1398 2083 eius
1419 2047 1488 2093 esse,
1506 2035 1529 2081 si
1544 2040 1641 2083 contra
1657 2046 1743 2100 aquas
1762 2034 1854 2085 fluitet
1863 2034 1907 2085 rel
1921 2047 1988 2084 auro

1197 2102 1327 2151 vinctum.
1357 2105 1454 2167 Atque,
1468 2108 1498 2151 ut
1509 2108 1552 2152 est
1567 2101 1712 2169 Magorum
1723 2103 1839 2154 solertia
1850 2101 1991 2155 occultan-

1197 2169 1239 2219 dis
1249 2168 1393 2221 fraudibus
1403 2185 1500 2237 suges,
1515 2178 1591 2222 certa
1601 2170 1681 2221 Luna
1696 2171 1858 2237 capiendum
1869 2178 1991 2232 censent,

1197 2244 1329 2305 tanquam
1346 2252 1497 2306 congruere
1518 2242 1706 2305 operationem
1726 2256 1785 2293 eam
1806 2242 1991 2307 serpentium,

1198 2307 1310 2358 buareni
1323 2307 1360 2357 sit
1371 2308 1487 2360 arbitrii.
1523 2308 1586 2360 Vidi
1597 2309 1721 2373 equidem
1734 2309 1760 2359 id
1773 2324 1853 2359 orrum
1865 2310 1933 2360 mali
1943 2323 1990 2360 or·

1197 2375 1314 2427 biculutl
1326 2376 1426 2427 arodici
1437 2375 1635 2442 magnitudine,
1641 2383 1734 2428 crusta
1745 2376 1928 2444 cartilaginis,
1934 2376 1993 2427 rel·

1197 2452 1228 2497 ut
1248 2444 1400 2497 acetabulis
1420 2445 1592 2497 brachiorum
1614 2444 1710 2512 polypi
1736 2446 1853 2506 crebris,
1879 2445 1991 2513 insigne

1198 2513 1322 2566 Druidis.
1358 2513 1397 2565 hd
1409 2513 1539 2565 victorias
1550 2514 1650 2574 litium,
1661 2529 1694 2565 ac
1703 2528 1796 2580 regum
1809 2513 1910 2574 aditus,
1922 2517 1991 2565 inire

1196 2584 1341 2636 laudetur:
1359 2589 1454 2636 tantae
1465 2584 1605 2645 vanitatis,
1625 2591 1655 2634 ut
1665 2584 1810 2635 habentem
1824 2583 1852 2633 id
1864 2583 1891 2631 in
1904 2582 1954 2633 lite
1963 2584 1991 2631 in

1197 2654 1259 2706 sinu
1270 2654 1391 2720 equitem
1404 2652 1555 2705 Romanum
1569 2651 1745 2713 eVocontiis,
1771 2651 1861 2702 adiro
1873 2649 1990 2702 Claudio

1197 2725 1322 2789 principe
1333 2723 1509 2773 interemtum
1521 2737 1575 2772 nou
1586 2723 1620 2772 ob
1632 2721 1705 2772 aliud
1715 2722 1809 2771 sciam.
1834 2721 1888 2770 llic
1898 2726 1991 2770 tamen

1198 2792 1357 2858 complexus
1368 2792 1498 2858 anguium
1511 2798 1538 2841 et
1549 2791 1727 2842 efferaturum
1740 2789 1896 2850 concordia,
1908 2802 1991 2839 causa

1199 2860 1302 2912 ridetur
1326 2875 1395 2921 esse,
1418 2874 1503 2927 quare
1514 2867 1626 2911 exterae
1657 2867 1734 2909 entes
1745 2859 1893 2910 caduceum
1904 2857 1931 2906 iu
1944 2870 1989 2922 pa·

1198 2931 1238 2981 cis
1248 2930 1417 2989 argumentis
1437 2928 1634 2976 circumdatae
1665 2930 1710 2992 gie
1720 2930 1848 2995 anguium
1866 2926 1988 2977 fecerint.

1198 2991 1293 3060 Neque
1304 2992 1376 3042 onim
1388 2991 1517 3041 cristatos
1528 3006 1589 3044 esse
1601 2995 1628 3042 in
1640 2997 1759 3045 caduceo
1773 3011 1832 3047 mos
1844 3002 1895 3047 est.

1232 3062 1307 3114 xtit.
1326 3060 1369 3112 De
1380 3074 1507 3112 anserum
1518 3060 1578 3111 oris
1590 3074 1706 3125 magnae
1718 3063 1857 3125 utilitatis,
1877 3065 1989 3133 ipsoque

1197 3144 1295 3183 ansere
1306 3128 1408 3180 dicturi
1417 3127 1470 3180 hoc
1480 3130 1508 3179 in
1518 3129 1667 3191 volumine,
1678 3130 1810 3182 debemus
1821 3131 1951 3183 honorem
1962 3135 1990 3181 et

1197 3200 1444 3265 Commagenorum
1457 3198 1627 3250 clarissimae
1637 3199 1688 3250 rei.
1720 3198 1766 3250 Fit
1778 3215 1811 3252 ex
1824 3199 1904 3265 adipe
1915 3212 1991 3252 anse-

1197 3276 1271 3319 ruin:
1282 3267 1387 3335 alioqui
1398 3266 1568 3320 celeberrimi
1578 3284 1645 3320 usus
1656 3274 1713 3320 est:
1724 3268 1761 3320 ad
1772 3267 1825 3320 hoc
1835 3271 1991 3333 inflamma·

1216 3351 1267 3389 ene
1278 3335 1377 3403 Syriae
1387 3343 1466 3402 parte
1478 3352 1538 3388 cum
1550 3338 1686 3401 mnnamu,
1708 3339 1793 3400 casia,
1811 3339 1905 3404 pipere
1918 3337 1991 3397 albo,

1196 3353 1283 3458 lecha
1300 3406 1697 3473 quaecommagenerueatur,
1718 3407 1826 3458 obrutis
1836 3407 1899 3459 nive
1909 3406 1991 3468 rasis,

1198 3474 1283 3527 odore
1293 3473 1426 3538 iucundo,
1437 3474 1614 3526 utilissimum
1625 3476 1660 3528 ad
1673 3474 1874 3540 perfrictiones,
1886 3474 1993 3526 cousul-

1197 3545 1299 3605 siones‚
1321 3557 1419 3595 caecos
1437 3550 1485 3595 aut
1505 3544 1612 3595 subitos
1624 3544 1745 3608 dolores,
1765 3545 1907 3610 omniaque
1938 3557 1992 3594 uae

1199 3611 1449 3677 acopiscuranture
1472 3619 1639 3679 unguentum
1661 3629 1695 3665 ue
1708 3614 1861 3679 puritanae
1871 3559 1993 3663 melica·

1198 3688 1322 3733 arentum
1334 3687 1386 3731 est.
1404 3682 1449 3731 Fit
1459 3687 1488 3732 et
1499 3682 1526 3732 in
1539 3681 1623 3748 Syria
1634 3631 1689 3733 alio
1701 3682 1792 3740 modo,
1804 3679 1885 3747 adipe
1897 3680 1992 3731 artum

1199 3756 1305 3809 curato,
1315 3754 1347 3800 ut
1358 3748 1486 3811 diximus,
1506 3749 1608 3802 additis
1619 3751 1812 3817 erysisceptro,
1827 3747 1990 3814 xylobalsa-

1198 3834 1253 3882 mo,
1263 3816 1398 3885 phoenice
1410 3817 1492 3882 elate,
1504 3820 1571 3870 item
1581 3816 1875 3884 calamo,singulorum
1888 3816 1992 3883 ponde·

1197 3903 1238 3952 re,
1260 3886 1307 3955 qui
1325 3886 1363 3937 sit
1384 3886 1484 3952 adipis,
1507 3902 1567 3939 cum
1580 3892 1642 3940 vino
1653 3889 1694 3940 his
1705 3884 1991 3938 auttersubferrefa·

1197 3964 1282 4009 ctum.
1292 3953 1339 4006 Fit
1348 3961 1440 4006 nutem
1453 3954 1686 4024 hieme,quonism
1692 3961 1801 4009 aestate
1812 3969 1866 4005 uon
1876 3954 1992 4022 glaciat:

1198 4026 1254 4077 nisi
1269 4032 1383 4092 accepta
1394 4038 1467 4077 cern.
1495 4025 1586 4077 Multa
1596 4038 1741 4093 praeterea
1753 4022 1875 4077 remedia
1883 4030 1946 4075 sunt
1956 4036 1994 4074 ex

1198 4109 1303 4156 ansere,
1319 4091 1404 4160 (quod
1417 4094 1523 4159 miron)
1543 4108 1720 4162 nequequam
1733 4095 1761 4145 in
1774 4093 1873 4160 capris.
1907 4091 1991 4143 Nam·

1198 4179 1251 4230 que
1261 4179 1342 4215 anser
1353 4178 1506 4229 corvusque
1516 4162 1551 4214 ab
1562 4170 1672 4216 aestate
1682 4166 1711 4216 in
1723 4170 1883 4216 autumnum
1894 4162 1990 4213 morbo

1198 4231 1353 4286 conflictari
1366 4232 1501 4283 dicuntur.

1232 4303 1306 4355 xlv.
1327 4300 1369 4353 De
1381 4315 1509 4353 anserum
1526 4298 1639 4365 honore,
1659 4316 1740 4368 quem
1762 4313 1887 4353 meruere
1898 4297 1991 4350 Gallo·

1197 4386 1258 4421 rurn
1279 4371 1308 4421 in
1330 4369 1498 4439 Capitolium
1516 4384 1632 4422 ascensu
1653 4369 1842 4437 deprehenso,
1862 4368 1990 4418 diximus.

1197 4439 1302 4492 Eadem
1325 4438 1359 4490 de
1375 4453 1459 4491 causa
1469 4438 1608 4505 supplicia
1619 4454 1711 4491 annua
1722 4456 1807 4492 canes
1817 4436 1939 4505 pendunt
1950 4436 1992 4485 in·

1197 4516 1242 4559 ter
1252 4507 1347 4561 aedem
1360 4508 1513 4560 luventatis
1525 4515 1553 4560 et
1565 4508 1716 4571 Summani,
1726 4510 1781 4560 riri
1793 4510 1820 4560 in
1833 4506 1912 4559 furca
1922 4516 1993 4554 sam·

1197 4579 1286 4629 bucea
1296 4577 1397 4629 arbore
1408 4577 1465 4629 fixi.
1496 4575 1551 4628 Sed
1562 4579 1643 4644 plura
1652 4578 1687 4629 de
1698 4577 1751 4629 hnc
1761 4577 1875 4628 animali
1886 4574 1939 4625 dici
1949 4584 1995 4623 co·

1199 4651 1267 4711 gunt
1279 4646 1432 4711 priscorum
1445 4659 1545 4699 mores.
1582 4646 1696 4698 Catulos
1717 4645 1852 4695 lactentes
1864 4643 1934 4694 adeo
1948 4655 1994 4707 pu·
2012 4664 2018 4678 ·

1197 4730 1244 4765 rus
1256 4714 1453 4766 existimabant
1462 4715 1498 4767 ed
1510 4716 1647 4775 cibum,ut
1659 4713 1742 4764 etiam
1754 4708 1895 4787 placandis
1907 4708 1995 4760 numi·

1198 4783 1278 4834 nibus
1290 4782 1443 4835 hostiarum
1455 4786 1514 4835 rice
1524 4788 1667 4834 uterentur
1678 4779 1730 4831 his.
1760 4776 1879 4827 Genitae
1891 4775 1994 4830 Manae

1197 4851 1290 4904 catule
1311 4867 1355 4903 res
1377 4851 1472 4901 dirim
1489 4851 1528 4911 tit,
1549 4855 1579 4901 et
1596 4853 1622 4900 in
1635 4845 1820 4899 coenisrleum
1840 4844 1994 4896 etiamnum
2052 4870 2059 4879 ·

1215 4921 1309 4971 unitur
1329 4919 1460 4971 entolina.
1496 4916 1665 4970 aditialibus
1688 4912 1799 4980 quidem
1821 4913 1994 4979 epuliscele·

1196 4937 1271 5039 lrem
1283 4986 1379 5048 fnisse,
1399 4984 1492 5039 Plauti
1502 4987 1613 5038 fabulae
1625 4982 1728 5035 indicio
1740 4985 1814 5032 sunt.
1852 4981 1994 5050 Sanguine

1195 5056 1292 5110 canino
1305 5062 1402 5108 contm
1411 5056 1505 5108 toxica
1515 5054 1582 5106 nihil
1594 5051 1781 5121 praestantius
1790 5055 1899 5119 putant.
1934 5051 1992 5105 Vn·

1197 5125 1326 5178 miriones
1344 5136 1451 5192 quoque
1470 5123 1525 5174 hoc
1544 5122 1646 5175 animal
1656 5128 1829 5174 monstrasse
1839 5120 1943 5172 homini
1953 5118 1993 5169 ri·

1198 5193 1287 5245 detur.
1321 5192 1438 5246 Etalios
1449 5207 1516 5244 usus
1527 5206 1606 5245 exeo
1619 5193 1689 5243 mire
1699 5192 1830 5244 laudatos
1840 5190 1992 5243 referemus

1198 5262 1345 5315 suisloeie.

1232 5329 1292 5382 XV.
1308 5328 1333 5382 1.
1345 5329 1423 5382 Nunc
1434 5329 1469 5380 ad
1481 5333 1616 5382 statutam
1627 5328 1754 5381 ordinem
1765 5340 1919 5395 pergemus.
1938 5323 1992 5374 hd·

1195 5414 1291 5452 sersus
1313 5399 1483 5466 serpentium
1503 5401 1574 5452 ictus
1594 5395 1874 5457 efficacishabentur,
1896 5394 1989 5445 timum

1196 5469 1309 5535 pecudis
1320 5482 1416 5520 recens
1427 5468 1455 5518 in
1467 5468 1531 5520 vino
1548 5467 1691 5520 decoctum
1704 5466 1880 5531 illitumque:
1899 5474 1992 5513 mures

1196 5537 1309 5589 dissecti
1319 5542 1348 5590 et
1360 5536 1494 5604 impositi,
1511 5552 1626 5604 quornm
1637 5544 1737 5588 natura
1747 5550 1801 5586 non
1814 5536 1855 5585 est
1865 5541 1994 5599 spernem
