4330 6014
278 290 310 350 C
354 284 506 349 PLlNll
549 286 760 351 SECUNDl
802 288 971 353 Nerua.
1013 294 1203 359 litarem
1246 292 1414 358 1.1a.1v.
1457 295 1665 363 clar-t.
1720 360 1724 377 ,
1761 299 1804 363 65

139 444 197 496 lasa
207 438 312 493 eirinm
323 436 520 501 Remanmuou
538 442 638 493 ercan
648 436 753 507 oppido
764 437 877 492 Pharia.
901 440 944 495 Ab

136 512 182 565 his
195 512 331 577 Corcyra,
341 506 472 561 Melaena
484 508 688 576 cognominata,
703 523 764 560 eum
776 507 944 562 Cnidiorum

139 580 252 651 oppido,
271 578 359 633 distat
369 576 449 629 XXV
459 578 499 631 M.
510 593 659 644 passuum3
679 579 754 630 inter
769 593 852 646 quam
867 584 896 631 et
906 579 943 635 ll·

138 652 258 719 lyricum
278 650 392 711 Melita,
413 648 485 702 unde
506 647 615 702 catulus
637 648 788 703 Melitaeos
806 648 945 719 appellari

321 844 389 853 -r

999 441 1189 500 Callimachus
1205 454 1305 503 auctor
1324 454 1381 503 est:
1402 447 1457 503 XV
1466 447 1506 501 M.
1517 459 1648 515 manum
1660 445 1695 500 ab
1706 451 1807 502 autres

998 510 1154 578 Elaphites.
1178 517 1208 568 Ie
1220 519 1298 572 lenio
1309 526 1403 574 autem
1415 516 1487 573 mari
1495 516 1531 570 ab
1542 515 1627 570 Orico
1638 516 1679 570 lll
1687 517 1728 573 Μ.
1738 530 1806 586 pu·

998 595 1092 647 suum,
1101 581 1214 637 Smenh
1225 589 1345 655 piratica
1354 589 1476 645 statiorm
1485 593 1562 643 nom.

403 846 411 851 -
421 834 1626 865 &mm-..-

593 972 641 1059 C.
699 970 959 1063 PLlNlI
1016 971 1351 1060 SECUNDI

205 1150 942 1257 NATURALIS

1035 1152 1740 1267 HlsroRlAE

644 1357 1061 1431 'LIBER
1162 1358 1238 1431 IV.

860 1547 1094 1562 m

175 1694 197 1746 Ι.
220 1660 346 1745 Tereus
366 1692 496 1761 Europae
524 1692 601 1744 sinus
620 1690 831 1745 Acrocerauniis
850 1693 950 1760 incipit
1002 1691 1183 1762 Taphiassos.
1211 1697 1248 1747 At
1267 1693 1296 1745 in
1313 1707 1365 1746 era
1384 1691 1609 1760 promontorium
1623 1691 1806 1759 Antirrhium,

138 1762 290 1825 mentibus,
308 1763 404 1816 linitur
415 1764 619 1830 Hellespontos
642 1762 820 1830 amplectitur
835 1770 949 1832 praeter

139 1834 263 1885 minores
283 1833 361 1885 sinus
383 1833 460 1895 XlX,
482 1832 562 1883 XXV
574 1838 691 1886 centena
705 1832 796 1883 millia
807 1846 948 1905 passuum.

137 1903 171 1955 ln
189 1918 223 1955 ae
244 1904 357 1969 Epirus,
376 1902 548 1965 Acarnania,
568 1903 688 1964 Aetolia,
710 1901 817 1965 Phocis,
838 1903 947 1966 Locris,

136 1970 253 2033 Achaia,
265 1971 414 2034 Messenia,
426 1972 559 2035 baconia,
571 1971 690 2039 Argelia,
701 1973 834 2039 Megaris,
843 1972 948 2034 Attica,

136 2040 275 2094 lieentia:
295 2042 454 2108 iterumque
470 2042 527 2093 alie
546 2045 617 2093 mari
630 2042 727 2093 eadam
740 2039 841 2094 Phocis
853 2050 881 2093 et
891 2042 948 2095 Le-

137 2112 203 2173 cris,
216 2111 308 2171 Deris,
319 2108 467 2174 Phthiotis,
478 2110 635 2172 Thessalia,
646 2110 801 2179 Magnesia,
815 2111 948 2165 Macedo·

135 2182 195 2242 nia,
205 2177 337 2232 Thracia.
355 2180 593 2233 OmnisGraeciae
605 2179 781 2241 fabulositas,
791 2182 864 2234 sieut
874 2180 903 2233 'et
915 2180 947 2233 li·

136 2256 261 2301 terarum
278 2249 399 2312 claritas,
417 2265 451 2302 et
463 2248 516 2302 hee
527 2251 644 2317 primum
656 2253 718 2301 sinu
729 2249 844 2302 effulsit.
872 2251 945 2314 Qua·

136 2325 253 2385 prepter
264 2321 292 2370 in
304 2334 337 2371 eo
350 2319 491 2385 paululum
505 2320 747 2372 ceormerabimur.

173 2388 275 2454 lipirea
285 2390 314 2439 in
325 2389 483 2441 universnm
499 2389 655 2456 appellata,
678 2390 892 2443 Acrocerauniis
902 2389 944 2439 ln·

138 2457 206 2524 cipit
217 2459 367 2510 mentibus.
387 2457 417 2509 ln
429 2475 463 2511 ea
473 2459 555 2525 prieti
567 2459 705 2522 Chaones,
716 2476 733 2511 a
743 2460 844 2526 quibus
856 2457 946 2510 Chae·

136 2526 204 2579 uia:
227 2526 290 2578 dein
304 2526 473 2593 Thesproti,
494 2527 709 2592 Antigonensem
730 2529 809 2580 loeus
828 2530 946 2590 Aornos,

136 2601 165 2647 et
180 2595 316 2662 pestilera
335 2597 432 2647 aribus
451 2594 609 2647 exhalatlez
635 2598 764 2656 Cestrini,
785 2595 945 2656 Perrhaebi,

133 2679 256 2730 qnorum
277 2672 359 2715 mons
380 2663 494 2725 Pindos,
515 2664 686 2729 Cassiepaei,
706 2663 846 2729 Dryopes,
867 2662 946 2725 Selii,

130 2733 288 2798 Mellepes,
309 2732 437 2790 Molossi,
458 2730 534 2796 apud
546 2746 616 2796 ques
627 2731 775 2782 Dodonaei
793 2730 947 2783 levistem·

128 2801 226 2869 plum,
238 2799 355 2851 eraculo
365 2799 490 2850 illustret
514 2802 651 2851 Tamarus
662 2813 751 2861 mona
762 2807 872 2851 eentum
884 2799 947 2851 ien-

128 2871 217 2923 tibus
229 2868 304 2919 eirea
314 2867 429 2927 radices,
444 2866 625 2936 Theopompo
637 2868 805 2920 celebratus.

170 2936 277 3002 Epirus
296 2936 360 3002 ipsa
379 2935 413 2988 ad
425 2938 598 3003 Magnesiam
620 2937 870 3005 Macedoniamque
885 2945 946 2990 tan·

134 3007 209 3059 deus
222 3020 239 3056 a
250 3012 331 3071 terge
348 3020 400 3055 sue
413 3005 583 3057 Dassaretas
603 3021 688 3073 supra
708 3006 809 3069 dictes,
827 3009 944 3059 liberum

133 3072 944 3213 alem{aeternaitateminerter.

135 3213 232 3267 fronte
243 3215 394 3282 iunguntur
404 3212 483 3265 Medi
494 3229 527 3265 ae
538 3212 723 3266 Denselatae:
743 3216 842 3282 quibus
853 3213 943 3266 Thra·

136 3298 195 3346 ees,
205 3282 365 3336 adPoutum
375 3298 464 3352 usque
475 3283 654 3349 pertinentes.
675 3283 944 3336 ltasuecinetallbo-

137 3355 234 3422 depes,
245 3369 310 3405 mex
322 3360 350 3405 et
362 3353 464 3406 Maeoni
475 3353 598 3404 saliatur
607 3353 766 3405 excelsitas.

172 3425 206 3474 ln
216 3423 297 3490 lipiri
312 3437 363 3475 era
378 3422 526 3474 castellum
541 3424 571 3473 in
581 3423 794 3474 Acrocerauniis
807 3422 945 3483 Chimera,

137 3493 189 3545 sub
200 3507 234 3544 ee
244 3497 338 3559 Aquae
353 3493 449 3559 regiae
466 3490 539 3542 lens.
568 3493 689 3558 Oppidar
708 3492 883 3551 Maeandria,
895 3495 945 3540 ce·

136 3563 221 3613 abia:
250 3561 352 3614 flumen
374 3561 563 3627 Thesprotiae
581 3560 735 3628 'l'hyamisr
760 3559 870 3611 colonia
890 3557 942 3608 llu-

136 3630 277 3683 throtum:
300 3631 477 3697 maximeque
498 3629 836 3681 nobilitatusAmbracius
858 3629 944 3689 sinus,

135 3700 171 3752 D.
183 3714 257 3767 pass.
272 3697 401 3752 faucibus
411 3700 566 3764 spatiosum
578 3712 611 3748 ae
631 3712 683 3748 uer
693 3697 840 3763 accipiens,
856 3697 944 3764 lengi·

135 3771 242 3821 tudinis
252 3767 377 3820 XXXlX
386 3768 425 3819 M.
438 3781 510 3833 pass.
527 3713 685 3817 latituhinis
695 3765 746 3816 XV
759 3767 798 3818 M.
833 3766 863 3815 ln
879 3781 943 3817 eum

135 3839 262 3892 delertur
272 3838 362 3892 amnis
373 3835 510 3897 Acheron,
525 3837 615 3888 elaeu
630 3833 815 3902 Thesprotiae
825 3834 945 3887 Acheru·

136 3909 179 3961 sla
191 3907 332 3975 prelluens
343 3904 462 3957 XXXVI
474 3906 513 3957 M.
525 3920 598 3973 pass.
610 3905 690 3967 inde,
710 3913 741 3956 et
750 3904 828 3956 mille
840 3906 941 3973 pedum

137 3986 221 4046 pente
232 3977 372 4030 mirabilis
383 3976 476 4027 omnia
485 3990 537 4026 sua
547 3975 719 4026 mirantibus.
749 3975 778 4025 ln
791 3976 852 4025 mou
863 3975 941 4042 eppi-

137 4048 202 4100 dom
213 4046 370 4099 Ambracia
390 4047 578 4098 Molossorum
591 4043 714 4107 llumina,
725 4042 825 4111 Aphas,
837 4046 941 4097 etAra·

138 4115 248 4170 cirthus.
269 4116 372 4167 Civitas
382 4116 543 4168 Anactoria:
557 4114 635 4167 locus
648 4113 793 4165 Pandosia.

173 4187 208 4238 ll.
223 4185 407 4248 Acarnaniae,
424 4198 493 4254 quae
505 4191 587 4235 antea
599 4185 709 4235 Curetis
719 4183 880 4245 recabatur,
892 4198 940 4250 ep·

133 4254 218 4323 pidar
241 4254 380 4317 lleraelia,
396 4254 526 4314 Echinus,
546 4262 575 4306 et
589 4253 616 4303 in
627 4267 676 4306 ere
694 4254 758 4320 ipse
769 4253 942 4304 celoniaAu·

134 4316 220 4392 g‘uati
232 4323 350 4382 Aetium,
368 4339 427 4374 cum
442 4323 547 4390 temple
557 4323 693 4390 Apollinis
712 4322 810 4381 nobili,
832 4337 864 4373 ac
876 4323 943 4373 ciri·

134 4396 203 4445 tate
214 4389 305 4443 libera
316 4392 517 4458 Nicopolitana.
536 4392 672 4459 Egressus
682 4391 745 4441 sinu
754 4390 902 4441 Ambracio
913 4390 941 4439 in

132 4461 248 4514 lenium
280 4461 386 4525 exeipit
409 4460 578 4513 Leucadium
609 4459 693 4510 lituae
721 4458 941 4525 promontorium

133 4530 285 4583 hecates.
313 4530 384 4581 Dein
398 4533 489 4592 sinus,
511 4545 544 4581 ae
560 4528 699 4580 Leucadia
714 4532 776 4594 ipsa
790 4528 943 4594 peninsula,

135 4599 275 4669 medam
288 4598 392 4652 Neritis
403 4600 555 4668 appellata,
576 4613 661 4665 opere
672 4598 829 4649 accolarum
843 4597 943 4649 abacis·

135 4685 168 4723 sa
176 4685 194 4722 a
204 4670 370 4734 continenti,
382 4687 414 4722 ac
425 4670 535 4723 reddita
546 4675 691 4720 rectorum
703 4668 772 4720 llatu
784 4670 941 4735 congeriem

137 4755 238 4793 arenae
259 4741 510 4793 accumulantium:
533 4739 578 4805 qul
600 4738 679 4790 loeus
702 4744 819 4789 recator
841 4736 943 4803 Diory-

137 4816 206 4872 etos,
229 4809 384 4861 stadiorum
401 4808 577 4879 longitudine
592 4809 687 4860 trium.
716 4807 852 4874 Oppidum
869 4807 897 4857 in
909 4820 943 4857 ea

135 4877 257 4941 Leucas,
271 4880 413 4945 quendam
426 4879 554 4931 Neritum
566 4877 679 4929 dictum.
702 4875 812 4927 Deinde
822 4877 941 4927 Acarna-

135 4961 201 4999 aum
218 4947 311 5012 urbes,
330 4950 446 5016 Alysea,
462 4947 584 5009 Stratos,
600 4950 688 5013 Argoa
705 4943 941 5011 Amphilochicum

134 5019 373 5086 cognominatum.
402 5018 498 5069 Amnis
509 5014 646 5069 Achelous
657 5031 672 5066 e
683 5013 771 5065 Pindo
781 5014 880 5075 Duens,
902 5021 943 5067 at·

134 5100 188 5154 que
198 5087 383 5140 Acarnaniam
398 5087 434 5138 ab
445 5086 558 5139 Aetolia
571 5084 713 5145 dirimens,
731 5091 761 5136 et
776 5085 942 5136 Artemitam

134 5154 253 5209 maulam
264 5157 377 5209 assldtm
388 5162 484 5208 terrae
494 5157 604 5208 inrecto
616 5152 769 5206 continenti
781 5162 942 5206 annectens.

167 5225 217 5278 lll.
242 5225 406 5278 Aetolorum
438 5225 535 5292 populi
559 5221 742 5285 Athamanes,
770 5223 943 5291 Tymphaei,

135 5292 258 5362 Ephyri,
279 5296 449 5357 Aeeleosea,
470 5292 635 5355 Perrhaelli,
656 5292 789 5358 Dolopes,
804 5292 942 5353 Maraces,

134 5363 268 5426 Atraces,
289 5365 422 5432 aquibus
437 5371 519 5416 atrax
536 5362 626 5414 amnis
641 5362 718 5413 lenio
735 5362 805 5412 mari
820 5361 942 5414 infundi·

134 5437 188 5483 tur.
217 5434 347 5486 Aetoliae
360 5434 495 5504 oppidum
505 5432 631 5500 Calydon
646 5437 690 5484 est
700 5435 805 5498 septem
819 5430 942 5483 mpura...

151 5502 295 5568 cingentis
306 5518 382 5571 pass.
392 5520 409 5555 a
420 5505 499 5563 orari,
510 5502 591 5554 iuxta
599 5504 723 5555 Euenum
734 5514 838 5553 amncrr

183 5571 279 5637 cynia,
294 5572 450 5640 Molyerla:
471 5570 551 5623 cuius
565 5578 674 5640 atergo
688 5567 814 5622 Chalcisr

167 5638 540 5696 easaetenatone.

1002 1765 1051 1817 ubi
1071 1764 1173 1816 estium
1184 1763 1357 1816 Corinthiaci
1375 1763 1462 1827 sinus,
1481 1761 1572 1815 miens
1588 1763 1807 1832 metaplasmum

1001 1833 1150 1887 latitudine
1165 1832 1318 1897 influentis,
1338 1833 1509 1901 Aetolusque
1529 1832 1686 1887 dirimentis
1698 1848 1715 1886 a
1725 1833 1807 1888 Pele·

1000 1918 1133 1972 menese.
1162 1902 1398 1965 Prementerluro,
1418 1902 1492 1970 qued
1503 1908 1599 1955 centra
1609 1903 1745 1970 precedit,
1760 1918 1808 1972 ap·

1001 1975 1122 2041 pellatur
1132 1971 1232 2023 Rhion.
1252 1971 1306 2025 Sed
1318 1974 1346 2024 in
1354 1971 1530 2025 Corinthiaco
1542 1972 1604 2024 sinu
1616 1972 1716 2042 oppida
1726 1973 1808 2026 Aete-

1001 2046 1065 2104 liae,
1087 2044 1270 2109 Naupactum,
1292 2042 1410 2110 Pylene:
1432 2041 1499 2094 etin
1515 2040 1719 2095 mediterraneo
1729 2042 1809 2095 Pleu·

1000 2129 1060 2173 ren,
1071 2111 1235 2179 liulicyrna.
1253 2111 1365 2164 Montes
1376 2111 1446 2163 clari
1456 2129 1463 2161 r
1474 2111 1503 2162 ln
1515 2110 1643 2175 Dodone,
1653 2112 1807 2164 Temarua:

1000 2183 1029 2235 io
1040 2180 1195 2244 Ambracia,
1218 2182 1333 2233 Crania:
1353 2181 1383 2231 iu
1394 2180 1556 2242 Acarnania,
1569 2181 1760 2248 Aracynthus:
1777 2182 1806 2234 io

998 2251 1119 2312 Aetolia,
1138 2250 1292 2314 Acanthen,
1310 2249 1512 2313 Panaetolium,
1524 2250 1710 2318 Macyniun.

1034 2319 1082 2372 lV.
1103 2319 1227 2372 Proximi
1249 2320 1355 2374 Aetolis
1374 2320 1459 2373 Lecti
1470 2356 1479 2383 ,
1508 2320 1556 2386 qui
1575 2320 1807 2390 cognominantur

999 2389 1116 2451 Ozolae,
1136 2388 1280 2441 immunes.
1300 2389 1439 2456 Oppidum
1452 2388 1589 2442 Oeanthe.
1609 2390 1807 2457 PertusApel·

999 2458 1209 2519 linistaeatii,
1225 2461 1303 2509 alnus
1323 2459 1475 2511 Crissaeus.
1495 2458 1571 2510 latua
1581 2460 1695 2526 oppida:
1719 2461 1806 2527 Argy-

999 2544 1045 2588 na,
1057 2527 1184 2593 Eupalia,
1204 2527 1364 2591 Phaestum,
1384 2527 1559 2580 Calamissus.
1588 2528 1668 2580 Ultra
1679 2526 1807 2579 Cirrhaei

999 2594 1129 2647 Phocidis
1145 2598 1246 2662 campi,
1267 2597 1401 2662 oppidum
1413 2594 1522 2658 Cirrha,
1545 2596 1806 2661 pertnsChalaeoa,

998 2682 1016 2717 a
1026 2679 1080 2729 que
1093 2661 1142 2713 vu
1154 2662 1193 2712 M.
1204 2679 1276 2728 pass.
1287 2667 1424 2717 introrsus
1446 2663 1564 2715 liberam
1587 2663 1720 2731 oppidum
1738 2663 1806 2715 Del·

998 2731 1056 2803 phi,
1077 2732 1232 2782 submonte
1243 2732 1389 2795 Parnasso,
1411 2731 1597 2784 clarissimum
1608 2736 1636 2782 in
1649 2734 1731 2784 terris
1743 2746 1806 2783 era-

999 2798 1216 2867 culoApollinis.
1234 2801 1308 2853 Fons
1317 2800 1466 2863 Castalios,
1476 2801 1721 2868 aurnisCephissus
1732 2814 1808 2867 prae·

999 2872 1087 2923 Auens
1097 2867 1232 2935 Delphos,
1244 2876 1322 2922 ortua
1333 2870 1361 2920 in
1371 2868 1468 2921 Lilaea
1478 2868 1618 2936 quendam
1631 2872 1708 2922 erbe.
1725 2870 1808 2922 Prae·

999 2947 1077 2992 terea
1088 2939 1222 3006 oppidum
1235 2939 1337 3001 Celsae,
1357 2945 1388 2990 et
1402 2953 1463 2989 cum
1475 2938 1643 2990 Bulensibus
1663 2940 1806 3006 Anticyras,

1000 3006 1183 3069 Naulochum,
1200 3007 1316 3075 Pyrrha,
1335 3006 1484 3073 Amphissa
1497 3007 1639 3068 immunis,
1659 3007 1806 3070 Tithroae,

998 3076 1103 3135 Trltea‚
1114 3077 1276 3143 Ambrysus,
1292 3075 1433 3143 Drymaea
1444 3076 1533 3142 regie,
1545 3073 1643 3126 Daulis
1655 3077 1804 3143 appellata.

998 3145 1068 3197 Dein
1082 3146 1109 3196 in
1121 3144 1221 3195 intiare
1241 3147 1303 3196 sinu
1319 3145 1439 3212 angulus
1448 3142 1584 3196 Boeotiae
1606 3143 1722 3196 alluitur
1743 3158 1805 3196 eum

997 3216 1116 3283 oppidis,
1137 3213 1238 3281 Siphin,
1257 3211 1371 3274 Thebis,
1391 3214 1604 3278 quaeCersleae
1626 3229 1660 3267 ee
1682 3215 1805 3266 nemina·

997 3294 1044 3337 tue
1066 3291 1139 3344 suut,
1158 3285 1239 3334 iusta
1258 3282 1429 3333 lleiieeoem.
1459 3282 1588 3333 Tertium
1610 3285 1645 3335 ab
1661 3229 1720 3334 hoc
1736 3284 1804 3335 mari

999 3353 1134 3406 Boeotiae
1145 3349 1276 3417 oppidum
1288 3348 1390 3415 Pagae,
1409 3348 1482 3400 uode
1494 3349 1680 3416 Peloponnesi
1692 3352 1806 3417 prosilit

997 3438 1101 3476 cerrus.

1033 3489 1068 3542 V.
1085 3488 1151 3539 Pele
1173 3500 1299 3551 ennecus,
1316 3486 1460 3553 Apiaante
1476 3487 1617 3554 appellata
1628 3495 1656 3540 et
1668 3487 1805 3558 Pelasgia,

998 3557 1143 3624 peninsula
1154 3502 1227 3606 haud
1239 3552 1289 3605 ulli
1300 3561 1392 3607 terrae
1403 3556 1553 3608 nobilitate
1564 3557 1752 3623 postferenda,
1767 3558 1805 3610 ln·

997 3636 1042 3679 ter
1051 3626 1105 3677 due
1117 3626 1215 3685 maria,
1234 3625 1374 3692 Aegaeum
1385 3631 1414 3677 et
1425 3626 1542 3689 lenium,
1562 3628 1667 3694 platani
1679 3628 1750 3679 lelio
1765 3629 1803 3679 si·

998 3696 1083 3757 milis,
1104 3702 1219 3761 propter
1230 3694 1383 3760 angulosos
1394 3710 1533 3759 recessus,
1556 3697 1678 3749 circuitu
1686 3696 1804 3749 DLXlll

997 3767 1036 3817 M.
1049 3780 1121 3832 pass.
1133 3763 1251 3831 colligit,
1271 3769 1389 3817 auctore
1398 3765 1516 3817 isidore.
1545 3766 1649 3820 liudem
1664 3781 1716 3833 per
1727 3767 1804 3818 sinus

997 3848 1084 3901 paene
1095 3832 1256 3885 tantundem
1267 3833 1372 3887 adiicit.
1399 3836 1561 3903 Angustiae,
1581 3836 1656 3888 unde
1667 3835 1804 3904 precedit,

997 3903 1117 3955 isthmos
1128 3903 1312 3971 appellantur.
1340 3906 1371 3957 ln
1383 3919 1418 3957 ee
1427 3906 1490 3957 lece
1502 3907 1678 3973 errrnrpentia
1688 3922 1704 3958 e
1713 3905 1803 3957 direr-

995 3989 1041 4037 so,
1060 3987 1130 4039 quae
1141 3973 1305 4034 dictasunt,
1319 3975 1420 4036 marin,
1442 3993 1458 4028 a
1470 3976 1671 4041 septemtrione
1686 3981 1714 4024 et
1726 3987 1804 4025 erer-

996 4050 1035 4105 tu,
1058 4044 1120 4096 eius
1140 4058 1248 4095 emnem
1261 4044 1299 4095 ibi
1311 4043 1486 4096 latitudinem
1497 4051 1596 4095 rorant
1608 4061 1615 4107 3
1637 4044 1726 4093 donec
1736 4056 1802 4091 cen·

995 4115 1083 4167 trarie
1104 4114 1216 4165 incursu
1238 4127 1387 4180 aequorum
1410 4119 1561 4174 tantorum,
1584 4113 1611 4162 in
1632 4113 1751 4177 quinque
1764 4108 1802 4159 M.

994 4190 1067 4251 past.
1078 4184 1237 4246 intervallo,
1257 4184 1348 4234 exesis
1361 4183 1501 4248 utrimque
1520 4179 1665 4237 lateribus,
1686 4185 1804 4244 angusta

995 4254 1101 4306 cervice
1112 4253 1334 4319 Peloponnesum
1350 4251 1495 4316 contingat
1512 4246 1620 4298 Hellas.
1649 4243 1803 4299 Corinthia·

995 4338 1042 4374 cua
1053 4322 1125 4383 hine,
1144 4322 1221 4372 illiue
1232 4320 1380 4371 Saronicus
1392 4316 1551 4383 appellatur
1561 4314 1652 4366 ainus:
1675 4313 1801 4369 Lecheae

995 4390 1067 4450 hinc,
1083 4388 1241 4441 Cenchreae
1259 4387 1348 4446 illinc,
1369 4384 1560 4452 angustiarum
1574 4385 1696 4450 termini,
1719 4386 1801 4453 lenge

996 4464 1025 4509 et
1034 4456 1150 4523 ancipiti
1160 4457 1269 4509 navium
1282 4455 1396 4514 ambitu,
1417 4469 1484 4521 quas
1495 4454 1656 4520 magnitude
1669 4456 1801 4525 plaustris

995 4525 1137 4579 transvehi
1158 4524 1302 4592 prohibet:
1325 4536 1404 4588 quem
1418 4524 1452 4575 ob
1474 4539 1583 4577 causam
1595 4525 1743 4595 perfudere
1755 4542 1801 4578 na·

996 4594 1111 4665 rigabili
1132 4596 1211 4645 alreo
1232 4592 1376 4660 angustias
1395 4608 1442 4647 eas
1462 4600 1620 4657 tentavere,
1641 4594 1801 4650 Demetrius

995 4682 1054 4728 rex,
1075 4664 1205 4715 Dictator
1215 4665 1325 4724 Caesar,
1345 4662 1427 4715 Cuius
1439 4666 1575 4734 princeps,
1592 4666 1734 4719 Domitius
1746 4664 1800 4718 Ne-

995 4751 1036 4796 re,
1057 4733 1180 4785 inlausta
1200 4734 1373 4793 (utomeium
1385 4736 1475 4801 patuit
1486 4736 1573 4797 exitui
1590 4734 1712 4803 incepto.
1743 4735 1801 4786 Me·

995 4804 1104 4857 diehoc
1115 4800 1273 4865 intervallo,
1291 4803 1364 4870 qued
1381 4803 1505 4857 isthmon
1518 4804 1728 4871 appellavimus,
1750 4818 1798 4872 ap·

996 4876 1097 4942 plicata
1107 4872 1170 4926 colli
1183 4870 1323 4927 habitatur
1333 4870 1610 4935 celeniaCerinthus,
1619 4871 1801 4947 anteaEphy·

996 4961 1027 4999 ra
1038 4945 1122 5007 dictu,
1143 4941 1289 5008 sexagenis
1301 4943 1334 4994 ab
1344 4949 1464 5013 utroque
1477 4944 1561 4996 litere
1573 4941 1680 5007 stadiis,
1702 4958 1800 4996 esum·

996 5030 1040 5065 nra
1051 5028 1102 5065 sua
1113 5027 1184 5074 aree,
1194 5027 1263 5079 quae
1274 5019 1389 5064 roratur
1399 5010 1626 5077 Acrocorinthos,
1639 5012 1665 5063 ln
1696 5029 1729 5064 ua
1739 5012 1802 5063 iens

995 5084 1105 5146 Pirene,
1126 5080 1236 5133 diversa
1257 5082 1313 5132 duo
1324 5083 1413 5133 maria
1424 5088 1613 5150 prospectans.
1641 5080 1667 5133 L
1697 5080 1802 5136 xxva

996 5155 1034 5205 M.
1048 5167 1117 5218 pass.
1130 5151 1165 5202 ad
1176 5149 1384 5203 Corinthiacum
1400 5154 1490 5204 sinum
1502 5154 1637 5204 traiectus
1647 5158 1692 5207 eat
1702 5151 1801 5211 Patras

996 5220 1158 5274 aLeueade.
1187 5220 1289 5271 Patrae
1309 5219 1427 5284 colonia,
1449 5223 1476 5271 ln
1493 5220 1658 5290 longissimo
1672 5234 1800 5287 promea·

995 5289 1069 5342 torio
1092 5289 1277 5356 Peloponnesi
1297 5287 1418 5350 condita,
1440 5303 1474 5339 ex
1494 5288 1752 5344 adveraeAeteline
1772 5289 1801 5337 et

996 5358 1118 5411 fluminis
1130 5358 1227 5418 Eveni,
1248 5356 1339 5408 minus
1349 5355 1388 5406 M.
1398 5370 1472 5422 pass.
1483 5359 1530 5425 (ut
1539 5361 1645 5412 dietum
1654 5355 1802 5473 arakletus.

994 5427 1070 5479 vallo
1082 5428 1109 5480 in
1120 5430 1188 5496 ipsis
1199 5425 1338 5483 lancibus,
1347 5424 1437 5485 sinum
1450 5419 1696 5482 Corinthiacumb
1723 5416 1804 5477 XXV

1140 5498 1167 5548 'n
1182 5490 1390 5563 longitudinem
1410 5505 1498 5557 usque
1520 5496 1561 5555 aa
1579 5490 1701 5553 letamen
1716 5492 1806 5549 tram·
