4374 6014
287 223 293 236 α
353 289 414 351 358
478 285 511 345 C.
533 282 683 344 PLlNll
715 278 925 341 SECUNDI
957 276 1128 339 NATUR.
1161 275 1353 337 eliseos.
1382 274 1468 336 tta.
1490 272 1628 334 XXXl.
1665 274 1764 335 CAP.
1785 278 1906 340 2228.

356 442 409 491 nit.
445 436 503 489 Nee
514 448 580 488 vero
590 433 671 501 pauci
682 430 755 482 inter
765 430 843 497 ipsus
862 426 1031 481 econtrario
1043 443 1078 481 ex
1088 427 1155 496 gela
1206 435 1278 482 teus.
1315 428 1381 481 Mos
1393 428 1422 479 in
1433 443 1532 496 specus
1542 441 1647 489 mersa,
1669 427 1699 478 in
1711 426 1868 481 Tiburtina
1878 444 1909 481 se
1919 430 2013 496 aperit
2090 420 2097 427 ’

358 524 392 559 ac
401 507 508 558 uiribus
520 502 746 554 insaluberrimos
757 505 839 566 putus
849 497 1154 566 praedicant‚quoniam

359 582 486 628 exactum
497 574 534 624 sit
545 571 617 631 inde,
638 568 712 635 quod
729 568 919 620 tenuissimum
936 567 1031 619 fuerit.
1066 566 1156 617 hliuni

361 653 436 696 certe
448 644 581 709 liquorem
594 652 704 689 omnem
717 637 914 704 carigelatione
930 635 1156 703 deprehenditur,

359 722 388 765 et
399 727 461 764 rore
474 710 558 760 nimiu
570 708 693 760 scabiem
705 706 775 768 lieri,
783 707 883 772 pruina
893 705 1046 768 uredinem,
1055 721 1155 773 cagna-

358 783 396 833 tls
408 788 435 833 et
446 780 513 829 uiris
526 778 625 828 causis.
662 776 774 828 Pluvias
793 775 904 844 quidam
912 790 1001 842 aquas
1011 776 1156 828 celerrime

359 856 517 917 putrescere
529 845 840 912 eanreuit,miuimeque
852 844 955 897 durare
966 847 994 895 in
1002 845 1156 913 nauigatio·

358 934 401 970 ue.
436 916 573 982 Epigenes
584 920 686 975 autem,
697 929 795 980 aquam
808 929 877 981 quae
887 915 989 980 septies
1000 914 1158 978 putrefacta

358 992 477 1053 purgata
487 986 534 1045 sit,
546 982 669 1050 perhibet
679 998 722 1034 aas
727 984 799 1048 plius
810 997 864 1032 uon
880 989 1049 1048 putrescere.
1086 981 1157 1032 Nam

358 1055 496 1107 cisternas
507 1056 591 1105 etiam
605 1052 703 1104 rrredici
715 1052 883 1103 confitentur
894 1048 1018 1110 inutiles,
1030 1048 1094 1100 aleo
1105 1049 1155 1100 du·

357 1124 438 1176 ritias
450 1121 593 1183 facientes,
606 1121 798 1187 faucibusque:
811 1120 896 1172 etiam
908 1118 965 1169 limi
976 1133 1030 1170 non
1042 1117 1105 1169 aliis
1117 1120 1158 1168 iu·

359 1207 420 1245 esse
431 1191 501 1257 plus.
512 1198 560 1241 aot
571 1190 730 1242 auioralium
743 1204 814 1256 quae
826 1188 932 1240 faciunt
943 1188 1076 1251 taedium,
1094 1202 1157 1238 cou-

357 1261 491 1313 fitendum
503 1258 612 1311 hubent.
632 1259 691 1311 Nec
700 1259 798 1310 statim
810 1259 930 1310 amnium
943 1257 1105 1308 utilissimas
1116 1273 1159 1309 es·

358 1346 404 1391 se,
423 1330 506 1381 sicuti
518 1345 568 1380 nec
580 1331 743 1381 torrentium
762 1328 860 1389 ullius,
881 1327 1012 1393 lacusque
1023 1327 1157 1394 plurimos

358 1399 485 1451 salubres
496 1398 622 1449 unanime.
658 1397 800 1460 Quaedam
817 1398 905 1464 igitur
915 1404 944 1448 et
954 1394 1036 1447 huius
1048 1395 1158 1464 generis

358 1468 521 1535 aptissimae
533 1467 605 1518 aliae
616 1466 689 1517 alibi.
717 1465 883 1519 Parthorum
893 1480 973 1534 reges
986 1481 1021 1519 ex
1032 1466 1158 1532 Choaspa

359 1536 505 1589 et'Eulaeo
516 1542 622 1587 tautum
634 1535 743 1589 bibunt:
766 1544 794 1589 et
804 1551 854 1590 eae
872 1538 996 1605 quamuis
1007 1539 1036 1587 iu
1047 1536 1158 1603 longiu-

362 1619 416 1671 qoa
426 1603 594 1657 comitantur
603 1605 675 1657 illos
710 1606 744 1657 la't
755 1606 852 1657 horum
864 1606 975 1672 placere
987 1613 1092 1674 potum,
1104 1619 1158 1656 uon

360 1674 427 1740 quia
436 1674 491 1723 sint
502 1687 604 1735 anincs,
616 1684 744 1740 apparete
767 1676 899 1741 quoniam
910 1691 960 1729 nec
970 1692 985 1728 e
996 1675 1085 1742 Tigri,
1108 1689 1159 1726 nec

358 1740 510 1808 Euphrate,
523 1758 572 1795 nec
583 1760 598 1795 e
611 1744 706 1795 irruitis
716 1743 778 1795 aliis
791 1744 897 1798 bibunt.

395 1812 483 1864 xxti.
502 1811 599 1863 lsiruus
609 1828 744 1880 aquarum
755 1813 852 1865 ritium
865 1820 922 1867 est:
943 1819 967 1866 sl
979 1820 1073 1865 tamen
1084 1812 1157 1865 idem

358 1881 448 1933 amuis
459 1881 589 1946 anguillis
599 1890 723 1947 scateat,
742 1883 916 1936 salubritatis
931 1883 1064 1935 iudicium
1076 1881 1159 1934 habe·

358 1959 418 2000 tur:
430 1950 515 2000 sicuti
524 1951 648 2018 frigoris,
656 1955 746 2004 tirieas
757 1952 786 2003 in
797 1953 877 2003 fonte
885 1953 970 2019 gigni.
988 1954 1057 2004 Ante
1065 1951 1159 2002 ournia

359 2026 452 2069 aretem
464 2019 630 2072 daumantor
640 2036 763 2073 anrnrae:
785 2028 814 2072 et
824 2035 908 2087 quae,
930 2036 991 2072 cum
1001 2021 1158 2083 sorbentur,

359 2086 455 2139 statim
467 2087 595 2153 implent:
614 2090 687 2156 quod
700 2091 791 2142 erenit
803 2091 956 2141 Troezene.
993 2089 1063 2142 Nam
1076 2088 1159 2140 nitro·

359 2171 405 2207 sas
416 2162 500 2222 atque
520 2157 688 2209 salmacidas
703 2159 730 2208 in
749 2157 866 2210 desertis
879 2159 999 2209 Rubrum
1017 2173 1095 2209 mare
1112 2173 1158 2224 pe-

359 2231 462 2286 tentes,
482 2224 578 2277 addita
599 2227 722 2292 polenta,
742 2226 825 2278 utiles
844 2228 920 2278 intra
935 2227 1004 2278 duas
1024 2225 1107 2278 boras
1120 2226 1159 2278 fa·

362 2294 445 2353 ciunt,
457 2296 571 2362 ipsaque
584 2302 732 2347 rescuntur
742 2297 864 2363 polenta.
881 2294 1056 2347 Daumantur
1065 2297 1094 2347 in
1106 2297 1160 2361 pri·

361 2365 414 2412 nris
424 2361 527 2424 fontes,
538 2364 586 2428 qui
599 2378 715 2417 euenum
726 2366 842 2423 faciunt,
853 2366 953 2430 quique
965 2364 1068 2416 nimum
1083 2365 1158 2416 colo·

360 2446 419 2483 rem
431 2431 600 2482 bibentibus:
624 2430 711 2483 refert
722 2439 751 2483 et
762 2432 787 2481 si
797 2445 863 2482 vasa
874 2444 956 2482 aerea
965 2430 1101 2495 inficiunt,
1112 2436 1160 2482 aut

359 2499 386 2550 si
397 2498 538 2565 legumina
550 2499 628 2552 tarde
641 2504 820 2567 percoquunt,
828 2501 855 2550 si
864 2500 986 2566 liquatae
998 2500 1160 2553 leuiterter·

359 2582 420 2619 rans
430 2567 604 2636 relinquunt,
624 2569 809 2636 decoctaeque
822 2569 925 2621 crassis
941 2569 1083 2621 obducunt
1095 2585 1160 2622 rasa

360 2638 469 2688 crustis.
505 2638 556 2689 Est
571 2639 723 2690 etiamnum
740 2640 838 2691 riuum
853 2654 909 2691 nou
924 2637 1048 2692 foetidae
1067 2639 1159 2702 niodo,

360 2720 455 2757 rerum
477 2707 590 2757 omniuo
600 2708 748 2775 quidquam
764 2708 940 2780 resipientis,
958 2709 1109 2761 iucundam
1121 2709 1159 2760 sit

358 2773 432 2826 illud
444 2774 511 2827 licet
522 2785 697 2844 gratumque,
709 2786 737 2829 et
748 2785 779 2830 ut
787 2794 880 2846 saepe,
891 2778 927 2829 ad
938 2778 1064 2832 uiciniam
1077 2777 1158 2829 lactis

357 2842 503 2896 accedens.
538 2847 643 2912 Aquam
664 2846 802 2900 salubrem
819 2849 878 2901 aeri
896 2862 977 2913 quarn
988 2847 1158 2903 simillimam

359 2926 422 2964 esse
433 2920 553 2979 oportet.
591 2916 664 2966 Unus
674 2914 701 2965 in
713 2922 774 2967 toto
787 2918 854 2968 orbe
865 2917 986 2969 traditur
996 2916 1058 2968 fons
1070 2931 1158 2983 aquae

356 2981 479 3034 iucunde
490 2981 590 3034 olentis
603 2984 630 3034 in
641 2984 856 3050 Mesopotamia,
868 2983 1004 3037 Chabura.
1032 2985 1157 3039 Fabulae

356 3054 495 3102 rationem
506 3051 636 3112 afferunt,
647 3053 778 3117 quoniam
789 3070 822 3107 eu
832 3056 902 3105 luno
914 3055 1027 3120 perfusa
1037 3058 1083 3106 sit.
1115 3057 1157 3108 De

358 3126 452 3240 ¹cletlprto
463 3133 596 3187 aquarum
615 3119 769 3174 salubrium
780 3137 865 3189 sapor
875 3123 979 3176 odorve
990 3124 1083 3176 nullm
1095 3140 1157 3178 esse

379 3203 393 3239 e
414 3203 451 3239 e.

394 3257 496 3310 xxiii.
520 3257 637 3321 Quidam
657 3266 765 3316 statera
785 3262 910 3316 iudicant
930 3264 965 3319 de
985 3263 1157 3328 salubritate,

358 3325 513 3380 frustrante
524 3328 681 3399 diligentia,
692 3332 803 3401 quando
816 3349 958 3402 perrarum
970 3342 1058 3396 estut
1070 3335 1158 3387 leuior

357 3396 396 3447 sit
408 3396 510 3465 aliqua.
546 3401 656 3454 Certior
667 3404 819 3467 subtilitas,
838 3405 1001 3472 interperes
1011 3405 1157 3458 meliorem

358 3470 1158 3610 camararustumclausuroa

576 3574 583 3599 l
899 3578 907 3605 f

358 3598 481 3663 humum,
502 3608 646 3681 tepescere
659 3608 806 3664 affirmant.
843 3615 885 3664 lla
896 3628 1014 3679 quonam
1030 3627 1097 3679 ergo
1109 3627 1155 3679 gc·

358 3683 425 3748 nere
438 3683 557 3750 orasime
570 3675 722 3739 probabilis
734 3680 895 3745 contingetl
910 3682 1005 3733 Poteis
1016 3683 1157 3743 rrirsrirum,

357 3745 390 3786 ut
402 3751 428 3817 sn
440 3737 549 3816 oppidis
562 3753 689 3795 constare
702 3746 794 3799 rideo:
815 3747 865 3799 sed
878 3748 929 3810 his,
940 3750 1039 3816 quibus
1051 3750 1156 3801 exerci-

357 3809 473 3857 tationis
483 3807 557 3858 ratio
573 3810 670 3864 crebra
682 3810 783 3865 haustu
794 3818 948 3883 contingit,
968 3817 1055 3869 stilla
1067 3819 1157 3871 tenui·

358 3881 402 3925 tas
414 3873 525 3928 colante
536 3882 621 3933 terra.

393 3941 557 4025 Salubrltati
570 3946 638 4001 haec
647 3950 716 4003 satis
725 3958 798 4004 suat.
819 3953 929 4021 Frigori
940 3960 969 4006 et
975 3957 1101 4021 opacitas
1113 3972 1158 4010 ae·

357 4026 488 4095 camaria,
499 4020 584 4081 utque
596 4020 702 4072 caelum
714 4022 835 4074 rideant.
859 4024 949 4091 Super
960 4026 1053 4075 onruia
1064 4026 1158 4079 obser·

358 4091 436 4134 rutra
447 4085 622 4166 uuaeadem
632 4095 661 4142 et
671 4090 707 4142 ad
719 4094 920 4157 perennitatem
929 4095 1057 4160 pertinet,
1066 4103 1098 4147 ut
1108 4095 1158 4147 illa

357 4152 430 4204 rado
441 4151 555 4203 exsiliat
566 4170 643 4220 vena,
654 4174 708 4211 non
719 4174 734 4211 e
747 4160 891 4214 lateribus.
902 4163 972 4215 Nam
985 4170 1015 4216 ut
1025 4172 1100 4217 tactu
1112 4180 1158 4233 ge·

356 4220 418 4273 lida
430 4220 484 4284 sit,
506 4223 590 4274 etiam
611 4236 671 4280 arte
682 4230 830 4297 contingit:
852 4233 877 4282 si
890 4232 974 4284 etiarn
986 4236 1158 4301 expressain

358 4290 456 4350 altum,
467 4298 517 4345 aut
529 4308 545 4346 c
556 4294 667 4347 sublimi
679 4298 796 4361 deiecta,
806 4302 954 4353 verberato
965 4305 1098 4372 corripiat
1108 4321 1156 4357 ae-

357 4371 414 4437 ra.¹
435 4360 465 4410 ln
487 4361 610 4414 natando
629 4364 737 4430 quidem
753 4370 882 4435 spiritum
894 4372 1099 4425 continentibus
1111 4374 1158 4425 fri·

358 4424 450 4490 grdmr
459 4433 579 4483 sentitur
597 4432 705 4485 eadem.
740 4438 860 4491 Neronis
871 4441 1004 4509 principis
1016 4444 1157 4495 inventurn

360 4493 588 4572 est,'rlecnquere
598 4514 713 4568 aquam,
734 4506 861 4574 vitroque
871 4510 1020 4562 demissam
1035 4513 1064 4563 in
1078 4513 1157 4564 nives

356 4560 534 4643 refrigerare.
571 4569 615 4621 lta
625 4571 752 4637 voluptas
765 4572 878 4641 frigoris
898 4581 1036 4648 contingit
1047 4581 1107 4633 sine
1117 4581 1157 4632 ri·

357 4635 408 4679 tas
430 4643 507 4709 nuru.
544 4636 658 4691 Omuern
676 4641 772 4707 utique
789 4641 931 4699 decoctam
942 4649 1083 4702 utiliorem
1095 4665 1157 4703 esse

359 4705 501 4779 conuenit:
523 4700 591 4755 item
603 4707 767 4762 calefactam
779 4712 866 4777 magis
876 4714 1052 4784 refrigerari,
1071 4719 1158 4770 subti-

357 4765 467 4815 lissimo
478 4778 597 4823 rorante.
610 4773 739 4832 vitiosae
751 4794 839 4846 aquae
850 4783 999 4839 reurediom
1012 4792 1064 4849 est,
1075 4788 1099 4838 si
1111 4787 1158 4841 de·

358 4840 495 4915 coquatur
514 4838 551 4889 ad
568 4840 697 4921 dimidias
706 4857 810 4913 partes.
847 4851 926 4916 Aqua
937 4850 1158 4924 frigidaingcsta

359 4907 470 4954 sistitur
483 4920 604 4975 sanguis.
641 4915 740 4967 Aestus
752 4918 779 4968 in
790 4918 908 4971 balineis
919 4928 1039 4982 arcetur,
1059 4927 1083 4973 si
1093 4928 1157 4991 quis

359 4986 409 5053 ore
419 4978 523 5024 teneat.
534 4977 612 5037 Quae
622 4989 688 5033 sunt
699 4983 802 5037 haustu
813 4985 1021 5056 frigidissimae,
1034 5005 1156 5057 nonper-

357 5040 422 5122 snsle
434 5049 463 5092 et
473 5048 549 5094 tactu
561 5060 631 5105 esse,
653 5050 809 5108 alternante
820 5054 873 5110 hoc
885 5059 967 5122 bauo,
983 5058 1065 5111 multi
1076 5058 1158 5112 fami·

358 5109 424 5163 liare
435 5112 563 5178 exeruplo
574 5114 720 5182 colligunt.

388 5179 495 5261 ⁸illllv.
514 5181 676 5263 clarissima
686 5200 820 5254 aquarum
832 5196 954 5248 oninium
967 5197 993 5248 iu
1005 5204 1067 5250 tntu
1078 5202 1157 5265 orbe,

295 5277 304 5295 .
359 5249 473 5330 frigores
485 5250 715 5322 salubritatisque
727 5259 818 5323 palma
830 5268 1158 5331 praeconiaUrbis,lllar·

358 5332 403 5369 cm
414 5324 466 5380 est,
476 5320 550 5371 inter
560 5321 668 5388 reliqua
678 5324 758 5376 deum
771 5341 882 5384 munere
894 5334 959 5386 Urbi
969 5337 1084 5390 tributa.
1104 5341 1157 5393 Vo-

358 5387 554 5471 cabaturbhacc
564 5391 700 5457 quondam
712 5392 820 5457 Aufeia,
837 5397 900 5451 faus
910 5410 1003 5456 sutem
1012 5407 1073 5473 ipse
1084 5407 1157 5460 Pito-

356 5470 412 5535 arn.
442 5457 538 5509 Oritur
550 5460 577 5510 iu
589 5460 695 5513 ultimis
705 5465 846 5517 montibus
858 5467 1053 5535 Pelignorum:
1068 5484 1157 5530 trans·

357 5530 380 5574 st
390 5522 500 5586 Marsos
510 5533 539 5580 et
550 5528 686 5585 Fucinum
698 5532 804 5598 laeuus,
821 5533 938 5589 Musam
947 5552 1004 5589 nen
1017 5541 1099 5599 dubie
1111 5562 1157 5613 pe·

1208 513 1306 549 uorem
1323 498 1448 550 millibus
1466 512 1538 564 pass.
1556 496 1707 548 ferraricibus
1727 496 1853 548 structis*
1866 499 2010 565 perducta.

1208 567 1319 619 Primus
1336 582 1396 620 eant
1413 568 1441 617 in
1454 566 1554 617 Urbem
1571 565 1672 617 ducere
1689 567 1849 633 auspicatos
1866 569 2011 620 cethaeus

1209 636 1341 699 Marcius,
1352 652 1423 688 auru
1434 652 1449 688 e
1459 634 1581 702 regibus.
1617 634 1719 685 Psrstea
1729 636 1762 697 Q.
1775 634 1899 688 arur-ctus
1910 637 1969 689 ilex
1982 638 2011 703 in

1209 713 1350 773 praetura.
1386 703 1876 773 Rirrsusqoerestitoitltl.Agrippa.

1244 773 1332 826 XXV.
1351 773 1427 826 idem
1436 782 1466 827 et
1474 772 1619 841 Virginem
1631 771 1748 825 adduxit
1759 777 1793 826 ab
1803 777 1895 827 uetari
1908 775 2012 843 lapidis

1211 844 1376 896 diverticulo
1396 844 1503 895 duobus
1519 843 1645 894 millibus
1664 857 1738 908 pass.
1756 843 1937 896 Praenestina
1956 846 2013 896 ria.

1210 917 1291 966 iuxta
1302 920 1345 963 est
1358 913 1552 964 Herculaneus
1564 912 1656 973 rivin,
1678 926 1758 977 quem
1770 911 1910 979 refugiens
1920 913 2013 980 Virgi-

1210 983 1253 1033 nis
1262 995 1364 1032 uomen
1376 981 1505 1032 obtinuit.
1542 983 1650 1032 florum
1662 980 1785 1031 aurnium
1794 985 2011 1047 comparatione,

1211 1050 1369 1103 differentia
1379 1064 1463 1116 supra
1474 1050 1550 1102 dicta
1561 1047 1787 1116 deprehenditur,
1805 1065 1866 1102 cum
1878 1059 2009 1118 quantum

1210 1120 1298 1188 Virgo
1310 1128 1396 1183 tactu,
1407 1128 1514 1171 turrium
1525 1127 1649 1186 praestet
1661 1120 1771 1172 hiereis
1781 1118 1892 1171 haustu.
1921 1119 2011 1182 Quaa-

1212 1206 1294 1257 quam
1316 1189 1460 1256 uttiusque
1480 1189 1535 1240 iani
1557 1189 1665 1256 pridem
1687 1189 1749 1242 urbi
1769 1189 1854 1257 periit
1872 1190 2009 1256 voluptas,

1212 1259 1365 1312 ambitione
1376 1259 1553 1327 avaritiaque
1569 1260 1597 1309 in
1610 1259 1691 1311 villas
1704 1260 1907 1312 acsuborbuna
1916 1260 2007 1311 detor·

1210 1328 1361 1396 quentibos
1372 1329 1509 1394 publicam
1521 1328 1650 1379 salutem.

1246 1398 1347 1450 xxvi.
1362 1398 1425 1450 Nou
1437 1398 1471 1448 ob
1483 1413 1513 1450 re
1523 1398 1568 1459 sit,
1577 1397 1726 1463 quaerendi
1737 1412 1824 1466 aquas
1833 1397 1957 1449 iunxisse
1966 1414 2009 1450 ra·

1211 1467 1323 1520 tionem.
1343 1467 1531 1533 Reperiuntur
1542 1469 1568 1518 in
1578 1466 1753 1518 conuallibus
1763 1467 1892 1528 nrasime,
1904 1475 1933 1518 et
1943 1482 2008 1533 quo·

1211 1537 1274 1588 dam
1287 1538 1472 1589 convexitatis
1492 1537 1619 1597 cardine,
1639 1545 1688 1587 aut
1711 1537 1846 1587 irroutium
1859 1532 2007 1591 radicibub.

1211 1606 1297 1659 Malu
1307 1605 1550 1673 septemtrionales
1561 1606 1662 1672 ubique
1678 1611 1772 1671 partes
1782 1602 1902 1672 aqudsas
1913 1606 2006 1658 eristi·

1212 1691 1333 1728 mouere.
1342 1678 1405 1739 Qua
1416 1677 1444 1727 in
1457 1691 1487 1727 re
1495 1676 1658 1727 uarietatem
1672 1681 1788 1726 naturae
1799 1675 2008 1740 aperuissemu-

1211 1746 1316 1797 reniat.
1352 1747 1381 1796 ln
1401 1746 1540 1813 llys-canis
1556 1744 1697 1796 mantibus
1713 1759 1731 1794 a
1745 1743 1899 1796 meridiano
1919 1744 2008 1797 latere

1211 1830 1264 1867 uon
1278 1813 1356 1881 pluit.
1392 1815 1458 1866 ldeu
1473 1814 1597 1879 silvigeri
1610 1813 1644 1864 ab
1657 1813 1799 1881 Aquilonis
1811 1818 1918 1864 tautum
1930 1820 2007 1879 parts

1210 1891 1283 1935 sunt.
1318 1884 1354 1935 At
1367 1883 1511 1950 Olympus,
1522 1884 1602 1945 Ossa,
1614 1882 1775 1945 Parnassus,
1785 1884 1952 1949 Apenninus,
1961 1882 2006 1934 Al·

1212 1968 1269 2019 pes,
1290 1952 1413 2019 uadique
1424 1953 1587 2013 vestiuntur,
1604 1952 1786 2019 amnibusque
1797 1951 2007 2018 perfunduntur.

1210 2022 1304 2088 Aliqui
1316 2021 1350 2071 ab
1363 2025 1474 2082 Austro,
1490 2023 1561 2072 sicut
1572 2021 1600 2072 in
1611 2023 1694 2072 Creta
1705 2022 1766 2073 Albi
1779 2028 1895 2072 orontes.
1932 2020 2008 2072 Nihil

1212 2090 1998 2225 ⁰‘l02lol⁵⁸ltiuuittitillabit?tillus

1211 2233 1260 2280 aut
1270 2226 1366 2290 herba,
1378 2229 1412 2279 de
1423 2245 1476 2296 qua
1489 2228 1591 2279 dictum
1604 2236 1660 2280 est:
1672 2194 1841 2294 multumqbe
1852 2228 1935 2279 alicui
1946 2195 2009 2279 locri

1213 2305 1325 2362 pectere
1333 2296 1470 2348 incubans
1480 2312 1555 2348 rainu.
1567 2296 1642 2349 Salis
1650 2296 2010 2358 enimerratica,autalnus,

1212 2365 1358 2427 nutriter,
1379 2374 1428 2417 sut
1440 2366 1555 2428 arundo,
1570 2372 1616 2431 aut
1627 2364 1710 2416 edera
1719 2372 1817 2430 sponte
1850 2365 2011 2428 rareniuut,

1206 2440 1240 2485 et
1252 2435 1438 2486 ciarriratione
1448 2450 1538 2501 aquae
1555 2433 1665 2501 pluviae
1680 2436 1708 2484 ia
1723 2433 1815 2483 locum
1828 2379 2010 2485 banniliarem

1212 2504 1429 2570 eruperiuribos
1440 2504 1605 2565 defluentis,
1624 2502 1739 2569 auguria
1757 2502 1861 2553 fallaci.
1898 2502 2011 2554 Certior

1211 2573 1302 2624 multo
1314 2573 1450 2625 nebulosa
1461 2571 1605 2625 exhalatio
1618 2579 1671 2635 est,
1686 2577 1752 2623 ante
1762 2578 1854 2623 ortum
1865 2570 1940 2623 Solis
1951 2572 2009 2622 lan·

1211 2642 1275 2709 gius
1286 2643 1469 2695 intuentibus:
1482 2642 1556 2711 quad
1570 2658 1604 2695 cx
1615 2642 1691 2695 edito
1702 2640 1814 2707 quidam
1822 2641 2010 2707 speculantur,

1211 2711 1292 2779 proni
1303 2719 1405 2764 terram
1415 2722 1510 2765 meato
1521 2715 1688 2781 attingente.
1700 2712 1752 2763 Est
1762 2718 1791 2765 et
1805 2711 1955 2778 pecoliaris
1965 2725 2012 2762 aa·

1210 2781 1337 2833 stimatio
1349 2785 1444 2848 peritis
1458 2790 1563 2836 tanturn
1575 2791 1740 2852 uotaquam
1753 2781 1957 2835 ferventissimo
1965 2795 2009 2832 as·

1211 2857 1256 2902 sto
1267 2859 1429 2917 sequuntur,
1440 2854 1552 2921 dieique
1562 2852 1638 2904 horis
1650 2852 1860 2917 ardentissimis,
1872 2850 1961 2917 qualis
1974 2863 2008 2901 ex

1211 2935 1321 2989 quoque
1333 2920 1394 2973 loco
1405 2936 1583 2987 repercussus
1592 2922 1747 2987 splendeat.
1766 2921 1838 2973 Nam
1849 2920 1874 2971 si
1886 2927 1961 2972 terra
1969 2920 2007 2969 si·

1215 2991 1303 3043 tiente
1314 2987 1450 3040 humidior
1461 2997 1504 3043 est
1514 2991 1572 3053 ille,
1586 2990 1745 3044 indubitata
1756 3006 1820 3057 spes
1831 2989 2009 3057 peonslttitur.

1210 3058 1265 3112 Sed
1278 3066 1357 3110 tanta
1373 3061 1525 3113 intentione
1538 3058 1682 3111 oculorum
1696 3075 1766 3126 opus
1780 3068 1837 3121 est,
1858 3066 1889 3109 ut
1900 3056 2007 3110 indole·

1210 3136 1304 3181 scant:
1327 3127 1400 3196 quod
1420 3129 1557 3197 fugientes
1568 3128 1604 3180 ad
1620 3128 1678 3181 alia
1700 3130 1894 3196 experimenta
1915 3127 2009 3179 decur-

1211 3205 1286 3262 runt,
1305 3198 1370 3251 locu
1390 3198 1419 3249 in
1441 3198 1619 3251 altitudinem
1635 3196 1735 3264 pedum
1752 3199 1876 3264 quinque
1887 3195 2009 3256 defosso,

1211 3269 1332 3335 ollisque
1354 3285 1369 3320 e
1390 3268 1488 3335 figlino
1504 3282 1590 3335 opere
1607 3266 1711 3329 crudis,
1732 3273 1781 3318 aut
1793 3264 2009 3335 perauctapelri

1211 3352 1295 3390 aerea
1315 3345 1465 3405 cooperto,
1493 3338 1660 3403 lucernaque
1681 3336 1796 3388 ardente
1815 3342 2010 3388 concamerata

1212 3406 1364 3469 frondibus,
1383 3408 1449 3460 deiu
1460 3413 1545 3469 terra,
1559 3408 1584 3458 si
1593 3405 1720 3473 figlinam
1732 3404 1875 3457 hunaldum
1886 3411 2009 3473 rupturu-

1210 3492 1252 3539 re,
1275 3483 1324 3528 aut
1334 3477 1364 3528 in
1376 3476 1552 3539 aeresudar,
1571 3475 1617 3527 rel
1627 3474 1813 3528 lucernasine
1825 3473 1938 3526 defectu
1953 3471 2010 3525 alei

1211 3550 1362 3609 restincta,
1384 3547 1526 3598 autetiam
1545 3543 1724 3601 velloslaase
1735 3543 1874 3595 madidum
1887 3545 2011 3608 reperia-

1210 3621 1266 3675 tur,
1287 3630 1341 3666 nun
1361 3614 1444 3668 dubie
1463 3614 1629 3681 promittunt
1644 3628 1740 3679 aquas.
1776 3612 1894 3675 Quidam
1907 3618 1934 3663 et
1944 3610 2011 3678 igne

1210 3684 1288 3750 prius
1298 3691 1459 3751 excoquunt
1468 3685 1655 3748 lucuui,tanto
1665 3681 1817 3734 efficaciore
1828 3694 1956 3732 rasomm
1963 3695 2009 3733 ar·

1229 3761 1350 3805 uniente.

1210 3767 1228 3820 g
1245 3820 1371 3873 xxvio.
1391 3823 1631 3891 'l'errareroipss
1642 3821 1780 3891 promittit
1797 3816 2009 3872 candicantibus

1210 3890 1337 3951 oraculis,
1349 3898 1396 3940 aut
1410 3898 1470 3942 tuta
1480 3892 1574 3957 glauci
1585 3893 1697 3946 coloris.
1733 3891 1764 3942 ln
1776 3889 1857 3955 nigra
1867 3890 1940 3941 eninr
1951 3904 2010 3940 sca·

1208 3960 1347 4027 turigines
1367 3976 1421 4010 aon
1442 3962 1500 4014 fere
1515 3970 1579 4013 suut
1597 3976 1739 4029 perennes.
1775 3957 1915 4027 figularis
1932 3964 2008 4010 crete

1210 4044 1319 4096 semper
1330 4028 1428 4080 adimit
1449 4045 1521 4097 spes.
1557 4031 1617 4085 Nec
1633 4031 1752 4098 amplius
1766 4036 1878 4097 puteum
1890 4026 2009 4089 fodiunt,

1210 4099 1289 4151 coria
1300 4106 1391 4151 terrae
1402 4100 1591 4161 observantes,
1613 4106 1645 4152 ut
1654 4117 1671 4152 a
1683 4103 1766 4169 nigra
1777 4096 1926 4151 descendat
1937 4095 2008 4147 urdo

1210 4182 1295 4234 supra
1305 4167 1403 4220 dictos.
1430 4171 1508 4237 Aqua
1518 4185 1628 4236 semper
1638 4169 1729 4221 dulcis
1741 4169 1770 4219 iu
1781 4168 1915 4235 argillosa
1925 4172 2010 4227 terra,

1211 4236 1343 4305 frigidior
1353 4239 1380 4289 in
1392 4237 1463 4290 tofa.
1500 4239 1626 4306 Namque
1638 4244 1667 4291 et
1678 4237 1723 4290 hic
1733 4239 1875 4306 probator.
1904 4234 2009 4286 Dulccs

1211 4311 1284 4359 enim
1296 4307 1506 4375 levissimasque
1517 4309 1594 4369 facit,
1604 4316 1633 4361 et
1644 4308 1892 4359 calaudocuutinet
1902 4302 2009 4356 sordes.

1210 4374 1342 4429 Sabulunr
1353 4377 1441 4429 exiles
1451 4377 1621 4444 limosasque
1630 4378 1783 4444 pruurittit.
1812 4374 2010 4428 Glareaincer·

1208 4452 1357 4509 terrenas,
1367 4447 1416 4498 sed
1428 4447 1494 4498 boni
1506 4448 1625 4516 saporis.
1663 4445 1798 4499 Sabulurn
1810 4443 1970 4503 asseculam,
1979 4450 2010 4494 et

1209 4521 1342 4576 breomet
1350 4516 1639 4578 carbunculuseertas
1650 4516 1823 4597 stabilesque
1835 4523 1864 4567 et
1874 4512 2009 4565 sunum

1210 4584 1384 4637 Rubrasasa
1394 4586 1662 4653 optimas,·speique
1673 4586 1855 4637 certissimae.
1891 4579 2010 4632 Radices

1210 4654 1344 4706 montium
1364 4670 1491 4718 suasae,
1513 4660 1542 4707 et
1564 4655 1646 4715 siles,
1667 4653 1720 4705 hoc
1740 4651 1859 4716 amplius
1877 4652 2008 4767 rigentes.

1210 4722 1330 4789 Oportet
1348 4731 1440 4776 autern
1462 4724 1635 4775 fodientibus
1651 4719 1824 4773 humidiores
1842 4718 1895 4767 assi
1918 4733 1954 4771 ue
1969 4733 2009 4771 re·

1209 4791 1347 4859 spondere
1357 4792 1463 4859 glebas,
1471 4790 1638 4859 faciliusque
1651 4790 1821 4843 ferranrenta
1831 4784 2009 4841 descendere.

1210 4860 1357 4927 Deprensis
1369 4863 1460 4925 puteis
1471 4858 1634 4926 sulphurata
1645 4857 1688 4909 rel
1700 4855 2012 4910 aluminosaoeeurreu·

1210 4928 1253 4981 tia
1263 4930 1405 4993 putearios
1416 4934 1527 4981 necant.
1562 4929 1789 4993 Experimentum
1801 4922 1882 4976 huius
1894 4926 2011 4993 periculi

1209 5005 1254 5049 est
1264 4997 1385 5048 demissa
1397 4998 1498 5049 ardens
1509 4997 1636 5059 lucerna,
1657 4996 1681 5047 si
1692 4995 1895 5115 exstinguatur.
1932 4998 2010 5050 Tunc

1210 5064 1360 5117 secundum
1371 5074 1485 5132 puteum
1497 5066 1598 5118 dextra
1617 5065 1774 5117 aesinistra
1796 5065 1894 5117 odiunt
1904 5074 2011 5117 aestua·

1210 5133 1262 5194 ria,
1272 5148 1341 5200 quae
1352 5136 1508 5201 graviorem
1520 5135 1598 5187 illum
1609 5133 1727 5187 halitum
1740 5134 1887 5202 recipiant.
1922 5134 1971 5187 Fit
1982 5141 2011 5184 et

1210 5203 1270 5255 siue
1289 5201 1332 5253 his
1353 5204 1429 5254 vitiis
1446 5204 1599 5258 altitudine
1619 5205 1815 5272 ipsagrasior
1835 5219 1901 5265 aer,
1929 5217 2010 5269 quem

1210 5271 1358 5325 emendant
1377 5272 1488 5325 assidua
1514 5272 1666 5327 linteorum
1693 5276 1799 5326 iactatu
1821 5271 2009 5326 eventilando.

1211 5342 1277 5394 Cum
1288 5342 1323 5394 ad
1334 5357 1433 5409 aquam
1445 5347 1558 5394 rentum
1570 5344 1689 5403 estsine
1700 5350 1818 5396 arenata
1828 5356 1900 5408 opus
1910 5343 2009 5407 surgit,

1210 5427 1244 5462 ne
1256 5426 1343 5463 uenae
1354 5413 1544 5465 obstruantur.
1579 5412 1725 5475 Quaedam
1740 5427 1829 5479 aquae
1840 5426 1904 5463 rere
1914 5411 1993 5461 statir

1209 5479 1362 5548 incipiente
1371 5480 1533 5547 frigidiores
1543 5489 1741 5548 coaequarum
1753 5498 1808 5533 nan
1821 5481 1848 5530 in
1860 5481 1917 5531 alto
1930 5480 1970 5531 suf

1209 5556 1266 5602 est:
1287 5548 1409 5603 hibernis
1419 5552 1492 5604 euim
1503 5557 1632 5604 comant
1641 5551 1792 5606 imbribus:
1814 5549 1929 5604 aenean·
