4356 6014
307 321 339 381 C.
366 320 521 383 PLlNll
552 317 768 381 sucortnl
802 317 975 379 Narco.
1010 317 1204 379 ulsrort
1237 319 1326 380 olo.
1353 320 1433 382 XX.
1467 323 1703 388 CAP.18·23.
1758 324 1824 389 247

209 470 311 527 xvrlr.
321 470 360 523 iit
370 468 499 539 qnoniam
510 468 659 537 plerosque
671 467 975 525 similitudomruinnm

175 544 346 597 Graecorum
357 538 697 602 conlundie,con:exinras
710 545 739 597 et
750 539 784 591 de
794 537 975 597 silissedhoe

175 619 220 667 est
236 612 367 680 vulgatae
385 608 515 662 notitiae.
551 607 692 675 Optimum
703 598 890 659 Massilienses:
915 607 973 660 lato

176 683 248 736 enim
269 694 357 749 grano
374 685 402 731 et
418 677 495 733 lulro
513 683 566 728 est.
602 674 756 728 Secundum
771 676 974 744 Aethiopicum,

174 752 291 818 nigrius.
326 748 464 802 Creticum
477 745 703 798 odoratissimum
716 747 847 799 onmium.
884 745 974 798 Radix

176 819 287 875 iucundi
298 819 395 871 odoris
407 823 458 870 est.
477 815 578 868 Semen
589 830 650 867 esse
662 821 689 867 et
700 816 825 867 vultures
836 814 972 875 dicuntur,

176 889 296 945 Prodest
306 886 414 941 honrini
425 885 459 937 ad
473 884 571 937 tussim
582 890 716 947 veterem,
731 892 821 952 rupta,
834 887 974 949 conculsa,

175 961 206 1012 in
218 960 281 1012 vino
296 959 360 1011 albo
372 962 475 1024 potum.
512 954 581 1006 item
594 951 815 1020 opisthotonicis,
832 961 860 1006 et
872 955 975 1006 iocine-

174 1043 235 1081 rum
248 1028 334 1088 vitiis,
346 1035 375 1080 et
386 1022 559 1085 torminibus,
570 1029 598 1074 et
608 1022 912 1090 stranguriaeduarnm
924 1028 972 1074 aut

176 1099 260 1149 trium
281 1097 432 1165 ligularum
451 1106 588 1145 memora.
626 1091 697 1143 Sunt
713 1098 740 1144 et
751 1091 822 1142 lolia
833 1091 922 1156 utilia,
943 1098 973 1142 ut

178 1182 248 1235 quae
259 1174 356 1233 partus
367 1166 499 1218 adiuwot
509 1161 595 1213 etiam
606 1160 822 1228 quadrupedum.
841 1162 904 1212 lice
914 1175 972 1211 ma-

172 1237 250 1291 xime
261 1236 337 1303 pasci
349 1235 476 1287 dicuntur
488 1231 750 1303 cerras-pariturae.
786 1229 934 1281 illinuntur
945 1235 973 1280 et

172 1306 236 1373 igni
247 1319 337 1357 sacro.
367 1303 541 1368 Multumque
553 1298 581 1352 in
593 1297 776 1367 surpmo'cibo
788 1300 974 1351 concoctioni·

176 1374 227 1427 bas
248 1374 366 1435 confert,
385 1372 429 1422 rel
444 1370 524 1432 lolio,
545 1369 590 1422 vel
608 1370 722 1421 semine.
759 1368 972 1435 quadrupedum

176 1454 286 1512 quoqne
299 1442 390 1492 alvum
402 1440 486 1500 sistit,
506 1440 566 1490 sire
578 1438 673 1491 tritum
685 1438 762 1505 potui
772 1436 904 1498 inlusum,
914 1438 973 1489 sire

171 1511 331 1564 mandendo
353 1507 611 1562 commanducatum
631 1508 731 1561 esaie.
766 1506 973 1559 &amororbis

173 1580 273 1633 tritum
284 1578 449 1632 infunditur.

209 1649 286 1700 xlx.
305 1648 384 1715 inula
394 1659 503 1715 quoque
514 1645 642 1699 aieionis
654 1645 897 1709 commanducata,
907 1646 973 1698 deo·

173 1719 392 1777 tescontirmat,
412 1718 435 1767 si
446 1722 477 1767 ut
488 1722 636 1777 erutaest,
655 1721 757 1767 terram
775 1718 985 1784 nonattingat:

175 1786 290 1841 condita
300 1787 398 1837 tussim
409 1784 546 1838 emendat.
573 1783 684 1836 Radicis
694 1798 759 1835 vero
771 1783 903 1837 decoctae
915 1801 975 1837 suc

175 1871 225 1909 cus
235 1858 321 1908 tineas
332 1854 428 1923 pellit:
438 1857 558 1906 siccatae
569 1859 663 1906 autem
674 1853 703 1904 in
713 1855 810 1905 umbra
821 1854 974 1906 farinatus·

173 1926 209 1987 si,
221 1934 250 1979 et
261 1924 408 1987 convulsis,
423 1928 451 1973 et
462 1921 658 1984 inflationibus,
678 1929 707 1974 et
716 1924 827 1975 arteriis
837 1923 975 1976 medetur.

174 1993 383 2047 venenatorum
396 2008 502 2044 morsos
514 1992 610 2060 abigit.
646 1991 731 2045 Folia
748 1993 975 2047 exvinolnmba-

174 2077 237 2118 ram
249 2063 340 2117 dolori
349 2062 506 2113 illinuntur.

209 2132 272 2185 XX.
291 2134 400 2199 caepae
410 2132 554 2183 silvestres
564 2144 619 2181 non
630 2135 703 2183 sunt.
739 2128 855 2183 Sativae
866 2128 972 2183 olfactu

175 2208 238 2271 ipso
250 2208 278 2254 et
290 2201 518 2253 delacrimatione
530 2200 644 2268 caligini
654 2198 809 2263 medentur,
826 2200 915 2267 magis
925 2215 973 2251 re·

174 2272 295 2326 rosacei
306 2272 475 2322 inunctione.
512 2268 643 2323 Somnum
659 2268 744 2322 etiam
757 2269 850 2321 lacere
860 2268 976 2319 tradun-

175 2348 231 2404 tur,
242 2348 271 2393 et
284 2340 396 2393 hulcera
409 2340 466 2391 oris
477 2353 587 2402 sanare,
599 2338 845 2391 commanducatae
855 2353 917 2389 cum
928 2351 976 2404 pa·

173 2425 219 2463 ne.
237 2410 273 2461 ot
284 2410 359 2461 canis
369 2423 489 2471 morsos,
499 2407 604 2461 virides
616 2424 651 2461 ex
661 2415 741 2459 aceto
754 2407 852 2466 illitae,
864 2412 912 2457 aut
924 2406 976 2457 sic·

175 2493 225 2532 cue
238 2494 299 2530 cum
311 2479 394 2532 melle
407 2485 435 2531 et
446 2472 524 2540 rino,
545 2478 588 2528 ita
598 2484 629 2528 ut
640 2484 703 2543 post
713 2475 786 2528 diem
797 2475 911 2527 tertium
922 2474 976 2525 sol·

174 2553 284 2601 vantur.
321 2548 368 2600 Sic
379 2554 408 2599 et
418 2548 516 2597 attrita
527 2552 635 2596 sanant.
672 2546 786 2595 Coctam
802 2544 829 2594 in
842 2542 935 2594 cirrere
948 2547 976 2591 et

174 2614 319 2684 epiphoris
329 2615 408 2665 multi
420 2614 575 2680 imposuere
586 2629 646 2664 cum
662 2612 752 2663 lerina
764 2610 928 2672 hordeacea,
948 2617 977 2662 et

172 2685 340 2755 genitalium
359 2680 528 2732 hulceribus.
564 2680 653 2730 Suceo
671 2685 700 2731 et
717 2681 863 2731 cicatrices
881 2680 974 2730 oculo·

172 2768 247 2815 rum,
269 2757 299 2802 et
309 2751 471 2816 albugines,
491 2753 519 2799 et
529 2763 643 2816 argema
654 2749 804 2800 inunxere:
825 2755 976 2814 etserpen·

172 2824 244 2875 tium
257 2834 376 2883 morsos,
387 2823 414 2871 et
426 2818 518 2869 ournia
527 2819 641 2870 :ulnera
651 2833 712 2868 eum
724 2817 815 2870 ancile.
844 2818 913 2869 item
926 2832 974 2867 au-

171 2889 326 2945 ricularum
340 2904 401 2940 cum
413 2889 484 2940 lacte
495 2886 654 2939 mulierum:
666 2893 695 2938 et
705 2886 733 2937 in
745 2885 843 2938 iisdem
851 2886 972 2937 sonitum

171 2976 207 3013 ac
216 2958 383 3028 gravitatem
397 2956 585 3019 emendantes,
607 2971 668 3007 cum
682 2954 763 3022 adipe
773 2955 912 3017 anserino,
927 2960 975 3004 aut

173 3044 235 3083 cum
249 3027 331 3080 melle
342 3027 494 3081 stillavere.
530 3027 567 3077 Et
578 3039 612 3078 er
628 3039 701 3091 aqua
710 3024 859 3076 bibendam
873 3023 974 3075 dedere

172 3103 287 3166 repente
298 3094 563 3148 obmutescentibus.
586 3095 617 3165 lo
629 3094 727 3146 dolore
738 3108 847 3161 quoque
859 3091 893 3143 ad
907 3092 972 3144 den·

173 3175 217 3220 tes
247 3164 411 3217 colluendos
438 3164 628 3227 instillavere,
660 3169 689 3216 et
710 3162 799 3230 plagis
820 3162 972 3215 bestiarum

173 3230 304 3297 omnium,
324 3233 454 3300 privatim
464 3233 651 3301 scorpionum.
688 3231 832 3299 Alopecias
844 3230 972 3297 fricuere,

173 3313 202 3357 et
214 3319 323 3372 psoras,
339 3304 409 3354 tusis
421 3302 522 3368 caepis.
559 3303 659 3353 coctas
670 3299 854 3367 dysentericis
864 3315 974 3353 vescen-

173 3375 224 3427 das
236 3372 347 3434 dedere,
356 3377 384 3423 et
396 3376 493 3423 eontra
505 3370 660 3422 lumborum
672 3370 799 3423 dolores:
811 3385 973 3438 purgamen·

170 3449 203 3496 ta
224 3457 332 3511 quoque
352 3454 447 3491 earum
473 3447 594 3492 cremata
608 3441 636 3489 in
653 3438 773 3491 cinerem
784 3440 927 3492 illioeotes
938 3452 972 3490 er

173 3516 252 3566 secto
264 3510 437 3579 serpentium
450 3508 596 3571 morsibus,
617 3509 744 3575 tepisque
760 3508 929 3576 multipedae
939 3522 973 3560 ex

172 3588 261 3636 aceto.
299 3581 417 3649 Reliqua
426 3579 500 3633 inter
511 3579 633 3630 medicos
645 3578 718 3630 mira
728 3577 881 3629 diversitas.
907 3578 972 3630 l’ro-

170 3652 242 3706 rimi
252 3649 336 3703 utiles
348 3666 409 3703 esse
421 3649 591 3716 praecordiis
603 3653 632 3699 et
643 3648 816 3704 concoctioni
823 3683 832 3711 ,
852 3644 973 3698 inllatio·

172 3736 299 3787 nemque,
311 3726 340 3772 et
351 3720 428 3772 sitim
441 3718 532 3771 iacere
543 3717 682 3769 dixerunt.
710 3716 880 3784 Asclepiadis
892 3713 971 3768 scho-

172 3791 210 3854 la,
221 3790 256 3841 ad
268 3789 389 3843 colorem
401 3804 510 3856 quoque
522 3786 644 3838 calidum
656 3787 754 3854 prolici
765 3784 819 3837 hoc
829 3785 898 3837 cibo.
935 3785 973 3835 Et

173 3861 197 3912 si
210 3856 296 3911 ieirlni
309 3858 434 3928 quotidie
445 3859 543 3919 edant,
564 3856 725 3909 firmitatem
746 3854 914 3908 valetudinis
926 3869 973 3905 cu·

173 3928 290 3982 stodiri:
312 3926 455 3979 stomacho
476 3926 560 3979 utiles
572 3942 633 3979 esse
643 3962 651 3989 ,
670 3926 787 3994 spiritus
804 3925 972 3992 agitatione:

173 4005 299 4050 uentrem
315 3996 443 4061 mollire,
463 3994 691 4049 haemorrhoidas
707 3994 826 4063 pellere,
846 3994 971 4045 subditas

172 4081 224 4135 pro
236 4066 355 4120 balanis:
366 4082 478 4131 succum
489 4080 549 4117 cum
562 4080 645 4116 succo
657 4064 787 4116 foeniculi
799 4068 896 4115 eontra
907 4062 973 4112 inci-

173 4136 283 4203 pientes
294 4134 460 4204 hydropises
472 4137 541 4186 mlre
556 4135 700 4201 prolicere.
736 4134 806 4184 item
818 4138 917 4184 contra
927 4147 973 4181 an·

174 4209 261 4274 ginas,
271 4220 330 4254 cum
343 4210 406 4255 rota
417 4212 447 4254 et
457 4204 550 4254 melle.
588 4200 714 4253 Excitari
725 4201 829 4252 eisdem
841 4198 972 4265 lethargi·

174 4290 229 4327 cos.
256 4273 353 4333 Varro,
364 4285 434 4336 quae
445 4271 505 4323 sale
516 4276 545 4322 et
556 4276 636 4320 aceto
648 4270 722 4337 pista
732 4276 775 4322 est
787 4268 973 4334 arelactaque,

173 4341 330 4395 vermiculis
341 4353 395 4388 non
405 4338 531 4389 infestari
544 4344 642 4388 auctor
653 4346 704 4389 est.

205 4410 284 4462 xxi.
303 4406 419 4477 Burrum
437 4409 569 4473 sectivum
586 4406 723 4473 prolluria
739 4404 883 4473 sanguinis
897 4403 973 4456 sistit

172 4483 201 4533 in
218 4472 345 4532 naribus
356 4474 474 4528 contrito
495 4491 529 4527 eo
549 4472 702 4538 obturatis,
719 4475 761 4527 ccl
774 4475 864 4540 gallae
876 4474 973 4535 misto,

174 4557 222 4603 arrt
245 4553 368 4599 mentae:
389 4545 456 4598 item
477 4560 510 4610 er
527 4546 627 4596 abortu
642 4543 790 4612 profluvia,
810 4551 877 4610 poto
889 4556 972 4594 socco

176 4635 236 4671 cunr
247 4619 321 4670 lacte
332 4615 487 4668 mulierum.
523 4615 606 4666 ‘russi
621 4615 705 4666 etiam
718 4613 815 4673 veteri,
831 4627 864 4664 ac
876 4620 971 4678 pecto-

175 4690 214 4740 ris
236 4694 264 4739 et
276 4686 414 4754 pulmonis
432 4684 510 4735 vitiis
524 4685 658 4735 medetur.
694 4681 865 4733 illitisloliis
876 4696 973 4731 sanan·

175 4765 221 4808 tur
232 4762 260 4807 et
270 4757 411 4817 ambusta,
432 4758 461 4805 et
472 4752 658 4821 epinyctides:
683 4750 724 4802 ita
739 4757 857 4802 vocatur
868 4750 972 4812 hulcus,

175 4841 245 4895 qnae
258 4832 285 4878 ct
296 4840 381 4893 syce,
400 4824 427 4874 in
440 4823 542 4891 angulo
555 4822 628 4873 oculi
642 4827 777 4889 perpetuo
790 4819 906 4871 humore
918 4834 974 4869 ora·

175 4910 253 4946 nans.
288 4894 404 4958 Quidam
422 4893 519 4944 eodem
537 4894 648 4942 nourine
666 4891 805 4958 appellant
816 4889 930 4955 pusulas
942 4889 971 4940 li·

174 4970 276 5025 rentes,
288 4978 320 5014 ac
331 4962 458 5015 noctibus
469 4961 664 5028 inquietantes.
678 4961 713 5011 Et
725 4959 782 5010 alia
792 4957 972 5011 hulceracum

175 5033 257 5085 melle
275 5032 357 5085 trito:
376 5029 423 5083 vel
442 5030 597 5083 bestiarum
615 5042 723 5080 morsus
738 5044 773 5080 cx
789 5036 883 5080 aceto:
905 5030 972 5079 item

175 5102 352 5169 serpentium.
388 5100 501 5151 humum
521 5114 587 5150 rere
606 5098 674 5149 vitia
689 5113 749 5149 eum
766 5096 834 5150 felle
850 5097 973 5164 caprino,

173 5171 218 5222 rel
230 5174 288 5238 pari
307 5184 437 5221 mensura
452 5169 546 5220 mulsi:
569 5166 703 5219 stridores
720 5183 781 5219 eum
793 5168 865 5221 lacte
876 5168 973 5220 mulie·

174 5240 224 5293 ris:
237 5241 336 5308 capitis
348 5238 468 5302 dolores,
479 5238 504 5289 si
517 5240 543 5288 in
556 5250 636 5289 nares
645 5236 784 5300 landatur,
797 5238 973 5289 dormituris·

173 5325 215 5371 re,
235 5311 264 5363 in
277 5324 369 5362 aurem
382 5308 488 5361 dnobus
500 5307 575 5359 succi
586 5305 787 5370 cochlearibus,
803 5322 858 5359 uno
870 5307 971 5359 mellis.

175 5378 277 5431 Saccas
288 5386 316 5432 et
328 5378 363 5429 ad
375 5381 544 5445 serpentium
552 5378 859 5447 scorpionumqueietus
867 5376 972 5427 bibitor

175 5462 234 5501 cnm
247 5463 343 5513 mero,
363 5448 436 5498 etad
448 5447 603 5498 lumborum
618 5447 731 5500 dolores
742 5461 802 5499 cum
815 5447 870 5495 vir‘
883 5443 956 5464 μ’

173 5531 206 5567 na
220 5524 310 5584 potus.
343 5516 510 5582 Sanguinem
522 5531 587 5567 vero
599 5518 807 5570 exscreantibus

171 5586 219 5649 eis,
230 5584 461 5639 distillationibus
472 5583 573 5651 longis,
590 5586 632 5637 vel
645 5602 750 5652 succus,
761 5584 805 5639 rel

1028 471 1080 523 bas
1091 468 1215 537 prodest.
1250 471 1320 524 ilem
1330 472 1429 527 morbo
1438 473 1527 542 regio,
1536 474 1581 528 vel
1593 474 1761 543 hydropicis.
1787 476 1827 530 iit

1029 540 1064 591 ad
1086 554 1182 593 renum
1206 539 1333 605 dolores,
1354 556 1416 593 eum
1435 544 1564 609 ptisanae
1583 560 1665 598 succo
1687 546 1826 599 acetabuli

1028 622 1165 660 messura
1200 608 1278 662 idern
1297 610 1397 663 modus
1416 626 1476 662 cum
1492 612 1583 674 melle,
1602 615 1698 669 :ulvas
1713 625 1823 683 purgat.

1027 678 1190 729 Esturvero
1202 685 1231 729 et
1247 685 1346 732 eontra
1365 680 1513 748 longorum
1530 697 1649 734 uenena:
1671 685 1824 751 imponitur

1028 755 1058 803 et
1068 744 1239 798 vulneribus.
1250 746 1388 800 Venerem
1400 751 1534 813 stimulat,
1544 751 1619 803 sitim
1632 752 1722 805 sedat:
1734 755 1824 807 ebrio·

1027 821 1103 867 tates
1113 813 1237 866 discutit.
1274 815 1329 868 Sed
1340 817 1482 873 oculorum
1494 821 1582 873 aciem
1594 819 1726 875 hebetare
1738 823 1824 875 tradi·
1843 845 1854 851 -

1027 892 1088 936 tur:
1109 883 1285 938 inllatioaem
1298 899 1404 953 qaoque
1416 884 1518 950 lacere,
1537 903 1607 955 quae
1618 898 1710 943 tamen
1722 898 1824 944 stoma·
1873 888 1878 893 ’

1027 953 1079 1005 eho
1089 969 1142 1075 Ἥ]
1152 961 1261 1075 ptoceat,
1275 960 1453 1023 ventremque
1464 957 1580 1011 molliat.
1614 958 1684 1013 Voci
1696 959 1824 1027 splendo-

1025 1038 1084 1076 rem
1135 1039 1150 1076 e
1181 1059 1188 1074 .

1060 1092 1148 1145 xxo.
1168 1092 1296 1158 Capitate
1309 1091 1398 1143 maior
1408 1097 1452 1144 est
1463 1092 1499 1143 ad
1510 1094 1606 1147 eadem
1618 1084 1741 1149 eliect'us.
1757 1098 1825 1149 San·
1872 1092 1886 1139 i

1025 1164 1137 1231 guinem
1149 1161 1340 1214 reiicientibus
1351 1176 1449 1212 suecos
1460 1163 1519 1213 eius
1531 1178 1590 1215 cum
1601 1167 1694 1232 gallae
1704 1175 1753 1218 aot
1763 1167 1824 1219 thu·

1026 1233 1066 1283 ris
1078 1231 1176 1293 farina,
1187 1230 1232 1282 vel
1243 1230 1347 1292 acacia,
1358 1231 1448 1282 datur.
1464 1231 1648 1298 Hippocrates
1659 1242 1687 1288 et
1697 1237 1757 1289 sine
1768 1237 1825 1288 alia

1026 1300 1150 1351 mixtura
1171 1298 1232 1352 dari
1252 1298 1342 1351 iubet:
1365 1299 1515 1368 vulvasque
1536 1309 1693 1357 contractas
1715 1309 1827 1372 aperire

1026 1376 1120 1438 putat:
1139 1367 1355 1423 foecunditatem
1371 1369 1456 1421 etiam
1467 1369 1631 1423 sentinarum
1643 1371 1695 1427 hoc
1705 1375 1767 1427 cibo
1779 1392 1825 1427 au·

1026 1440 1095 1508 geri
1132 1439 1288 1493 contritum
1300 1454 1335 1491 ex
1346 1438 1429 1492 melle
1442 1438 1555 1491 holcera
1570 1449 1676 1506 purgat.
1711 1445 1823 1496 'l'ussim

1027 1516 1056 1560 et
1066 1506 1263 1560 distillationes
1276 1506 1412 1571 thoracis,
1432 1508 1570 1577 pulmonis
1590 1516 1618 1561 et
1627 1512 1745 1566 arteriae
1754 1514 1825 1565 :itia

1026 1583 1124 1641 sanat,
1143 1576 1238 1630 datum
1259 1578 1287 1628 in
1304 1577 1461 1630 sorbitione
1482 1580 1622 1644 ptisanae:
1642 1580 1685 1631 vel
1702 1580 1824 1644 crudum,

1027 1653 1137 1715 praeter
1147 1646 1249 1713 capita,
1269 1646 1329 1698 sine
1341 1660 1422 1713 pane,
1442 1648 1484 1699 ita
1497 1655 1528 1699 ut
1541 1649 1657 1700 alternis
1674 1647 1771 1701 diebus
1781 1666 1826 1702 su·

1026 1725 1132 1768 uratur:
1148 1716 1191 1767 rel
1201 1718 1227 1767 si
1237 1728 1307 1783 pura
1318 1723 1506 1769 exsereeutur.
1543 1716 1590 1769 Sic
1600 1724 1629 1769 et
1639 1717 1710 1781 roei,
1721 1718 1765 1770 rel
1774 1718 1829 1771 Ve·
1892 1736 1897 1741 ·

1025 1786 1096 1848 neri,
1115 1798 1267 1851 somnoque
1288 1784 1406 1836 multum
1428 1785 1546 1837 confert.
1584 1787 1684 1853 Capita
1704 1788 1828 1855 binaque

1026 1860 1136 1906 mutata
1150 1860 1245 1917 cocta,
1263 1852 1354 1905 alvum
1369 1857 1487 1916 sistunt,
1508 1862 1537 1907 ct
1552 1853 1688 1907 lluxiooes
1708 1861 1818 1910 veteres

1028 1925 1131 1978 Cortex
1144 1922 1275 1977 decoctus
1286 1923 1430 1990 illitusque
1442 1924 1530 1975 inlicit
1542 1940 1635 1977 canos.

1061 1992 1162 2045 xxrtr.
1180 1992 1255 2044 Allio
1266 2008 1366 2060 magna
1375 1992 1431 2054 vis,
1452 2007 1569 2059 magnae
1580 1994 1827 2050 utilitatescontra

1027 2076 1159 2130 aquarum
1171 2069 1199 2114 et
1210 2060 1334 2114 locorum
1347 2061 1528 2113 mutationes.
1563 2061 1714 2132 Serpentes
1726 2067 1827 2134 abigit,

1027 2138 1056 2186 et
1068 2131 1230 2199 scorpiones
1247 2130 1348 2183 odore:
1370 2137 1454 2198 atque
1471 2138 1502 2183 ut
1519 2131 1607 2200 aliqui
1618 2133 1778 2199 tradidere,
1798 2142 1828 2188 et

1026 2201 1182 2255 bestiarum
1194 2203 1315 2252 omnium
1326 2201 1428 2252 ictibus
1438 2201 1581 2265 medetur,
1603 2208 1679 2269 potu,
1699 2204 1744 2256 cel
1756 2205 1827 2267 cibo,

1028 2272 1071 2322 rel
1081 2269 1166 2322 illitu.
1202 2268 1336 2322 Privatim
1349 2277 1446 2322 conon
1463 2268 1692 2325 haemorrhoidas
1702 2274 1825 2340 prodest,

1028 2355 1088 2392 curn
1100 2339 1163 2391 vino
1174 2337 1313 2392 redditum
1322 2344 1437 2392 vomitu.
1458 2340 1541 2393 liene
1554 2347 1652 2395 eontra
1661 2357 1828 2397 araneorum

1027 2409 1323 2461 muriumveneoatum
1335 2422 1457 2460 morsum
1468 2410 1562 2462 valere
1573 2413 1715 2475 miremur,
1734 2416 1827 2466 neorii.

1027 2484 1101 2539 tum,
1123 2478 1196 2542 quod
1207 2475 1264 2525 alio
1275 2479 1385 2529 nomine
1402 2476 1615 2540 pardalianches
1633 2487 1762 2542 vocatur,
1781 2483 1828 2533 de·

1027 2545 1129 2597 bellat:
1149 2545 1216 2595 item
1230 2541 1445 2609 hyoscyamum:
1466 2559 1565 2594 canum
1578 2559 1695 2608 morsus,
1715 2547 1827 2615 inques

1027 2613 1141 2663 vulnera
1158 2626 1218 2662 com
1233 2609 1316 2662 melle
1331 2610 1491 2678 imponitur.
1526 2610 1568 2664 Ad
1584 2613 1754 2681 serpentium
1770 2620 1827 2685 qui·

1028 2680 1089 2732 dem
1109 2681 1180 2731 ictus
1195 2686 1291 2746 potum
1307 2694 1368 2731 eum
1382 2680 1504 2733 restibus
1520 2682 1579 2733 suis
1590 2682 1780 2738 efficacissime
1791 2702 1827 2740 ex

1028 2750 1091 2801 oleo
1103 2748 1239 2800 illinitur:
1261 2748 1420 2816 attritisque
1435 2763 1580 2817 corporum
1592 2752 1728 2820 partibus,
1747 2754 1791 2806 vel
1802 2756 1827 2808 si

1026 2819 1054 2870 in
1065 2818 1172 2870 vesicas
1181 2816 1372 2870 intumuerint.
1408 2817 1480 2879 Quin
1495 2827 1523 2872 et
1534 2819 1630 2875 suffitu
1644 2822 1827 2889 resecandas

1026 2894 1122 2954 partus
1134 2888 1241 2939 evocari
1260 2887 1430 2939 existimarit
1440 2888 1643 2956 Hippocrates:
1668 2892 1760 2946 cinere
1776 2909 1826 2944 eo·

1026 2973 1086 3008 rum
1100 2972 1160 3009 com
1172 2958 1248 3017 oleo,
1269 2957 1366 3023 eapitis
1379 2955 1493 3011 hulcera
1504 2964 1647 3012 manantia
1659 2961 1773 3019 sanitati
1785 2978 1826 3015 re·

1026 3029 1153 3079 stitucos.
1189 3024 1356 3092 Suspiriosis
1369 3033 1476 3078 coctum
1483 3064 1491 3090 ,
1512 3028 1597 3096 aliqui
1609 3029 1724 3083 crudum
1736 3031 1763 3083 id
1775 3032 1825 3083 tri·

1027 3103 1087 3149 tuor
1099 3093 1208 3147 dedere.
1244 3094 1356 3147 Diocles
1368 3094 1528 3163 hydropicis
1540 3113 1601 3150 eum
1613 3100 1765 3162 centaurio,
1776 3108 1826 3152 aut

1028 3167 1057 3217 in
1068 3165 1120 3216 lieo
1126 3163 1230 3230 duplici
1241 3162 1276 3215 ad
1287 3163 1472 3216 evacuandam
1481 3166 1586 3220 ulrum:
1599 3168 1671 3235 quod
1684 3167 1824 3222 efficacius

1028 3240 1152 3304 praestat
1162 3232 1250 3285 viride
1267 3248 1328 3284 cum
1339 3233 1486 3285 coriandro
1503 3234 1531 3285 in
1544 3251 1621 3287 mero
1632 3242 1737 3303 potum.
1774 3236 1824 3291 Su·

1025 3303 1154 3371 spiriosis
1168 3301 1257 3368 aliqui
1267 3308 1295 3353 et
1308 3302 1403 3353 tritum
1416 3305 1443 3352 in
1454 3303 1526 3355 laete
1539 3303 1685 3357 dederont.
1712 3305 1823 3359 ¹Praxo·

1025 3388 1107 3443 goras
1119 3378 1147 3423 ct
1159 3378 1254 3423 contra
1263 3372 1387 3424 morbum
1400 3371 1506 3439 regium
1517 3374 1581 3424 :rino
1592 3374 1717 3425 miscuit:
1729 3382 1824 3427 etcon·

1026 3450 1071 3494 tra
1082 3441 1163 3493 ileum
1177 3440 1205 3490 in
1223 3439 1285 3491 oleo
1298 3446 1327 3492 et
1344 3439 1435 3506 pulte:
1457 3442 1499 3492 sic
1509 3440 1619 3493 illinens
1631 3445 1746 3494 strumis
1776 3459 1823 3494 uo·

1025 3526 1087 3579 que.
1123 3509 1236 3576 Antiqui
1247 3515 1275 3560 et
1285 3508 1485 3562 insanientibus
1496 3509 1599 3562 dabant
1610 3512 1734 3564 crudum.
1783 3513 1823 3563 io·

1026 3581 1081 3633 cles
1093 3576 1260 3646 phreneticis
1271 3577 1382 3629 elixum.
1420 3580 1525 3630 Contra
1539 3580 1655 3648 anginas
1666 3582 1762 3632 tritum
1776 3582 1824 3633 im·

1025 3651 1100 3716 poni,
1111 3654 1139 3700 et
1150 3647 1329 3716 gargarizare
1340 3647 1465 3714 prodest.
1493 3647 1622 3700 Dentium
1635 3649 1760 3703 dolorem
1773 3651 1824 3702 tri·

1025 3720 1075 3771 bus
1088 3719 1224 3785 capitibus
1236 3717 1264 3767 in
1275 3722 1356 3768 aceto
1367 3716 1441 3768 tritis
1452 3717 1598 3782 imminuit,
1618 3719 1661 3769 vel
1674 3719 1697 3770 si
1711 3719 1823 3773 decocti

1028 3803 1100 3857 aqua
1111 3787 1276 3848 colluantur,
1286 3784 1457 3854 addaturque
1469 3789 1557 3854 ipsum
1569 3787 1598 3838 in
1612 3803 1677 3841 cara
1689 3787 1821 3841 dentium.

1026 3858 1145 3910 Auribus
1160 3858 1244 3908 etiam
1260 3854 1419 3907 instillatur
1434 3872 1530 3908 succus
1547 3872 1607 3908 cunr
1623 3856 1704 3923 adipe
1719 3860 1823 3910 anseri·

1025 3943 1074 3979 no:
1087 3924 1255 3995 phthiriases
1266 3930 1295 3978 et
1307 3926 1465 3995 porrigines
1474 3931 1675 3992 potum,tusum
1688 3928 1753 3978 item
1761 3942 1822 3978 eun:

1025 4003 1105 4049 aceto
1122 4003 1150 4048 et
1166 3995 1242 4047 nitro
1254 3998 1418 4064 compescit:
1441 3995 1642 4047 distillationes
1662 4010 1722 4045 cum
1738 3995 1821 4059 lacte,

1024 4066 1068 4119 rei
1081 4068 1186 4128 tritum,
1197 4062 1398 4131 permixtumve
1410 4079 1490 4116 caseo
1502 4064 1596 4115 nielli:
1614 4079 1668 4130 quo
1680 4078 1782 4129 genere
1794 4068 1822 4113 et

1025 4134 1187 4187 raucitatem
1200 4140 1343 4185 extenuat:
1365 4134 1409 4185 rel
1421 4132 1551 4200 phthisin,
1562 4133 1589 4181 io
1602 4130 1682 4183 labae
1694 4130 1821 4181 sorliitio·

1026 4219 1068 4254 ne.
1082 4203 1111 4253 ln
1122 4210 1212 4254 totum
1224 4209 1316 4255 autem
1329 4208 1437 4253 coctum
1449 4202 1547 4252 utilius
1557 4199 1821 4257 estcrudo,eiisum·

1026 4287 1077 4338 que
1089 4278 1175 4324 tosto:
1189 4272 1229 4322 sic
1239 4279 1269 4324 et
1278 4272 1340 4323 roci
1352 4269 1469 4322 coolert.
1489 4269 1593 4319 Tineas
1605 4267 1751 4333 etreliqua
1763 4271 1821 4321 ani·

1026 4339 1109 4389 malia
1130 4340 1334 4392 interaneorum
1354 4338 1442 4405 pellit,
1461 4338 1490 4387 in
1506 4344 1586 4388 aceto
1602 4335 1692 4387 mulso
1704 4346 1821 4389 coctum.

1024 4409 1163 4459 Tenesmo
1175 4409 1202 4459 in
1215 4408 1291 4474 pulte
1303 4411 1440 4459 medetur.
1456 4408 1623 4470 'semporam
1637 4403 1779 4458 doloribus
1791 4407 1821 4458 il·

1026 4478 1106 4528 iitom
1119 4477 1234 4530 elixunr:
1256 4483 1285 4528 et
1297 4477 1401 4544 pusulis
1412 4481 1520 4528 coctum
1534 4488 1593 4524 cum
1608 4473 1699 4537 orella,
1721 4475 1820 4528 deinde

1026 4548 1131 4598 tritum.
1155 4548 1237 4599 Tussi
1251 4561 1310 4596 cum
1322 4544 1404 4611 adipe
1416 4550 1527 4596 retrrsto
1538 4542 1690 4605 decoctum,
1702 4544 1746 4596 rel
1758 4561 1820 4597 cum

1025 4616 1110 4667 lacte:
1123 4622 1171 4667 aut
1180 4616 1204 4665 si
1217 4614 1329 4683 sanguis
1340 4617 1424 4665 etiam
1436 4618 1602 4674 exscreetur,
1623 4612 1667 4664 rel
1676 4628 1758 4681 pura,
1769 4614 1820 4666 sub

1024 4701 1113 4754 pruna
1134 4690 1252 4746 coctum,
1273 4689 1301 4736 et
1321 4698 1380 4734 cum
1398 4682 1489 4735 mellis
1505 4683 1565 4749 pari
1585 4681 1669 4733 modo
1685 4689 1821 4734 sumtum:

1025 4752 1287 4822 convulsis,ruptis,
1298 4768 1360 4804 eum
1375 4752 1432 4803 sale
1443 4761 1472 4803 et
1484 4751 1556 4803 oleo.
1585 4752 1653 4803 Nam
1667 4766 1727 4803 cum
1739 4753 1821 4819 adipe

1025 4831 1148 4875 tumores
1158 4828 1401 4891 suspectossanat.
1429 4819 1558 4872 Extrahit
1569 4819 1668 4872 ostam
1677 4821 1747 4874 ritia
1758 4837 1821 4874 curn

1024 4892 1156 4960 sulphure
1168 4900 1198 4945 et
1208 4895 1315 4954 resina,
1336 4893 1418 4943 etiam
1431 4889 1578 4941 arundines
1590 4905 1651 4940 cum
1663 4890 1732 4958 pice.
1769 4891 1821 4943 Le·

1024 4977 1097 5030 pras,
1117 4961 1250 5021 lichenas,
1269 4961 1419 5028 lentigines
1430 4958 1601 5022 erhulcerat‚
1612 4967 1746 5028 sanatque
1757 4976 1819 5012 com

1024 5032 1156 5099 origano:
1168 5031 1212 5082 vel
1225 5030 1294 5082 cinis
1306 5030 1366 5080 eius
1377 5044 1410 5080 er
1423 5028 1486 5080 oleo
1499 5032 1604 5096 elgaro
1615 5028 1714 5081 illitus.
1734 5029 1780 5082 Sic
1790 5036 1819 5081 et

1024 5115 1118 5153 sacros
1129 5100 1218 5169 ignes.
1246 5097 1402 5168 Suggillata
1412 5106 1460 5148 ant
1470 5096 1585 5149 licentia
1595 5097 1630 5148 ad
1642 5099 1761 5151 colorem
1773 5113 1818 5150 re·

1024 5171 1110 5231 ducit,
1121 5169 1291 5221 combustum
1304 5182 1338 5220 er
1349 5166 1440 5219 melle.
1477 5167 1597 5219 Credunt
1608 5173 1637 5218 et
1648 5167 1818 5218 comitialem

1023 5241 1148 5292 morbum
1161 5239 1263 5300 sanari,
1281 5237 1380 5305 siquis
1390 5234 1462 5290 eoin
1474 5236 1536 5288 cibo
1548 5236 1817 5302 utaturacpotione.

1024 5310 1180 5373 quartanas
1190 5322 1298 5375 quoque
1310 5312 1441 5358 excutere
1456 5310 1551 5374 potum
1569 5311 1651 5370 caput
1663 5318 1744 5355 unum
1756 5315 1817 5352 eum

1022 5377 1159 5444 laserpitii
1171 5377 1253 5429 obolo
1265 5377 1292 5427 in
1304 5377 1366 5428 rino
1378 5380 1497 5428 ausura.
1527 5372 1638 5425 Tusslm
1651 5373 1746 5423 etalio
1758 5384 1816 5421 mo·

1030 5444 1040 5464 ¹
1094 5463 1126 5498 ac
1136 5453 1281 5515 pectorum
1297 5445 1510 5513 suppurationes
1524 5439 1710 5507 quantaslibet
1728 5446 1818 5501 sanat,

1150 5517 1291 5591 lnqoetnm
1311 5514 1401 5576 labae,
1422 5518 1506 5578 atque
1519 5508 1597 5560 itain
1615 5507 1677 5558 cibo
1690 5514 1832 5583 sonitum,

1213 5591 1266 5624 ’Ἣ
1284 5585 1441 5639 restituat..
1460 5576 1539 5632 Facit
1555 5580 1714 5640 etsomuos,
1735 5586 1820 5647 etque
