4374 6014
251 317 282 377 C.
315 264 467 377 Palm!
499 310 707 374 securim
740 310 911 375 Nauna
937 310 1133 374 Hlsaoa
1167 311 1444 376 tranunt
1473 310 1567 379 CAP.
1589 315 1708 376 61·ta
1749 314 1810 378 335

172 484 204 524 sc
214 465 337 520 medulla
347 464 459 516 cervina
470 461 617 530 resinaque
629 469 658 513 et
668 461 755 516 calce.
771 463 883 517 lnrsnio
892 463 965 532 apud
1018 456 1144 531 alternat
1155 469 1184 517 et
1194 463 1334 532 Megisba
1346 468 1510 519 commenta.
1522 496 1525 505 ·
1545 462 1667 517 Primam
1679 464 1813 528 omnium,

172 543 309 597 sumeres,
318 533 362 585 bis
373 532 421 600 qul
433 531 583 600 lentigines
595 529 723 596 babeant,
732 534 830 601 uagari
840 534 965 603 blsglces
1018 534 1125 587 rabiem
1139 532 1289 596 hircorum,
1300 534 1326 584 si
1337 533 1491 584 mulceatur
1499 533 1594 597 barba,
1606 534 1740 601 mitigari:
1764 549 1810 586 ea·

173 603 372 665 scandalorum
382 615 457 652 usas.
1018 603 1080 656 dens
1091 602 1286 670 praecisanon
1298 602 1375 654 abire
1387 616 1436 654 eos
1445 603 1473 651 in
1481 600 1599 652 silenum
1607 617 1726 670 gregem
1738 603 1813 656 Huic

207 674 253 726 lsl.
271 665 651 733 Lactebubuloautcaprino
665 668 967 723 tonsillaeetarterise
1018 671 1275 723 admiscentlimum
1287 670 1444 736 caprinum,
1466 668 1618 722 atsubdito
1633 671 1810 724 linteoloua·
1877 692 1887 701 ·

173 741 366 797 exbulceratsc
377 738 515 790 iurantur.
528 736 729 803 Gargarizatur
739 737 872 805 tepidum,
882 746 913 790 ut
923 746 967 791 est
1018 746 1076 803 cto,
1096 752 1163 791 cara
1172 752 1266 801 manu,
1287 746 1416 805 quantum
1429 739 1594 804 patipossit,
1613 737 1811 793 lerrsnssusti·
1831 794 1836 807 ,

173 824 342 878 expressum,
362 806 593 859 autcalelacturu.
629 805 777 873 Caprinum
788 807 894 870 utilius,
905 822 967 860 cum
1018 823 1086 860 nere
1098 809 1209 860 iubentr
1228 809 1310 858 itaut
1319 808 1346 858 si
1356 807 1436 858 laeva
1446 820 1509 873 pars
1522 805 1629 869 doleat,
1649 804 1717 860 baec
1728 809 1813 861 medi·

173 880 459 933 malnadecoctumct
479 874 538 926 sale
555 875 666 939 exiguo.
701 873 827 942 Linguae
841 874 968 929 exbulce·
1018 878 1081 929 cina
1090 877 1119 927 in
1129 876 1229 928 dextra
1250 888 1331 927 ιιιιιιιι
1347 876 1409 936 liat,
1427 878 1664 927 autecontrario.
1700 875 1812 930 Fimum

173 947 275 1002 rationi
286 953 316 998 et
324 945 488 997 arteriarum
500 941 614 1009 prodest
627 944 669 993 ius
679 945 966 1011 omasigargarlaatu:
1018 959 1128 1066 quoque
1148 944 1183 995 ad
1196 958 1260 996 eura
1278 959 1356 995 usum
1378 959 1444 995 acus
1464 959 1563 997 aereae
1574 944 1683 1010 punctis
1694 945 1759 996 tolli
1772 950 1812 998 iu·

174 1016 295 1072 tonsillis
316 1022 408 1065 autem
430 1011 557 1079 privatim
574 1024 653 1062 renes
670 1011 791 1078 rulplum
803 1012 885 1075 aridi,
904 1028 966 1065 cunr
1037 1021 1092 1066 ent.
1121 1013 1224 1064 Modus
1235 1012 1389 1065 curationis
1400 1020 1451 1074 ast,
1462 1013 1550 1065 donec
1559 1026 1645 1078 vapor
1656 1012 1691 1064 ad
1702 1013 1812 1067 lumbos

175 1086 257 1139 aselle
269 1083 331 1136 triti
342 1080 473 1148 illitiquer
495 1079 613 1146 anginae
623 1079 661 1131 iel
672 1081 812 1131 taurinum
824 1084 866 1134 vel
877 1083 966 1150 cupri·
1019 1084 1175 1149 pervenisse
1185 1083 1331 1134 sanctiatur.
1366 1080 1467 1134 Postea
1476 1096 1542 1132 rcro
1553 1096 1662 1133 manum
1675 1095 1758 1147 porro
1770 1090 1812 1134 tu·

172 1170 238 1208 ιιιιιιι
258 1168 320 1206 cuns
341 1149 431 1203 melle.
467 1148 635 1202 lecurmelis
652 1151 967 1219 exaquaorisgrarita·
1018 1165 1050 1201 so
1061 1151 1189 1211 illinunt,
1208 1154 1274 1203 item
1286 1150 1394 1202 lumbos
1403 1151 1465 1217 ipso
1478 1153 1542 1202 limo
1554 1165 1615 1201 cum
1627 1151 1726 1204 melle:
1747 1167 1811 1204 sua·

173 1232 239 1283 tcur,
251 1220 417 1286 bulceraque
427 1218 558 1284 butyrum
568 1217 707 1270 emendat.
731 1220 844 1286 Spinanr
855 1219 968 1272 aliudve
1019 1219 1141 1286 dentque
1151 1221 1179 1271 in
1198 1218 1295 1272 eodem
1308 1219 1405 1271 dolore
1417 1227 1445 1271 et
1455 1225 1540 1272 testes
1550 1219 1655 1285 leporis
1667 1221 1811 1273 devorare.

173 1291 239 1360 quid
251 1289 377 1341 lacubus
388 1285 551 1349 adhaerens,
573 1287 746 1341 extrinsecus
756 1290 820 1339 linio
833 1286 968 1354 perfrica·
1019 1286 1181 1339 lscbiadicis
1192 1288 1284 1340 limum
1296 1288 1430 1339 bubulum
1447 1288 1603 1355 imponunt,
1624 1288 1770 1339 calfactum
1781 1289 1812 1340 in

174 1362 220 1422 tis,
241 1364 290 1411 aut
300 1356 379 1410 reddi
389 1362 439 1407 aut
450 1354 544 1409 delabi
559 1355 680 1408 tradunt.
714 1357 843 1408 litrunsus
854 1357 967 1408 discutit
1019 1355 1098 1408 loliis
1118 1357 1211 1409 cinere
1229 1355 1357 1408 terrenti.
1395 1358 1424 1408 ln
1436 1371 1587 1423 renumque
1599 1355 1696 1408 dolore
1708 1357 1812 1424 leporis

173 1430 211 1483 lel
223 1429 356 1498 aprinum,
367 1424 412 1478 rel
422 1425 554 1477 bubulum
566 1424 687 1489 tepidum
701 1424 812 1478 illitum.
825 1426 895 1478 Naar
907 1441 969 1478 coa·
1019 1440 1100 1477 renes
1111 1426 1211 1477 crudos
1221 1425 1347 1478 deuorari
1362 1426 1475 1487 iubeat,
1496 1436 1545 1476 aut
1556 1433 1631 1477 certe
1641 1432 1750 1487 coctos,
1770 1427 1813 1478 ita

173 1498 267 1567 gulum
288 1494 393 1561 leporis
409 1508 425 1546 e
442 1495 507 1546 rino
517 1493 546 1544 ia
557 1493 673 1545 linteolo
685 1493 874 1546 esbulceratia
886 1496 965 1545 duns-
1019 1509 1054 1546 ne
1065 1494 1147 1546 dente
1159 1494 1362 1562 contingantur.
1392 1496 1506 1549 Ventris
1517 1493 1630 1561 quidem
1643 1493 1741 1546 dolore
1752 1502 1814 1547 ten·

174 1574 254 1620 taxat
263 1563 423 1633 imponitur.
460 1562 582 1614 Discutit
593 1569 622 1613 et
637 1561 758 1629 ungulae
767 1564 837 1614 asini
850 1563 893 1616 rel
904 1564 968 1631 aqul
1018 1563 1102 1614 tarin
1139 1568 1188 1614 ant
1200 1563 1283 1614 talum
1295 1563 1398 1630 leporis
1409 1563 1550 1618 babentes.

173 1636 377 1698 cinlaexoleo,
394 1631 439 1686 rel
449 1646 520 1698 aqua
530 1630 629 1693 illitus,
643 1638 671 1681 et
682 1631 761 1683 urina
771 1632 918 1685 calefacta:
939 1637 968 1684 et
1054 1631 1116 1685 avi
1132 1669 1138 1684 .
1155 1632 1269 1685 Lienem
1290 1634 1369 1685 sedat
1381 1629 1419 1684 iel
1435 1635 1497 1700 apri
1512 1630 1557 1684 rel
1575 1632 1633 1682 ιιιίι
1645 1636 1748 1698 potum,
1769 1633 1814 1683 vel
1871 1652 1879 1663 ·

171 1702 383 1770 boriaunguiee
398 1702 469 1752 cinis
483 1715 517 1753 ex
530 1714 615 1766 aqua:
637 1700 729 1751 limum
740 1715 848 1767 quoquc
860 1700 969 1753 ferrens
1019 1700 1122 1752 cerrini
1142 1714 1242 1752 cornus
1258 1702 1330 1752 cinis
1345 1702 1373 1752 in
1391 1709 1479 1753 aceto.
1515 1700 1711 1753 Efficacissinre
1722 1706 1814 1750 ιιιιιιιι

172 1788 208 1827 cx
222 1780 310 1824 aceto.
321 1773 390 1823 ltcm
400 1784 495 1821 serum
507 1770 648 1834 capricum
661 1769 968 1831 cumcalce,autlimunr
1019 1770 1189 1821 inveteratus
1200 1769 1256 1822 lien
1267 1770 1355 1831 asini,
1375 1769 1416 1820 lta
1427 1775 1458 1821 ul
1473 1771 1499 1820 in
1510 1769 1603 1820 tudun
1612 1774 1751 1823 sentiatur
1761 1768 1815 1823 uli·

172 1857 207 1893 ex
218 1846 298 1893 aceto
310 1839 465 1899 decoctum,
473 1844 613 1903 testesque
623 1837 735 1902 vulpini.
757 1838 875 1890 Prodest
885 1845 913 1891 et
923 1851 967 1888 sa·
1020 1837 1096 1889 litas.
1120 1837 1229 1890 Aricini
1241 1838 1311 1905 pulli
1322 1840 1425 1901 timum,
1436 1838 1509 1907 qnod
1521 1839 1638 1905 primum
1650 1840 1746 1902 edidit,
1758 1850 1817 1907 (po-

172 1907 390 1978 porGallianrnr
400 1903 453 1957 boc
464 1906 605 1957 inventum
618 1906 766 1957 rutilandis
776 1907 894 1972 capillis.
921 1906 968 1963 Fit
1021 1905 1092 1958 leam
1105 1906 1289 1974 vocantSyri)
1301 1907 1368 1959 dant
1379 1907 1408 1959 in
1418 1904 1498 1960 aceto
1510 1907 1816 1977 mulsozdaturetequl

174 1993 207 2031 ex
219 1979 286 2031 sebo
297 1981 326 2027 et
336 1976 437 2027 cluere.
474 1975 600 2040 Optimus
612 1971 707 2040 legino
718 1979 746 2026 et
759 1975 885 2041 caprino:
902 1973 969 2026 duo·
1020 1974 1115 2042 lingua
1124 1976 1280 2027 inveterata
1291 1990 1325 2027 cx
1335 1978 1411 2040 rino,
1422 1982 1621 2043 praesentaneo
1632 1976 1816 2029 medicamen-

173 2048 226 2099 bus
236 2046 337 2130 modis,
343 2044 448 2111 spissus
459 2057 492 2125 ac
498 2041 637 2125 liquidus:
649 2030 766 2124 uterque
777 2043 969 2111 apudGerma·
1021 2050 1060 2126 to,
1079 2049 1111 2094 ιιι
1121 2042 1253 2126 didicisse
1272 2059 1303 2096 se
1319 2059 1353 2127 er
1362 2045 1488 2127 barbaris
1500 2048 1635 2099 caecilius
1645 2046 1717 2099 Bion
1730 2045 1817 2097 tradi·

173 2110 755 2247 mutauit?attitulati
775 2180 856 2247 ,aa
872 2181 968 2233 „aaa
1020 2111 1817 2252 iiiiiilitiirettulitretiulit:

173 2252 373 2322 perfricantur:
393 2251 504 2317 rigores
514 2249 618 2302 bubulo
628 2265 708 2301 seror
748 2250 803 2301 uod
816 2257 844 2303 ct
854 2250 969 2302 strumis
1022 2251 1073 2302 XX
1085 2258 1162 2313 tusa,
1183 2267 1244 2303 eum
1256 2253 1328 2304 sceti
1340 2252 1476 2317 sextario,
1498 2255 1677 2321 imponuntur
1687 2253 1721 2305 ad
1733 2253 1815 2305 lienis

174 2322 290 2392 prodest
301 2337 363 2374 cum
374 2321 447 2374 oleo.
471 2318 605 2372 Dolorem
615 2266 794 2371 inllerlbacm
805 2317 970 2386 (opisthoto-
1021 2319 1142 2372 dolores.
1179 2320 1281 2373 Eadem
1293 2336 1328 2372 ex
1340 2335 1424 2373 causa
1434 2324 1488 2374 emi
1499 2323 1599 2375 lienam
1611 2322 1703 2384 rituli,
1720 2320 1817 2388 quanti

172 2408 228 2445 non
247 2396 359 2454 rocant)
370 2388 535 2444 levatorius
550 2401 650 2453 caprae
669 2388 782 2440 auribus
801 2388 901 2450 inlusa,
921 2392 970 2439 aut
1021 2387 1219 2451 indicatussit,
1238 2390 1437 2457 lubentlllagl,
1461 2391 1629 2458 nnllapretii
1641 2391 1815 2443 cantatione:
1927 2396 1931 2407 ¹

173 2463 267 2513 fimum
275 2476 335 2514 cum
345 2460 438 2511 bulbis
448 2457 564 2509 illitum:
574 2471 681 2522 ungues
692 2457 871 2508 contusosvel
879 2457 969 2508 cuius·
1022 2457 1150 2525 quoniam
1163 2455 1215 2509 buc
1224 2471 1333 2525 quoque
1344 2460 1476 2526 religiose
1482 2461 1632 2526 pertineatr
1644 2459 1816 2525 divinumque

172 2524 969 2660 {tumuliinimicitiariumiiiii:
1022 2524 1815 2660 utilititatem?,liii-“titillanti

174 2666 312 2718 adiiciunt
322 2660 437 2730 sulpbur
447 2669 475 2715 et
485 2661 603 2723 alumen,
613 2661 673 2726 pari
687 2660 809 2726 pondere
819 2663 951 2715 omnium.
1022 2665 1119 2716 umbra
1128 2663 1277 2716 arefacere.
1290 2664 1357 2715 Cum
1367 2662 1419 2716 hoc
1428 2663 1572 2726 llat,aimul
1582 2664 1705 2718 residere
1715 2664 1815 2715 lienem

213 2734 282 2786 ΙιΙΙΙ.
299 2734 410 2785 'l'uasim
420 2733 497 2784 iecur
507 2730 566 2797 lupi
582 2744 617 2782 es
629 2731 693 2781 rino
706 2731 800 2798 tepido
810 2740 906 2783 sanat:
926 2746 970 2782 ur·
1022 2734 1102 2802 aegri
1112 2732 1249 2794 ritietanr,
1266 2732 1433 2800 liberarlquc
1443 2734 1540 2785 morbo
1551 2733 1661 2785 dicitur.
1696 2731 1816 2784 Prodest

173 2803 319 2869 sinumque
340 2799 379 2852 lei
399 2799 523 2852 admixto
546 2798 638 2860 melle,
658 2800 969 2853 autexcornusbubuli
1022 2801 1529 2869 etpulmorulpiunrcineresiccatus,
1550 2803 1814 2870 atqueinaquapo·

173 2874 291 2925 summis
303 2870 427 2937 partibus
448 2868 530 2920 cinis:
551 2869 765 2937 rclsalirsequi
787 2871 879 2923 triduo
892 2878 970 2938 poto:
1023 2878 1076 2924 tus.
1112 2871 1180 2922 ltem
1193 2870 1343 2922 hoedorum
1357 2871 1410 2923 lien
1424 2872 1579 2938 impositus.

175 2946 206 2993 st
226 2954 325 3008 equum
346 2939 418 2991 mori
438 2937 564 2990 traduntr
585 2939 681 3005 pulmo
694 2940 819 2993 cervinus
836 2941 971 3007 coagula
1056 2939 1154 2992 LVlll.
1172 2938 1268 2991 Aluum
1280 2941 1356 2991 sistit
1367 2940 1439 2994 cervi
1450 2942 1574 3009 sanguis:
1587 2939 1653 2993 item
1665 2952 1765 2991 mrbus
1777 2938 1814 2990 ci·

173 3024 227 3062 sua
237 3009 377 3062 arefactus
386 3010 414 3060 in
427 3007 513 3069 furno,
525 3006 590 3059 dein
601 3015 680 3060 tusus
691 3023 725 3061 sa
736 3009 970 3077 mellaquotidia·
1022 3011 1076 3061 nis:
1088 3009 1166 3061 iecur
1177 3010 1302 3077 aprinum
1314 3023 1348 3061 ex
1358 3013 1423 3061 vinc
1434 3017 1529 3076 potum
1537 3010 1608 3061 citra
1615 3009 1701 3061 salens
1709 3022 1815 3059 recens·

174 3094 212 3132 ao
224 3079 378 3148 ecligmate.
413 3077 560 3129 Efficacior
570 3081 612 3129 est
623 3077 658 3128 ad
677 3078 705 3128 id
716 3077 816 3130 subulo
827 3093 968 3130 cervorum
1021 3093 1089 3147 quer
1102 3078 1169 3129 item
1182 3093 1274 3129 assum
1285 3079 1405 3139 suillum,
1420 3081 1464 3131 rel
1477 3078 1610 3130 hircinum
1624 3078 1767 3130 decoctum
1779 3075 1815 3127 ad

172 3148 293 3217 generis.
330 3147 497 3215 Sanguinem
509 3151 687 3212 exspuentes,
708 3147 815 3199 cerrlrli
825 3162 924 3199 coraus
934 3147 969 3198 ci·
1021 3144 1420 3216 quintamlrenrinansinrino.
1458 3144 1816 3216 coagulumleporisinsi

172 3218 234 3269 ais:
250 3217 394 3285 coagulum
407 3216 511 3283 leporis
522 3218 607 3266 tertia
617 3222 696 3281 parte
706 3214 810 3268 denarii
822 3231 883 3267 cum
895 3222 971 3268 terra
1021 3232 1057 3269 so
1077 3216 1177 3268 ciceris
1199 3216 1398 3283 niagnitudine:
1419 3224 1466 3267 aut
1487 3218 1511 3268 si
1528 3217 1613 3268 labris
1623 3219 1669 3277 sit,
1688 3230 1722 3267 ex
1733 3227 1814 3280 aqua.

172 3287 271 3340 &mla
291 3293 319 3338 et
338 3285 402 3336 vino
419 3292 528 3352 myrteo
540 3292 636 3350 potum
646 3290 735 3335 sanat.
772 3283 902 3338 Eiusdem
913 3286 971 3336 linri
1020 3286 1113 3353 Aliqui
1124 3292 1154 3338 et
1164 3286 1267 3354 gallam
1277 3285 1421 3347 adiiciunt,
1431 3285 1478 3336 alli
1492 3300 1541 3352 per
1549 3302 1581 3338 ss
1591 3285 1693 3351 leporis
1704 3283 1815 3349 sangui·

173 3356 293 3408 cinisio
313 3356 377 3405 vinc
397 3355 504 3418 vesperi
519 3359 608 3419 potus,
630 3359 778 3404 nocturnas
798 3361 900 3406 tussesr
921 3354 971 3419 pili
1022 3372 1056 3409 ne
1077 3355 1201 3407 contenti
1221 3361 1285 3405 aunt
1301 3354 1374 3406 lacte
1392 3361 1480 3404 cocto.
1518 3354 1618 3419 Equlnl
1630 3351 1689 3402 limi
1705 3352 1815 3402 cinisin

173 3440 285 3493 quoque
296 3421 400 3490 leporis
412 3421 506 3484 suffiti,
526 3420 675 3472 extrahunt
686 3422 862 3489 pulmonibus
873 3422 970 3475 diffici-
1022 3429 1197 3491 aquapotus.
1232 3423 1346 3474 Taurini
1359 3420 1816 3486 cornusuetcrisexpartcimsci·

69 3535 79 3549 .
171 3493 215 3546 les
227 3490 440 3544 exscreationes.
478 3489 643 3541 l’urulnuiss
664 3490 972 3544 autenresbulceratio·
1022 3496 1072 3549 nis,
1093 3495 1232 3558 inspersus
1252 3491 1360 3556 potioni
1380 3503 1476 3556 aquae.
1513 3488 1632 3556 Sanguis
1653 3487 1815 3540 birclrrusin

170 3577 222 3616 ses
233 3561 356 3629 pectoris
375 3557 576 3625 pulmonisque,
598 3560 795 3625 etapulmona
812 3562 972 3629 graveolen-
1022 3561 1142 3613 carborm
1162 3560 1304 3612 decoctus:
1323 3559 1429 3611 corium
1451 3558 1592 3626 caprinum
1615 3572 1676 3610 cum
1695 3557 1815 3624 suopilo

170 3634 242 3684 tiam
254 3628 365 3691 halitus,
385 3629 515 3695 butyrum
527 3627 718 3681 efficacissime
728 3629 819 3692 iurat,
838 3645 899 3682 cum
911 3630 971 3697 pari
1022 3632 1180 3690 decoctum,
1188 3643 1271 3680 succo
1282 3635 1376 3694 epoto.

172 3699 260 3752 niodo
272 3699 362 3751 mellis
374 3698 461 3758 llttici
472 3697 626 3758 decoctum,
639 3696 728 3750 donec
739 3699 867 3760 rufescat,
878 3708 906 3751 et
917 3714 971 3751 ma·
1057 3698 1208 3765 Coagulum
1221 3699 1293 3764 cqui,
1304 3704 1332 3748 et
1343 3696 1457 3764 sanguis
1469 3695 1671 3762 caprinus„rel
1682 3693 1815 3757 medulla,

172 3769 276 3822 tutinia
286 3775 404 3819 sunctum
417 3766 450 3817 ad
463 3780 617 3819 nrensuranr
630 3766 762 3835 lingulae.
787 3768 906 3829 Quidam
919 3783 970 3836 pro
1022 3770 1065 3821 rel
1078 3772 1161 3831 iecur,
1172 3767 1264 3818 airum
1277 3764 1376 3815 soluit:
1390 3764 1427 3816 lel
1438 3765 1495 3830 lupi
1507 3781 1567 3816 cum
1579 3764 1697 3817 elaterio
1707 3762 1816 3815 umbili-

174 3838 273 3897 rnelle,
293 3835 518 3887 lariclsresinam
534 3833 779 3887 adderemaluere.
815 3835 970 3904 Sisanguis
1022 3839 1216 3902 coilligatum.
1251 3832 1304 3884 Vel
1314 3831 1398 3884 lactis
1409 3834 1499 3900 equini
1511 3842 1605 3900 potus:
1629 3834 1696 3885 item
1709 3833 1816 3900 caprini

172 3908 328 3967 reliciatur,
347 3903 487 3957 efficacem
508 3902 622 3955 tradunt
643 3903 774 3955 bubulum
797 3907 971 3972 sanguineus,
1022 3905 1155 3957 marsala
1166 3910 1195 3955 et
1206 3903 1297 3955 aselle.
1335 3905 1440 3969 Caprae
1452 3902 1489 3954 iel
1500 3919 1561 3954 cum
1573 3901 1720 3970 cyclamini
1731 3914 1815 3952 succo

172 3976 284 4029 modice
302 3981 330 4026 et
341 3989 402 4024 cum
417 3979 498 4025 aceto
514 3980 646 4023 suurtuns:
668 3987 730 4024 nam
747 3971 781 4023 dc
793 3975 902 4023 taurino
912 3989 971 4026 cre·
1021 3983 1050 4027 et
1060 3973 1189 4025 aluminis
1201 3978 1350 4026 momento.
1365 3972 1456 4039 Aliqui
1467 3978 1495 4024 et
1506 3972 1607 4022 nitrum
1618 3978 1648 4023 et
1657 3983 1754 4035 aquarn
1765 3967 1814 4018 ad·

174 4045 251 4107 dere,
263 4042 441 4096 temerarium
453 4047 506 4092 est.
518 4039 572 4092 Sed
583 4040 718 4107 glutinum
730 4041 869 4091 taurinum
883 4043 970 4094 tribus
1022 4043 1119 4096 iecisse
1140 4042 1255 4093 malunt.
1291 4041 1342 4093 Fal
1356 4041 1430 4092 tauri
1445 4055 1506 4091 curn
1520 4039 1658 4091 absinthia
1676 4036 1770 4087 tritum
1783 4048 1816 4084 ac

174 4114 349 4169 oboliscum
370 4109 546 4176 calidaeque
564 4108 972 4176 bibituriauetereaanguinis
1022 4111 1293 4175 subditumpastillo.
1330 4111 1467 4175 Butyrum
1478 4108 1584 4173 largius
1594 4112 1723 4157 sumtum.

174 4182 376 4238 exscreationc.
1058 4177 1192 4228 Caelianis
1203 4186 1231 4228 et
1242 4178 1425 4243 dysentericis
1445 4174 1573 4227 medetur
1581 4175 1657 4225 iecur
1667 4170 1816 4221 vaccinum

208 4250 283 4304 biv.
303 4244 482 4299 Stomachum
492 4242 703 4296 cxbctceratam
716 4242 798 4294 lactis
810 4244 909 4295 asinini
922 4259 971 4311 pn·
1023 4248 1129 4297 cornus
1139 4246 1239 4296 cercini
1252 4246 1323 4296 cinis
1339 4248 1428 4296 tribus
1444 4242 1540 4310 digitis
1555 4249 1652 4308 captus
1664 4240 1690 4289 in
1701 4238 1817 4306 potione

173 4328 221 4374 tus
231 4315 336 4371 reiicit:
357 4314 423 4366 item
435 4311 540 4364 bubuli.
576 4311 711 4362 Rosiones
722 4311 782 4363 cius
793 4327 857 4363 caro
868 4313 973 4364 bubula
1023 4327 1119 4378 aquae.
1156 4312 1306 4380 Coagulum
1318 4312 1576 4378 lcporlssubactum
1590 4313 1617 4362 in
1631 4322 1711 4374 pane:
1734 4307 1758 4357 sl
1769 4322 1815 4359 re·

173 4382 609 4443 admistoacetoetrlnncocta.
640 4378 973 4433 llbcumstismoscornus
1023 4397 1055 4433 ro
1066 4380 1228 4447 sanguinem
1240 4379 1395 4440 detrabunt,
1412 4381 1439 4430 in
1451 4379 1572 4445 polenta.
1609 4375 1818 4444 Aprurivslsu·

173 4455 282 4512 cervini
294 4452 372 4505 cinis.
389 4448 537 4519 Sanguinis
548 4452 752 4501 exscreationes
764 4447 898 4501 haedinus
909 4465 972 4502 san·
1024 4451 1066 4504 illi
1082 4450 1126 4502 rel
1144 4448 1261 4515 leporini
1271 4449 1329 4499 limi
1350 4450 1428 4510 cinis,
1449 4451 1591 4514 inspersus
1611 4447 1718 4513 potioni
1730 4444 1819 4511 tepidi

173 4516 973 4657 eiustabuia-‘liiii‘alleluiatici
1024 4513 1818 4653 iu,llliliattiitzltlttziil{titillata

174 4673 283 4732 potam.
1025 4660 1122 4710 asinini
1136 4667 1219 4725 putus
1231 4656 1340 4718 utilior,
1361 4655 1455 4707 addito
1469 4656 1557 4707 melle.
1593 4655 1651 4707 Nec
1662 4654 1750 4705 minus
1762 4652 1820 4706 effl-

211 4732 272 4785 LV.
291 4726 423 4782 iocineris
433 4726 557 4787 dolores,
575 4725 635 4793 lupi
647 4727 724 4778 iecur
741 4722 849 4777 aridum
860 4740 893 4779 ex
904 4725 973 4776 mul-
1025 4728 1144 4780 aranu
1160 4728 1273 4779 cinisca
1286 4726 1348 4777 rino
1368 4727 1479 4793 utrique
1489 4725 1565 4775 vitio.
1601 4724 1817 4789 ltempcleasu·

175 4816 225 4854 so:
236 4800 306 4852 asini
318 4799 397 4850 iecur
408 4796 516 4849 aridum
528 4794 761 4861 cumpetrosalini
774 4793 898 4861 partibus
909 4794 973 4847 dua·
1025 4813 1075 4864 pra
1087 4797 1171 4848 dictu.
1191 4796 1264 4863 Equi
1273 4794 1428 4861 coagulum,
1441 4792 1513 4863 quod
1524 4792 1613 4861 aliqui
1627 4792 1763 4859 hippacen
1772 4805 1819 4858 ap·

175 4871 238 4934 bus,
257 4884 291 4921 ac
310 4869 426 4921 nucibus
445 4866 543 4928 tribus,
564 4878 598 4916 ex
614 4864 812 4926 mellctritum,
834 4871 862 4916 et
873 4865 900 4915 in
910 4865 974 4916 cibo
1025 4868 1138 4935 pellant,
1151 4865 1234 4919 etiam
1245 4865 1270 4916 si
1281 4865 1439 4931 sanguinem
1450 4860 1607 4926 detrahant,
1618 4862 1663 4914 vel
1674 4860 1731 4912 timi
1740 4860 1819 4923 cinis,

175 4946 313 4992 ιιιιιιιιιιιιι
324 4936 439 5003 sanguis
450 4935 572 4988 hircinas
584 4934 646 4987 cibo
660 4941 781 5001 aptatus.
809 4932 974 5000 Suspiriosis
1026 4936 1203 5001 dentiumque
1215 4934 1339 4986 ciusdem
1350 4940 1476 4984 tusorum
1489 4930 1591 4993 larisa,
1610 4930 1742 4983 salutaris
1751 4928 1817 4982 dicl-

176 5016 244 5062 ants
256 5008 350 5059 omnia
365 5006 462 5059 efficax
472 5012 515 5058 est
525 5010 608 5070 potira
626 5003 814 5071 equiferorum
824 5002 974 5070 sanguinis.
1026 5014 1085 5057 tur:
1097 5012 1125 5057 et
1136 5003 1231 5055 bubuli
1242 5001 1323 5053 lactis
1333 5002 1441 5053 decocti
1452 5007 1542 5067 potus.
1564 4999 1757 5067 Dysenterlcis
1767 4995 1817 5049 ad·

176 5077 309 5131 Proxime
319 5075 398 5129 luctis
409 5074 512 5127 asinini
522 5072 608 5140 tepidi
619 5088 680 5125 cum
691 5073 783 5123 bulbis
794 5072 914 5133 decocti,
935 5072 976 5125 ita
1025 5075 1056 5126 di
1076 5072 1167 5124 mellis
1187 5073 1316 5139 exiguum
1336 5071 1519 5137 praecipiunt:
1542 5076 1571 5122 et
1585 5072 1609 5120 si
1620 5069 1816 5122 torminaslnt

175 5154 208 5199 st
217 5161 310 5200 ιιιιιιιι
321 5160 355 5200 ex
366 5160 400 5197 eo
411 5144 535 5196 bibatur:
553 5141 648 5193 addito
660 5143 688 5193 in
699 5148 756 5193 tres
768 5140 893 5192 heminas
905 5156 975 5208 cya—
1025 5157 1126 5196 cornus
1132 5142 1236 5194 cervini
1243 5140 1378 5193 cinerente
1390 5138 1742 5192 autleitaarinuracuminn
1751 5136 1818 5184 arix-

175 5215 226 5268 tho
239 5214 370 5268 nasturtii
381 5212 489 5279 perlusi
499 5224 580 5278 aque,
600 5208 700 5262 deinde
711 5210 793 5262 melle
806 5209 896 5260 diluti.
934 5212 975 5264 la·
1026 5220 1094 5273 tuns,
1106 5218 1134 5263 et
1145 5210 1303 5261 cucurbitae
1314 5224 1412 5261 carnes
1431 5209 1563 5261 umbilico
1582 5208 1732 5273 imponere.
1767 5202 1817 5248 lla·

177 5300 227 5337 eur
237 5298 348 5353 quoque
358 5282 509 5347 vulpinum,
532 5288 581 5332 nut
591 5279 694 5345 pulmo,
712 5278 739 5329 in
752 5279 817 5330 rino
829 5280 975 5345 aigro,aut
1025 5296 1088 5333 scus
1099 5294 1195 5331 recem
1205 5278 1334 5331 vaccinus
1345 5276 1549 5330 immittitured
1559 5269 1817 5349 atrumquaritium.

176 5352 216 5406 ici
226 5353 349 5405 uminum
361 5351 389 5399 in
401 5364 482 5416 aqua,
494 5350 571 5399 laxat
583 5355 689 5401 necatus
701 5346 837 5416 spirandi.
1025 5349 1095 5401 lteus
1107 5350 1237 5414 butyrum
1249 5346 1365 5399 beminis
1375 5355 1504 5414 quatuor,
1510 5361 1572 5399 cum
1583 5344 1690 5394 resinae
1700 5336 1819 5389 terebro·

210 5421 284 5475 LVl.
304 5418 474 5470 Lumborurn
485 5416 606 5477 dolores,
616 5425 829 5484 etquaccunqac
841 5414 898 5467 alia
906 5414 974 5467 mol·
1026 5416 1121 5469 tbinae
1129 5422 1318 5479 sextantanut
1329 5430 1391 5468 cum
1401 5416 1494 5468 mslra
1504 5415 1628 5471 decocta,
1635 5412 1683 5461 aut
1694 5418 1818 5457 rouceo.

175 5490 221 5544 liri
232 5505 303 5558 opus
314 5490 361 5548 sit,
379 5485 474 5537 ursino
485 5484 568 5550 adipe
580 5484 674 5537 lrirari
686 5487 830 5541 convenitr
852 5485 972 5536 cinerem
1025 5486 1117 5538 Datur
1126 5494 1154 5537 et
1163 5501 1256 5538 aarum
1272 5485 1428 5546 vitulinum,
1446 5490 1496 5534 aut
1506 5480 1646 5531 bubulum.
1683 5474 1751 5527 ltens
1764 5488 1820 5527 me·

174 5561 266 5626 aprini
277 5565 326 5612 aut
336 5554 413 5608 suilli
428 5554 485 5606 llari
500 5554 649 5606 inveterati
660 5555 772 5626 aspergi
784 5552 895 5625 potioni
904 5552 970 5606 rial.
1025 5553 1119 5610 (lullae
1129 5569 1162 5610 er
1406 5550 1497 5605 'selu
1506 5556 1640 5611 etmiu‘
1651 5543 1769 5613 0¹⁵8¹¹⁰s
1790 5550 1820 5596 θ*
