4374 6014
333 322 366 385 C.
403 318 549 381 PLlNll
582 314 983 383 sustentaturus.
1008 320 1188 383 Histoe.
1212 321 1491 385 ulexxxiii.
1525 324 1620 386 CAP.
1644 329 1691 388 19.
1779 330 1842 395 385
1950 262 1957 275 Ι

180 475 258 530 idem
269 471 338 528 lecit
347 469 587 540 Hephaestionem
593 470 744 527 Alexandri
750 471 846 541 Magni
858 471 987 537 amicare,

181 560 263 611 quern
275 545 386 612 quidam
399 542 547 665 Polyclcto
563 541 736 603 adscribunt,
758 556 819 595 cum
834 543 859 594 is
875 549 986 597 centum

183 629 269 686 prope
280 613 361 665 annis
372 620 437 664 ante
460 611 629 665 amiticiam
641 611 793 665 Alexandri
803 614 987 676 renationem,

182 681 384 755 quacDelphis
405 690 519 735 sacrata
538 689 595 734 est:
616 680 732 734 Athenis
744 682 908 751 Satyrorum
927 690 985 735 tur·

184 771 270 808 mam:
282 753 469 805 Alexandrum
480 753 687 818 amicorumque
699 756 760 805 cius
769 754 906 821 imagines
915 767 988 803 sum·

111 863 119 871 .
183 840 229 877 ma
243 825 366 875 omnium
386 821 570 873 similitudine
591 824 739 888 expressit.
776 824 837 874 Has
852 822 986 875 Metellus

182 892 350 948 Macedonia
361 891 479 944 subacta
490 893 636 943 transtulit
648 895 772 945 lionram.
792 892 872 944 Fecit
882 900 911 946 et
922 906 988 960 qua·

182 965 278 1031 drigas
290 961 439 1015 multorum
453 976 593 1029 generum.
605 960 764 1014 Statuariaa
773 962 829 1013 arti
837 963 987 1028 plurimum

182 1036 307 1087 traditur
318 1032 479 1092 contulisse,
487 1031 618 1097 capillum
630 1032 822 1098 exprimendo,
833 1032 926 1097 capita
937 1029 988 1083 mi·

181 1117 256 1157 nora
276 1100 419 1164 iaciendo,
439 1115 521 1168 quam
543 1100 664 1168 antiqui:
686 1114 806 1167 corpora
826 1100 987 1167 graciliora,

173 1174 372 1238 siccioraque,
385 1185 434 1238 per
445 1185 515 1237 quae
526 1171 683 1237 proceritas
693 1173 837 1238 signorum
849 1171 939 1222 maior
949 1170 988 1221 ri·

184 1242 309 1294 deretur.
345 1239 408 1299 Nan
433 1240 517 1292 habet
539 1239 672 1292 Latinum
694 1255 794 1293 nonen
815 1241 987 1307 synmretria,

184 1324 267 1379 quarn
280 1308 495 1377 diligentissime
509 1309 670 1373 custodiuit,
692 1326 763 1363 nora
774 1311 934 1376 intactaque
945 1324 987 1360 ra·

183 1382 262 1433 tione
273 1381 424 1447 quadratur
434 1389 558 1431 retamim
569 1386 696 1432 staturas
707 1379 905 1448 permutando:
925 1378 986 1429 uul-

184 1464 278 1518 goque
288 1448 406 1510 dicebat,
426 1451 462 1501 ab
474 1450 530 1501 illis
542 1448 644 1513 iactos,
664 1451 763 1517 quales
775 1458 878 1511 essent,
896 1448 986 1500 homi·

184 1535 250 1575 nes:
261 1535 278 1571 a
288 1534 328 1581 se,
339 1518 436 1586 quales
447 1519 608 1571 riderentur
618 1536 688 1573 esse.
709 1520 844 1586 Propriae
855 1518 937 1571 huius
949 1517 987 1568 ri·

185 1590 286 1643 dentur
296 1604 358 1641 ease
368 1589 497 1657 argutiae
508 1604 637 1656 operum,
659 1591 815 1643 custoditae
827 1589 855 1641 ia
866 1589 987 1641 minimis

183 1660 400 1781 qupqrssessggtiugi
421 1704 572 1795 discipulos
585 1727 701 1794 reliquit
712 1728 843 1780 laudatos
854 1727 987 1791 artinees,

182 1796 358 1865 Dahippum,
369 1805 397 1852 et
403 1797 518 1859 Bedam,
529 1798 578 1848 sed
591 1803 656 1849 ante
669 1812 763 1849 omnes
771 1797 986 1864 Euthycratem:

184 1882 340 1935 quanquam
360 1870 383 1919 is
406 1868 590 1919 constantiam
612 1866 702 1934 patris
716 1867 809 1933 potius
822 1867 987 1926 aemulatus,

183 1953 264 2006 quam
277 1936 460 2003 elegantiam,
483 1943 596 1987 austero
608 1935 707 1986 oralait
719 1950 833 2003 genere,
854 1950 935 2002 quarn
946 1935 987 1985 io·

184 2006 284 2066 cnseo,
303 2007 424 2073 placere.
460 2004 556 2072 ltaque
568 2007 673 2070 optime
684 2006 824 2070 expressit
836 2003 986 2056 Herculem

181 2073 549 2141 DelphinetAlexandrum,
559 2074 682 2141 Thespio
695 2082 867 2135 venatorem,
876 2081 904 2126 et
913 2072 985 2124 The-

182 2145 308 2213 spiadas:
324 2144 458 2211 proelium
471 2152 615 2212 equestre:
626 2188 630 2194 .
640 2144 819 2196 simulacrum
831 2142 986 2211 Trophonii

183 2214 220 2268 ad
233 2215 390 2266 oraculum:
407 2213 555 2281 quadrigas
566 2212 684 2266 Medeae
696 2215 870 2281 complures:
887 2227 986 2280 equum

184 2298 248 2337 cum
259 2283 378 2336 fiscinis:
390 2299 474 2337 canes
485 2283 655 2335 venantium.

220 2354 245 2406 8.
263 2354 355 2406 Huius
366 2368 451 2420 porro
463 2353 617 2420 discipulos
637 2352 693 2404 luit
703 2349 865 2413 Tisicrates,
885 2351 986 2416 etipse

185 2421 344 2491 Sicyonius,
355 2423 404 2476 sed
418 2423 535 2490 Lysippi
544 2430 638 2474 sectae
650 2425 772 2489 propior,
784 2422 873 2472 utrix
885 2420 989 2472 discer-

185 2500 288 2544 nantur
298 2493 443 2558 complura
454 2495 545 2558 signa:
557 2508 609 2544 ceu
619 2506 702 2543 senex
714 2488 873 2550 Thebanus,
887 2488 986 2540 Deaae·

185 2564 260 2613 trior
272 2576 337 2621 rex,
358 2561 506 2612 Peucestes
516 2560 669 2612 Alexandri
678 2560 776 2624 Magni
786 2564 923 2620 serrator,
946 2556 988 2609 ‹ti-

185 2642 258 2696 gnus
267 2636 345 2681 tanta
356 2628 455 2696 gloria

221 2698 248 2750 u
266 2698 409 2759 Artifices,
443 2696 471 2747 ui
483 2695 647 2763 compositis
659 2696 845 2748 columinibus
855 2691 987 2745 candide·

185 2782 218 2820 re
239 2765 317 2832 haec,
336 2713 565 2820 mirishaudibus
584 2767 734 2828 celebrant,
754 2773 782 2819 et
799 2763 987 2831 Telephanem

186 2836 337 2902 Phoceum,
347 2838 474 2906 ignotum
485 2836 565 2899 alias,
576 2836 707 2904 quoniam
719 2835 902 2889 in'l'hessaiia
912 2832 987 2884 hahi-

185 2909 300 2969 taverlt,
322 2909 368 2960 ubi
382 2907 516 2958 latuerint
537 2913 622 2973 opera
634 2907 707 2959 eins:
729 2905 834 2972 alioqui
846 2902 988 2970 suffragiis

184 2976 310 3044 ipsorum
321 2984 458 3044 aequatur
470 2975 627 3043 Polycleto,
649 2975 777 3042 Myroni,
800 2972 988 3040 Pythagorae.

1040 483 1073 531 ut
1089 476 1301 545 intelligeretur
1318 490 1403 528 causa
1422 474 1552 540 honoris,
1569 474 1598 530 in
1616 493 1700 548 opere
1717 479 1842 552 linguam

1038 548 1106 601 addi
1118 549 1153 600 ab
1169 547 1278 599 artifice
1289 552 1446 599 vetuerunt.

1075 616 1116 670 13.
1134 617 1256 684 Bryaxis
1271 616 1464 683 Aesmrlapium
1475 621 1506 667 et
1521 615 1666 668 Seleucum
1676 617 1752 670 iecit.
1787 619 1841 674 De·

1039 687 1099 750 das,
1119 686 1293 738 adorantem.
1328 685 1434 737 Battnn
1455 684 1630 752 Apollinem,
1650 693 1680 739 et
1697 688 1842 753 lunonem,

1040 758 1163 825 quisunt
1175 757 1279 807 Hennae
1289 757 1317 807 in
1325 755 1500 807 Concordiae
1511 755 1624 821 templo.

1075 824 1118 879 lt.
1137 826 1274 877 Ctesiiaus
1284 824 1464 877 vulneratum
1474 826 1658 886 deiicientem,
1670 825 1698 875 in
1710 840 1765 891 quo
1775 842 1840 895 pos·

1041 898 1077 948 sit
1088 896 1222 962 intelligi,
1240 902 1373 961 quantum
1389 900 1478 947 restet
1495 897 1619 947 animae:
1641 901 1671 944 et
1681 894 1842 963 Olympium

1039 966 1176 1018 Periclem
1188 965 1305 1032 dignum
1319 963 1491 1034 cognomine.
1528 965 1686 1031 Mirumque
1697 963 1725 1014 in
1738 963 1791 1016 hac
1800 981 1843 1017 ar·

1039 1043 1069 1089 te
1079 1041 1130 1097 est,
1152 1033 1224 1101 quod
1236 1035 1344 1085 nubiles
1360 1036 1434 1086 uiros
1451 1034 1604 1085 nobiliores
1617 1033 1694 1086 iecit.
1732 1032 1843 1102 cephis.

1040 1103 1314 1157 sodotusMincrram
1326 1103 1481 1154 mirabilem
1493 1103 1522 1153 ia
1533 1103 1843 1169 portuAtheniensirrna,

1040 1182 1069 1227 tt
1081 1188 1158 1227 aram
1171 1172 1206 1224 od
1219 1171 1351 1239 templum
1367 1173 1440 1225 loris
1451 1172 1608 1226 Serratoria
1625 1175 1654 1223 in
1667 1172 1765 1225 eodem
1776 1188 1842 1240 por·

1040 1252 1080 1307 tu,
1101 1244 1144 1295 cui
1166 1258 1256 1310 pauca
1277 1249 1484 1309 comparantur.
1520 1241 1664 1296 Canachus
1683 1242 1843 1309 Apollinem

1040 1313 1210 1381 nudantqui
1230 1311 1369 1365 Philesius
1389 1312 1602 1379 cognominatur
1623 1313 1653 1364 in
1675 1312 1843 1380 Didymaeo,

1040 1385 1204 1452 Aeginetica
1220 1384 1292 1434 aeris
1311 1389 1509 1450 temperatura.
1547 1383 1717 1450 Certumque
1732 1398 1788 1435 una
1803 1384 1845 1434 ita

1040 1453 1169 1521 vestigiis
1179 1452 1331 1519 suspendit,
1353 1461 1385 1505 ut
1397 1454 1484 1505 linum
1501 1450 1597 1504 subter
1606 1452 1691 1518 pedes
1705 1450 1842 1515 trahatur,

1040 1523 1149 1575 alterno
1166 1536 1261 1574 mursa
1280 1521 1375 1590 digitis
1391 1522 1521 1588 calceque
1538 1520 1723 1574 retinentibus
1739 1521 1842 1584 solum,

1041 1593 1082 1644 ita
1093 1595 1252 1646 vertebrato
1263 1591 1347 1643 dente
1358 1594 1484 1657 utrisque
1494 1589 1672 1659 inpartibus,
1683 1598 1715 1642 ut
1724 1607 1742 1642 a
1753 1590 1843 1657 repul·

1042 1678 1075 1713 su
1096 1666 1229 1730 pernices
1248 1661 1364 1713 resiliat.
1400 1661 1478 1711 idem
1497 1666 1524 1711 et
1537 1661 1727 1713 Celetizontas
1740 1674 1842 1728 pueros

1041 1733 1118 1785 iecit.
1143 1731 1281 1785 Chaereas
1292 1730 1478 1784 Alexandrum
1490 1731 1634 1799 Magnum,
1645 1737 1674 1784 et
1683 1730 1843 1799 Philippum

1040 1810 1146 1869 patrem
1160 1803 1219 1854 eius
1230 1801 1306 1853 iecit.

1076 1870 1119 1923 1b.
1139 1872 1270 1923 Desilaus
1281 1869 1479 1937 Doryphoron,
1501 1871 1705 1922 etAmaaonem
1718 1868 1845 1921 vulnera·

1040 1947 1107 1991 tam.
1143 1940 1305 1991 Demetrius
1327 1937 1524 2006 Lysimachen,
1545 1953 1618 2004 quae
1639 1936 1770 1990 sacerdos
1790 1936 1843 1987 Mi·

1041 2023 1143 2062 nervae
1161 2008 1215 2060 fuit
1227 2009 1307 2059 annis
1327 2012 1474 2074 sexaginta
1496 2015 1624 2075 quatuor.
1662 2006 1735 2058 idem
1753 2014 1782 2057 et
1793 2005 1845 2056 Mi·

1040 2095 1162 2142 nervam,
1174 2093 1245 2146 quae
1255 2078 1367 2129 Musica
1377 2077 1544 2142 appellator,
1565 2076 1695 2143 quoniam
1708 2075 1845 2127 dracones

1039 2150 1068 2201 in
1079 2150 1209 2215 Gorgone
1225 2148 1285 2199 eius
1301 2147 1336 2199 ad
1352 2146 1424 2196 ictus
1442 2143 1565 2196 citharae
1580 2144 1683 2194 tinnitu
1701 2150 1843 2196 resonant.

1040 2219 1115 2270 idern
1127 2218 1249 2286 equitent
1261 2215 1465 2282 Simoncm‚qui
1479 2214 1583 2280 primus
1594 2212 1628 2263 de
1640 2215 1766 2278 equitatu
1778 2212 1845 2264 sorl-

1040 2289 1104 2356 psit.
1141 2287 1282 2338 Daedalus
1295 2284 1393 2350 etipse
1405 2285 1479 2335 inter
1491 2284 1604 2334 lictores
1616 2282 1756 2345 laudatus,
1777 2297 1843 2349 pue·

1040 2372 1087 2408 ros
1098 2356 1168 2407 duos
1184 2356 1385 2420 distringentes
1402 2369 1434 2404 se
1452 2352 1527 2403 fecit.
1563 2353 1734 2405 Dinomenes
1748 2352 1844 2405 Prote·

1040 2426 1151 2485 silaurn,
1162 2433 1190 2475 et
1201 2424 1402 2490 Pythodemum
1414 2423 1589 2473 luctatorem.

1077 2493 1118 2545 ld.
1141 2490 1332 2559 Euphranoris
1343 2489 1499 2543 Alexander
1511 2489 1589 2540 Paris
1600 2496 1656 2541 est:
1679 2489 1707 2539 in
1718 2503 1772 2556 quo
1783 2490 1843 2539 lau·

1041 2564 1132 2624 datur,
1153 2561 1227 2631 qnod
1241 2561 1335 2610 omnia
1350 2560 1434 2610 simul
1452 2559 1653 2625 intelligantur,
1674 2557 1755 2609 iudex
1772 2556 1844 2609 Dea·

1041 2647 1111 2693 curn,
1122 2639 1231 2682 amator
1244 2629 1378 2690 Helenae,
1399 2636 1427 2680 et
1437 2634 1530 2680 tamen
1542 2624 1659 2678 Achillis
1670 2626 1844 2678 interlector.

1041 2702 1134 2753 Huius
1147 2707 1189 2753 eat
1208 2700 1336 2749 Minerva
1352 2698 1463 2757 Homae,
1484 2711 1555 2760 quae
1570 2694 1674 2746 dicitur
1685 2694 1843 2758 Catuliana,

1040 2769 1115 2821 inira
1125 2767 1292 2834 Capitolium
1304 2781 1321 2817 a
1331 2765 1435 2826 Quinto
1445 2765 1562 2816 Lutatio
1576 2763 1677 2815 Catulo
1691 2764 1797 2814 dimin:
1816 2771 1846 2816 et

1040 2838 1218 2890 simulacrum
1230 2835 1300 2886 Boni
1312 2835 1443 2895 Eventus,
1455 2833 1556 2885 dextra
1567 2839 1708 2900 pateram,
1731 2832 1846 2884 sinistra

1041 2911 1145 2975 spicam
1168 2907 1451 2971 acpapavertenens.
1488 2902 1558 2954 item
1569 2904 1680 2954 Latona
1700 2912 1852 2969 puerpera(

1041 2978 1197 3044 Apollinem
1220 2979 1248 3026 et
1269 2973 1390 3025 Dianam
1411 2970 1536 3024 infantes
1555 2975 1706 3036 sustinens,
1727 2973 1754 3024 in
1776 2971 1845 3025 sees

184 3044 317 3099 Laudant
328 3047 389 3098 eius
400 3046 551 3105 Larissam,
571 3044 790 3111 etSpintharum
813 3041 988 3111 pentathlum
1043 3045 1223 3100 Concordiae.
1260 3041 1691 3109 i'ncitetquadrigdsbtgnqup,
1713 3041 1846 3093 pecuda.

185 3116 387 3182 etApollinem.
415 3114 470 3167 Alii
480 3131 533 3165 nun
544 3114 615 3165 hunc
625 3113 816 3181 ignobilitatis
826 3113 913 3163 luisse
925 3126 988 3163 eau-
1041 3111 1846 3174 choneximinforrnasetVictutennetGracciam,utm.

184 3198 255 3247 um,
266 3184 316 3238 sed
328 3184 460 3251 quonium
473 3199 608 3251 seregent
619 3184 720 3236 Xerxis
728 3181 989 3250 atqueDariiollici·
1041 3202 1095 3254 que
1105 3185 1260 3238 colosseas:
1281 3182 1425 3234 mulierem
1437 3181 1620 3232 admirantem
1632 3189 1661 3230 et
1672 3181 1845 3232 adorantem.

183 3254 228 3306 ¹¹3³
240 3253 389 3316 dtdldfliih
402 3254 572 3305 existimant.
1042 3258 1110 3308 item
1121 3255 1305 3308 Alexandrum
1317 3259 1346 3304 et
1356 3251 1514 3315 Philippum
1526 3252 1552 3301 in
1565 3249 1718 3317 quadrigis.
1755 3250 1845 3318 Euty·

225 3324 264 3376 10·
283 3322 439 3375 Prelitelts
452 3338 561 3390 quoque
577 3337 717 3374 murmure
737 3322 862 3373 felicium
883 3320 949 3371 ideo
959 3324 989 3372 tl
1042 3325 1138 3378 chides
1150 3322 1328 3385 Eurotam,in
1341 3334 1395 3388 quo
1407 3321 1565 3385 artemipso
1576 3335 1658 3371 ansae
1668 3318 1846 3385 liquidiorem

185 3393 290 3452 clarior
302 3391 365 3444 init.
401 3393 482 3444 Fecit
494 3398 587 3445 tamen
597 3406 631 3443 ex
649 3407 714 3443 aere
726 3391 914 3456 pulcherrima
926 3404 989 3455 ope·
1041 3396 1152 3462 plurimi
1165 3394 1271 3444 dixere.

184 3461 571 3529 nmerossrpirsenptunz
592 3462 662 3513 rien
674 3463 893 3527 octagesimo
904 3459 987 3510 bibe·
1076 3455 1733 3530 aegraeminervaryrrnnsquerextantatus:
1754 3457 1844 3509 etce-

183 3546 248 3585 rflm
261 3537 377 3600 didimi»
397 3538 426 3583 ⁰⁸
440 3530 624 3593 Ebrielflltmr
646 3530 824 3596 nobilemque
838 3543 894 3580 ¹¹⁰⁰
903 3528 988 3594 sely·
1040 3533 1192 3585 letirontes
1203 3529 1290 3596 pueri,
1312 3534 1343 3580 et
1353 3530 1453 3578 Cutor
1465 3533 1493 3577 et
1505 3525 1602 3577 Pollux
1615 3531 1681 3578 ante
1691 3526 1788 3577 aedem
1800 3526 1845 3577 lo·

183 3616 258 3664 rums
279 3617 359 3668 quem
371 3601 472 3653 Gracci
485 3603 648 3666 peribneton
659 3601 865 3667 cognominant.
902 3599 989 3664 tigna
1041 3606 1083 3654 vis
1095 3601 1242 3663 Tonantis,
1263 3597 1413 3665 Hegesiae.
1448 3596 1478 3646 ln
1492 3595 1573 3647 Pario
1585 3595 1695 3647 colonia
1709 3594 1846 3648 Hercules

185 3673 281 3733 etiam,
299 3687 369 3739 quae
378 3676 443 3723 ante
453 3671 611 3723 Felicitatis
622 3672 720 3723 aedem
732 3669 820 3731 suere,
840 3668 988 3720 Venerem·
1040 3671 1151 3725 heddai,

185 3756 247 3809 que,
266 3757 337 3809 quae
349 3756 410 3794 cunr
423 3742 485 3808 ipsa
497 3740 568 3793 aede
578 3740 707 3792 incendio
719 3745 845 3792 cremata
854 3744 897 3790 est
908 3737 989 3788 Clau·
1077 3744 1118 3796 17.
1131 3736 1317 3791 Eleuthereus
1336 3735 1442 3801 Lycius
1461 3732 1590 3800 Myronis
1607 3731 1761 3798 discipulus
1782 3730 1859 3795 ruit·

185 3812 225 3863 dii
237 3813 400 3878 principatu,
420 3826 593 3863 marmoreae
604 3810 648 3861 illi
658 3825 726 3863 suae
739 3824 788 3877 per
797 3815 889 3863 terras
902 3807 989 3873 incly·
1041 3811 1089 3878 qui
1098 3811 1168 3863 feeit
1179 3807 1293 3875 dignum
1305 3808 1488 3871 praeceptore
1496 3816 1612 3867 puerum
1620 3800 1776 3855 sufflantem
1787 3801 1847 3854 lan·

185 3888 232 3934 tae
243 3896 347 3948 parem.
372 3884 441 3935 item
454 3878 629 3949 Stephusam,
639 3880 830 3946 Spitamenen,
842 3876 989 3943 Oenopbo·
1041 3881 1141 3948 guidon
1164 3879 1251 3946 ignes,
1272 3882 1301 3927 et
1314 3877 1500 3942 Argonautas.
1535 3871 1694 3923 Leochares
1715 3872 1847 3938 aquilam,

184 3965 262 4003 rum:
286 3951 471 4005 Harmodium
492 3958 520 4002 et
540 3951 762 4018 Aristogitonem
784 3944 989 4016 tyrannicidas,
1043 3953 1211 4004 sentientem
1225 3946 1290 4013 qnid
1307 3949 1398 4011 rapiat
1413 3943 1441 3993 in
1459 3940 1636 4008 Ganymede,
1657 3945 1687 3992 et
1705 3941 1751 3991 eui
1763 3939 1846 4002 ierat,

186 4035 256 4089 quus
275 4036 293 4072 u
313 4020 406 4071 Xerxe
428 4020 574 4071 Persarum
592 4034 657 4083 rege
679 4018 862 4084 depluat‘lcltt
875 4015 989 4068 Perside
1042 4026 1200 4087 parcentem
1213 4016 1353 4082 unguibus
1365 4013 1449 4065 etiam
1463 4026 1512 4077 por
1522 4017 1644 4061 vestem:
1664 4021 1780 4072 parerem
1793 4009 1848 4059 Ap·

184 4087 400 4142 Atheniensibus
412 4088 520 4139 remisit
532 4089 651 4153 Magnus
661 4087 827 4139 Alexander.
864 4085 946 4136 Fecit
959 4088 990 4133 et
1042 4086 1314 4155 tolycon'pancratin
1326 4084 1593 4146 rictorenr,propter
1602 4092 1681 4144 quem
1689 4074 1846 4139 Xenophon

184 4159 319 4225 puberem
331 4156 487 4221 Apollinem
499 4156 659 4221 subrepenti
675 4155 799 4206 lacertae
810 4154 936 4204 co'minus
946 4165 990 4201 aa·
1042 4156 1211 4223 symposion
1232 4156 1352 4219 scripsere
1376 4151 1522 4214 docensque
1543 4148 1621 4199 illum
1638 4147 1794 4197 Tonantem
1814 4144 1847 4197 in

185 4227 262 4295 gitta
274 4223 461 4284 insidiantem,
474 4238 556 4289 quem
567 4224 760 4274 Sauroctonon
773 4227 883 4273 vocant.
920 4218 989 4285 Spe·
1042 4224 1191 4290 Capitolio,
1210 4231 1276 4274 ante
1287 4226 1387 4272 cuncta
1398 4217 1586 4269 laudabilem:
1608 4218 1677 4268 itera
1688 4211 1846 4279 Apollinem

186 4301 300 4346 ctantuc
311 4299 341 4345 et
352 4294 407 4344 duo
419 4295 501 4358 signa
510 4294 568 4343 eius
576 4291 701 4343 diversos
710 4289 990 4355 affectusexprimen·
1042 4293 1240 4345 diadematum.
1276 4288 1411 4355 Lyciscae
1425 4285 1568 4351 Lagonem
1580 4300 1696 4353 puerum
1711 4281 1846 4334 subdolae

185 4364 237 4424 tia,
248 4362 340 4413 lientis
352 4367 504 4423 matronae,
514 4367 542 4412 et
554 4362 711 4413 meretricis
722 4359 880 4427 gaudentis.
909 4358 990 4408 Hanc
1042 4356 1385 4415 aciueataerernilitatis.
1422 4354 1627 4422 Lycusetipse
1641 4353 1847 4421 puerumsuiil-

185 4437 287 4501 putant
296 4430 426 4499 Phrynen
437 4430 534 4491 luisse,
555 4428 819 4498 deprehenduntque
830 4428 858 4479 in
870 4441 904 4480 ea
915 4440 991 4479 aara-
1023 4459 1028 4466 -
1042 4439 1141 4485 entem.

185 4517 245 4555 ren
258 4501 384 4562 artificis,
397 4507 424 4552 et
436 4499 590 4553 mecedem
603 4501 631 4550 nr
640 4499 718 4551 vultu
728 4497 894 4551 meretricis·
1077 4501 1118 4555 18.
1139 4494 1315 4551 Menaechmi
1334 4493 1440 4546 vitulus
1456 4490 1685 4560 garamantum,
1707 4489 1846 4557 replicata

222 4568 263 4622 11·
285 4571 380 4623 Habet
391 4575 419 4621 el
430 4566 609 4621 mulierum
621 4568 779 4636 benidultss
791 4571 859 4619 05⁰³·
872 4564 990 4619 Ctlffli·
1043 4571 1166 4623 cerrice:
1185 4568 1300 4634 ipseque
1313 4562 1511 4616 Menaechmus
1524 4559 1637 4625 scripsit
1650 4559 1685 4611 de
1696 4574 1747 4611 sua
1758 4566 1827 4611 arte.

187 4641 232 4693 dis
243 4641 313 4693 enim
325 4638 478 4708 quadrigae
489 4640 615 4705 aurigam
628 4654 706 4689 suum
719 4638 867 4703 imposuit,
888 4651 923 4688 na
935 4650 990 4687 me·
1077 4639 1119 4692 19.
1138 4637 1288 4704 Naucydes
1308 4634 1458 4693 Mercurio,
1478 4628 1680 4691 etDiscobolo,
1700 4636 1729 4680 et
1749 4630 1846 4681 immo·
1921 4640 1929 4653 “

186 4711 243 4763 lior
252 4711 282 4762 in
293 4724 427 4776 equorum
440 4708 531 4775 effigie
542 4708 676 4760 deiecisse
697 4709 725 4759 in
737 4706 849 4759 hunnine
861 4706 988 4758 credere·
1042 4709 1120 4761 lanis
1131 4709 1248 4760 arietem
1260 4711 1398 4759 censetur.
1427 4702 1570 4753 Naucerus
1581 4699 1746 4751 luctatorem
1758 4697 1844 4750 anhe.

187 4787 242 4832 tur.
278 4779 339 4847 ipse
352 4779 473 4831 Calamis
485 4786 513 4830 et
525 4776 755 4845 aliasquadrigas
765 4777 900 4859 bigasque
912 4775 989 4856 tecit,
1042 4781 1147 4832 lentem
1169 4777 1245 4829 lecit.
1281 4776 1427 4855 Niceratus
1440 4768 1643 4835 Aesculapium,
1660 4774 1689 4821 et
1709 4767 1846 4837 Hygiam,

186 4843 991 4987 {3:13mmmmrrllnofeegpppsxrlrrcmgetnffihfflgt
1042 4839 1626 4984 quffiunltgpocnpmirdaengerpgortjg'rpsre
1636 4908 1670 4957 ab
1692 4905 1843 4958 Alcibiade.

187 4987 319 5041 nobilior·
1041 4986 1172 5055 Polycles
1188 4979 1455 5050 Hermaphroditum
1471 4978 1590 5029 nobilem
1610 4977 1685 5027 lecit.
1720 4972 1845 5042 Pyrrhus

140 5115 150 5124 .
222 5054 265 5109 12.
281 5056 568 5111 AlcamenesPhidiae
580 5056 734 5122 discipulus
744 5060 774 5108 et
784 5068 940 5107 marmorea
948 5052 991 5107 fe·
1043 5059 1178 5125 Hygiam,
1189 5060 1217 5108 et
1227 5054 1395 5105 Minervam:
1417 5048 1542 5101 Phoenix
1557 5046 1675 5115 Lysippi
1685 5041 1844 5109 discipulus,

188 5127 238 5189 cit,
257 5128 601 5195 etaereumpentathlon,
623 5129 669 5196 qui
681 5125 989 5177 vocaturlinerinome·
1041 5127 1217 5194 Epithersen.

1075 5196 1120 5249 ιι.
1138 5193 1307 5262 strpaxoyp
1716 5216 1724 5240 ,
1745 5177 1844 5244 spren-

186 5211 247 5249 nos.
273 5199 309 5248 At
318 5196 457 5262 Polycleti
470 5197 621 5264 discipulus
632 5196 768 5248 Aristides
781 5192 940 5262 quadrigas,
951 5193 991 5244 bi·
1309 5188 1366 5243 rius
1387 5201 1445 5239 uno
1454 5186 1615 5239 celebrator
1635 5186 1715 5249 signo

186 5278 302 5334 gaaque.
338 5266 485 5317 Tisicratis
496 5267 609 5320 Lenem
623 5266 764 5318 laudatur.
782 5263 909 5316 Scortum
921 5261 991 5314 haee
1041 5264 1171 5331 chnopte.
1207 5262 1324 5314 Periclis
1344 5257 1470 5326 Olympii
1489 5256 1608 5310 vernula
1630 5249 1758 5308 hieluit,
1779 5251 1844 5297 exta

185 5337 268 5402 lyrae
279 5342 362 5385 canta
373 5333 671 5403 lamilliareHarmodio
683 5332 915 5400 etAristngitoai,
925 5346 989 5385 eon·
1041 5338 1161 5393 torrens,
1169 5332 1261 5400 ignem
1272 5333 1330 5382 oris
1339 5328 1415 5396 pleni
1425 5327 1527 5394 spirita
1538 5320 1699 5377 accendens.
1716 5316 1843 5367 Silaniorr

187 5400 990 5472 siliaeorumdetyrannicidio,osqueadmortemexera·
1040 5402 1241 5469 Apollodorum
1262 5396 1345 5462 fudit,
1379 5398 1508 5449 lictorem
1530 5404 1558 5445 et
1579 5393 1677 5455 ipsum,
1702 5385 1750 5438 seri
1770 5387 1846 5438 inter

186 5472 428 5537 eiataatyrannis,
441 5485 494 5521 non
507 5473 638 5537 prodidit.
649 5468 990 5538 QuamobremAtheniea·
1041 5479 1155 5526 cunctos
1166 5470 1414 5538 diligentissimam
1424 5467 1511 5524 artis,
1528 5469 1557 5514 et
1566 5456 1710 5510 inimicum
1721 5454 1766 5507 tul
1776 5452 1846 5507 iudi·

186 5557 232 5595 ees
242 5550 272 5596 et
284 5538 418 5592 honorem
429 5539 533 5613 babere
544 5543 723 5606 tinnientes,
745 5558 799 5597 nec
808 5548 901 5595 tamen
910 5554 987 5593 scor·
1041 5556 1109 5605 eem,
1120 5541 1218 5595 crebro
1230 5540 1355 5608 perlecta
1363 5536 1446 5603 signa
1458 5533 1525 5585 iren
1780 5525 1847 5576 ⁴itti

187 5610 439 5738 tuit’tffitblffitstr,
449 5610 691 5738 §mannisis
704 5615 764 5668 elna
774 5613 881 5669 iecere:
902 5616 990 5681 atque
1039 5613 1193 5682 eupiditate
1204 5614 1339 5665 artisaoa
1349 5605 1429 5723 ιιιὶᾼίί,ἱ
1446 5599 1513 5657 ttid
1809 5595 1847 5646 'll'
