4374 6014
331 313 395 378 886
438 308 474 372 C.
502 305 652 369 PhiNli
679 303 884 367 SECUNDl
912 300 1078 365 Nerua
1107 301 1297 364 aistuli
1330 301 1414 364 bili.
1437 298 1608 362 XXXIV.
1639 300 1731 366 CAP.
1755 286 1879 367 lii-22.⁸
1990 282 1997 289 ¹

334 468 444 517 aaran.
481 459 546 511 iioc
554 457 582 509 in
594 471 628 510 eo
639 455 789 523 expressit,
812 470 862 508 nec
876 453 1015 509 bbminem
1026 469 1060 507 ex
1073 469 1138 507 nere
1192 451 1604 523 canemetsaglttariunilccit.
1639 452 1999 510 Stratonicuscaeiatorii·

333 533 411 595 lacit,
433 528 481 582 sed
498 528 686 580 iracundiami
705 525 879 579 etAchilieiii
901 524 1033 576 nobilem.
1068 526 1138 577 item
1191 524 1429 593 iephilosophos:
1452 522 1697 592 Scopasutraquc.

334 601 483 672 Epistaten
504 602 679 650 exercentem
703 594 835 648 athletam
856 594 1038 663 Strongylion
1060 595 1137 646 Ania-
1226 594 1269 648 34.
1286 594 1414 648 Athletas
1425 599 1528 656 autem,
1550 600 1579 646 et
1590 600 1723 657 armatos,
1745 599 1946 661 circuitores,
1956 610 1999 649 sa·

335 685 444 733 nonani,
462 682 543 735 quam
555 666 590 718 ab
606 666 773 719 excellentia
792 680 904 717 crurum
921 665 1081 717 Eucnemon
1093 678 1139 729 ap·
1192 664 1413 731 criiicantesque,
1433 664 1546 727 Datton,
1557 661 1672 726 Euchir,
1689 662 1998 728 Glaucidas,ilsiiodo·

357 741 453 802 eiiant,
473 734 1138 802 obidiricomitatuNeronispiincipiseircum·
1192 749 1249 797 rur,
1269 734 1403 795 liicanus,
1424 732 1559 798 Lopbon,
1577 731 1684 800 Lyson,
1705 733 1792 796 Leon,
1811 734 1999 797 Menedemi,

334 755 434 863 fatam.
471 804 538 858 ilem
562 805 630 858 lecit
652 821 777 874 puerum,
798 820 878 872 quein
901 803 1021 856 amando
1034 805 1139 855 Brutus
1191 804 1348 871 iliyiagrus,
1360 802 1534 871 Polycrates,
1550 801 1719 868 Polydorus,
1729 801 1921 870 Pythecritus,
1931 804 2001 856 Pro·

335 877 524 944 Philippensis
534 877 698 944 cognomine
708 890 760 926 suu
771 874 932 926 illustravit.

369 944 413 1000 22
431 944 606 1010 Theodorus,
627 946 674 1013 qui
686 943 877 1012 labyrinthum
889 944 957 997 iecit
968 941 1055 1004 Sami,
1079 941 1139 1008 ipse

335 1030 490 1070 seexaere
508 1015 593 1078 fudit,
614 1020 726 1082 praeter
746 1014 958 1065 similitudinem
983 1011 1138 1062 mirabilem

334 1088 412 1141 lania
422 1099 539 1153 magnae
550 1085 716 1136 subtilitatis
727 1083 891 1135 celebratus.
926 1082 1035 1134 Dextra
1044 1081 1139 1132 liniam

336 1160 425 1218 tenet,
436 1155 517 1208 laeva
527 1155 618 1206 tribus
629 1152 725 1221 digitis
737 1152 928 1222 quadrigulam
940 1153 1040 1214 tenuit,
1050 1157 1140 1203 trans·

333 1226 422 1279 iatam
441 1223 600 1287 Praeneste,
621 1228 721 1275 tantae·
739 1223 896 1289 parvitatis,
916 1229 948 1273 ut
967 1227 1058 1273 totam
1078 1235 1138 1272 eain

335 1309 503 1362 currumque
521 1299 550 1348 et
576 1292 702 1361 aurigam
721 1293 861 1362 integeret
881 1291 935 1345 aiis
959 1290 1043 1344 simul
1064 1289 1141 1343 iacta

334 1380 440 1420 musca.

331 1420 608 1488 “il-‘Xenocrates
617 1430 936 1500 Tisicratisdiscipuius,
960 1436 1019 1494 aut,
1038 1428 1139 1491 atriti,

334 1504 529 1573 Euthycratis‚
547 1502 618 1555 vicit
632 1508 767 1569 utrosque
787 1503 868 1569 copia
882 1504 1035 1569 signorum,
1055 1506 1085 1553 et
1105 1498 1140 1552 de

335 1589 388 1627 sua
397 1581 456 1626 arte
467 1572 623 1638 composuit
633 1572 783 1624 volumina.

370 1643 414 1696 at.
434 1643 530 1695 Plures
550 1642 672 1695 artilicas
691 1642 783 1694 iecere
794 1641 881 1694 Attali
902 1646 931 1694 et
943 1639 1080 1707 Eumenis
1090 1637 1139 1699 ad·

335 1712 675 1783 versusqaiiosproelia:
695 1703 1043 1780 isigihiu‘uP‘yroniu'chiis,
1064 1709 1140 1761 Stra·

333 1776 456 1857 lonicus,
466 1776 629 1851 Antigonus,
641 1782 688 1851 qui
699 1782 824 1834 condidit
839 1782 981 1834 volumina
992 1780 1026 1831 de
1037 1795 1088 1830 sua
1099 1793 1140 1829 ar·

334 1858 376 1906 te.
409 1852 523 1916 Boethi,
533 1867 690 1921 quanquam
701 1858 818 1919 argento
829 1851 962 1912 melioris,
977 1848 1069 1900 inians
1080 1848 1139 1898 exi-

333 1921 392 1974 mie
406 1938 533 1975 anserem
550 1921 715 1990 strangulat.
753 1923 847 1988 Atque·
861 1936 896 1973 ex
908 1919 1044 1979 omnibus,
1068 1931 1140 1983 quae

334 1992 432 2052 retuli,
443 1991 597 2043 elocissima
608 2006 679 2059 quae
697 2006 732 2041 ue
743 1992 798 2042 iani
809 1996 877 2041 sunt>
885 1989 982 2045 dicata
988 1986 1139 2053 Vespasia-

335 2075 374 2113 no
385 2058 514 2128 Principe
534 2060 678 2125 intemplo
713 2060 779 2121 ucis,
800 2059 918 2124 aliisque
930 2061 989 2110 eius
1000 2057 1139 2123 operibus,

335 2128 474 2180 violentia
485 2129 604 2181 Neronis
617 2133 643 2179 in
655 2128 755 2179 Urbem
770 2133 916 2190 convecta,
935 2132 964 2180 et
978 2127 1009 2179 iu
1018 2127 1140 2179 sellariis

336 2196 437 2249 domus
449 2212 550 2249 aureae
561 2197 707 2264 disposita.

371 2266 415 2319 25.
435 2266 584 2318 Praeterea
595 2274 658 2317 sunt
670 2265 844 2332 aequalitate
854 2263 991 2318 celebrati
1002 2265 1138 2330 artiiices3

337 2336 387 2388 sed
399 2336 487 2387 nullis
504 2351 617 2403 operum
634 2350 746 2387 suorum
762 2335 913 2402 praecipui.
950 2335 1072 2398 Ariston,
1093 2335 1141 2403 qui

337 2410 410 2461 etur
429 2411 524 2457 entuni
536 2405 644 2458 caelare
655 2405 754 2457 solitus
764 2412 822 2457 esti
850 2403 999 2467 Calliaiiea,
1021 2405 1139 2470 Ctesias,

338 2422 497 2529 Canthaiua
507 2473 665 2543 Sicyonius,
677 2474 891 2542 Dionysodorus
903 2476 1010 2528 Critiae
1019 2474 1141 2543 discipu·

334 2544 391 2607 lus,
403 2543 545 2607 Deliades,
554 2544 726 2613 Euphorion,
738 2546 867 2607 Eunicus,
877 2552 905 2597 et
916 2546 1086 2607 Hecataeus,
1097 2560 1141 2596 ar·

335 2614 413 2735 genti
425 2614 595 2714 caelatores:
616 2614 776 2696 Lesbocles,
791 2614 943 2699 Prodat-us,
956 2614 1140 2697 i‘ythodicus‚

360 2683 524 2804 oiyguotus.
553 2681 638 2733 iidem
662 2690 783 2748 pictores
805 2684 980 2735 nobilissimi.
1016 2685 1084 2735 item
1105 2697 1140 2735 ex

337 2767 386 2805 eae
398 2752 534 2816 atoribus,
545 2751 731 2815 Stratonicus,
742 2749 888 2821 Scymnus,
909 2754 957 2821 qui
967 2751 1022 2804 fuit
1034 2751 1140 2806 Critiae

230 2824 238 2831 ‘
336 2820 501 2888 discipulus.

370 2891 415 2944 23.
433 2891 513 2943 Nunc
533 2892 703 2957 percensebo
727 2904 793 2952 eos,
814 2891 861 2957 qui
882 2891 1007 2944 eiusdem
1027 2891 1139 2960 generis

337 2974 355 3013 u
375 2976 424 3013 eru
436 2960 572 3023 iecerunt,
595 2959 1028 3027 utApollodorus,Androbuias,
1047 2959 1140 3013 Ascle·

332 2974 481 3099 pfodoriis,
503 3031 614 3093 Aleuas,
635 3028 833 3096 philosophos:
853 3030 973 3097 Apelles·
982 3036 1012 3082 et
1023 3028 1139 3083 adoran·

334 3098 527 3152 tes‘iemiiias:
547 3100 702 3164 Antigonus
723 3096 994 3164 etPerixyonienun,
1015 3103 1140 3167 tyranni·

336 3166 469 3235 citiusque
489 3183 576 3235 supra
597 3167 704 3219 dictos:
733 3165 924 3228 Antimachus,
943 3167 1139 3222 Athenodorus

334 3237 585 3290 feminasnobiies:
606 3236 798 3288 Aristodemus
816 3240 846 3287 ct
859 3235 1024 3299 luctatores,
1045 3239 1138 3308 bigas·

335 3322 389 3376 que
398 3322 459 3359 cuni
472 3308 581 3374 auriga,
592 3303 867 3374 philosophouanus,
880 3306 1024 3361 Seleucum
1036 3323 1139 3378 regem.

334 3376 430 3431 Habet
443 3378 562 3445 gratiani
572 3391 652 3429 suain
663 3374 744 3427 huius
755 3390 864 3443 quoque
875 3375 1069 3445 Doryphoroe.

370 3448 414 3499 27.
434 3446 630 3514 Cephissoiioti
641 3445 696 3496 duo
708 3445 799 3498 luere:
810 3446 910 3511 prioris
922 3454 965 3500 est
972 3449 1139 3512 Mercurius,

331 3515 471 3568 Liberum
482 3523 590 3583 patrem
608 3516 636 3566 in
647 3514 767 3566 infantia
778 3519 911 3568 nutriens.
948 3518 1026 3570 Fecit
1038 3526 1066 3570 et
1077 3533 1140 3570 cuii·

336 3584 493 3637 cionantem
506 3583 687 3636 manuciata:
709 3599 829 3651 persona
841 3586 868 3636 in
882 3586 989 3638 incerto
1001 3594 1052 3639 eat.
1089 3587 1138 3639 Se·

336 3667 425 3719 quens
447 3651 630 3718 philosophos
651 3650 728 3705 iecit.
765 3654 876 3706 Colotes
898 3657 945 3723 qui
967 3672 1029 3708 cuni
1041 3655 1140 3709 Phidia

333 3720 431 3773 iovem
444 3719 604 3785 Olympium
616 3719 730 3782 iecerat,
741 3720 933 3788 philosophos.
961 3725 1030 3776 item
1042 3726 1138 3790 Cleon,

336 3794 366 3842 et
377 3785 566 3851 Cenchramis,
588 3793 617 3840 et
628 3789 771 3851 Callicles,
782 3797 810 3842 et
821 3791 934 3859 Cephis:
956 3793 1138 3847 Chalcosthe-

334 3873 388 3911 aas
397 3864 426 3911 et
437 3856 597 3920 comoedos,
619 3864 647 3909 et
659 3856 790 3909 athletas.

370 3928 414 3980 28.
434 3926 579 3993 Dubippus
598 3925 826 3994 Periiyonienoii.
863 3928 1017 3998 Daiphron,
1037 3937 1066 3984 et
1080 3931 1137 3987 De·

334 3998 480 4061 mocritus,
490 4003 518 4049 et
529 3997 664 4059 Daemon,
681 3995 871 4064 philosophos.

370 4069 413 4122 29.
433 4068 578 4136 Epigonus
588 4066 683 4118 omnia
693 4065 753 4119 iere
766 4068 910 4135 praedicta
921 4068 1047 4123 imitatus
1059 4086 1137 4139 prae-

336 4140 422 4191 cessit
435 4138 463 4190 iu
475 4137 606 4200 tubicine,
626 4142 655 4188 et
666 4136 749 4188 matri
760 4138 927 4192 interiectae
937 4139 1042 4195 infante
1055 4144 1138 4195 misc-

333 4208 463 4262 rabiliter
473 4205 645 4261 blandiente.
681 4207 836 4273 Eubulidis,
856 4208 954 4278 digitis
965 4219 1138 4278 computans.

333 4291 527 4428 malliaco
547 4292 662 4348 athletis
679 4300 836 4365 spectatur:
871 4296 1051 4367 Menogenes,
1073 4314 1138 4369 qua-

368 4443 413 4498 ³1.
431 4444 491 4499 Nec
501 4449 593 4502 minua
603 4449 752 4505 Niceratus
765 4450 867 4513 omnia,
889 4465 961 4518 quae
972 4451 1070 4518 ceteri,
1092 4469 1139 4523 ag.

333 4530 458 4584 gressus,
469 4523 690 4584 repraesentavit
702 4520 881 4582 Alcibiadem,
900 4521 1085 4592 lampadeque
1096 4538 1139 4576 ac·

335 4599 420 4637 censa
431 4591 547 4638 matiam
561 4589 621 4640 eius
632 4589 800 4641 Demaraten
812 4591 1024 4646 sacrificantem.

370 4667 415 4720 32.
434 4667 583 4723 Tisicratis
604 4673 687 4741 bigae
707 4674 805 4729 Piston
824 4677 969 4731 mulierem
995 4679 1137 4745 imposuit.

334 4736 471 4819 liiemque⁸
484 4737 552 4792 lecit
574 4743 692 4794 Martem
712 4750 742 4796 et
752 4747 934 4810 Mercurium,
958 4748 1010 4816 qui·
1026 4755 1091 4799 sunt
1110 4750 1139 4800 in

336 4807 509 4860 Concordiae
530 4811 756 4876 tempiuilomte.
794 4815 926 4868 Petilium
938 4833 1019 4869 neruo
1042 4817 1138 4871 iaudat

334 4873 647 4957 caerimonil‘haiaride
659 4890 793 4949 tyranno,
812 4886 859 4937 cui
869 4892 978 4937 taurum
991 4887 1068 4950 lecit,
1080 4903 1137 4939 iiiu-

335 4947 411 5015 gitus
423 4942 544 4997 hominis
556 4948 697 5015 pollicitus
709 4952 774 5021 igne
785 4953 907 5015 subdito,
918 4962 947 5009 et
957 4956 1064 5023 primus
1075 4972 1137 5009 euni

335 5019 471 5095 expertus
492 5018 644 5069 cruciatum
663 5020 780 5076 iustiore
801 5025 929 5078 saevitia.
966 5028 996 5079 in
1009 5025 1138 5078 hocaai·

335 5084 469 5157 malacria
491 5082 572 5135 devini
585 5084 780 5160 hominumque
792 5092 978 5147 devocaverat
1000 5094 1138 5148 humanis·

335 5153 435 5207 riniani
447 5159 545 5207 artem.
581 5154 686 5210 ideone
701 5165 745 5214 tot
761 5161 923 5217 conditores
938 5167 997 5217 eius
1008 5165 1137 5219 elabora·

334 5231 445 5288 verant,
464 5229 497 5277 ut
511 5238 546 5276 ex
562 5238 597 5277 aa
613 5231 755 5280 tormenta
773 5233 887 5285 liarenti
924 5234 1021 5302 ltaque
1040 5235 1139 5289 unada

334 5298 579 5416 cqusptservuatur
594 5308 684 5364 opera
695 5300 764 5361 eius,
773 5306 813 5364 ut,
823 5302 948 5371 quisquis
967 5305 1019 5358 iila
1034 5304 1140 5370 videat,

336 5378 354 5415 o
375 5378 414 5415 eri
440 5378 547 5418 manus.

369 5446 413 5500 33.
432 5449 543 5504 Sthenio
556 5452 695 5516 Cererem,
715 5452 820 5515 iorem,
831 5455 988 5509 Minervam
1000 5457 1078 5521 iecit,
1090 5459 1140 5526 qai

1192 879 1317 940 logenes,
1338 871 1410 923 idem
1423 871 1725 941 picturaclurissimus,
1744 873 1924 925 utiiicamusr
1946 873 2000 925 Pa-

1191 942 1307 1005 trocles,
1328 940 1416 1002 Polis,
1427 940 1602 1004 Posidonius,
1620 942 1669 1010 qui
1680 947 1709 992 et
1720 948 1867 1011 argentum
1877 942 2001 995 caelavit

1192 1011 1334 1074 nobiliter,
1352 1009 1467 1063 natione
1479 1008 1627 1078 liphesiuaz
1649 1011 1868 1081 Periclymenus,
1888 1011 1998 1074 l'hiion,

1192 1081 1337 1142 Simenus,
1351 1077 1532 1142 Timotheus,
1554 1079 1774 1144 Theomnastus,
1793 1081 1998 1145 Timarchides,

1192 1152 1302 1212 Timon,
1313 1149 1415 1211 Tisias,
1423 1148 1562 1202 Thrason.

1227 1218 1270 1274 ³5.
1290 1219 1333 1271 iix
1354 1219 1482 1272 omnibus
1502 1227 1595 1273 autem
1611 1221 1734 1273 maxime
1746 1222 1914 1288 cognomine
1933 1221 1998 1274 inri-

1193 1291 1256 1361 gnis
1273 1296 1318 1344 eat
1331 1288 1526 1353 Callimachus,
1546 1304 1657 1357 semper
1672 1290 1859 1343 calumniator
1875 1290 1928 1355 sul,
1946 1306 1997 1344 nee

1193 1363 1277 1414 linem
1288 1360 1392 1414 babens
1403 1359 1579 1427 diligentiae,
1591 1361 1627 1411 ob
1637 1360 1665 1411 id
1675 1360 1892 1413 Cacizotecbnos
1904 1360 1997 1428 appel·

1193 1432 1277 1494 latus,
1286 1431 1464 1484 memorabili
1477 1430 1605 1497 exemplo
1616 1428 1769 1483 adhibendi
1779 1444 1863 1482 curae
1874 1430 1996 1483 modum.

1195 1501 1287 1553 liuius
1305 1507 1372 1552 sunt
1391 1500 1528 1552 nutantes
1547 1500 1702 1561 Lacaenac,
1722 1499 1899 1552 emendatum
1915 1514 1996 1567 opus,

1193 1570 1243 1625 aad
1263 1571 1293 1621 in
1312 1586 1368 1639 quo
1388 1570 1509 1639 gratiani
1537 1584 1646 1623 omnem
1668 1569 1817 1636 diligentia
1839 1569 1995 1622 abstulerit.

1194 1642 1398 1708 liuncquidam
1410 1647 1438 1693 et
1448 1640 1584 1708 pictorem
1600 1639 1689 1692 inisse
1699 1639 1822 1691 tradunt.
1857 1638 1921 1691 Non
1931 1651 1996 1691 aere

1193 1716 1301 1832 ιὲιρῑιιι,
1311 1726 1363 1793 pec
1373 1714 1535 1831 ιιιίιιᾶιέιιιιιιι
1552 1709 1861 1831 οοΙιιιιιιιιιιιᾷὲιΖῗιοιιίι
1873 1712 1995 1829 ιιὲιιιιιιιι

1192 1793 1607 1931 pypzisiioli'piegrrpetylppqqirtiqrii
1613 1786 1995 1917 haeqhiilqualitotwurth

1191 1918 1449 1986 inaneexempiuni.

1227 1988 1270 2042 33.
1291 1990 1321 2041 ln
1332 1989 1475 2042 mentione
1485 1992 1639 2039 statuarum
1651 1994 1695 2041 est
1704 1993 1733 2041 et
1743 2002 1796 2039 una
1807 2001 1861 2038 non
1872 1990 1997 2055 praeter·

1194 2058 1294 2121 eunda,
1305 2059 1374 2110 iicet
1383 2058 1509 2110 auctoris
1519 2058 1627 2121 incerti,
1649 2060 1729 2109 iuxta
1740 2057 1853 2120 Rostra,
1864 2055 1997 2107 Herculis

1194 2128 1321 2191 tunicati,
1333 2128 1403 2180 Eleo
1414 2125 1520 2189 habitu,
1530 2129 1644 2190 Romae,
1657 2134 1739 2179 torva
1749 2125 1832 2189 iacie,
1843 2128 1996 2179 sentiente·

1219 2204 1566 2335 uquffipilqquriaqotylipiq:
1580 2197 1842 2329 ιιιιιιὶιιιξζῗιεῑηξῖιιὲξξ
1852 2194 1998 2335 qlthiiiuulr..

1192 2337 1304 2390 Luculli
1315 2336 1404 2390 lilium
1426 2354 1460 2391 ex
1472 2337 1500 2391 S.
1513 2339 1542 2390 C.
1553 2337 1708 2389 dedicasse:
1727 2337 1838 2396 tertius,
1861 2337 1895 2386 T.
1905 2334 1999 2401 Septi·

1193 2409 1278 2458 mium
1291 2407 1422 2459 Sabinum
1434 2407 1553 2461 aedilem
1564 2407 1685 2458 cuiiulcm
1696 2419 1733 2457 ex
1744 2406 1851 2471 privato
1862 2405 1890 2453 io
1903 2404 1996 2469 pubii-

1193 2491 1254 2528 cum
1264 2477 1433 2529 restituisse.
1471 2478 1528 2529 Tot
1540 2476 1718 2528 certaminum
1734 2480 1884 2540 tantaeque
1896 2471 1998 2540 dignu·

1192 2546 1281 2598 tionis
1292 2545 1473 2599 simulacrum
1485 2546 1514 2597 iil
1525 2546 1586 2597 init
1885 2549 1892 2556 '

1226 2614 1288 2666 XX.
1300 2614 1382 2666 Nunc
1392 2619 1565 2667 revertemur
1574 2615 1611 2666 ad
1621 2611 1792 2667 differentias
1804 2610 1880 2665 aeris
1890 2614 1919 2663 et
1928 2610 1997 2663 mix·

1191 2688 1280 2735 taras.
1317 2683 1349 2735 in
1364 2686 1469 2752 Cyprio
1484 2685 1661 2737 coronarium
1677 2687 1810 2735 tenuatur
1825 2681 1997 2744 inluminas,

1192 2759 1391 2821 taurorumque
1409 2753 1476 2806 ieiie
1488 2757 1613 2814 tinctum,
1634 2754 1755 2821 speciem
1773 2749 1834 2803 auri
1846 2750 1874 2801 in
1886 2750 1996 2801 caronis

1192 2820 1361 2875 histrionum
1373 2823 1497 2890 praebet.
1533 2823 1663 2891 idemque
1674 2824 1703 2874 in
1713 2821 1810 2872 uncias
1820 2819 1925 2873 additis
1936 2817 1995 2870 auri

1192 2892 1331 2961 scrupulis
1347 2894 1430 2958 senis,
1452 2896 1596 2960 praetenui
1617 2893 1719 2962 pyropi
1740 2892 1855 2943 bractea
1870 2888 1994 2957 ignescit.

1192 2961 1332 3029 iieguiare
1343 2966 1371 3013 et
1382 2964 1410 3012 in
1422 2963 1488 3012 aliis
1498 2963 1529 3012 tit
1541 2964 1676 3014 metallis:
1696 2963 1822 3030 itemque
1834 2960 2012 3016 caldarium.⁸

1193 3029 1367 3093 Differentio,
1387 3030 1460 3098 quod
1480 3030 1634 3083 caldarium
1652 3031 1780 3082 funditur
1792 3036 1908 3092 tantuin,
1926 3027 1995 3080 mai·

1190 3101 1243 3153 leis
1264 3099 1377 3167 fragile,
1398 3098 1497 3167 quibus
1517 3100 1650 3167 regulare
1671 3100 1854 3168 obsequitur,
1874 3098 1912 3150 ab
1929 3096 1994 3150 aliis

1191 3169 1297 3223 ductile
1308 3170 1488 3239 appeliatum,
1510 3170 1591 3238 quale
1607 3184 1689 3222 omne
1705 3170 1840 3237 Cyprium
1853 3173 1904 3220 est.
1940 3165 1995 3220 Seii

1191 3247 1220 3292 at
1231 3239 1259 3291 in
1271 3242 1374 3293 ceteris
1385 3240 1518 3302 metallis,
1534 3254 1600 3291 cura
1611 3239 1698 3290 distat
1710 3253 1727 3288 a
1738 3238 1872 3291 caldario.
1909 3237 1995 3289 Omne

1192 3310 1263 3362 enim
1276 3313 1404 3379 purgatis
1415 3310 1578 3376 diligentius
1589 3308 1648 3376 igni
1658 3308 1744 3372 vitiis,
1755 3307 1942 3374 excoctisque,
1950 3321 1994 3358 re·

1192 3379 1290 3449 gulare
1299 3388 1350 3431 est.
1387 3379 1417 3430 in
1438 3379 1554 3448 reliquis
1570 3380 1721 3455 generibus
1741 3377 1836 3446 palma
1847 3379 1996 3444 Campano.

1194 3447 1293 3500 Simile
1303 3449 1330 3498 in
1343 3449 1439 3500 multis
1450 3449 1575 3516 partibus
1587 3449 1694 3510 ltaliae,
1705 3447 1922 3514 provinciisque.
1941 3443 1997 3499 sed

1191 3522 1305 3569 octonos
1315 3518 1422 3585 plumbi
1432 3519 1519 3572 libras
1529 3518 1646 3581 addunt,
1652 3525 1680 3569 at
1690 3518 1760 3572 bene
1770 3522 1995 3585 recoquuntpro·

1211 3593 1254 3639 ter
1264 3588 1387 3655 inopiam
1399 3588 1479 3657 ligni.
1516 3588 1656 3651 Quantum
1669 3603 1703 3641 ea
1714 3603 1758 3640 ias
1770 3586 1945 3639 differentiae
1955 3584 1997 3638 ai·

1191 3602 1274 3718 levat,
1297 3658 1325 3708 ln
1343 3658 1436 3709 Gallia
1452 3659 1573 3712 maxime
1587 3659 1717 3722 sentitur,
1736 3657 1784 3708 ubl
1798 3657 1872 3708 inter
1887 3654 1996 3722 lapides

1193 3725 1372 3778 candefactos
1395 3726 1530 3781 funditur.
1567 3732 1708 3781 Exurente
1724 3727 1796 3779 enini
1817 3732 1936 3777 coctura
1951 3725 1996 3776 ni-

1192 3810 1272 3861 grum
1284 3803 1368 3863 atque
1379 3795 1481 3865 fragile
1497 3799 1650 3850 coniicitur.
1685 3796 1833 3847 Praeterea
1847 3794 1934 3844 semei
1947 3809 1992 3846 re·

1192 3871 1325 3985 lilii*
1344 3862 1995 4001 illiciaminiii'itiiilli

1302 3971 1309 3985 ·
1833 3968 1841 3995 i

1192 4001 1300 4070 frigore
1310 4018 1411 4072 magno
1421 3952 1519 4059 aglius
1531 4007 1618 4060 fundi.

1226 4072 1350 4142 Sequens
1361 4080 1551 4143 temperatura
1563 4075 1701 4129 statuaria
1714 4080 1766 4135 ert,
1787 4073 1938 4140 eademque
1949 4078 1995 4123 ta-

1190 4141 1306 4205 bularis,
1318 4141 1371 4196 hoc
1381 4146 1478 4197 modo:
1501 4148 1596 4199 iliassa
1611 4145 1746 4215 proflatur
1761 4143 1908 4212 inprimis:
1929 4155 1993 4193 mox

1189 4211 1994 4339 ililliriiilii‘²blitilttlstiilizi

1298 4314 1311 4345 ‚
1550 4325 1557 4339 ,
1985 4310 1995 4323 .

1190 4357 1248 4403 turn
1267 4355 1366 4404 attritu
1387 4354 1497 4417 domiti,
1518 4362 1547 4408 et
1569 4354 1772 4407 consuetudine
1792 4353 1889 4404 nitoris
1906 4349 1993 4402 veluti

1190 4422 1381 4476 mansuefacti.
1418 4424 1574 4478 Miscentur
1583 4432 1612 4478 ct
1620 4425 1725 4491 plumbi
1739 4420 1891 4490 argentarii
1903 4417 1993 4486 pontio

1191 4489 1321 4545 duodena
1332 4507 1364 4545 ac
1375 4493 1509 4559 selibrae,
1531 4494 1658 4548 centenis
1675 4490 1796 4560 probati.
1832 4489 1994 4558 Appellatur

1191 4562 1341 4614 etiamnum
1362 4569 1390 4615 et
1401 4563 1528 4616 formalis
1539 4568 1733 4631 temperatura
1751 4561 1825 4614 aeris
1844 4558 1994 4621 tenerrimi,

1191 4632 1320 4696 quoniam
1333 4631 1404 4699 nigri
1424 4635 1528 4699 plumbi
1539 4635 1648 4687 decima
1665 4632 1760 4700 portio
1771 4629 1894 4692 additur,
1915 4635 1943 4681 et
1953 4641 1994 4677 ar·

1191 4701 1308 4765 guntarii
1330 4704 1482 4768 vigesima.-
1513 4704 1689 4770 maximeque
1709 4698 1750 4749 ita
1770 4697 1894 4747 colorem
1915 4698 1994 4758 bibit,

1191 4784 1270 4836 quein
1294 4770 1493 4825 Graecanicum
1513 4778 1623 4824 vocant
1659 4765 1820 4821 Novissima
1839 4768 1901 4825 est,
1922 4781 1995 4835 quaa

1189 4848 1307 4892 iocatur
1319 4840 1429 4902 ollaria,
1451 4856 1518 4892 vase
1535 4854 1634 4892 nomen
1651 4836 1705 4888 boc
1722 4834 1816 4895 dante,
1838 4833 1928 4885 ternis
1946 4838 1995 4886 aul

1189 4908 1333 4975 quaternis
1344 4908 1423 4959 libris
1439 4910 1544 4977 plumbi
1558 4904 1717 4975 argentarii
1728 4903 1756 4953 in
1772 4907 1904 4955 centenas
1921 4903 1995 4955 acris

1190 4976 1301 5028 additis.
1338 4977 1440 5042 Cyprio
1451 4979 1476 5029 si
1487 4977 1608 5030 addatur
1618 4971 1761 5041 plumbum
1772 5007 1781 5038 ,
1802 4972 1880 5025 colos
1890 4987 1994 5042 purpu-

1189 5060 1237 5098 rae
1247 5046 1279 5094 llt
1289 5043 1316 5094 in
1333 5050 1489 5098 scamarum
1501 5046 1664 5114 praetextis.

1223 5113 1297 5166 xlii.
1325 5114 1397 5165 Aera
1418 5123 1531 5168 euteria
1554 5114 1711 5181 rubiginem
1731 5111 1850 5165 celerius
1869 5110 1995 5173 trahunt,

1189 5199 1274 5251 quain·
1285 5182 1427 5251 neglecta,
1448 5184 1499 5235 nisi
1516 5186 1578 5237 aleo
1599 5191 1796 5252 perungantur.
1834 5181 1944 5235 Servari
1959 5195 1995 5233 ea

1188 5253 1332 5320 optimein
1343 5252 1451 5321 liquido
1465 5256 1526 5322 pice
1542 5252 1666 5306 tradunt.
1705 5253 1775 5304 Usus
1790 5252 1864 5303 aeris
1880 5252 1916 5303 ad
1931 5263 1995 5318 par·

1188 5324 1353 5389 pctuitatem
1373 5331 1616 5376 monumentorum
1636 5320 1818 5390 iampridem
1840 5320 1994 5373 translatus

1189 5398 1240 5454 est,
1247 5393 1359 5513 gabulis
1369 5395 1474 5457 aereis,
1484 5396 1514 5446 in
1525 5393 1625 5463 quibus
1635 5393 1764 5462 publicae
1776 5390 1996 5443 constitutiones

1189 5462 1358 5514 iaciuntur.

333 5523 400 5568 sant
420 5519 524 5573 Romae
546 5520 575 5574 in
595 5523 771 5579 Concordiae
791 5524 906 5592 templo.
943 5526 1016 5578 lilani
1039 5528 1138 5580 tientes
1226 5533 1312 5584 xxii.
1330 5530 1448 5584 Metalla
1458 5534 1533 5585 acris
1543 5534 1642 5586 multis
1653 5533 1743 5586 modis
1754 5531 1897 5582 instruunt
1909 5526 1996 5578 medi·

332 5592 491 5655 mamonae,
514 5596 546 5645 et
564 5592 733 5664 adumntes,
752 5594 1006 5668 menucmtesqnc.
1042 5596 1141 5653 Simon
1188 5599 1466 5671 anamutpotecuni
1480 5598 1997 5681 bulcarsamniaibieclisimesanen·
