4330 6014
351 299 391 359 52
489 296 521 356 C.
556 293 700 356 PblNil
735 281 944 353 sacuam
979 286 1144 349 NATUR
1178 285 1366 347 HISTOR.
1402 286 1484 345 bili.
1518 287 1563 344 11.
1607 287 1702 345 CAP.
1724 288 1877 345 illl-loti.

353 447 418 519 pido
430 445 560 509 Troadis,
572 447 645 498 circa
655 442 833 495 simulacrum
844 438 998 494 Minervae.
1017 440 1048 491 ln
1061 437 1159 491 eodem

352 528 382 571 et
392 517 495 570 relicta
505 515 644 569 sacrificia
655 528 708 563 nnn
721 514 892 577 putrescunt.

387 587 511 641 xcvnt.
530 587 611 637 quta
621 583 750 647 Harpasa
760 576 893 644 oppidum
900 577 983 629 Asiae
994 583 1091 630 cautes
1102 582 1160 628 stat

353 655 503 721 horrenda,
524 668 578 705 uno
600 651 688 717 digito
709 649 834 701 mobilis:
856 646 962 709 eadent,
984 650 1010 699 si
1023 653 1084 699 toto
1097 660 1158 698 cor·

353 724 600 795 poreimpellntur,
623 719 766 772 resistens.
790 717 821 768 ln
842 718 1002 769 Taurorum
1014 716 1160 783 peninsula

352 781 391 848 in'
404 796 515 848 civitate
530 788 665 842 Parasino
686 796 762 840 terra
777 790 832 849 est,
854 801 909 852 qua
919 794 1054 838 sanantur
1066 786 1160 838 omnia

352 865 476 916 xulrrera.
505 861 541 911 a:
552 860 626 911 circa
635 860 724 910 Asson
735 856 855 908 Troadis
866 856 938 923 lapis
949 858 1083 918 nascitur,
1103 871 1158 923 quo

353 934 556 986 consumuntur
574 931 809 992 carisiacorpora:
830 923 1158 993 Sarcopliagusrocatur.

351 1002 415 1053 Ouo
425 1005 491 1051 sunt
502 1006 612 1069 montes
629 999 708 1050 iuxta
717 994 820 1049 llumen
831 995 941 1047 indum:
953 995 1038 1048 alteri
1059 1000 1159 1046 natura

352 1076 404 1133 est,
416 1069 557 1122 utlerrum
568 1082 650 1119 omne
661 1072 770 1128 teneat,
781 1065 862 1116 elteri
875 1073 905 1116 ut
916 1072 1039 1131 respuat.
1060 1066 1158 1131 ltaque

351 1141 375 1192 si
389 1141 444 1191 sint
454 1138 527 1191 clari
538 1139 567 1188 in
579 1135 771 1197 calciamento,
791 1137 915 1203 vestigia
930 1135 1013 1187 avelli
1024 1137 1053 1186 in
1065 1133 1157 1187 altero

351 1224 407 1261 non
419 1224 510 1276 posse,
529 1208 558 1257 ia
575 1205 747 1258 alterosisti.
774 1204 873 1256 Locris
895 1207 1055 1258 escrotone
1073 1204 1158 1272 pesti-

351 1279 467 1332 lentiam
479 1291 618 1343 nunquam
631 1273 738 1338 fuisse,
755 1289 807 1327 nec
824 1275 883 1326 ullu
902 1281 996 1328 terrae
1017 1281 1096 1328 nrotu
1116 1275 1156 1325 la·

351 1351 491 1408 boratom,
510 1351 674 1397 annotatum
695 1350 746 1396 est.
773 1344 803 1394 ln
821 1344 910 1412 Lycia
930 1359 998 1397 vero
1014 1358 1158 1410 sempera

351 1420 534 1471 terraemotu
547 1414 598 1464 XL
610 1413 670 1466 dies
688 1427 802 1466 serenos
818 1429 888 1467 esse.
918 1416 948 1468 ln
967 1430 1035 1483 agro
1047 1416 1157 1481 Arpano

351 1487 521 1539 irunientunr
533 1490 625 1535 satum
641 1498 697 1535 non
709 1485 842 1535 nascitur.
871 1483 914 1536 Ad
932 1498 995 1536 aras
1005 1484 1117 1535 Mucias
1129 1484 1158 1533 in

350 1557 480 1617 Veiente,
491 1560 519 1607 et
529 1553 602 1620 apud
613 1552 812 1616 'tusculanens
823 1561 852 1606 et
863 1553 890 1604 ia
900 1554 972 1605 silra
983 1554 1103 1605 Ciminia
1114 1552 1156 1603 lo·

350 1641 384 1677 ca
400 1632 480 1685 sunt,
499 1622 529 1674 in
541 1622 641 1691 quibus
652 1626 681 1675 in
692 1628 798 1675 terram
810 1623 927 1690 depacta
937 1640 993 1674 uon
1004 1621 1156 1676 detrabun-

351 1707 406 1745 tur.
424 1694 455 1744 ln
466 1692 644 1746 crustumino
655 1698 752 1746 natum
763 1692 875 1746 menum
886 1693 925 1747 ibi
934 1694 1061 1755 noxium,
1077 1700 1158 1744 extra

351 1764 464 1816 salubre
475 1769 527 1815 est.

384 1833 481 1885 XCIX.
495 1833 531 1884 Et
538 1831 573 1885 de
584 1846 718 1900 aquarum
731 1837 831 1884 natura
844 1831 991 1899 complura
1001 1831 1157 1883 dictasunt:

351 1903 400 1955 sed
421 1908 515 1955 aestus
532 1903 618 1954 maris
637 1898 770 1954 accedere
788 1908 817 1953 ct
833 1902 1017 1969 reciprocare,
1037 1902 1157 1953 :inarime

349 1972 464 2024 mirum:
494 1971 621 2039 pluribus
641 1970 753 2037 quidem
775 1972 881 2034 nrodis,
906 1986 1002 2023 rerum
1023 1986 1108 2023 eausa
1128 1971 1157 2021 in

351 2041 436 2104 Sole,
455 2042 598 2109 Lunaque.
626 2040 675 2091 Bis
692 2041 766 2093 inter
787 2039 857 2093 duos
877 2048 992 2093 exortus
1008 2041 1104 2093 Lunae
1119 2040 1158 2091 ai·

350 2112 449 2174 lluunt,
468 2111 567 2177 bisque
590 2117 730 2173 remeant,
751 2111 856 2163 nicenis
874 2112 1071 2178 quaternisque
1087 2125 1157 2162 senr-

350 2179 498 2251 perberis.
518 2181 555 2232 Et
571 2181 692 2247 primum
709 2180 858 2233 attollente
877 2196 907 2232 se
928 2196 989 2232 cum
1004 2195 1038 2232 eu
1053 2179 1156 2231 nrnrrdo

349 2252 578 2312 intumescentes,
597 2263 662 2301 mox
677 2250 861 2302 anieridlano
877 2250 949 2301 caeli
965 2250 1081 2317 lastigie
1099 2264 1158 2300 xer·

350 2326 435 2390 gente
448 2320 476 2371 io
493 2333 623 2371 scemam
641 2318 812 2372 residentes:
835 2333 987 2386 rursusque
1007 2319 1042 2370 ab
1058 2333 1158 2370 occasu

349 2392 445 2441 subter
455 2389 526 2441 caeli
537 2390 600 2451 ima,
617 2389 812 2441 etmeridiano
829 2390 978 2451 contraria,
998 2388 1158 2451 accedente,

348 2459 530 2510 inundantes:
548 2458 612 2510 bine
631 2458 721 2511 donec
729 2459 832 2509 iterum
851 2460 1004 2519 exoriatur,
1023 2474 1053 2511 se
1064 2472 1156 2509 resor-

348 2528 456 2580 bentes.
492 2528 552 2581 Nec
572 2542 694 2593 unquam
717 2528 814 2580 eodem
831 2534 968 2593 tempore,
990 2527 1157 2596 quapridie,

350 2596 446 2661 redui3
468 2604 500 2648 ut
514 2596 665 2649 ausiliante
681 2595 782 2660 sidere,
797 2597 982 2665 trabenteque
993 2613 1086 2651 secum
1098 2596 1156 2649 ari·

350 2667 386 2720 do
402 2667 506 2719 bansta
525 2667 624 2728 niaria,
644 2672 673 2718 et
693 2666 805 2719 assidue
816 2667 938 2729 aliunde,
958 2683 1040 2734 quarn
1058 2667 1158 2735 pridie,

349 2736 506 2789 exoriente:
527 2736 642 2804 paribus
659 2741 753 2788 tanuen
767 2736 925 2789 intervallis
939 2739 1089 2805 reciproci,
1112 2753 1156 2789 se·

348 2806 446 2873 nisque
461 2820 571 2872 semper
586 2805 680 2868 lieris,
701 2820 756 2857 non
774 2806 904 2874 cuiusque
920 2805 977 2859 diei
991 2814 1040 2859 unt
1056 2808 1156 2869 noctis,

348 2883 397 2928 aut
413 2878 476 2933 locl,
492 2875 543 2928 sed
560 2875 824 2942 aequinoctialibus:
857 2877 975 2942 ideoque
995 2877 1156 2943 inaequales

348 2945 504 3012 vulgarium
525 2944 656 2995 bonarum
678 2945 781 3009 spatio,
795 2952 936 3010 utcunque
954 2946 1048 3011 plures
1067 2946 1097 2996 in
1108 2960 1156 2995 eas

348 3019 399 3064 aut
420 3012 477 3064 diei
497 3018 546 3062 sut
565 3011 657 3062 noetis
682 3012 795 3063 illarum
815 3027 961 3064 mensurae
983 3014 1105 3073 cadunt,
1127 3018 1157 3065 et

348 3079 529 3147 aequinoctio
546 3083 654 3129 tantum
667 3093 749 3143 pares
763 3080 874 3145 ubique.
903 3081 1001 3146 ingens
1012 3096 1155 3150 argumen-

347 3155 424 3210 tum,
441 3148 608 3215 plenumque
617 3146 687 3197 lucis
699 3161 732 3197 ae
743 3148 821 3198 vocis
832 3149 916 3200 etiam
928 3148 1053 3211 diurnae,
1070 3148 1154 3202 hebe-

347 3226 472 3279 tesesse,
487 3219 534 3283 qui
555 3222 658 3285 negent
679 3216 870 3269 subtermeare
889 3217 992 3281 sidera,
1013 3234 1155 3271 aurursus

349 3287 447 3341 eadem
459 3301 619 3355 resurgere:
640 3284 816 3353 similemque
837 3288 929 3352 terris,
949 3288 1080 3341 interero
1093 3291 1154 3340 uni·

318 3390 323 3401 «
348 3372 447 3412 versae
463 3363 580 3410 naturae
596 3355 698 3410 exinde
708 3355 819 3420 faeiem,
835 3358 865 3409 iu
875 3357 972 3410 iisdem
984 3364 1063 3409 ortus
1079 3374 1155 3410 occa·

349 3443 451 3496 susque
470 3427 617 3492 operibns:
635 3440 688 3476 non
705 3425 789 3477 aliter
804 3426 855 3477 sub
867 3435 944 3481 terra
956 3427 1105 3481 inaniiesto
1117 3429 1154 3479 si·

349 3497 426 3549 deris
441 3510 533 3556 cursu,
555 3493 647 3544 aliove
663 3492 775 3557 ellectu,
793 3510 874 3561 quam
889 3510 950 3547 curn
966 3504 1079 3563 praeter
1091 3513 1156 3550 ocu·

349 3565 393 3615 los
405 3571 515 3615 nostros
525 3562 642 3613 feratur.

383 3629 536 3696 Maritiplex
548 3631 700 3683 etiamnum
713 3632 818 3684 lunaris
828 3631 1002 3697 differentia,
1022 3636 1154 3702 primunr·

350 3716 402 3766 que
420 3700 543 3766 septenis
561 3700 667 3753 dicbus.
696 3703 807 3769 Quippe
823 3703 926 3756 modici
942 3720 1014 3756 nora
1032 3705 1068 3756 sd
1086 3705 1154 3756 diri·

349 3769 431 3821 duam
448 3775 557 3833 aestus,
582 3771 720 3837 pleniores
743 3772 779 3821 ab
799 3786 833 3823 ea
849 3773 999 3836 exundant,
1019 3775 1155 3842 plenaque

350 3840 470 3891 marinis
489 3838 606 3892 ferrem.
633 3839 701 3892 lade
717 3840 873 3893 mitescunt.
908 3842 993 3895 Pares
1013 3844 1049 3896 ad
1070 3844 1155 3910 septi-

350 3923 422 3961 rann:
438 3909 548 3975 primis:
574 3908 730 3976 iterumque
749 3910 806 3961 alio
818 3912 908 3964 latere
925 3911 1039 3965 diridua
1054 3929 1155 3981 angen·

349 3986 406 4030 tur.
434 3977 464 4029 ln
482 3978 556 4029 coitu
569 3977 641 4030 Solis
656 3993 738 4045 pares
754 3978 862 4045 plenae.
882 3981 986 4034 Eadem
997 3982 1156 4051 Aquilonia,

308 4096 316 4104 ,
349 4055 377 4099 et
388 4063 405 4099 a
415 4047 498 4100 terris
509 4047 621 4114 longius
638 4047 785 4100 recedente
796 4049 930 4112 mitiores,
952 4066 1033 4118 qnam
1051 4068 1113 4104 cum
1127 4056 1155 4104 in

350 4123 462 4169 austros
481 4117 622 4185 digressa,
642 4116 771 4184 propiore
790 4119 851 4169 nisu
868 4121 922 4170 rim
943 4136 1022 4173 suam
1034 4129 1154 4176 exercet.

275 4248 283 4265 Ι
349 4186 402 4238 Per
415 4193 530 4239 octonos
542 4202 652 4254 quoque
662 4202 750 4239 annos
761 4187 796 4239 ad
812 4188 950 4257 principia
962 4196 1055 4242 motus
1065 4202 1095 4245 et
1106 4208 1154 4259 pa·

350 4258 392 4307 ris
402 4257 573 4308 incrementa
588 4257 741 4309 centesimo
752 4258 850 4311 Lunae
863 4267 1030 4312 revocantur
1040 4262 1155 4324 anibito,

349 4331 472 4391 augente
482 4334 632 4378 escuncta:
646 4324 720 4379 Solis
728 4328 935 4392 annuiscausis,
947 4329 1155 4400 dnobusaequi·

349 4392 451 4443 noctiis
471 4395 590 4445 maxime
611 4402 770 4458 tumentes,
791 4405 819 4450 et
839 4400 996 4451 autumnali
1017 4402 1155 4469 amplius,

350 4476 431 4529 quam
444 4475 530 4514 verno
541 4481 547 4514 ι
569 4463 740 4519 inanescere
751 4467 859 4532 bruma,
880 4476 909 4522 et
920 4470 1009 4538 magis
1020 4473 1154 4524 solstitio.

350 4530 410 4583 Nec
421 4536 513 4582 lamen
530 4531 557 4581 ⁵¹¹
575 4532 652 4597 illlis
673 4551 742 4601 quos
755 4536 824 4601 dixi,
841 4545 995 4606 temporum
1012 4542 1154 4593 articulis:

350 4599 399 4654 sed
411 4598 508 4666 paucis
527 4607 590 4666 post
611 4600 726 4654 diebus:
748 4606 832 4658 sicuti
851 4625 940 4676 neque
959 4611 987 4661 ia
1009 4611 1155 4677 pleasant

348 4670 511 4731 novissima,
530 4669 578 4720 sed
597 4677 714 4736 postea:
736 4688 788 4725 nec
804 4680 900 4728 statim
913 4687 944 4731 ut
954 4680 1062 4732 Lunam
1075 4695 1155 4732 mun·

350 4739 401 4792 dus
413 4738 544 4792 ostendat
555 4738 721 4803 occultetve,
743 4749 792 4793 sut
806 4746 898 4798 media
914 4748 998 4815 plaga
1020 4751 1154 4812 declinet:

349 4823 445 4862 verum
472 4808 578 4861 duabus
604 4809 664 4863 lere
686 4808 764 4862 boris
783 4814 1033 4879 aequinoctialibus
1052 4820 1153 4871 serius:

350 4877 477 4931 tardiore
486 4893 596 4945 semper
605 4879 641 4930 ad
652 4885 743 4932 terras
753 4882 885 4943 omnium,
902 4899 971 4950 qnae
983 4894 1116 4955 geruntur
1127 4891 1155 4939 in

351 4949 440 5012 eaelo,
460 4947 561 5000 ellectu
582 4950 708 5013 radente,
729 4965 812 5020 quam
833 4953 903 5014 nisu,
924 4954 1006 5008 sicuti
1028 4957 1156 5027 fulguris,

351 5025 380 5070 et
391 5017 525 5081 tonitrus,
536 5022 565 5069 et
575 5017 732 5070 fulminum.

385 5088 488 5142 Omnes
508 5094 602 5140 autem
622 5095 715 5141 aestus
733 5090 762 5141 in
778 5091 890 5144 Oceano
910 5093 1019 5147 maiora
1028 5096 1156 5167 integunt

350 5158 442 5223 spatia
454 5158 652 5239 inundantque,
665 5174 746 5226 quam
757 5163 786 5211 in
799 5161 908 5228 reliquo
917 5163 1002 5215 mari:
1023 5166 1080 5220 sire
1091 5169 1157 5236 quia

348 5235 439 5278 tatum
451 5229 477 5278 in
488 5228 668 5280 universitate
679 5230 832 5282 animosius
843 5239 896 5295 est,
915 5248 996 5300 quam
1013 5235 1042 5285 in
1057 5246 1155 5304 parte:

349 5299 409 5349 sire
439 5297 486 5348 ula
497 5298 659 5366 mafflritudo
670 5307 769 5365 aperta
780 5301 878 5353 sideris
889 5305 942 5354 vim
956 5303 1017 5356 laxe
1028 5320 1155 5373 grasem-

349 5365 385 5418 tis
406 5381 421 5419 e
452 5367 543 5419 casius
562 5367 668 5430 sentit,
690 5368 807 5422 eandem
827 5374 965 5441 angustiis
987 5378 1154 5430 arcentibus.

350 5435 413 5498 Oua
425 5436 459 5488 de
470 5452 553 5488 causa
568 5452 617 5488 nec
626 5436 718 5503 lacus,
736 5455 788 5492 nec
800 5456 895 5495 amnes
904 5442 1034 5495 similiter
1045 5460 1154 5501 mosen·

350 5511 405 5555 tna
425 5506 575 5628 Oeteqenis
587 5508 687 5559 cubitis
703 5522 789 5576 supra
799 5510 974 5565 Britanniam
987 5515 1153 5570 intumesce-

351 5582 380 5621 re
392 5583 485 5629 aestus
516 5574 619 5644 ytbeas
629 5577 816 5633 Massiliensis
828 5591 926 5637 auctor
938 5591 989 5637 est.
1017 5584 1156 5641 hteeiora

1211 441 1306 491 autent
1324 435 1414 490 maria
1433 435 1517 489 terris
1535 434 1715 499 clauduntur,
1735 440 1768 487 ut
1787 439 1879 503 portu
1898 436 2019 502 Quibus·

1211 509 1274 561 dam
1292 513 1387 560 tamen
1396 508 1425 558 in
1445 506 1515 558 locis
1530 506 1684 573 spatiosior
1694 505 1800 559 laxitas
1811 505 1911 557 ditioni
1923 512 2019 574 parat:

1210 584 1309 646 utpute
1327 592 1389 629 cum
1408 576 1491 643 plura
1510 576 1640 643 exempla
1655 577 1721 637 sint,
1737 576 1765 626 in
1777 575 1929 642 tranquilla
1940 577 2021 640 mari,

1212 648 1345 715 nulloque
1356 645 1483 699 velorum
1499 645 1636 712 impulsu,
1657 645 1743 698 tertio
1756 645 1802 696 dle
1812 659 1845 696 ex
1858 645 1942 696 ltalia
1953 662 2016 713 pro·

1211 725 1355 770 recturum
1375 717 1494 779 Uticam,
1513 722 1592 769 aestu
1612 715 1747 768 fervente.
1776 715 1857 765 Circa
1872 714 2017 766 literanu-

1210 794 1269 840 tem
1291 787 1380 854 magis
1400 801 1484 854 quam
1504 785 1533 837 in
1545 787 1604 837 alto
1621 781 1864 853 deprehenduntur
1873 782 2018 834 bimatus:

1212 856 1344 926 quonism
1356 861 1385 909 et
1394 856 1424 907 in
1434 870 1551 922 corpore
1563 862 1689 908 extrema
1698 854 1808 922 pulsum
1820 867 1967 916 senarum,
1989 851 2018 903 id

1212 934 1273 990 est,
1293 926 1408 993 spiritus
1428 925 1518 992 magis
1537 926 1672 977 sentiunt.
1713 923 1745 975 ln
1765 922 1906 990 plerisque
1926 930 2018 975 tamen

1211 997 1361 1050 aestuariis
1372 1002 1486 1062 propter
1497 994 1622 1062 dispares
1634 993 1757 1047 siderum
1768 993 1798 1043 in
1808 1006 1917 1059 quoque
1925 998 2019 1043 trama

1212 1072 1336 1127 exortus,
1358 1065 1461 1117 diversi
1472 1065 1609 1117 exsistunt
1620 1069 1724 1127 aestus,
1743 1069 1880 1129 tempore,
1898 1076 1954 1114 non
1971 1076 2017 1115 ra·

1210 1136 1298 1198 tione,
1313 1133 1465 1197 discordes,
1485 1135 1595 1186 sicutin
1607 1133 1746 1202 Syrtibus.

1246 1205 1276 1257 O.
1292 1204 1330 1255 Et
1341 1203 1512 1271 quorundam
1531 1211 1626 1256 tamen
1636 1204 1746 1270 privata
1757 1207 1860 1255 natura
1869 1206 1922 1265 est,
1941 1201 2018 1254 velut

1209 1274 1441 1327 Tauromenitani
1458 1274 1548 1340 euripi
1564 1275 1686 1341 saepius,
1705 1279 1734 1325 st
1744 1273 1773 1324 in
1783 1273 1900 1325 Euboea
1912 1272 2018 1338 septies

1211 1344 1256 1397 die
1272 1352 1400 1397 acnocte
1420 1343 1629 1411 reciprocantis.
1657 1345 1758 1396 Aestus
1779 1343 1853 1394 idem
1875 1340 1968 1392 triduo
1989 1341 2018 1392 in

1210 1428 1305 1468 mense
1324 1414 1472 1475 consistit,
1491 1414 1630 1480 septima,
1645 1420 1762 1475 octava,
1784 1425 1911 1478 nonaque
1928 1410 2017 1462 Luna.

1211 1483 1346 1546 Gadibus,
1366 1483 1416 1549 qui
1432 1488 1475 1534 est
1496 1481 1613 1535 delubro
1630 1482 1764 1535 Herculis
1785 1480 2018 1548 pessinunsium

1210 1553 1336 1605 inclusus
1352 1551 1387 1603 ad
1406 1553 1483 1619 putei
1501 1552 1622 1614 medum,
1642 1553 1714 1604 alias
1729 1551 1813 1602 simul
1829 1565 1890 1601 cuni
1905 1553 2018 1602 Oceano

1211 1628 1330 1691 augetur
1341 1622 1537 1688 minuiturque,
1552 1623 1624 1675 alias
1634 1636 1701 1674 rero
1713 1628 1861 1687 utrumque
1872 1620 2019 1672 contrariis

1211 1693 1392 1760 temporibus.
1420 1691 1527 1744 Eodem
1542 1692 1572 1742 in
1590 1691 1653 1743 loco
1670 1691 1759 1755 alter,
1776 1691 1879 1743 Oceani
1896 1692 2017 1741 motibus

1211 1762 1364 1815 consentit.
1392 1761 1422 1812 ln
1444 1763 1505 1829 ripa
1516 1761 1612 1814 Baetis
1632 1762 1763 1829 oppidum
1776 1766 1828 1823 est,
1850 1757 1929 1810 cuius
1941 1761 2017 1828 putei

1211 1839 1355 1884 crescente
1376 1836 1458 1883 aestu
1478 1832 1658 1894 minuuntur,
1680 1834 1834 1900 augescunt
1854 1830 2017 1892 decedente,

1212 1902 1312 1954 mediis
1327 1907 1486 1968 temporum
1505 1901 1673 1953 immobiles.
1700 1901 1803 1965 liadem
1816 1908 1917 1954 natura
1928 1901 1955 1951 in
1969 1901 2019 1951 lli·

1211 1972 1285 2039 spali
1305 1971 1408 2039 oppido
1420 1972 1469 2022 uni
1481 1977 1575 2037 puteo,
1590 1973 1691 2023 ceteris
1702 1972 1826 2039 uulgaris
1865 1971 1900 2021 lit
1912 1969 2018 2020 l‘nntus

1211 2055 1321 2108 semper
1342 2049 1424 2093 extra
1444 2048 1519 2093 meat
1535 2041 1565 2091 in
1586 2040 1802 2108 Propontidem,
1831 2041 1968 2091 introrsus
1989 2039 2017 2090 in

1213 2110 1331 2171 Pontum
1349 2126 1486 2177 nunquam
1502 2109 1591 2163 refluo
1603 2110 1681 2162 asari.

1247 2181 1289 2232 cl.
1310 2181 1411 2234 Omnia
1421 2180 1574 2247 plenilunio
1594 2182 1684 2232 maria
1699 2186 1865 2247 pargantur.
1881 2178 2017 2244 quaedam

1211 2256 1240 2301 et
1251 2256 1327 2301 stato
1339 2258 1472 2317 ternpore.
1493 2252 1574 2302 Circa
1585 2251 1742 2303 Messanam
1760 2256 1788 2299 et
1801 2249 1844 2311 M:
1853 2248 1893 2298 las
1907 2249 1971 2297 darn
1984 2251 2021 2298 si-

1212 2318 1291 2370 milia
1307 2327 1477 2385 exspuuntur
1487 2321 1515 2370 in
1528 2319 1595 2370 litus
1606 2328 1802 2387 purganrenta·
1822 2315 1894 2367 unde
1914 2315 2020 2378 faturia,
2052 2375 2056 2382 ¹

1211 2386 1285 2440 Solis
1298 2389 1383 2441 bores
1394 2389 1433 2440 ibi
1450 2390 1595 2441 stabulari.
1625 2390 1679 2440 llis
1694 2389 1772 2441 addit
1793 2394 1837 2443 (ut
1847 2384 1930 2448 nibil,
1944 2386 2018 2452 quod

1211 2457 1340 2525 equidem
1359 2457 1498 2520 nox-erim,
1514 2464 1701 2525 praeteream·
1719 2456 1891 2518 Aristoteles,
1911 2456 2019 2508 nullum

1211 2526 1315 2579 animal
1326 2528 1379 2578 nisi
1397 2536 1477 2579 aestu
1493 2529 1641 2581 recedente
1658 2533 1814 2596 exspirare.
1833 2526 2019 2587 Observatum

1211 2596 1239 2647 id
1253 2597 1369 2648 multum
1383 2599 1411 2649 in
1424 2598 1536 2652 Gallico
1546 2599 1667 2661 Oceano,
1688 2606 1718 2652 et
1736 2599 1883 2651 dumtaxat
1895 2598 1921 2650 in
1935 2598 2018 2649 lamd-

1210 2682 1245 2719 ne
1260 2674 1440 2734 compertum.

1246 2738 1301 2788 cti.
1328 2739 1390 2800 Ono
1408 2753 1474 2790 sera
1488 2736 1656 2792 coniectatio
1676 2735 1802 2801 exsistit,
1823 2735 1896 2790 baud
1914 2736 2018 2788 frustra

1210 2807 1327 2873 spiritus
1339 2807 1415 2858 sidus
1433 2808 1537 2858 lionam
1548 2808 1711 2860 existimari.
1735 2808 1759 2856 Η
1764 2822 1797 2857 oc
1808 2822 1870 2859 esse
1881 2805 1954 2874 quod
1966 2817 2023 2857 ter-

1210 2890 1257 2925 ras
1269 2884 1393 2936 saturet,
1405 2878 1593 2942 accedensque
1605 2889 1723 2940 corpora
1734 2875 2020 2939 impleat‚abscedrns

1210 2945 1328 2995 inaniat.
1356 2944 1423 2993 ideo
1443 2960 1504 2996 conr
1521 2949 1693 2995 incremento
1706 2943 1766 2992 eius
1782 2944 1878 3011 augeri
1894 2947 2018 3013 conchy-

1209 3013 1264 3072 lia;
1279 3019 1308 3064 et
1323 3013 1441 3063 musicae
1452 3012 1578 3078 spiritum
1591 3016 1705 3071 sentire,
1725 3010 1824 3078 quibus
1837 3014 1951 3080 sanguis
1963 3028 2021 3064 non

1209 3083 1257 3134 sit.
1283 3080 1338 3132 Sed
1350 3088 1378 3132 et
1393 3082 1556 3149 sanguinem
1574 3081 1715 3134 bonrinum
1734 3082 1819 3135 etiam
1836 3096 1897 3131 com
1914 3082 2021 3137 lumine

1210 3153 1271 3203 eius
1283 3148 1379 3217 augeri
1396 3165 1430 3202 ae
1445 3151 1546 3202 minui:
1561 3151 1674 3204 trondes
1687 3166 1796 3219 quoque
1812 3165 1844 3203 ac
1861 3150 1962 3219 pabula
1975 3156 2021 3213 (ut

1209 3236 1260 3272 suo
1277 3222 1341 3273 loco
1353 3219 1471 3286 ditetur}
1485 3221 1597 3283 sentire,
1612 3222 1639 3274 in
1652 3224 1747 3275 emnia
1758 3219 1855 3274 eadem
1868 3229 2018 3288 penetran-

1209 3289 1286 3341 teri.

1245 3360 1315 3411 ctlt.
1336 3360 1433 3428 ltaque
1453 3358 1529 3411 Solis
1546 3360 1647 3413 ardore
1662 3359 1785 3412 siccatur
1799 3359 1907 3428 liquor:
1920 3364 1948 3410 et
1965 3359 2019 3412 linc

1210 3444 1271 3481 esse
1284 3430 1438 3481 masculum
1452 3429 1530 3481 sidus
1544 3429 1709 3497 accepimus,
1721 3437 1833 3483 torrens
1845 3436 1944 3482 cauma
1955 3444 2017 3481 sor·

1208 3499 1341 3564 beasque.

1222 3562 1226 3569 ’
1245 3567 1314 3618 clV.
1335 3567 1382 3620 Sic
1402 3570 1470 3619 mari
1488 3568 1545 3619 late
1556 3569 1663 3636 patenti
1675 3582 1804 3637 saporem
1819 3572 1881 3622 inco
1902 3566 2019 3632 uisalis,

1209 3645 1259 3690 aut
1269 3637 1336 3706 quia
1350 3636 1487 3691 exhausto
1504 3638 1568 3690 inde
1580 3638 1655 3690 dulci
1670 3639 1812 3706 tenuique,
1827 3584 1902 3707 quoi
1913 3637 2016 3690 sacilli·
2042 3696 2050 3701 ,

1211 3724 1254 3759 nro
1266 3707 1361 3760 trabat
1372 3708 1415 3758 ris
1426 3708 1518 3777 ignea,
1534 3722 1615 3759 omne
1628 3708 1755 3774 asperius
1768 3702 1945 3775 crassiusqu‘e
1965 3708 2018 3759 lin·

1210 3782 1322 3843 quatur:
1340 3777 1405 3828 ideo
1418 3792 1526 3828 sumnia
1535 3791 1686 3845 aequorum
1698 3793 1772 3846 aqua
1787 3777 1939 3829 dulciorem
1951 3792 2016 3844 pro·

1209 3846 1340 3898 lundam:
1357 3844 1429 3898 bane
1443 3862 1503 3900 esse
1513 3849 1651 3900 veriorem
1664 3862 1776 3898 cansam
1794 3848 1885 3915 asperi
1898 3846 2018 3915 saporis,

1209 3931 1291 3984 quam
1311 3915 1386 3983 quod
1408 3930 1485 3969 mare
1505 3923 1598 3970 torrae
1626 3916 1714 3968 sudor
1735 3918 1771 3967 sit
1796 3924 1943 3969 aeternus:
1967 3922 2018 3967 aut

1209 3989 1276 4053 quia
1295 3987 1444 4051 plurimum
1467 4001 1502 4038 ex
1523 3986 1603 4039 arido
1615 3986 1768 4038 misceatur
1778 3986 1820 4037 illi
1830 4001 1945 4052 vapore:
1967 3992 2019 4037 aut

1208 4058 1273 4124 quia
1284 4061 1378 4107 terrae
1390 4062 1492 4109 natura
1502 4056 1574 4108 sicut
1584 4055 1736 4109 medicatas
1747 4054 1953 4122 aquasinliciat.
1968 4055 2019 4109 Est

1208 4127 1236 4177 in
1258 4126 1405 4194 exemplis,
1418 4125 1553 4193 Dionysio
1571 4125 1685 4179 Siciliae
1697 4125 1825 4193 tyranno‘,
1847 4138 1909 4175 cum
1920 4122 2018 4190 pulsus

1212 4202 1254 4247 est
1275 4210 1308 4247 ea
1325 4195 1462 4264 potentia,
1482 4196 1616 4249 accidisse
1635 4195 1803 4265 prodigium,
1820 4198 1854 4246 ut
1863 4207 1919 4245 uno
1931 4192 1976 4246 die
1986 4193 2017 4246 in

1208 4277 1292 4333 parm
1307 4265 1481 4318 dulcesceret
1491 4280 1576 4317 arare.

1247 4337 1420 4388 Ecurrtrario
1443 4335 1644 4391 ieruntliunae
1655 4338 1805 4391 femineum
1828 4352 1861 4390 ae
1883 4334 2015 4389 mollesi·

1210 4406 1270 4467 dus,
1297 4414 1380 4474 atque
1397 4412 1560 4458 nocturnum
1582 4409 1692 4462 solvere
1705 4406 1860 4469 humorem,
1881 4401 2014 4458 attrabe-

1209 4491 1248 4537 re,
1269 4491 1323 4527 ιιοιι
1335 4475 1455 4529 auterre.
1475 4475 1505 4528 ld
1518 4477 1695 4529 nranilestum
1708 4493 1778 4540 esse,
1798 4474 1873 4543 quod
1891 4474 2015 4525 serarum

1209 4547 1302 4596 occisa
1323 4560 1441 4612 corpora
1461 4544 1489 4595 in
1511 4546 1605 4596 tabem
1617 4548 1675 4597 risu
1688 4544 1884 4597 sooresolrat:
1905 4557 2016 4593 somno·

1209 4630 1261 4680 qno
1283 4614 1384 4680 sopitis
1405 4620 1546 4678 torporem
1569 4622 1742 4666 contractum
1757 4614 1784 4664 in
1799 4617 1882 4680 caput
1893 4619 2015 4675 revocet,

1208 4683 1325 4750 glaciem
1344 4682 1483 4743 refundat,
1506 4689 1658 4751 cunctaque
1675 4682 1806 4734 humilies
1818 4680 1914 4748 spirito
1927 4682 2014 4734 laxet.

1208 4753 1250 4802 lta
1262 4754 1371 4817 pensari
1383 4758 1501 4803 naturae
1512 4751 1597 4813 vices,
1618 4766 1781 4820 semperque
1792 4753 1928 4813 sufficere,
1949 4751 2015 4803 aliis

1207 4821 1328 4871 siderum
1350 4821 1490 4873 elementa
1512 4822 1685 4887 cogentibus,
1706 4823 1772 4875 aliis
1794 4836 1859 4875 reru
1872 4820 2014 4872 fundenti·

1207 4891 1266 4940 bus.
1294 4888 1349 4940 Sed
1363 4889 1396 4940 in
1415 4889 1542 4941 dulcibus
1563 4893 1642 4957 aquis
1653 4891 1751 4945 Lunae
1768 4891 1932 4944 alimentum
1945 4905 2015 4953 esse,

1207 4960 1280 5011 sicut
1291 4959 1317 5010 in
1328 4959 1444 5011 marinis
1455 4959 1537 5012 Solis.

1243 5029 1296 5080 CV.
1308 5030 1479 5081 altissimum
1491 5045 1568 5083 mare
1577 5028 1630 5082 XV
1638 5027 1794 5082 stadiorum
1806 5028 1947 5081 Fabianus
1959 5037 2015 5082 tra·

1208 5099 1259 5151 dit.
1283 5099 1337 5169 lilii
1348 5099 1375 5149 in
1387 5098 1477 5152 l'onto
1488 5116 1524 5152 ex
1536 5100 1654 5152 adverso
1667 5101 1838 5152 Coraxorum
1852 5103 1943 5164 gentis
1955 5105 2014 5161 (ro.

1208 5174 1273 5222 cant
1284 5170 1382 5218 Busta
1395 5169 1488 5234 l’onti)
1499 5172 1632 5223 trecentis
1646 5171 1704 5224 iere
1716 5184 1733 5221 a
1743 5168 1900 5221 continenti
1913 5168 2023 5219 stadiis.

1208 5243 1370 5291 immensam
1390 5238 1568 5293 altitudinem
1591 5242 1676 5294 maris
1698 5238 1920 5304 t1·adont,xadis
1943 5253 2011 5288 nun·

1208 5325 1289 5378 quam
1303 5308 1431 5374 repertis.

1242 5377 1311 5432 CVl.
1340 5377 1499 5431 Mirabilius
1520 5378 1548 5432 id
1569 5377 1675 5432 iaciunt
1695 5395 1785 5449 aquae
1806 5378 1916 5439 dulces,
1934 5376 2015 5426 iusta

1210 5464 1287 5502 arare
1296 5454 1328 5500 ut
1337 5449 1439 5501 fistulis
1451 5450 1610 5503 emicantes.
1629 5449 1699 5503 Nam
1712 5467 1763 5504 nee
1772 5463 1906 5520 aquarum
1916 5452 2016 5496 natura

1208 5517 1378 5571 amiraculis
1391 5526 1492 5571 cessat.
1521 5519 1625 5572 Dnlres
1640 5521 1711 5574 nrari
1731 5521 1908 5580 invehuntur,
1925 5512 2015 5566 lerio-

1207 5603 1253 5642 res
1265 5588 1337 5641 baud
1347 5587 1440 5643 dubie.
1458 5589 1524 5642 ideo
1536 5597 1563 5642 et
1575 5591 1709 5655 marinae,
1720 5605 1832 5660 quarum
1844 5594 1943 5639 natura
1953 5597 2015 5651 gra·
