4330 6014
358 312 401 373 40
442 312 474 371 C.
508 310 652 370 PLlNli
688 300 898 368 sacuam
934 299 1098 361 NATUR.
1131 295 1319 363 eliseos.
1355 295 1437 356 bill.
1472 295 1516 353 ΙΙ.
1560 293 2012 358 caP.a.s.1u.1l.12.13.

393 458 467 515 Vlll.
486 459 567 512 Haec
575 461 648 510 ratio
659 457 792 510 mortales
801 454 909 505 animos
919 448 1088 503 subducitis
1098 461 1159 501 ose·

356 530 424 592 lum,
444 527 563 581 ucrelut
574 528 639 580 inde
651 522 910 590 contemplantibus,
932 521 1016 572 trium
1025 518 1159 569 maxima·

358 615 417 650 rum
430 613 521 650 rerum
532 604 647 649 naturae
662 596 780 662 partium
801 590 1022 658 magnitudinem
1041 586 1157 654 detegit.

358 668 420 719 Non
432 673 527 735 posset
539 668 639 732 quippe
651 669 726 713 totus
736 660 781 714 sol
791 661 874 711 adimi
885 658 976 719 terris,
988 656 1160 708 interceden-

358 749 386 788 te
395 738 483 798 Luna,
494 737 519 785 si
530 743 604 786 terra
614 731 704 782 oraine
714 737 789 782 esset
799 744 879 795 quam
890 729 979 780 busa.
1012 724 1113 777 'l'ertia
1123 738 1159 777 ex

357 813 476 872 utroque
497 805 614 854 uastitas
636 800 710 852 Sulis
731 800 864 866 aperitur,
885 802 916 846 ιιι
931 810 986 847 non
998 794 1035 846 sit
1046 808 1159 847 necesse

357 871 565 940 amplitudinem
578 869 637 920 eius
648 869 790 919 oculorum
803 866 983 932 argumentis,
1000 869 1084 930 atque
1095 877 1158 914 con·

356 945 464 995 iectura
477 938 561 990 animi
581 932 717 989 scrutari:
737 935 903 987 immensum
914 949 985 994 esse,
998 936 1063 1001 quia
1073 932 1159 984 arba·

356 1027 414 1062 cunr
437 1011 464 1059 in
478 1007 612 1059 limitibus
632 1011 822 1073 porrectarum
831 1003 860 1053 in
872 1003 1012 1067 quotlibet
1027 1014 1159 1068 passuum

356 1079 444 1130 millia
456 1079 567 1127 umbras
579 1077 691 1142 paribus
705 1073 788 1124 iaciat
798 1072 962 1133 interr-altis,
972 1079 1103 1137 tanquam
1115 1076 1158 1120 to·

355 1158 385 1198 to
407 1148 501 1213 spatio
513 1146 632 1196 titedius:
653 1150 681 1194 et
701 1144 765 1207 quia
781 1155 831 1206 per
851 1141 1055 1206 aequinoctium
1068 1140 1156 1191 omni·

355 1216 446 1267 busin
468 1215 622 1279 nieridiqna
642 1212 725 1278 plaga
746 1210 949 1270 habitantibus,
971 1208 1056 1260 simul
1075 1208 1126 1257 liat
1140 1221 1159 1257 a

354 1286 473 1337 uertices
493 1284 559 1333 item
570 1281 637 1347 quia
657 1282 734 1332 circa
742 1279 923 1330 solstitialem
935 1277 1068 1329 circulum
1078 1274 1156 1327 habi·

354 1356 473 1406 tantiam
495 1350 610 1401 meridie
621 1348 657 1401 nd
669 1348 902 1416 septemtrionem
923 1348 1037 1399 umbrae
1047 1345 1157 1406 cadant,

355 1432 420 1475 ortu
439 1435 505 1473 vero
516 1418 550 1468 ad
571 1432 715 1480 occasum;
737 1432 808 1483 quae
828 1417 891 1468 fieri
909 1416 985 1467 nullo
1000 1414 1159 1482 modopos·

354 1498 425 1553 sent,
447 1489 500 1539 nisi
512 1488 610 1549 multo,
623 1502 704 1553 qnam
716 1494 802 1546 terra,
817 1487 907 1536 nraior
917 1491 1005 1537 esset:
1022 1500 1073 1536 nec
1084 1483 1159 1550 quod

354 1566 474 1615 montem
487 1557 563 1608 idam
583 1556 713 1608 exoriens
725 1554 1038 1620 latitudiaeexsupsret,
1059 1554 1159 1604 dextra

355 1630 488 1692 laevaque
499 1625 576 1694 large
588 1625 770 1692 amplectens,
786 1624 951 1691 praesertim
963 1631 1043 1676 tanto
1055 1622 1159 1674 discre-

354 1706 399 1748 tus
411 1695 566 1747 intervallo.

388 1764 520 1816 Deiectus
540 1764 639 1816 Lunae
658 1760 875 1829 magnitudinem
899 1760 959 1811 eius
980 1757 1160 1811 hauddubie

353 1836 461 1886 ratione
482 1833 615 1896 declarat,
636 1834 810 1885 sicutterrae
831 1830 997 1896 parvitatem
1018 1833 1077 1895 ipse
1092 1828 1158 1880 deii·

354 1905 440 1957 ciens.
472 1903 597 1969 Namque
613 1917 696 1968 quum
717 1902 774 1953 sint
795 1908 852 1952 tres
864 1901 1024 1951 umbrarum
1035 1900 1156 1965 figurae:

353 1979 525 2039 constetque,
546 1972 631 2039 sipar
651 1971 750 2022 lumini
770 1970 808 2020 sit
831 1971 956 2029 materia,
977 1983 1048 2032 quac
1071 1966 1159 2018 iactat

352 2043 489 2105 umbram,
504 2044 649 2094 columnae
660 2039 753 2106 effigit
762 2038 826 2101 iaci,
836 2053 887 2090 nec
898 2035 1000 2088 babere
1012 2037 1110 2099 tinem;
1129 2036 1155 2085 si

351 2114 422 2165 γετό
432 2111 522 2162 maior
533 2111 660 2172 materia,
679 2122 762 2177 quam
774 2108 874 2167 lunren,
895 2106 1016 2156 turbinis
1029 2104 1106 2165 recti,
1126 2110 1158 2155 ut

352 2181 484 2232 eitimam
500 2181 559 2231 eius
570 2180 808 2248 angustissimum,
828 2183 858 2227 et
867 2175 951 2226 simili
963 2175 1046 2226 modo
1067 2174 1158 2224 infini-

352 2258 383 2301 ta
394 2249 554 2317 longitud03
566 2250 591 2299 si
602 2252 692 2299 minor
703 2248 911 2310 materiaqaam
924 2246 1074 2306 lux,metac
1086 2243 1158 2294 exsi-

351 2327 426 2371 stere
437 2318 553 2385 effigiem
565 2320 595 2369 in
608 2316 759 2369 cacuminis
768 2317 851 2367 iissem
863 2315 1032 2373 desinentem
1044 2329 1051 2376 ;
1062 2311 1158 2362 talem·

352 2403 405 2454 que
416 2391 489 2440 cerni
501 2388 627 2449 umbram
638 2387 782 2437 deficiente
793 2382 885 2434 Luna:
896 2383 987 2449 palam
999 2383 1039 2443 ht,
1054 2387 1086 2431 ut
1095 2379 1156 2430 nui·

352 2457 380 2507 la
391 2455 510 2523 amplius
522 2456 699 2521 relinquatur
716 2453 863 2513 dubitatio,
883 2451 1010 2517 superari
1022 2450 1160 2516 triagnitu·

351 2526 416 2576 dine
438 2532 558 2577 terram:
578 2525 606 2575 id
618 2523 730 2592 quidem
742 2530 770 2574 et
784 2521 879 2572 tacitis
890 2521 978 2587 ipsius
991 2528 1106 2571 staturae
1116 2519 1158 2568 in·

351 2593 439 2645 diciis.
470 2595 526 2645 Cur
549 2596 620 2645 eninr
639 2592 750 2659 partitis
762 2590 938 2641 vicibusanni
950 2589 1085 2640 brumalis
1098 2589 1159 2639 abs·

351 2660 443 2714 cedit!
465 2670 496 2714 ut
516 2665 637 2715 noctium
654 2661 794 2728 opacitate
803 2667 892 2712 terras
904 2659 1026 2721 reliciat,
1047 2664 1160 2710 exustu-

351 2746 399 2783 rus
422 2728 494 2782 haud
518 2730 610 2794 dabie,
631 2732 712 2783 etsie
730 2744 840 2796 quoque
860 2743 978 2782 exurens
1000 2726 1158 2795 quadamia

352 2808 447 2867 parte:
460 2807 541 2852 tanta
552 2800 715 2869 magnitudo
728 2806 780 2851 est.

387 2869 435 2920 lx.
457 2870 492 2919 Et
512 2871 650 2921 rationem
662 2868 773 2937 quidem
786 2866 912 2920 deiectus
925 2866 1079 2931 utriusque,
1100 2866 1157 2932 pri-

352 2954 413 2989 mus
432 2937 549 2989 Romani
578 2939 688 3005 generis
714 2937 742 2987 in
773 2937 871 3002 uulgus
894 2937 995 2987 extulit
1017 2935 1158 2999 Sulpicius

354 3006 461 3066 Gallus,
473 3007 520 3072 qui
531 3007 632 3056 Consul
645 3020 705 3054 cum
719 3006 854 3055 Marcello
866 3005 937 3053 luit:
960 3002 1009 3054 sed
1022 3012 1078 3053 tum
1092 3003 1156 3053 'Pri-

352 3076 439 3124 bunus
463 3074 592 3135 militum,
611 3072 937 3123 sollicitudineescrcitu
953 3071 1081 3131 liberato,
1101 3071 1157 3135 pri·

352 3141 398 3194 die
409 3155 491 3208 quam
504 3141 619 3194 Perseus
630 3154 679 3190 rex
695 3148 843 3205 superatus
854 3154 871 3189 a
882 3138 970 3190 Paulo
984 3143 1035 3197 est,
1054 3139 1082 3187 in
1093 3154 1158 3188 con·

352 3210 462 3261 cionem
485 3210 519 3260 ab
539 3211 709 3276 imperatore
732 3208 883 3274 productus
898 3206 933 3260 ad
944 3205 1157 3274 praedicendam

352 3279 488 3347 eclipsim,
509 3292 573 3330 mox
591 3278 785 3344 etcomposito
797 3276 947 3329 volumine.
977 3275 1055 3341 Apud
1068 3276 1156 3326 Grae·

353 3364 401 3401 eos
412 3356 505 3401 autern
518 3349 696 3417 investigarit
708 3351 812 3414 primus
824 3347 947 3398 omnium
957 3343 1063 3396 'l'hsles
1076 3343 1158 3395 atila·

352 3420 420 3479 sius,
433 3419 607 3486 Olympiadis
619 3417 733 3469 XLVlll
744 3434 816 3469 anno
828 3422 937 3482 quarto,
952 3414 1095 3482 praedicto
1107 3412 1157 3463 So-

350 3489 385 3539 lis
398 3488 519 3547 defectu,
536 3488 583 3551 qui
593 3487 707 3552 Alyatte
720 3501 784 3553 rege
795 3487 886 3537 iactus
897 3492 949 3545 est,
971 3483 1050 3534 Urbis
1060 3480 1156 3533 condi-

351 3564 477 3607 tseanno
489 3554 569 3605 CLX.
586 3555 653 3605 Post
664 3568 712 3605 eos
726 3557 869 3619 utriusque
884 3552 985 3604 sideris
1002 3565 1112 3603 cursum
1128 3550 1157 3600 in

351 3631 498 3675 sexcentos
508 3636 596 3674 annos
607 3622 765 3741 praecinuit
774 3620 959 3688 Hipparchus,
972 3637 1081 3672 menses
1091 3635 1156 3687 gen·

353 3691 433 3751 tium,
442 3690 556 3758 diesque
567 3698 596 3742 et
626 3706 698 3753 oras,
705 3706 739 3743 ac
750 3692 820 3742 situs
831 3693 968 3754 locorum,
981 3698 1010 3743 et
1020 3691 1094 3739 risus
1106 3704 1155 3755 po·

350 3759 477 3827 pelorum
499 3761 758 3826 complemento
781 3768 866 3821 teste,
887 3758 961 3812 baud
984 3760 1039 3810 ulio
1062 3757 1155 3820 niodo,

352 3844 433 3898 quam
452 3829 631 3881 consiliorum
645 3837 762 3881 naturae
773 3830 921 3896 particeps.
955 3830 1015 3882 viri
1030 3831 1156 3894 ingentes

351 3912 489 3965 supraque
509 3900 667 3950 mortalium
689 3905 829 3961 naturam,
850 3904 993 3950 tantorum
1014 3898 1156 3948 nunninum

352 3969 415 4036 lega
432 3967 616 4032 deprehensa,
636 3975 663 4021 et
676 3970 778 4020 misera
789 3967 929 4019 homiuum
940 3974 1032 4018 niente
1044 3966 1156 4018 absolu-

250 4046 253 4059 '
352 4044 392 4099 ta,
415 4037 442 4107 ip
455 4036 610 4089 defectibus
621 4038 736 4099 scelera,
758 4044 807 4089 aut
817 4043 935 4088 mortem
948 4037 1068 4104 aliquam
1081 4035 1155 4087 side·

351 4122 412 4158 rum
433 4114 566 4174 parente:
593 4122 646 4174 quo
659 4107 686 4158 in
699 4114 772 4159 metu
789 4107 876 4157 luisse
887 4104 1039 4158 Stesichori
1051 4111 1079 4155 et
1090 4103 1154 4154 Pin-

353 4176 416 4228 dari
427 4182 522 4228 ratum
533 4176 664 4228 sublimis
675 4177 825 4242 crapulam
837 4175 879 4227 est
890 4175 1013 4241 deliquio
1025 4173 1115 4226 Solis:
1128 4178 1156 4224 et

351 4247 380 4296 ln
392 4245 472 4298 Luna
483 4246 615 4299 veneficia
625 4253 758 4315 arguente
771 4246 953 4305 mortalitate,
970 4251 999 4295 et
1009 4244 1045 4293 uh
1058 4243 1087 4293 id
1098 4257 1155 4294 cre·

351 4315 411 4381 pitu
423 4314 536 4367 dissono
548 4316 711 4368 auxiliante.
744 4316 807 4378 Quo
820 4330 921 4381 pavore
931 4314 1043 4380 ignarus
1054 4325 1156 4364 causae

351 4382 447 4433 Nicias
457 4383 664 4437 Atheniensium
677 4387 838 4452 imperator,
849 4383 954 4435 teritus
965 4383 1079 4434 classem
1092 4396 1155 4448 por·

350 4456 382 4501 tu
395 4450 520 4512 educere,
537 4469 605 4518 opes
616 4471 711 4507 eorum
724 4452 832 4506 afflixit.
861 4452 952 4504 Marti
962 4452 1074 4519 ingenio
1086 4459 1155 4513 este,

352 4518 422 4570 caeli
441 4519 617 4587 interpretes,
639 4539 730 4575 rorum
750 4539 786 4575 ue
798 4530 915 4575 naturae
927 4536 1052 4588 capaces,
1073 4536 1155 4589 argu·

351 4586 438 4640 menti
458 4595 635 4655 repertores,
667 4608 720 4658 quo
768 4608 816 4643 eos
838 4591 1020 4658 hominesque
1040 4590 1155 4642 vicistis.

352 4658 421 4720 (liris
433 4657 506 4708 enim
519 4654 586 4707 haec
598 4673 722 4717 cennens,
735 4667 762 4711 et
775 4668 864 4712 statos
875 4661 997 4713 siderum
1011 4659 1153 4726 (quoniam

352 4728 392 4777 ita
404 4726 508 4792 placuit
533 4725 687 4792 appellare)
709 4726 830 4791 labores,
851 4746 905 4780 non
917 4745 984 4783 suae
996 4728 1156 4781 necessitati

352 4795 482 4846 mortalis
494 4796 606 4861 genitus
618 4794 763 4863 ignoscatl
782 4796 860 4847 Nunc
871 4800 1000 4851 confessa
1012 4798 1046 4850 de
1056 4797 1155 4849 iisdem

351 4865 475 4915 breuiter
487 4871 571 4930 atquc
582 4864 757 4931 capitulatim
769 4865 914 4931 attingam,
938 4871 1047 4919 ratione
1059 4866 1155 4917 admo·

354 4934 417 4983 dum
436 4934 601 4985 necessariis
623 4934 692 4986 locis
704 4933 875 4999 strictimque
887 4935 1011 4987 reddita:
1033 4950 1096 4999 napa
1108 4950 1155 4986 ne·

355 5017 408 5068 que
430 5001 554 5052 instituti
572 5004 665 5070 operis
685 5003 750 5054 talis
769 5005 975 5069 argumentatio
992 5012 1049 5068 est,
1069 5018 1157 5070 neque

355 5074 476 5121 oninium
498 5085 589 5123 rerum
611 5072 712 5125 afferre
732 5086 814 5139 posse
833 5086 931 5122 causas
949 5072 1040 5124 minus
1056 5076 1155 5125 mirum

357 5148 407 5198 est,
420 5151 500 5207 quam
511 5149 640 5193 constare
651 5144 679 5193 in
692 5142 838 5209 aliquibus.

390 5208 425 5260 X.
447 5207 579 5260 Deiectus
590 5210 715 5262 ducentis
735 5211 833 5277 uiginti
846 5210 934 5261 tribus
947 5213 1084 5263 mensibus
1095 5213 1156 5264 red·

357 5282 398 5330 iro
425 5280 453 5329 in
474 5292 539 5328 suos
560 5281 642 5331 orbes
663 5286 767 5333 certum
789 5288 844 5329 est:
866 5279 996 5346 Solisque
1017 5280 1157 5333 defectum

358 5348 478 5399 nonnisi
498 5347 649 5399 norissima
661 5349 782 5416 primane
794 5349 852 5399 fieri
866 5348 953 5409 Luna,
975 5349 1048 5414 quod
1061 5360 1158 5402 rorant

358 5416 687 5477 coitnm31mnaeautem
701 5434 754 5470 non
768 5420 821 5468 nisi
835 5418 923 5483 plena,
946 5433 1108 5485 seritperque
1120 5422 1157 5471 ci·

358 5494 403 5536 tra
414 5502 493 5554 quarn
505 5487 630 5555 proxime
644 5486 737 5539 fuerit.
768 5488 902 5538 Omnibus
914 5497 1006 5538 autem
1019 5490 1099 5539 annis
1110 5490 1157 5541 lle·

360 5555 536 5624 ¹·iutriusque
552 5554 655 5609 sideris
676 5555 802 5609 deiectus
822 5558 902 5608 statis
923 5556 1019 5607 diebus
1030 5557 1159 5625 horisque

1212 447 1263 499 sub
1273 453 1361 499 terra.
1380 446 1439 499 bles
1448 450 1610 498 tamencum
1620 457 1739 512 mperes
1753 441 2017 509 austmbtqusess·

1211 515 1400 583 ui,aliqasndo
1411 521 1528 582 propter
1536 514 1756 580 nubilassepius
1766 512 1851 579 globo
1863 520 1959 566 terrae
1968 512 2017 565 ob-

1211 593 1305 637 stante
1328 585 1552 637 convexitatibus
1562 583 1668 636 mundi.
1695 582 2017 635 inuadacemosansos

1212 653 1369 722 Hipparchi
1387 653 1543 720 sagacitate
1563 658 1735 720 compertum
1750 658 1804 716 est,
1822 657 1851 703 et
1859 650 1957 704 Lunae
1967 650 2015 703 de·

1211 724 1315 777 fectum
1328 723 1481 805 aliquando·
1490 723 1585 789 quinto
1596 737 1690 804 mense
1701 721 1821 803 aprione
1841 721 1912 783 lieri,
1941 720 2016 773 Solis

1210 791 1573 927 :titillantia
1584 789 2017 927 litlthritlthtlht

1210 946 1336 1000 quaeque
1355 938 1422 984 sunt
1440 931 1469 983 in
1482 928 1535 982 hoc
1554 930 1689 982 miraculo
1710 929 1831 981 maxime
1843 928 1933 991 niba,
1952 943 2015 981 cum

1213 1003 1360 1053 conueniat
1368 1000 1468 1051 umbra
1478 1007 1571 1052 terrae
1582 1000 1690 1051 Lunam
1700 996 1913 1060 hebetari,nune
1920 998 1957 1051 ub
1967 1012 2015 1051 oc·

1211 1084 1291 1122 cassu
1309 1076 1389 1137 parte
1409 1068 1463 1122 hoc
1484 1070 1511 1122 ei
1531 1069 1668 1129 accidere,
1689 1082 1763 1119 nunc
1787 1066 1823 1119 ab
1838 1074 1966 1121 exortus:
1987 1073 2017 1120 et

1211 1153 1331 1207 quanam
1347 1139 1465 1203 mtione,
1475 1154 1537 1190 cum
1548 1137 1623 1190 Solis
1634 1143 1732 1189 exortu
1743 1137 1841 1188 umbra
1858 1136 1909 1191 ills
1935 1134 2014 1189 mba-

1211 1209 1299 1260 tatris
1308 1209 1360 1260 sub
1372 1216 1448 1260 terra
1458 1223 1519 1259 esse
1530 1207 1640 1269 debeat,
1650 1206 1737 1259 semel
1747 1206 1806 1258 iam
1818 1204 1963 1267 acciderit,
1983 1213 2016 1257 ut

1210 1278 1239 1328 in
1248 1293 1349 1330 occasu
1360 1277 1441 1329 Luna
1451 1277 1592 1339 deiiceret,
1609 1282 1728 1342 utraque
1738 1282 1936 1342 superterram
1948 1290 2014 1326 coa·

1210 1349 1307 1414 spicuo
1327 1347 1429 1399 sidere.
1457 1346 1529 1399 Nam
1550 1352 1581 1398 ut
1592 1343 1739 1398 duodecim
1755 1343 1853 1396 diebus
1864 1351 2015 1411 utrumque

1210 1416 1287 1468 sidus
1307 1422 1497 1483 quaereretur,
1517 1420 1651 1468 etaostro
1672 1429 1741 1467 aevo
1757 1413 1869 1476 accidit,
1890 1413 2014 1480 lnporu-

1210 1486 1321 1606 {igibus
1339 1485 1535 1552 Vespasiauis,
1556 1491 1637 1552 patre
1655 1484 1703 1546 tv,
1716 1483 1775 1536 lilio
1791 1484 1894 1536 iterum
1907 1484 2013 1536 Consu·

1224 1571 1233 1605 ι
1253 1570 1293 1606 us.

1246 1624 1291 1676 Xl.
1302 1622 1411 1675 Lunam
1420 1637 1539 1690 semper,
1554 1621 1659 1675 aversis
1670 1637 1688 1674 a
1698 1621 1764 1674 Sole
1774 1620 1913 1683 cornibus,
1923 1621 1948 1672 si
1957 1636 2015 1675 cre·

1212 1699 1282 1754 scat,
1299 1700 1377 1744 ortus
1387 1700 1528 1759 spectare;
1538 1692 1564 1742 si
1574 1694 1722 1755 minuatur,
1739 1705 1863 1753 occasus,
1880 1688 1953 1742 haud
1964 1689 2014 1742 du·

1211 1763 1286 1815 bium
1299 1772 1350 1814 est.
1379 1762 1486 1814 Lucere
1497 1761 1648 1813 dodrantes
1657 1759 1964 1814 remuneratorum
1979 1759 2015 1812 ab

1211 1830 1333 1883 secunda
1344 1831 1524 1883 adiicientem
1539 1831 1671 1898 usquead
1682 1831 1793 1899 plenum
1804 1831 1908 1892 orbem,
1924 1829 2016 1882 detra·

1212 1899 1377 1968 hantemquo
1397 1900 1426 1951 in
1446 1900 1666 1953 diminutionem.
1706 1902 1781 1953 lutra
1801 1899 2015 1966 quatuordecim

1211 1978 1306 2022 autem
1319 1975 1412 2035 partes
1424 1968 1509 2033 Solis,
1517 1984 1628 2037 semper
1645 1970 1780 2022 occultam
1796 1984 1867 2022 esse.
1900 1970 1962 2032 Quo
1973 1982 2017 2020 ar·

1211 2045 1346 2107 gumento
1366 2038 1485 2105 amplior
1502 2041 1655 2091 errantium
1676 2037 1832 2100 stellarum,
1852 2052 1937 2105 quam
1958 2037 2015 2091 Lu·

1211 2122 1274 2169 nae,
1297 2107 1461 2175 magnitudo
1478 2108 1637 2175 colligitur:
1658 2107 1847 2175 quandoillae
1859 2112 2017 2174 etasepts·

1212 2180 1255 2228 nis
1265 2179 1404 2229 interdum
1418 2178 1542 2243 partibus
1554 2183 1707 2244 emergant.
1737 2176 1793 2229 Sed
1809 2177 1929 2229 altitudo
1939 2175 2018 2244 cogit

1211 2247 1335 2298 minores
1356 2246 1462 2298 rideri:
1483 2249 1558 2299 sicut
1569 2247 1668 2299 allisas
1680 2246 1758 2299 caclo
1769 2245 1842 2299 Solis
1855 2249 1964 2315 fulgore
1974 2246 2016 2297 is·

1212 2316 1305 2368 tordiu
1317 2316 1468 2379 concerni,
1488 2332 1550 2368 cum
1561 2328 1649 2384 aeque
1660 2332 1692 2368 ac
1703 2322 1788 2368 noctu
1798 2317 1922 2369 luceant:
1934 2315 2017 2382 idque

1212 2383 1389 2437 manifestum
1401 2384 1451 2436 liat
1462 2385 1617 2439 defectibus
1625 2387 1707 2449 Solis,
1728 2392 1757 2439 et
1768 2386 1903 2453 praealtis
1915 2386 2017 2452 puteis.

1249 2455 1311 2505 Xil.
1322 2454 1482 2505 Errantium
1495 2463 1587 2506 autem
1600 2462 1667 2517 tres,
1687 2446 1765 2524 quus*
1775 2470 1861 2523 supra
1871 2455 1966 2506 Solem
1977 2453 2017 2505 di·

1212 2524 1301 2574 cimus
1312 2525 1390 2584 sitas,
1402 2524 1587 2588 occultantur,
1599 2531 1724 2578 meantes
1736 2540 1797 2576 cum
1809 2539 1852 2578 eo.
1879 2525 2017 2575 Esurien-

1212 2596 1343 2643 tur⁸vero
1364 2595 1512 2655 matutino,
1533 2593 1709 2647 discedentes
1730 2595 1856 2661 partibus
1875 2607 2014 2658 nunquam
2112 2646 2119 2657 ,

1212 2661 1332 2728 amplius
1344 2662 1468 2715 undenis.
1496 2662 1598 2716 Postea
1608 2664 1751 2716 radiorum
1763 2664 1822 2715 eius
1833 2668 1964 2715 contactu
1975 2668 2016 2714 te·
2076 2716 2087 2737 ‚

1211 2740 1322 2800 guntur,
1343 2739 1372 2784 et
1383 2734 1411 2782 in
1424 2735 1560 2800 triquetro
1570 2750 1587 2785 a
1597 2734 1722 2800 partibus
1733 2740 1842 2785 centum
1853 2732 1952 2799 uiginti
1962 2736 2018 2783 sta·

1211 2804 1303 2853 tiones
1324 2803 1476 2853 matutinas
1492 2802 1607 2865 faciunt,
1627 2817 1699 2870 quae
1710 2808 1739 2854 et
1750 2804 1855 2869 primae
1865 2807 2025 2853 uocanturt‘

1211 2884 1276 2922 mox
1288 2870 1315 2919 in
1333 2870 1451 2923 aduerso
1464 2887 1481 2921 a
1496 2873 1622 2936 partibus
1645 2878 1755 2922 centum
1766 2871 1918 2936 octoginta,
1940 2882 2019 2921 exor-

1210 2946 1257 2989 tus
1269 2940 1453 3003 vespertinos.
1476 2940 1633 3004 iterumque
1644 2942 1671 2989 in
1680 2945 1790 2991 eentum
1800 2939 1902 3004 uiginti
1913 2940 1947 2990 ab
1958 2938 2016 2989 alio

1211 3007 1300 3059 latere
1322 3008 1569 3071 appropinquante,
1590 3005 1925 3071 stationesvespertiuas,
1948 3021 2018 3072 quas

1211 3073 1346 3126 secundas
1368 3078 1482 3133 vocant3
1505 3072 1595 3125 donec
1615 3079 1759 3124 assecutus
1770 3075 1799 3123 in
1811 3072 1936 3138 partibus
1949 3073 2018 3125 dno·

1211 3143 1290 3194 denis
1301 3140 1421 3192 occultet
1432 3141 1511 3191 illas:
1523 3142 1572 3209 qui
1583 3141 1735 3207 vespertini
1747 3157 1863 3195 occasus
1874 3140 2019 3208 appellau-

1210 3217 1263 3261 tur.
1283 3209 1477 3260 Martisstella
1488 3217 1519 3261 ut
1530 3212 1652 3277 propior,
1663 3210 1747 3261 etiam
1760 3226 1794 3263 ex
1806 3209 1944 3279 quadrato
1955 3227 2018 3264 sea·

1210 3280 1246 3330 tit
1257 3277 1361 3340 radios,
1371 3278 1406 3328 ab
1419 3280 1569 3346 nonaginta
1582 3279 1719 3346 partibus:
1733 3280 1846 3333 undeet
1858 3295 1960 3332 nomen
1971 3296 2017 3334 sc·

1210 3348 1285 3412 cepit
1297 3348 1321 3397 is
1332 3354 1432 3410 neotus,
1449 3349 1555 3416 primus
1566 3358 1596 3401 et
1607 3350 1746 3402 secundus
1757 3350 1964 3417 nonagenarius
1976 3350 2018 3402 di·

1210 3425 1272 3469 ctus
1293 3417 1328 3467 ab
1349 3424 1467 3484 utroque
1491 3426 1601 3470 exortu.
1632 3419 1739 3471 Eadem
1757 3419 1916 3471 stationalis
1934 3417 2011 3471 senis

1210 3487 1350 3537 mensibus
1364 3495 1552 3540 conrrrroratur
1573 3489 1710 3557 insignis,
1732 3489 1840 3556 alioqui
1858 3488 2014 3540 bimestrist

1210 3571 1270 3607 cunr
1283 3562 1392 3608 ceterae
1403 3564 1521 3623 utraque
1538 3558 1658 3611 statione
1675 3564 1827 3625 quaternos
1839 3574 1947 3611 aienses
1958 3572 2014 3609 noa

1210 3626 1351 3694 impleant.

1245 3692 1398 3744 inferiores
1419 3699 1513 3745 sertem
1535 3693 1608 3747 duae
1628 3696 1806 3747 occultantur
1827 3696 1855 3746 in
1875 3694 1951 3745 coitu
1967 3710 2013 3747 re·

1209 3762 1343 3829 spertino,
1364 3761 1451 3813 simili
1468 3763 1566 3814 modo:
1587 3764 1828 3831 relictoquoSole,
1848 3763 1965 3815 totidem
1988 3765 2015 3815 ia

1209 3833 1336 3897 partibus
1357 3830 1463 3885 iaciunt
1475 3841 1589 3884 exortus
1607 3835 1769 3897 matutinos,
1790 3843 1874 3901 atque
1886 3850 1903 3884 a
1914 3832 2015 3899 longis·

1209 3901 1287 3951 simis
1299 3901 1451 3954 distantiae
1461 3916 1529 3955 suae
1539 3905 1620 3954 metis
1632 3902 1723 3955 Solem
1741 3903 1939 3970 insequuntur,
1950 3902 2014 3954 ado·

1210 3977 1328 4037 ptaeque
1351 3985 1452 4021 occasu
1464 3973 1603 4024 matutino
1613 3972 1768 4024 conduntur
1778 3987 1811 4022 ac
1823 3978 2014 4038 praetereunt.

1209 4039 1277 4091 Mus
1297 4039 1395 4090 eodem
1416 4040 1566 4092 intervallo
1577 4034 1692 4107 uespere
1704 4041 1869 4092 exoriuntur
1879 4056 1966 4107 usque
1978 4039 2015 4091 ad

1209 4123 1278 4174 quos
1299 4106 1418 4160 diximus
1440 4110 1584 4161 terminos.
1614 4109 1707 4161 abhis
1724 4108 2014 4175 retrogradiunturad

1209 4176 1316 4238 Solent,
1337 4184 1365 4228 et
1386 4193 1486 4229 occasu
1508 4180 1668 4245 vespertino
1689 4178 1864 4229 delitescunt.
1897 4176 2017 4235 Veneris

1208 4246 1293 4303 stella
1302 4253 1331 4297 et
1342 4248 1476 4298 stationes
1489 4246 1566 4309 duas,
1587 4247 1751 4299 matutinam
1764 4246 2016 4318 vespertinamque,

1209 4316 1243 4367 ab
1263 4323 1382 4381 utroque
1403 4323 1503 4368 exortu
1525 4315 1612 4381 iacit,
1642 4316 1844 4383 alongissimls
1866 4322 2015 4375 distantiae

1209 4400 1277 4437 suae
1295 4386 1407 4437 tinibus:
1423 4384 1566 4448 Mercurii,
1578 4388 1715 4439 stationes
1726 4387 1854 4445 breuiore
1865 4399 2015 4456 momento,

1209 4470 1290 4522 quam
1302 4462 1334 4506 ut
1345 4453 1512 4521 deprehendi
1525 4457 1643 4524 possint.

1244 4525 1317 4575 xlii.
1339 4526 1418 4577 llaec
1429 4533 1472 4579 est
1490 4526 1625 4577 luminum
1648 4529 1921 4593 occultationumque
1933 4530 2015 4590 ratio,

1209 4594 1369 4659 perplexior
1380 4600 1473 4657 motu,
1494 4596 1642 4660 stultisque
1655 4598 1781 4650 inuoluta
1795 4596 1942 4647 miraculis.
1975 4596 2016 4648 Si·

1209 4662 1318 4728 quidem
1332 4663 1535 4728 magnitudines
1547 4679 1611 4713 suas
1623 4671 1651 4713 et
1663 4666 1899 4725 commentatam,
1916 4672 1944 4716 et
1955 4680 2015 4715 eae·

1210 4732 1271 4781 dem
1288 4730 1322 4780 ad
1335 4730 1567 4796 septemtrionem
1579 4733 1723 4793 accedant,
1744 4732 1902 4800 abeuntque
1914 4734 1947 4785 ad
1959 4739 2013 4786 Aa·

1209 4807 1307 4859 strum,
1319 4803 1459 4865 terrisque
1470 4802 1615 4864 propiores
1626 4809 1674 4852 aut
1687 4800 1765 4854 caelo
1778 4810 1892 4866 repente
1903 4819 2016 4854 cernua·

1209 4867 1310 4918 turtio
1322 4869 1420 4934 quihus
1432 4868 1515 4918 aliter
1526 4869 1623 4929 multa,
1642 4885 1724 4936 quam
1737 4874 1853 4936 priores,
1872 4872 2014 4931 tradituri,

1209 4937 1329 4988 fatemur
1351 4951 1385 4988 ea
1395 4951 1504 5004 quoque
1522 4936 1636 4989 illorum
1650 4954 1711 4990 esso
1722 4940 1851 5001 muneris,
1871 4943 1918 5006 qui
1931 4942 2012 5006 primi

1210 5005 1360 5073 quaerendi
1382 5006 1442 5056 rias
1463 5006 1727 5060 demonstraverint:
1749 5007 1832 5058 niodo
1844 5024 1878 5060 ne
1897 5010 1957 5075 quis
1969 5011 2014 5062 de·

1210 5081 1305 5141 speret
1315 5073 1411 5126 secula
1431 5075 1566 5141 prolicere
1576 5091 1696 5144 semper.
1727 5076 1859 5129 Pluribus
1870 5079 1904 5131 de
1922 5080 2013 5131 causis

1210 5143 1278 5196 haec
1290 5145 1383 5194 onmia
1394 5145 1531 5195 assidunt.

1246 5213 1340 5264 Prima
1360 5214 1536 5275 circulorum,
1558 5229 1627 5282 quos
1648 5214 1749 5265 Graeci
1773 5212 1873 5277 ἀψῖδας
1884 5215 1912 5264 in
1925 5216 2013 5267 stellis

1211 5288 1328 5334 vocant:
1360 5284 1462 5335 etenim
1485 5283 1602 5335 Graecis
1627 5284 1760 5335 utendum
1787 5282 1842 5334 erit
1861 5283 2012 5336 uocabulis.

1211 5350 1281 5404 Sunt
1292 5360 1386 5404 autem
1403 5352 1430 5403 hi
1442 5355 1484 5403 sui
1496 5356 1594 5419 cuique
1603 5366 1708 5413 earum,
1731 5353 1834 5419 aliique
1846 5368 1926 5419 quam
1938 5367 2014 5404 mun·

1211 5422 1262 5472 do:
1284 5421 1414 5487 quoniam
1431 5430 1506 5473 terra
1518 5438 1535 5474 a
1547 5421 1695 5473 verticibus
1707 5422 1824 5483 duobus,
1845 5438 1913 5489 quos
1924 5421 2015 5487 appel·

1211 5491 1338 5543 laverunt
1351 5490 1443 5556 polus,
1457 5500 1580 5542 centrum
1592 5492 1664 5543 caeli
1677 5500 1730 5554 est,
1744 5506 1794 5544 nec
1806 5505 1860 5542 non
1872 5489 2013 5557 Signiferi,

1212 5560 1324 5626 oblique
1344 5560 1419 5611 inter
1428 5574 1475 5611 eris
1487 5560 1543 5611 siti.
1574 5562 1674 5614 Ouinia
1694 5568 1789 5615 autem
1806 5558 2015 5613 haecconstsnt
2037 5596 2040 5603 .
