4368 6008
320 335 350 395 C.
398 334 546 397 rainl!
581 330 787 396 SECUNDl
822 329 1201 397 detumuisset.
1237 330 1324 397 bili.
1348 332 1426 396 XX.
1466 334 1562 398 cul.
1586 342 1701 400 77-83.
1785 345 1845 406 255

188 502 275 543 „ansa
283 500 385 555 magna
396 483 569 539 concertatio
578 483 698 539 exstitit.
736 482 996 604 lilagorssetiira·
1046 485 1205 540 tradantur.
1241 484 1414 555 Sagittarum
1424 498 1541 551 reeens,
1562 493 1592 542 et
1603 462 1772 560 serpentium
1782 491 1849 547 har-

187 554 321 613 sinaitas
332 560 360 607 ia
370 562 460 608 tutum
474 553 650 617 damnavere,
664 559 697 605 ut
708 555 793 605 morti
806 569 895 619 eram,
906 550 996 606 iuiun·
1047 555 1246 619 morrhoiduur,
1256 564 1286 609 et
1298 564 1454 623 presterum
1465 559 1618 626 restingui:
1641 576 1691 628 pro
1701 565 1763 616 cibo
1774 579 1847 616 sum·

191 627 221 679 di
230 631 377 681 retentes:
397 632 554 692 praeterea,
573 624 704 693 quoniam
715 622 789 675 visai
799 631 924 682 noceret.
942 624 996 676 Atl-
1048 631 1086 687 tib
1098 631 1127 677 li
1137 620 1226 692 1³¹⁰&in
1238 626 1379 692 iffll⁰⁸st³2
1390 624 1509 678 mihi·
1528 630 1597 680 ΜΝ
1610 627 1781 701 hyoscyami,
1793 649 1844 701 1³⁰·

191 695 263 751 didit
271 697 406 758 Andreas,
426 694 492 747 ideo
502 708 559 746 nou
568 693 697 762 protinus
709 696 853 747 excaecari
865 709 910 756 co,
928 707 995 760 qao·
1048 701 1078 746 ta
1089 710 1104 746 e
1117 709 1199 761 passu
1212 709 1344 760 expresso
1356 710 1447 747 succo.
1468 698 1534 748 Corn
1547 697 1610 764 ipsa
1621 714 1677 752 noa
1689 710 1740 766 est,
1750 719 1845 758 semea

191 770 264 820 siam
273 763 681 820 adulteraretnrlllexandriae.
693 762 926 831 Scdposteausus
935 763 995 815 eius
1048 763 1107 815 eius
1118 764 1204 814 simili
1221 762 1321 815 ellectu
1334 764 1457 830 prodest.
1492 766 1608 819 llesistit
1618 776 1648 821 et
1659 784 1791 839 aquaram
1804 777 1845 824 vi-

192 851 248 889 aon
261 837 432 905 improbatus
443 839 488 893 est
498 835 701 887 medicamento
711 833 888 901 nobiliquod
898 832 993 883 diaco·
1047 832 1209 900 tiis,capitis
1220 830 1321 893 ditiori,
1334 832 1554 903 hulceribusqae,
1566 838 1594 888 in
1605 839 1671 892 rino
1682 848 1746 894 tusa
1755 851 1783 895 et
1794 844 1845 895 im·

192 903 257 960 thou
266 913 376 959 vocant.
415 904 528 957 Semina
539 918 649 971 quoque
661 903 722 956 eius
733 903 804 955 tritu
814 904 843 954 in
856 902 994 970 pastillos,
1048 903 1165 970 posita·
1188 901 1306 968 Reliqua
1322 900 1436 954 hulcera
1445 908 1673 961 commanducata
1685 926 1745 963 cum
1762 914 1844 966 melle

192 972 622 1030 elacteutunturadsomaum:
645 971 995 1040 itemstdcepitisdolores
1047 978 1137 1025 sanat.
1173 968 1417 1024 Sicetinlentium
1429 975 1716 1043 cerebroimpuuitur,
1736 984 1844 1035 umbili-

191 1063 253 1101 cum
263 1060 393 1100 rosaceo:
417 1057 481 1097 cum
494 1040 549 1095 hoc
568 1048 597 1095 et
607 1043 716 1094 surium
727 1042 817 1095 dolori
829 1042 994 1095 instillatur.
1048 1056 1137 1110 coque
1148 1040 1289 1109 procidua.
1324 1041 1355 1092 la
1376 1040 1516 1109 epiphoris
1527 1060 1592 1098 vero
1603 1050 1736 1113 omnium,
1756 1050 1843 1104 fronti

171 1112 327 1185 *Podagm
336 1115 454 1170 infinitus
465 1128 528 1167 „um
540 1113 614 1167 lacte
625 1112 783 1167 mulierum.
820 1112 866 1166 Sic
879 1113 995 1167 etluliis
1048 1112 1273 1180 temporibusque
1284 1124 1345 1162 cum
1357 1114 1478 1177 polenta.
1515 1113 1569 1167 sed
1582 1115 1650 1183 ipsis
1661 1119 1758 1183 oculis,
1778 1108 1851 1174 ela!

191 1187 259 1254 ipsis
281 1193 404 1247 utuntur.
440 1186 511 1238 item
531 1183 567 1235 ad
588 1198 685 1242 meros
705 1184 784 1250 ignes
795 1188 825 1236 et
834 1182 950 1235 vulnera
960 1196 995 1236 ex
1048 1181 1236 1236 cteetmelle.
1268 1179 1383 1243 lisdenr,
1393 1182 1419 1232 si
1429 1181 1575 1249 procidant
1586 1187 1669 1250 oculi,
1680 1185 1757 1242 loliis
1768 1194 1844 1243 tritis

191 1263 281 1311 aceto.
316 1258 376 1325 Ego
387 1261 481 1309 tamen
491 1253 679 1306 damnaverim
690 1253 817 1322 collyriis
828 1253 910 1305 addi:
926 1252 995 1305 mul·

191 1333 277 1394 toque
286 1326 378 1395 magis
389 1339 458 1393 quss
469 1331 573 1376 vocant
583 1325 767 1392 leaipyretos,
776 1338 897 1392 quasque
906 1321 994 1390 pepti-

191 1397 435 1449 casetcoelincss.
471 1394 589 1463 Nigrum
613 1400 706 1445 mmen
727 1393 861 1447 coeliacis
881 1394 908 1444 in
928 1392 993 1443 vino

191 1464 284 1518 datur.
313 1465 437 1519 Satirum
449 1476 531 1517 omne
541 1464 647 1517 maias:
667 1462 828 1515 rotundaei
840 1463 940 1529 capita
959 1461 995 1512 lt

193 1535 320 1589 silvestri
332 1537 417 1603 leuga
425 1548 458 1587 se
468 1534 614 1602 pusilla,et
623 1532 659 1586 sd
669 1547 765 1586 omues
776 1532 893 1585 effectus
904 1530 995 1583 valcu·

192 1606 277 1657 tiara.
296 1606 469 1672 Deeoquitur
480 1611 509 1656 et
517 1605 627 1656 bibitur
636 1608 735 1655 contra
744 1602 871 1671 vigilias:
887 1601 996 1654 eadem·

191 1688 247 1740 que
259 1688 333 1741 aqua
343 1673 441 1726 iuvent
451 1688 512 1726 ora.
537 1673 678 1741 Optimum
689 1674 717 1725 iu
727 1674 817 1733 siccis,
829 1680 858 1724 ct
869 1673 917 1725 abi
928 1682 995 1723 raro

192 1741 280 1808 pluat.
309 1743 377 1795 Cum
389 1743 589 1810 capitaipsaet
601 1741 671 1795 iulia
681 1740 875 1809 decoquuntur
897 1754 996 1793 saccus

193 1810 353 1863 meconium
363 1818 491 1874 vocatur,
504 1812 620 1864 multum
633 1813 697 1878 opio
707 1810 846 1878 ignavior.

228 1881 457 1947 lisperiurentum
478 1881 536 1948 opii
553 1882 726 1948 estprimum
737 1880 766 1933 ia
778 1879 881 1933 odoret
903 1877 993 1931 siuce-

191 1950 995 2085 {dedititiisitibit?iiitt‘i‘tl‘titt

192 2088 220 2140 iu
233 2086 327 2143 iurato
339 2104 394 2140 aon
416 2089 557 2141 eveniunt.
595 2089 765 2144 Accenditur
776 2104 886 2159 quoque
898 2087 994 2140 dillici·

193 2155 259 2221 llus,
269 2164 298 2211 et
308 2158 405 2211 erebro
415 2159 611 2227 exstinguitur.
647 2157 994 2227 Estsiueeriexperimen·

192 2234 254 2279 turn
275 2233 304 2281 et
324 2230 352 2279 ia
365 2241 446 2296 aqua,
467 2228 876 2296 quoniumianubila'inautut:
897 2228 993 2280 lictum

191 2295 223 2349 in
235 2297 360 2364 pustulas
371 2299 440 2352 coit.
474 2297 531 2352 Sed
541 2299 660 2352 maxime
677 2300 788 2362 mirans,
808 2299 916 2352 aestivo
927 2297 994 2350 Sole

195 2366 375 2437 deprehendi.
411 2367 555 2423 Sinceram
567 2368 640 2420 enim
650 2368 741 2429 sudat,
753 2374 820 2420 etse
833 2367 925 2429 diluit,
946 2366 995 2418 ‹lo-

193 2451 248 2489 nec
256 2453 338 2490 succo
349 2440 452 2492 recenti
463 2437 555 2491 simile
567 2437 625 2489 liat.
661 2437 804 2490 Mnesides
823 2437 928 2503 optime
937 2451 994 2490 ser·

192 2506 255 2558 rari
267 2513 345 2571 putat
355 2506 520 2574 hyoscyami
531 2506 637 2559 semine
647 2505 774 2557 adiecto:
795 2505 843 2557 alii
855 2508 883 2557 ia
892 2504 967 2556 iuba.

229 2574 370 2627 bxxvrr.
382 2576 459 2627 later
468 2576 559 2627 sativa
570 2582 599 2625 et
609 2573 752 2625 silvestria
762 2573 885 2625 medium
894 2587 993 2639 genus,

193 2644 328 2711 quonium
338 2644 367 2692 in
378 2642 462 2703 amis,
470 2643 519 2695 sed
530 2647 630 2710 sponte
641 2649 809 2703 annueretur,
822 2642 935 2695 rhoeam
946 2657 994 2695 ve·

193 2713 318 2762 cavimus
329 2717 357 2761 et
368 2712 527 2763 erraticum.
563 2710 684 2773 Quidam
696 2711 726 2763 id
737 2711 897 2778 decerptum
909 2712 994 2778 proti·

190 2792 248 2832 aus
269 2793 330 2830 eum
349 2786 410 2832 toto
423 2781 521 2853 calyce
540 2780 684 2833 mandunt.
720 2779 995 2833 Alvamexinaniuat

194 2849 291 2916 capita
309 2850 430 2969 quinque
451 2850 568 2904 decocta
581 2848 611 2903 ia
621 2850 678 2902 vini
689 2849 780 2903 tribus
792 2848 909 2905 heminis
918 2856 994 2917 peto,

162 2954 171 2975 .
194 2923 361 2971 etsomnum
386 2919 488 2973 auium.

188 2996 207 3027 v
230 2984 578 3042 anturnacensium
597 3003 681 3041 unam
691 3004 789 3058 genus,
809 2988 994 3041 ceratitinvo-

195 3056 396 3125 cautuigrum,
403 3059 516 3111 cubitali
527 3059 684 3122 altitudine,
691 3058 784 3110 recline
795 3072 890 3110 crassa
900 3064 995 3111 etcor-

193 3126 296 3188 ticoss,
307 3126 559 3199 calyculo-inflexo,
569 3136 599 3181 ut
610 3128 761 3182 cornicula.
785 3127 868 3178 Folia
878 3126 995 3190 minora,

195 3200 226 3248 et
235 3195 372 3259 tenuiora,
382 3212 463 3264 quam
475 3199 579 3252 ceteris
589 3198 775 3251 silvestribus.
803 3195 903 3249 &mea
914 3196 996 3259 exile,

193 3265 390 3332 tempestivum
411 3273 454 3319 est
475 3268 625 3321 messibus:
647 3267 738 3319 alvum
759 3273 862 3333 purgat
879 3267 995 3321 dimidio

195 3334 341 3387 acetabulo
351 3335 380 3387 in
392 3338 489 3391 mulso.
526 3337 605 3389 Folia
625 3336 694 3390 trita
709 3351 772 3389 caan
788 3336 862 3400 aleo,
881 3353 997 3405 argema

193 3404 382 3456 iumentorum
393 3413 504 3458 sanam.
525 3406 615 3458 lladix
626 3407 765 3460 acetabuli
776 3422 906 3460 mensura
915 3416 997 3463 encta

194 3473 226 3525 ia
236 3471 346 3524 duobus
357 3477 486 3525 sextariis
497 3476 534 3526 ud
544 3475 686 3536 dissidiae,
696 3475 780 3529 datur
790 3475 827 3529 ad
837 3476 995 3531 lumborum

193 3540 266 3594 ritis
282 3547 312 3594 et
331 3540 472 3595 iocineris.
510 3543 691 3597 carbunculis
711 3544 900 3601 medenturex
913 3546 996 3599 melle

194 3608 276 3663 iulia.
303 3609 422 3673 Quidam
439 3609 492 3664 hoe
508 3626 596 3679 gersus
611 3612 742 3679 glaucion
758 3622 868 3674 vocsut,
888 3616 937 3667 alii
949 3630 995 3682 pa·

193 3679 296 3801 rsaliua.
332 3679 462 3736 Nascitur
476 3684 550 3735 enin
567 3681 595 3734 ia
607 3678 703 3736 afflatu
713 3683 808 3746 maris,
829 3689 878 3737 aut
888 3684 995 3738 nitroso

209 3764 269 3803 oco.

152 3830 176 3885 p
232 3817 358 3872 axxlx.
375 3821 501 3879 Alterum
520 3837 538 3876 e
555 3822 731 3878 silvestribus
753 3838 842 3893 genus
853 3821 995 3878 heraclion

195 3894 323 3953 recator,
342 3889 377 3941 ab
388 3891 577 3960 aliisaphron,
598 3892 676 3946 iuliis
692 3894 729 3957 (si
740 3895 838 3967 procul
848 3895 995 3958 intuearis)

196 3961 316 4027 speciem
336 3974 479 4026 passerum
500 3962 706 4029 praebentibus,
726 3963 821 4017 radice
840 3964 869 4016 iu
888 3979 997 4017 summa

196 4035 290 4083 meroe
300 4036 372 4091 cute,
391 4033 497 4084 semine
507 4049 631 4100 spumeo.
667 4032 709 4086 Es
724 4032 777 4085 boe
792 4034 849 4086 lina
864 4034 994 4101 splendo-

195 4113 256 4152 rem
266 4096 382 4152 trahunt
392 4109 510 4155 aestate.
545 4103 684 4157 'laeditur
695 4102 721 4151 iu
737 4101 796 4168 pila
806 4103 996 4157 coaritialibus

195 4168 313 4234 arechis,
324 4171 463 4224 acetabuli
475 4185 601 4223 aseneum
613 4175 640 4223 iu
652 4171 716 4221 vino
728 4172 806 4223 albo:
816 4173 996 4225 vomitionem

196 4238 359 4293 animiscit.
394 4239 611 4301 Medicamento,
633 4237 706 4309 quod
724 4238 870 4292 diacodion
882 4247 996 4293 etarte·

192 4309 272 4365 riace
283 4314 410 4368 vocatur,
429 4306 617 4359 utilissimum.
654 4308 700 4359 Fit
710 4316 803 4359 autem
819 4305 900 4360 huius
911 4322 997 4375 paps-

194 4379 272 4433 reris
295 4383 344 4427 aut
364 4376 548 4456 cuiuscunque
567 4376 704 4428 silvestris
725 4376 863 4443 capitibus
883 4377 998 4429 cxxin

194 4444 997 4584 :titi{tilithititilultittttttttut

194 4585 282 4638 melle
293 4582 416 4638 decoctis
426 4582 461 4636 ed
474 4584 604 4638 dimidias
618 4592 711 4653 partes
722 4601 824 4653 vapore
835 4588 920 4639 tenui.
943 4584 998 4639 Ad·

195 4653 295 4709 didere
305 4659 405 4722 postea
416 4652 563 4707 drachmas
573 4658 655 4708 senas
675 4657 760 4718 orori,
783 4654 997 4722 hypocisthidis,

197 4721 300 4787 thuris,
320 4724 443 4786 acaciae,
466 4725 580 4791 etpassi
593 4725 696 4779 Cretici
718 4725 881 4777 sextarium.
917 4724 997 4775 llaec

197 4793 402 4846 ostentatione:
422 4793 543 4860 simplex
563 4794 673 4862 quidem
694 4802 722 4845 et
733 4796 851 4859 antiqua
860 4791 910 4844 iila
920 4791 996 4844 selu·

194 4863 287 4915 britas
295 4877 433 4930 papavere
445 4863 566 4917 cistelle
577 4868 696 4915 coastat.

234 4931 349 4983 LXXX.
366 4933 492 4983 'lentiam
509 4946 598 5000 gersus
617 4938 660 4984 est
680 4927 860 4998 tithymalon,
880 4944 998 4984 mecona

141 5030 166 5049 ⁴
198 5007 310 5062 vocant,
320 5000 369 5053 alii
382 5001 520 5067 paralion,
541 5000 610 5054 lolio
621 5000 681 5065 liui,
701 5001 775 5063 albu,
786 5001 878 5066 eapite
888 5000 996 5068 magni·

198 5068 410 5124 tudisisiabae.
446 5070 598 5138 Colligitur
606 5087 660 5123 ura
670 5069 796 5123 florente.
833 5067 998 5122 Siccaturia

197 5141 306 5192 untbrs.
340 5138 441 5192 Samen
459 5147 555 5207 potum
576 5148 678 5208 purgat
689 5140 792 5202 alvum,
812 5137 926 5191 dimidio
938 5154 997 5191 aee·

198 5209 296 5261 tabula
307 5207 335 5258 in
345 5208 447 5263 nsulsu.
484 5210 677 5279 Cuiuscunque
688 5217 782 5263 autera
796 5209 942 5275 papaveris
953 5224 997 5260 ca·

195 5284 250 5400 qaut
259 5277 355 5340 viride,
374 5278 419 5331 rel
437 5277 555 5342 siccum
573 5281 679 5333 illitum
690 5277 840 5348 epiphoras
851 5276 997 5329 oculorum

208 5348 275 5400 suit.
312 5348 413 5413 opium
435 5363 470 5401 sa
491 5349 711 5403 virromeraculo
731 5350 757 5399 si
819 5347 894 5398 tinus
907 5344 997 5408 detur,

195 5417 377 5484 scorpionum
396 5418 500 5471 ictibus
517 5420 631 5475 resistit.
667 5418 759 5484 aliqui
790 5420 943 5470 octantuas
954 5414 996 5467 si·

194 5500 247 5553 gru
265 5486 404 5548 tribuunt,
422 5487 448 5539 si
460 5490 552 5552 capita
564 5489 624 5541 elus
634 5489 679 5542 vel
690 5487 759 5539 lolia
769 5491 906 5539 terantur.

229 5554 356 5611 cxxxi.
368 5555 420 5608 Est
431 5564 460 5609 et
490 5555 710 5625 orcilaca,quam
718 5555 810 5623 peplin
818 5561 918 5608 vocant

196 5624 311 5677 multum
329 5625 457 5679 sativae
487 5624 592 5679 rarior:
616 5630 693 5680 cuius
715 5624 894 5678 menmrabiie

1049 1267 1109 1306 cam
1121 1252 1272 1304 corticibus
1282 1248 1374 1302 fabae.
1410 1250 1533 1304 Pertalis
1543 1269 1604 1306 cum
1615 1256 1729 1323 polenta
1739 1266 1768 1312 ct
1777 1263 1845 1325 sale,

1048 1330 1077 1375 et
1097 1329 1184 1374 aceto.
1223 1320 1346 1371 llalcera
1372 1320 1429 1371 oris
1455 1327 1647 1392 tumoremque
1667 1328 1843 1398 gingivarum

1048 1390 1278 1444 commanducata
1292 1389 1379 1441 cruda
1393 1388 1486 1442 sedat:
1507 1395 1574 1445 item
1587 1394 1711 1450 dentium
1722 1399 1844 1454 dolores.

1047 1461 1238 1513 'l'ousillarum
1250 1458 1376 1521 hulcera,
1387 1475 1487 1513 succus
1498 1462 1640 1525 desuetae.
1667 1468 1784 1530 Quidam
1797 1470 1845 1522 ad·

1047 1531 1138 1584 iecere
1150 1528 1261 1597 paulum
1273 1527 1413 1597 myrrhae.
1431 1530 1502 1583 Nam
1514 1539 1542 1584 et
1552 1534 1670 1587 mobiles
1680 1537 1777 1591 dentes
1786 1547 1844 1591 sta·

1047 1600 1111 1651 bilit
1131 1599 1370 1653 commanducata.
1406 1600 1566 1655 Crbditatss
1587 1605 1676 1667 sedat,
1696 1621 1846 1676 vocemque
1954 1616 1958 1626 ¹

1046 1672 1149 1733 firmat,
1172 1676 1201 1721 et
1208 1670 1285 1721 sitim
1297 1673 1384 1721 arcet.
1419 1657 1542 1722 Cervicis
1554 1672 1675 1737 doleres,
1686 1689 1749 1726 eum
1760 1679 1846 1744 galia,

1048 1739 1134 1793 etliui
1145 1739 1256 1801 semiue,
1268 1744 1296 1791 ct
1307 1739 1401 1800 melle,
1418 1739 1479 1805 pari
1491 1755 1622 1794 mensura
1632 1743 1720 1796 sedat.
1755 1747 1845 1798 Mant-

1048 1823 1154 1861 marum
1173 1809 1255 1871 vitia,
1275 1823 1336 1860 eum
1348 1808 1440 1871 melle,
1459 1811 1732 1866 autcimoliscreta
1769 1814 1848 1869 Solu·

1047 1879 1117 1930 turis
1128 1884 1173 1931 est
1183 1878 1355 1945 suspiriosis,
1370 1878 1477 1931 sentiae
1488 1894 1549 1931 cum
1563 1882 1644 1934 aselle
1656 1881 1765 1935 hausto.
1786 1883 1848 1936 Sto·
1866 1894 1902 1945 4-

1048 1945 1175 2001 amchum
1192 1949 1221 1999 iu
1232 1948 1364 2000 acetariis
1376 1953 1469 2019 sumta
1480 1951 1654 2004 corroborat.
1679 1946 1847 2007 Ardeatibus

1047 2016 1171 2071 febribus
1182 2016 1333 2084 imponitur
1342 2020 1403 2068 eum
1415 2017 1537 2083 polenta.
1556 2018 1593 2071 Et
1602 2018 1671 2073 alias
1683 2022 1848 2076 manducata

1050 2088 1200 2157 refrigerat
1211 2088 1296 2140 etiam
1307 2087 1449 2139 intestina.
1478 2086 1654 2144 vomitiones
1663 2091 1750 2143 sistit.
1775 2092 1849 2159 Dys-

1046 2160 1171 2211 enteriae
1188 2166 1217 2210 et
1234 2155 1352 2209 vomicis
1362 2163 1441 2209 estur
1452 2170 1487 2210 ex
1497 2166 1588 2223 aceto,
1607 2161 1652 2213 vel
1670 2160 1776 2213 bibitur
1786 2176 1848 2215 carn

1047 2229 1167 2280 cumino.
1186 2227 1333 2278 Tenesmis
1343 2232 1435 2277 eutem
1446 2232 1536 2290 cocta,
1545 2235 1575 2281 et
1584 2229 1773 2284 comitialibus
1784 2232 1848 2284 cibe

1046 2297 1090 2349 vel
1103 2302 1170 2363 potu
1182 2295 1305 2362 prodest.
1342 2294 1559 2362 Purgationibus
1571 2293 1731 2364 mulierum,
1752 2308 1846 2355 aceta·
1913 2298 1917 2305 ’

1045 2367 1104 2417 buli
1117 2380 1247 2418 mensura
1257 2365 1286 2415 in
1298 2378 1374 2430 supa.
1402 2362 1539 2433 Podagris
1550 2368 1656 2432 calidis,
1671 2384 1732 2422 cani
1744 2371 1803 2424 sale
1814 2371 1848 2424 il·

1047 2436 1109 2498 lita,
1120 2442 1150 2487 et
1161 2448 1240 2485 sacro
1250 2434 1319 2501 igni.
1340 2433 1447 2486 Saccus
1457 2433 1516 2485 eius
1528 2443 1612 2502 potus
1623 2452 1705 2491 renes
1715 2441 1802 2502 iuvat,
1814 2456 1848 2493 ac

1046 2508 1162 2557 vesicas.
1198 2503 1314 2555 Ventris
1327 2501 1463 2553 animalia
1473 2501 1559 2567 pellit.
1587 2505 1845 2560 Advalaerumde·
1876 2556 1879 2561 ⁴

1047 2575 1120 2625 iores
1131 2587 1165 2625 es
1177 2570 1240 2623 oleo
1251 2584 1311 2622 cum
1324 2570 1439 2636 polenta
1449 2571 1608 2639 imponitur.
1628 2574 1784 2629 Nervorunt
1796 2577 1846 2630 du.
1859 2596 1861 2603 ,
1904 2608 1906 2613 ,
2005 2602 2008 2611 ι

1047 2640 1257 2695 sitiaseruollit.
1288 2639 1478 2707 Metrodorus,
1488 2643 1534 2709 qui
1545 2641 1672 2709 ἐπιτομὴν
1681 2647 1732 2694 reis
1743 2644 1848 2711 ῥιζοτυ-
1932 2652 1937 2659 '

1045 2713 1182 2779 permisso
1192 2709 1312 2776 seripsit,
1318 2710 1530 2778 purgationibus
1543 2727 1559 2763 a
1571 2718 1652 2779 partu
1660 2712 1847 2768 dandamceu·

1046 2782 1112 2831 suit.
1149 2775 1285 2831 Venerem
1297 2778 1414 2843 inhibet,
1425 2778 1597 2847 Venerisque
1608 2781 1727 2834 somnia.
1757 2782 1843 2838 Prae·

1045 2848 1114 2900 torii
1124 2847 1179 2899 riri
1190 2855 1270 2915 peter
1278 2855 1334 2912 est,
1355 2848 1509 2916 liispaniae
1523 2850 1666 2917 princeps,
1688 2865 1768 2920 quera
1786 2854 1846 2907 scie

1048 2923 1162 2986 propter
1176 2917 1346 2984 impatibiles
1363 2934 1433 2972 urse
1449 2920 1576 2981 morbos,
1595 2919 1716 2986 radicem
1727 2922 1787 2974 eius
1797 2922 1846 2975 iilo

1046 3003 1207 3055 suspensam
1218 3004 1234 3040 e
1244 2989 1317 3040 collo
1329 3003 1440 3055 gerere,
1459 2997 1652 3056 praeterquam
1667 2990 1696 3042 in
1709 2991 1845 3047 balineisr

1047 3058 1089 3110 ita
1100 3058 1246 3111 liberatum
1261 3057 1438 3110 incommodo
1450 3058 1534 3109 omui.
1571 3059 1643 3122 Quin
1655 3061 1739 3113 etiam
1751 3061 1846 3115 iuveni

1047 3126 1120 3196 apud
1132 3134 1270 3189 auctores,
1290 3134 1375 3194 caput
1385 3127 1488 3180 illitum
1499 3143 1533 3180 ea
1543 3128 1759 3183 distillationem
1772 3147 1845 3184 annu

1047 3205 1108 3265 toto
1119 3211 1173 3248 nou
1183 3197 1297 3249 senum.
1323 3196 1425 3250 Oculos
1437 3204 1531 3250 tamen
1542 3195 1675 3252 hebetare
1688 3208 1810 3267 putatur.

1082 3265 1221 3318 Lxxxll.
1241 3265 1426 3320 Comaadrum
1437 3268 1513 3320 iuter
1522 3267 1664 3320 silvestria
1675 3285 1728 3321 non
1740 3271 1846 3324 iuveni·

1047 3342 1103 3388 tur.
1138 3334 1320 3407 Praecipuum
1342 3338 1435 3388 taurea
1457 3351 1519 3390 esse
1539 3344 1649 3391 constat
1670 3341 1709 3391 rie
1748 3340 1845 3409 ptium.

1047 3404 1132 3457 Valet
1143 3412 1242 3459 eontra
1257 3407 1427 3474 serpentium
1439 3421 1527 3474 genus
1537 3422 1636 3470 unani,
1656 3422 1710 3475 quo
1742 3407 1848 3476 anrphi·

1047 3477 1165 3528 ebaeaas
1173 3482 1283 3539 vocant,
1294 3482 1390 3543 potura
1401 3477 1626 3544 impositumque.
1650 3475 1737 3531 Servat
1748 3486 1777 3532 et
1788 3479 1848 3532 alia

1048 3544 1170 3598 vulnera.
1187 3545 1379 3615 Epinyctidns,
1391 3546 1525 3612 pustulas,
1536 3547 1642 3599 tritura.
1653 3545 1701 3600 sie
1712 3556 1740 3599 et
1750 3562 1847 3601 omnes

1047 3622 1172 3667 tumores
1182 3615 1416 3683 collectionesque
1433 3631 1493 3668 cum
1509 3615 1609 3679 uteba,
1631 3624 1844 3682 auturapassu.

1048 3682 1216 3737 Paaosrero
1233 3701 1268 3738 ex
1284 3692 1363 3739 aceto
1380 3687 1486 3738 tritum.
1523 3683 1641 3738 Seminis
1651 3700 1740 3751 mens
1751 3685 1805 3737 tria
1817 3686 1846 3739 ia

1049 3753 1178 3806 tertianis
1198 3753 1326 3808 devorari
1346 3754 1443 3808 iubeat
1458 3755 1547 3819 aliqui
1565 3758 1630 3805 aute
1641 3754 1845 3809 occasionem:

1047 3823 1092 3876 vel
1103 3824 1182 3890 plura
1191 3824 1265 3876 illini
1275 3824 1371 3878 tronti.
1406 3824 1479 3874 Sunt
1489 3822 1538 3890 qai
1550 3826 1579 3875 et
1590 3829 1655 3875 sate
1665 3822 1740 3877 Sulis
1752 3834 1845 3877 ortum

1049 3892 1231 3945 cervicalibus
1252 3892 1349 3946 subiici
1363 3892 1513 3945 efficaciter
1529 3898 1637 3961 puteat.
1675 3893 1726 3945 Vis
1744 3908 1847 3962 magua

1048 3965 1085 4018 ad
1104 3962 1312 4032 refrigerandos
1328 3961 1443 4015 ardores
1460 3963 1552 4015 viridi.
1586 3960 1712 4014 Halaesa
1727 3977 1845 4030 queque,

1048 4040 1257 4102 quaeserpunt,
1276 4039 1429 4086 sanatcura
1441 4032 1523 4084 melle
1535 4030 1579 4084 vei
1589 4046 1643 4083 urs
1659 4045 1754 4098 passa:
1779 4032 1844 4082 item

1048 4111 1145 4166 testes,
1157 4104 1294 4165 antbusta,
1305 4100 1497 4163 carbunculos,
1517 4114 1609 4153 sures:
1631 4112 1692 4153 caut
1705 4098 1776 4150 lacte
1789 4112 1847 4149 aau-

1047 4172 1128 4224 iieris
1138 4171 1287 4239 epiphoras
1302 4169 1460 4222 oculorums
1483 4168 1586 4220 uentris
1600 4173 1630 4217 et
1644 4167 1845 4219 intestinorum

1048 4240 1186 4291 fluxiones
1195 4255 1291 4292 semea
1311 4253 1346 4292 es
1357 4253 1430 4306 aqua
1439 4244 1544 4303 potum.
1580 4234 1692 4288 Bibitur
1700 4242 1729 4288 et
1740 4236 1768 4286 iu
1779 4234 1844 4288 cho·

1049 4309 1117 4361 lsris
1126 4323 1188 4359 cunr
1200 4314 1272 4359 ratu.
1308 4305 1530 4360 Pellituaimalia
1545 4304 1765 4367 interaneorum,
1784 4320 1845 4357 cunt

1051 4376 1118 4429 mali
1129 4377 1227 4428 Punici
1243 4388 1328 4427 mccc
1338 4381 1367 4426 st
1381 4374 1446 4426 oleo
1457 4388 1553 4427 senten
1565 4378 1669 4440 potam.
1704 4372 1847 4435 mucra·

1050 4454 1092 4499 tes
1103 4446 1190 4499 tradit
1200 4459 1258 4497 resa
1271 4444 1378 4505 miram,
1387 4443 1412 4495 si
1424 4458 1489 4499 vers
1501 4449 1556 4495 est:
1573 4448 1716 4495 menstrua
1725 4444 1846 4497 contine·

1050 4519 1076 4568 ri
1085 4532 1138 4566 uno
1149 4514 1235 4577 diesi
1247 4527 1330 4564 unum
1343 4527 1458 4579 granum
1471 4512 1596 4565 biberint
1604 4510 1738 4566 feminae:
1750 4511 1846 4578 biduo,

1050 4587 1072 4634 ei
1096 4581 1165 4635 duo:
1188 4591 1216 4635 et
1238 4581 1355 4635 tetidem
1376 4581 1473 4636 diebus
1494 4588 1561 4649 quot
1578 4596 1667 4649 graus
1685 4583 1846 4636 sumserint.

1048 4652 1271 4713 MarcusVarro,
1290 4652 1436 4706 coriandro
1456 4654 1580 4705 subtrito
1595 4666 1658 4704 cum
1676 4660 1767 4714 asem,
1789 4667 1847 4704 cor·
1872 4676 1883 4687 ν

1048 4726 1770 4859 “tributarii'iititl‘tta...
1794 4800 1846 4844 ..a
1860 4822 1885 4842 ,.

1049 4859 1241 4931 Pythagoras,
1261 4868 1394 4928 tanquam
1404 4858 1703 4927 iacerethydropicos,
1723 4862 1848 4929 morbus·

1050 4945 1103 4998 que
1115 4933 1218 5000 regios,
1237 4937 1266 4983 et
1277 4930 1423 4997 pallorem,
1440 4937 1658 4996 concoqueretur
1668 4929 1847 4983 difficillime:

1049 5015 1083 5052 se
1092 5015 1127 5053 ne
1136 5001 1166 5051 ia
1177 4999 1266 5052 hortis
1277 4999 1387 5069 quidem
1399 5000 1478 5051 iuxta
1490 4998 1517 5049 id
1529 4998 1606 5051 nasci
1617 4999 1777 5066 quidquam,
1789 4998 1847 5051 uisi

1049 5069 1221 5139 languidum,
1241 5069 1372 5136 culpavit.
1406 5067 1546 5123 Addidere
1563 5068 1716 5135 Dionysius
1734 5074 1763 5123 et
1778 5068 1848 5120 Dio·

1049 5141 1114 5202 vles,
1130 5139 1265 5206 plurinum
1276 5140 1351 5206 gigni
1362 5153 1397 5192 ex
1406 5154 1440 5191 eo
1451 5137 1572 5191 morbos.
1608 5138 1667 5190 Nee
1677 5138 1728 5189 nisi
1739 5143 1847 5189 mutata

1050 5224 1136 5276 saepe
1146 5223 1218 5276 aqua
1229 5208 1415 5276 coquendumr
1434 5204 1580 5261 stomacho
1595 5207 1763 5259 eontrarium
1775 5220 1846 5266 esse,

1049 5280 1201 5347 lentigines
1212 5284 1241 5330 et
1253 5276 1369 5344 papulas
1378 5278 1503 5347 gignere.
1526 5275 1626 5338 Miror,
1634 5290 1719 5343 quara
1730 5272 1847 5327 difficul·
1875 5292 1889 5309 ν

1049 5356 1092 5400 ter
1112 5352 1143 5400 in
1162 5348 1248 5401 ltalia
1263 5347 1292 5400 id
1308 5350 1384 5400 vissei
1400 5345 1550 5400 tradiderit
1566 5344 1652 5397 Solon
1666 5344 1844 5409 Smyrnaeus.

1048 5417 1234 5485 Hippocrates
1257 5417 1398 5469 vuirarmn
1420 5416 1494 5467 vitiis
1512 5414 1542 5466 id
1558 5411 1679 5467 iufundit
1693 5424 1754 5461 eunt
1768 5409 1842 5465 beta.

1049 5486 1143 5543 byeus
1161 5487 1362 5553 Neapolitanus
1383 5493 1481 5536 eontra
1501 5479 1678 5537 caathsridas
1695 5476 1846 5531 bibendum

1151 5555 1169 5568 “
1180 5572 1248 5619 luras,
1260 5555 1421 5607 furunculos
1432 5552 1606 5617 incipientes,
1615 5546 1733 5601 duritias
1743 5561 1848 5611 omnem

1222 5626 1237 5672 l
1248 5624 1334 5679 crudo
1345 5622 1454 5677 utiliter
1464 5620 1535 5672 illisi
1547 5616 1664 5684 putavit
1675 5616 1744 5675 licut
1753 5618 1845 5685 ignem
