4356 6014
348 320 411 379 aar
455 314 487 375 c.
511 309 676 374 ιιιιιι
705 302 926 371 sacunnr
960 299 1133 365 uacua
1166 256 1363 364 ιιιιιι.
1396 296 1648 363 ιιιινιιι.
1680 297 1772 359 ιιι.
1793 298 1917 361 rano.

352 468 437 521 iubae
447 465 557 520 modios
566 456 767 521 decessniciae
776 451 855 515 ιιιι,
861 451 1028 509 tantundem
1040 453 1155 507 ers-ilisa

351 541 382 591 ia
391 541 492 608 iugero
503 543 635 590 autumno
647 526 755 579 misceri
768 528 797 574 et
808 523 866 574 seri
874 524 1000 576 solitam.
1012 524 1115 578 Melius
1126 530 1155 577 et

353 607 570 667 avennorum,
591 591 901 657 coinoncsditsenven‚
920 594 1053 647 adnvirta.
1091 595 1155 645 linc

351 680 507 730 vocitatum
528 682 666 736 ocymum,
688 664 828 728 boumque
849 678 934 716 causa
954 665 1011 716 seri
1032 664 1155 717 solitum.

351 748 446 800 Varro
458 741 627 826 appeliatum
637 749 655 784 a
665 731 812 786 celeritate
823 733 1014 801 proveniendi,
1035 748 1051 786 e
1063 733 1152 786 Grac·

353 832 386 869 ιο
399 813 473 882 quod
484 807 566 862 cuiue
574 805 678 857 dietant.

328 896 331 905 ·
388 881 485 935 xciii.
505 874 615 935 Medica
636 878 753 925 esterna
772 872 858 924 etinnt
871 871 1008 925 Graeciae
1023 876 1075 932 est,
1094 878 1154 923 ιιι

351 951 445 1006 Medis
466 945 584 997 advecta
601 942 901 1010 perbellal’ersarum,
923 940 1154 1011 quaeiiariusiu·

351 1022 430 1073 tulit:
449 1013 501 1068 sed
511 1014 558 1065 vel
567 1013 596 1064 in
608 1012 705 1078 primis
716 1011 848 1075 dicenda,
868 1019 949 1063 testa
965 1011 1016 1062 dos
1027 1011 1086 1062 eius
1096 1016 1153 1062 est:

352 1104 412 1143 cum
424 1100 458 1138 ex
468 1097 523 1136 unc
535 1089 598 1134 satu
612 1081 833 1159 anrpliussquam
845 1082 960 1134 tricenis
973 1080 1053 1134 annis
1062 1081 1153 1132 duret.

351 1156 457 1213 Similia
469 1160 513 1206 cst
522 1152 645 1205 trifolio:
659 1151 885 1219 caule,foliisque
894 1151 1064 1217 geniculata:
1077 1149 1154 1216 qnid·

351 1226 417 1297 quid
429 1226 459 1277 in
469 1222 550 1275 caule
562 1225 694 1291 assurgit,
705 1220 779 1273 folia
789 1220 1001 1273 contrahuntur.
1019 1221 1105 1270 linum
1119 1218 1154 1272 de

350 1314 385 1353 eu
404 1291 685 1363 elffiiaavolumea
694 1288 892 1358 Amphilochus
909 1291 978 1343 iecit
1000 1305 1031 1340 co
1119 1303 1154 1339 ιι.

351 1367 463 1427 aulum,
483 1366 513 1416 in
534 1377 590 1430 quo
609 1368 732 1424 cecatur,
760 1359 930 1427 elapidatum
948 1373 1037 1427 purga
1119 1373 1154 1410 ue

350 1434 494 1505 subigitur
505 1442 658 1487 autumno:
679 1446 744 1484 ιιιιι
754 1439 881 1492 ιιιιιιι,
902 1437 931 1483 et
942 1441 1072 1481 occatum
1083 1430 1155 1480 inte·

349 1508 428 1575 gitur
438 1510 516 1557 crate
525 1504 628 1556 iterum
640 1516 674 1555 ac
684 1501 806 1563 tertium,
817 1500 910 1568 quinis
921 1500 1020 1552 diebus
1031 1500 1156 1565 interpu-

350 1576 423 1639 sitia,
433 1581 462 1627 et
475 1576 538 1625 hmo
550 1572 658 1624 addito.
671 1571 767 1624 Poscit
777 1578 871 1622 autem
882 1570 984 1621 siccum
995 1580 1154 1618 succosum-

350 1661 413 1715 que,
425 1644 467 1697 rel
480 1645 600 1710 riguum.
610 1641 653 1693 lta
665 1646 832 1704 praeparato
844 1637 949 1688 seritur
958 1649 1054 1687 mense
1064 1636 1154 1687 Maio:

351 1716 424 1768 alias
445 1713 552 1778 pruinis
573 1709 704 1759 obnoxia.
742 1707 872 1773 Opusest
893 1705 1032 1759 densitate
1044 1705 1156 1757 seminis

349 1784 444 1837 omnia
462 1776 604 1845 occupavi,
624 1778 896 1843 internascentesque
918 1774 1018 1828 herbas
1035 1774 1156 1828 excludi.

349 1854 382 1907 ld
394 1854 539 1920 praestant
550 1846 684 1912 iniugera
694 1845 789 1896 modia
799 1847 906 1897 vicena.
936 1844 1108 1899 Molendum
1120 1858 1156 1896 ne

351 1922 497 1983 aduratur,
509 1924 640 1982 terraque
651 1918 780 1982 protinus
791 1916 877 1983 integi
889 1913 982 1968 debet.
1018 1914 1051 1967 Si
1061 1918 1099 1967 sit
1109 1911 1156 1965 bu·

350 1993 456 2045 ntidunt
473 1987 563 2040 solutu
577 1985 769 2047 herbosumve,
789 1986 918 2049 vincitur,
937 1990 965 2037 et
977 1984 1114 2038 desciscit
1125 1984 1155 2035 in

350 2067 472 2131 pratum.
483 2056 684 2126 ldeopvotinus
692 2054 846 2123 altitudine
857 2052 1156 2108 uncialiherbisomnl·

349 2135 406 2185 bus
415 2126 562 2183 liberanda
573 2132 624 2187 est,
635 2139 718 2177 manu
730 2123 832 2192 potius,
843 2138 925 2192 quam
936 2124 1057 2177 sarculo.
1075 2124 1157 2176 Seca-

349 2212 397 2254 ιιι
407 2198 541 2267 incipiens
551 2194 660 2257 llorere,
682 2201 711 2248 et
724 2194 833 2263 quoties
849 2194 985 2249 refloruit.
1022 2193 1054 2246 ld
1065 2194 1156 2247 sexies

350 2271 445 2325 evenit
456 2282 505 2337 per
515 2280 618 2326 annom
641 2280 703 2316 cunt
715 2264 866 2327 minimum,
878 2270 984 2332 quater.
1021 2263 1052 2315 lu
1063 2278 1156 2317 semen

348 2348 540 2396 staturescere
557 2333 732 2403 prohibenda
755 2342 807 2396 est,
829 2335 894 2400 quia
913 2334 1046 2399 pabulum
1059 2332 1157 2385 atilius

351 2417 396 2466 est
406 2422 494 2475 nsque
504 2406 538 2459 ad
551 2407 706 2458 trimatum.
717 2406 810 2457 verno
820 2404 878 2454 seri
889 2401 981 2465 debet,
989 2400 1157 2468 liberarique

352 2480 456 2534 ceteris
468 2475 576 2528 herbis:
598 2473 632 2524 ad
643 2476 802 2537 trimatum,
824 2468 925 2524 marris
936 2472 972 2524 ad
983 2472 1074 2525 soluta
1084 2471 1156 2524 rudi.

349 2552 396 2603 lla
405 2547 531 2615 reliquae
542 2540 645 2596 herbae
656 2545 797 2595 intereunt
809 2542 869 2593 sine
880 2542 967 2609 ipsius
977 2541 1087 2607 damno,
1095 2552 1157 2609 pro·

350 2627 415 2689 pter
424 2614 599 2669 altitudinem
612 2612 747 2667 radicum.
759 2610 788 2665 Si
801 2613 934 2665 evicerint
945 2609 1057 2676 herbae,
1069 2626 1157 2673 reme·

351 2690 429 2741 dium
449 2686 561 2738 unicum
582 2690 626 2736 est
645 2685 752 2745 aratio,
772 2683 883 2750 saepius
904 2683 1050 2745 vertendo,
1069 2683 1158 2735 donec

351 2772 449 2811 omnes
459 2756 533 2809 aliae
546 2755 654 2807 radices
665 2757 814 2805 intereant.
851 2753 921 2805 Dari
932 2768 988 2804 non
998 2751 1033 2805 ad
1044 2752 1156 2804 satieta-

350 2842 408 2883 tem
420 2828 510 2889 (lebet,
521 2838 556 2877 ne
566 2823 679 2890 deplere
690 2823 851 2891 sanguinem
863 2838 977 2877 necesse
987 2824 1034 2874 sit.
1067 2822 1106 2873 Et
1116 2822 1156 2873 vi·

351 2900 423 2952 ridie
434 2897 533 2949 utilior
543 2900 595 2947 est.
632 2894 741 2945 Arescit
752 2894 895 2944 surculose
901 2929 910 2956 ,
931 2908 963 2944 ac
974 2897 1116 2960 postremo
1128 2892 1156 2942 in

351 2971 493 3038 pulverem
505 2964 632 3017 inutilem
645 2967 820 3014 extenuatur.
840 2962 884 3014 De
896 2965 997 3031 cytiso,
1009 2961 1054 3013 cui
1065 2966 1094 3014 et
1103 2958 1157 3028 ipsi

351 3039 525 3106 principatus
547 3033 629 3084 datur
649 3033 677 3081 in
694 3031 811 3096 pabulis,
833 3031 940 3083 affatim
952 3030 1072 3083 ditinsus
1082 3031 1158 3082 inter

353 3108 477 3158 frutices.
503 3104 541 3154 Et
551 3116 622 3152 nunc
632 3101 742 3166 frugum
754 3100 878 3152 omnium
890 3107 990 3153 tratura
1000 3098 1158 3171 peragenda

354 3180 411 3228 est:
423 3174 500 3224 culus
513 3173 541 3223 in
553 3175 634 3237 parte
645 3169 680 3221 de
691 3168 794 3220 morbis
807 3184 916 3238 quoquc
926 3169 1044 3221 dicatur.

387 3239 489 3295 XLlV.
509 3238 534 3291 1.
545 3238 668 3290 Primum
680 3238 804 3290 omniunt
820 3238 951 3291 frumenti
962 3239 1060 3291 vitium
1071 3254 1159 3304 avena

354 3319 412 3368 est:
434 3317 463 3365 et
482 3309 618 3363 hordeum
633 3309 662 3359 in
677 3321 739 3361 eam
754 3307 917 3379 degenerat:
940 3308 1014 3362 sicul
1031 3309 1093 3377 ipsa
1103 3308 1159 3361 fru-

317 3406 337 3429 κ
353 3382 442 3438 menti
457 3382 489 3434 lit
504 3381 609 3434 instar:
632 3381 734 3447 quippe
754 3379 993 3447 condensissime
1007 3380 1159 3447 populisc-

243 3468 248 3479 ’
271 3470 276 3481 ·
317 3465 335 3474 ·’
344 3461 418 3506 'rant
429 3464 600 3519 eamusque
612 3448 670 3501 alia
679 3449 759 3518 pulte
769 3446 873 3503 vivant.
896 3450 955 3502 Soli
967 3450 1088 3503 maxime
1100 3465 1160 3502 cae·

353 3524 431 3589 lique
442 3520 559 3573 humore
570 3517 623 3569 hoc
635 3520 728 3573 evenit
739 3520 847 3575 vitium.
868 3518 1034 3589 sequentem
1047 3534 1156 3572 causam

353 3591 441 3642 habet
450 3588 632 3642 imbecillitas
643 3590 767 3650 seminis,
775 3604 835 3640 eum
848 3589 954 3639 diutius
965 3596 1103 3640 ιιιιιιιιι
1115 3596 1159 3639 est

353 3666 440 3719 terve,
451 3658 530 3723 prius
540 3667 622 3720 quam
633 3664 771 3723 crumpat.
807 3656 911 3709 Eadem
924 3664 967 3709 est
977 3656 1061 3719 ratio,
1075 3657 1100 3706 si
1112 3670 1158 3706 ca·

352 3728 460 3780 ciosum
472 3722 529 3775 fuit
540 3738 601 3775 cum
613 3732 762 3776 sereretur.
775 3725 868 3777 Prima
880 3732 973 3777 autem
986 3726 1083 3777 statim
1096 3740 1157 3777 eru·

354 3796 451 3865 plicae
473 3791 648 3862 agnoscitur:
671 3805 705 3843 ιι
722 3806 777 3859 quo
792 3801 919 3860 apparet,
937 3795 967 3846 in
989 3794 1082 3846 radice
1098 3810 1159 3847 esse

355 3877 474 3917 causant.
511 3860 563 3913 Est
575 3868 604 3912 et
614 3859 693 3910 aliud
707 3874 742 3913 ex
753 3860 845 3912 vicino
858 3877 963 3913 avenae
973 3863 1082 3925 vitium,
1097 3878 1159 3914 curn

355 3931 541 4001 amplitudine
551 3928 684 3982 inchoata
693 3943 823 3999 ςιιιιιιι,
842 3929 1022 3983 sednondum
1041 3938 1159 3995 matura,

354 4003 431 4074 prins
444 4016 526 4071 qvtam
545 3999 698 4053 roboretur
708 4014 824 4069 corpus,
844 4000 941 4053 affatu
953 4002 1038 4054 nonio
1049 4017 1159 4055 cassum

355 4072 514 4129 elinancio
526 4070 603 4140 spica
615 4072 756 4123 evanescit
767 4071 884 4139 quodam
898 4071 1034 4126 abortivo.

354 4204 356 4207 ,
389 4144 416 4197 2.
434 4142 521 4198 Venti
532 4149 624 4194 autem
636 4141 728 4195 tribus
740 4142 912 4208 temporibus
922 4148 1024 4194 nocent
1034 4140 1157 4195 framen-

355 4223 386 4267 to
398 4222 426 4267 et
437 4212 556 4266 hordeo:
578 4211 606 4263 in
617 4208 703 4274 flore,
723 4218 773 4263 aut
783 4213 909 4280 protinus
919 4226 981 4264 cunt
993 4210 1159 4275 defloruere,

355 4284 399 4340 sel
412 4290 601 4337 mattucscerc
612 4281 819 4350 incipientibus.
829 4282 901 4333 Tum
912 4282 984 4335 enim
996 4283 1161 4335 exinaniunt

355 4369 457 4422 grana:
470 4353 611 4422 prioribus
623 4354 714 4404 causis
726 4351 802 4405 nasci
812 4350 971 4419 prohibent.
981 4351 1160 4406 NocetetSol

357 4422 456 4475 creber
466 4440 481 4475 e
492 4423 572 4475 nube.
586 4422 747 4477 Nascuntur
757 4429 785 4477 et
796 4423 940 4476 vermiculi
951 4425 979 4476 in
987 4423 1159 4486 radicc,cum

357 4496 509 4543 sementem
521 4490 657 4543 imbribus
667 4493 782 4556 secutis,
791 4492 936 4546 incluserit
947 4494 1109 4561 repentinus
1117 4508 1160 4545 ca·

355 4560 401 4611 lor
411 4557 563 4610 humorem.
574 4558 734 4627 Gignnntur
745 4569 774 4614 et
784 4563 813 4613 in
823 4564 1089 4631 grano‚cumspicae
1100 4563 1160 4630 plu·

354 4628 408 4680 viis
419 4627 495 4680 calor
506 4626 675 4683 infervescit.
708 4632 760 4684 Eat
770 4638 799 4685 et
810 4633 951 4685 cantharis
962 4633 1053 4686 dictus
1064 4642 1158 4685 scara·

354 4698 442 4750 hacus
452 4711 562 4765 parvus,
572 4695 713 4752 frumenta
724 4700 850 4752 erodcns.
870 4703 971 4756 Omnia
982 4719 1017 4756 ea
1027 4701 1161 4754 animalia

356 4782 420 4819 cnm
432 4768 494 4818 cibo
507 4764 647 4820 deliciunt.
670 4770 779 4832 Oleum,
791 4770 847 4836 pix,
858 4770 952 4840 adeps,
963 4771 1107 4825 contraria
1118 4786 1160 4824 se·

356 4836 487 4898 minibus,
495 4835 709 4904 cavendumque,
720 4853 755 4890 ne
768 4846 899 4893 contacta
909 4843 949 4894 eis
960 4848 1097 4896 serantur.
1108 4840 1160 4892 lm·

356 4905 408 4958 ber
423 4907 452 4957 in
471 4903 557 4957 herba
573 4905 650 4955 utilis
667 4912 788 4957 tantum:
811 4907 974 4964 florentibus
989 4918 1083 4965 autent
1099 4909 1159 4963 fru-

357 4980 452 5027 mento
465 4980 495 5026 et
506 4970 612 5025 hordeo
625 4982 716 5036 nocet,
726 4974 913 5043 leguminibus
922 4984 1068 5043 innocuus,
1080 4994 1160 5050 prae·

357 5054 486 5112 terquam
497 5042 587 5094 ciceri.
624 5043 844 5099 Maturescentia
856 5047 995 5104 frumenta
1006 5051 1094 5104 imbre
1105 5050 1161 5102 lae·

358 5112 471 5176 duntur,
491 5119 520 5165 et
530 5109 664 5175 hordeum
676 5112 774 5181 magis.
812 5116 941 5171 Nascitur
952 5127 981 5173 et
993 5118 1078 5173 herba
1087 5120 1160 5182 alba,

357 5183 456 5251 panico
467 5180 577 5239 sintilis,
597 5194 734 5248 occupans
746 5198 821 5249 arva,
837 5189 932 5254 pecori
943 5204 1053 5259 quoque
1066 5190 1161 5242 morti·

356 5254 427 5307 fera
438 5252 509 5307 Nam
521 5249 630 5314 lolium,
643 5257 673 5303 et
683 5250 848 5318 tribulos‚et
859 5258 988 5324 carduos,
997 5260 1159 5344 lappasque,

357 5340 413 5377 noa
422 5322 510 5392 magis
522 5332 605 5373 ouant
617 5321 795 5385 rubos,inter
807 5325 919 5396 frugum
931 5330 1045 5382 morbos
1057 5338 1161 5397 potrus,

357 5408 439 5462 quam
450 5374 621 5459 interipsi'us
633 5396 726 5445 terrae
738 5400 832 5460 pestes
844 5401 1057 5453 nuntevaverim.
1094 5401 1161 5454 Cae·

356 5463 429 5519 leste
448 5464 560 5535 frugum
577 5463 773 5532 vinearumque
789 5464 901 5529 malum,
922 5468 999 5521 nullo
1011 5468 1101 5521 minus
1112 5484 1160 5522 no·

355 5534 433 5587 xlum
445 5546 488 5589 est
500 5534 609 5601 rubigo.
620 5533 859 5603 Frequentissima
869 5532 937 5588 baec
948 5539 1158 5592 invescldotra·

1205 453 1316 508 diverso
1326 449 1765 508 eamatmventmaetesoelsa.
1796 450 1952 503 intendite
1963 466 2009 504 se·

1204 530 1300 596 getutn
1316 532 1346 578 et
1362 524 1543 587 luxuriaest,
1565 534 1626 572 cum
1638 524 1772 573 menatae
1781 518 1932 574 fertilitate
1942 534 2008 589 pro·

1206 596 1347 647 cumbunt.
1369 597 1627 647 communetotum
1637 593 1759 643 omnium
1771 600 1898 643 satorum
1909 590 2009 643 ιιιιιιι

1205 665 1293 729 urica,
1305 665 1392 718 etiam
1403 663 1510 725 ciceris,
1522 677 1582 714 cunt
1595 660 1787 729 salsilaginem
1799 663 1858 714 eius
1869 660 2007 714 abluenda

1205 734 1295 788 imber
1305 735 1417 786 dulcius
1426 730 1455 784 id
1467 731 1543 784 facit.
2039 792 2042 801 .

1241 804 1266 856 3.
1282 807 1333 857 Est
1344 803 1438 865 herba,
1455 815 1526 869 quae
1539 801 1615 852 cicer
1628 804 1767 853 enecaiet
1776 810 1880 863 errans,
1891 800 2009 852 ritem
2027 808 2050 839 a

1206 873 1319 942 ligando
1331 887 1375 925 se:
1388 878 1505 923 coeatur
1515 868 1683 931 orobanche.
1707 871 1840 924 Triticum
1852 869 1940 921 ιιιιιιι
1950 882 2009 922 nto·

1207 943 1243 995 do
1255 957 1330 997 aera.
1366 940 1512 993 Hordeum
1524 940 1648 1003 festuca,
1667 954 1739 1006 quae
1747 947 1861 993 vocatur
1871 938 2009 1060 aepllops.
2030 942 2050 979 1¹
2075 938 2083 959 ¹

1206 1013 1324 1066 Lentem
1335 1008 1422 1063 herba
1431 1009 1602 1073 accuridaca,
1613 1023 1694 1080 quant
1707 1008 1807 1062 Graeci
1817 1024 1835 1061 a
1844 1010 1910 1061 almi
1924 1007 2010 1060 itudi·
2023 1008 2048 1047 i·

1208 1099 1242 1135 ae
1253 1081 1398 1150 pelecinon
1408 1087 1521 1132 vocant.
1557 1080 1593 1131 Et
1604 1079 1657 1132 hae
1672 1079 1784 1148 quidem
1804 1080 1952 1147 complexu
1962 1093 2010 1129 ne·

1208 1158 1281 1205 cant.
1297 1152 1379 1203 Circa
1389 1148 1533 1217 Philippos
1544 1156 1709 1202 ateramnon
1718 1150 1861 1201 nominant
1871 1149 1901 1201 ln
1911 1147 2010 1216 pingui

1208 1222 1271 1276 selo
1283 1220 1408 1285 herbam,
1430 1235 1485 1287 qua
1505 1219 1573 1273 faba
1589 1225 1719 1271 necatur:
1741 1225 1897 1281 teramnon,
1917 1218 2010 1285 quain

1208 1306 1313 1354 macro,
1323 1304 1385 1343 cum
1396 1291 1481 1342 adam
1492 1290 1604 1357 quidam
1614 1294 1712 1341 ventus
1724 1287 1838 1340 afflavit.
1847 1289 1937 1408 &erae
1948 1270 2125 1359 gra-bigas·

1208 1378 1273 1414 num
1296 1363 1438 1413 minimum
1452 1366 1496 1414 est
1508 1362 1537 1410 in
1554 1361 1660 1412 cortice
1674 1358 1812 1421 aculeato.
1889 1372 1915 1408 nt
1927 1363 1971 1409 est
1980 1359 2009 1408 ln

1208 1447 1288 1500 pane,
1300 1430 1446 1484 celerrime
1456 1426 1700 1502 vertigines-facit:
1719 1428 1853 1497 aiuntque
1864 1428 1893 1478 in
1904 1427 1969 1478 Asia
1980 1432 2009 1478 et

1209 1503 1329 1555 Graecia
1338 1500 1527 1561 balneatores,
1537 1513 1599 1552 cum
1610 1499 1697 1551 velint
1705 1499 1818 1551 turbam
1829 1496 1943 1565 pellere,
1951 1510 2008 1548 car·

1209 1572 1327 1623 hortibus
1336 1570 1366 1621 id
1377 1583 1472 1623 semen
1483 1568 1607 1621 iniicere.
1647 1568 1784 1621 Nascitur
1799 1574 1827 1620 et
1838 1566 2008 1634 phalangion

1209 1643 1239 1693 in
1249 1654 1325 1702 ervo,
1336 1640 1456 1692 bestiola
1465 1638 1564 1689 aranei
1574 1638 1694 1705 generis,
1714 1638 1737 1688 si
1749 1635 1837 1689 hiems
1849 1650 1954 1705 aquosa
1963 1635 2008 1687 sit.

1208 1710 1338 1763 Limaces
1349 1715 1502 1760 nascuntur
1512 1707 1542 1759 in
1552 1706 1637 1758 dcis:
1650 1713 1679 1759 et
1689 1704 1838 1775 aliquando
1850 1721 1866 1758 e
1878 1713 1954 1758 terra
1963 1720 2007 1757 cu·

1209 1778 1306 1832 chleae
1315 1778 1448 1839 minutae,
1458 1777 1558 1829 ιιιιιιι
1568 1776 1598 1827 ιι
1610 1776 1723 1830 modum
1735 1774 1882 1831 cindatos
1893 1789 1963 1830 eant.
1973 1775 2010 1827 iit

1209 1849 1301 1902 morbi
1313 1846 1423 1916 quidem
1434 1846 1494 1899 fere
1504 1845 1535 1897 hi
1545 1853 1619 1899 sunt.

1244 1918 1331 1972 XLV.
1349 1916 1484 1971 Remedia
1495 1930 1610 1979 eorum,
1629 1929 1809 1985 quaecunque
1824 1915 1965 1983 pertinent
1974 1911 2010 1965 ad

1209 1988 1319 2051 herbas,
1339 1987 1369 2039 iu
1380 1987 1505 2040 sarcuim
1528 1992 1567 2053 et,
1578 2001 1641 2039 cum
1652 2000 1748 2039 semen
1759 1986 1887 2047 lactatur,
1910 1984 2010 2036 cinere.

1209 2059 1288 2123 Quae
1307 2070 1373 2109 vero
1394 2057 1423 2109 in
1442 2056 1549 2109 semine
1570 2063 1600 2111 et
1613 2057 1689 2108 circa
1708 2055 1832 2109 radicem
1848 2053 2011 2115 consistunt,

1211 2127 1397 2197 praecedente
1409 2141 1478 2179 cura
1486 2133 1628 2179 caventur.
1637 2126 1712 2179 Vino
1722 2132 1788 2177 ante
1799 2124 1905 2177 semiue
1916 2120 2009 2191 periu-

1209 2214 1241 2252 ιι
1261 2199 1355 2271 minus
1373 2196 1521 2266 aegrotare
1537 2197 1708 2249 existimant.
1744 2193 1881 2264 Virgilius
1896 2196 1972 2246 nitro
1983 2200 2013 2244 et

1212 2283 1326 2321 amurca
1336 2266 1464 2335 perfundi
1476 2267 1555 2318 iubet
1567 2266 1674 2318 fabam:
1695 2265 1737 2317 sic
1752 2264 1835 2319 etiam
1846 2261 2011 2333 grandesce-

1210 2354 1241 2391 re
1253 2336 1401 2404 promittit.
1419 2334 1539 2398 Quidam
1551 2350 1625 2398 vero,
1635 2341 1658 2385 si
1670 2335 1766 2387 triduo
1778 2341 1843 2387 ente
1853 2340 1945 2386 satum
1956 2330 2014 2383 uri·

1210 2423 1246 2459 na
1257 2412 1287 2459 et
1297 2420 1371 2472 aqua
1381 2410 1553 2468 maceretur,
1573 2403 1723 2473 praecipue
1735 2404 1893 2456 adolescere
1905 2404 2013 2471 putant.

1210 2476 1268 2531 'i'er
1279 2474 1391 2542 quidem
1402 2475 1532 2527 territam
1545 2474 1669 2527 modium
1689 2474 1796 2527 fractae
1808 2488 1822 2525 e
1833 2470 1929 2525 modio
1944 2470 2010 2523 soll·

1211 2546 1264 2599 dae
1276 2544 1403 2598 reddere.
1438 2544 1557 2611 Reliqua
1567 2547 1673 2597 semina
1684 2543 1804 2613 cupressi
1817 2541 1894 2595 follia
1904 2542 1977 2592 tusis
1988 2538 2015 2591 si

1210 2617 1389 2678 misceantur,
1408 2628 1463 2666 non
1475 2630 1538 2667 esse
1548 2614 1710 2667 vermiculis
1721 2613 1856 2667 obnoxiu:
1876 2609 2014 2663 necslin·

1211 2685 1483 2739 terlunioserantur.
1520 2684 1605 2737 Multi
1615 2684 1650 2735 ad
1664 2686 1699 2735 ι’
1741 2680 1874 2744 remedia,
1886 2681 2016 2732 rubetam

1212 2762 1297 2808 ιιιιιι
1307 2769 1375 2807 arvo
1388 2753 1559 2806 circumferri
1570 2755 1675 2815 iubent,
1689 2767 1766 2821 prcus
1777 2765 1859 2820 quam
1869 2751 2017 2811 sarriatur,

1211 2824 1362 2893 defodique
1372 2823 1401 2876 in
1412 2823 1505 2877 medio
1516 2825 1653 2876 inclusam
1664 2837 1730 2876 ιιιι
1741 2821 1886 2893 fictili:ita
1894 2833 2017 2888 necpas·

1210 2909 1369 2958 serem,nec
1377 2908 1485 2946 vermes
1496 2908 1611 2946 nocere:
1623 2892 1673 2944 sed
1684 2891 1835 2945 eruendam
1848 2891 2017 2960 priusquam

1210 2971 1340 3026 metatur,
1351 2962 1459 3044 alioqui
1471 2977 1594 3015 amarum
1608 2963 1678 3014 lieri.
1707 2962 1780 3024 Quin
1793 2968 1822 3013 et
1830 2974 1909 3012 armo
1920 2959 2017 3027 talpae

1210 3040 1342 3088 contacta
1361 3046 1470 3083 semina
1489 3032 1621 3083 uberiora
1632 3044 1702 3083 esse.
1739 3028 1919 3081 Democritus
1929 3042 2017 3081 succo
2031 3068 2048 3087 .,

1210 3102 1322 3163 herbae,
1342 3115 1411 3170 quae
1431 3101 1590 3167 appellatur
1608 3100 1719 3162 aizoou,
1739 3099 1769 3150 in
1780 3096 1882 3166 tegulis
1893 3112 2015 3150 nascens
2142 3148 2171 3161 ..

1210 3172 1357 3234 tabulisrc,
1368 3168 1470 3222 Latine
1482 3185 1548 3223 vero
1559 3169 1666 3235 sedum,
1687 3174 1738 3223 aut
1748 3166 1918 3236 digitellum‚
1928 3154 2170 3219 medi-naam

1212 3250 1277 3297 cata
1287 3242 1344 3295 seri
1354 3239 1431 3293 iubet
1442 3242 1536 3293 omnia
1547 3236 1662 3293 sentina
1672 3237 1765 3306 Vulgo
1777 3250 1853 3299 vero,
1862 3236 1888 3286 ιι
1895 3235 2018 3288 (ιιιιιιιι
2067 3230 2070 3243 ⁴

1211 3318 1319 3375 noceat,
1341 3316 1369 3364 et
1379 3324 1488 3364 vermes
1509 3309 1652 3362 radicibus
1667 3306 1842 3369 inhaereant,
1859 3304 2019 3358 remedium

1211 3390 1265 3446 est,
1276 3396 1390 3436 amurca
1399 3394 1478 3447 pura,
1498 3396 1532 3434 ac
1543 3381 1602 3432 sine
1612 3380 1672 3432 sale
1682 3392 1825 3448 spargere,
1840 3374 1941 3429 deinde
1952 3390 2016 3427 sar-

1211 3454 1281 3507 rire:
1300 3452 1325 3505 si
1336 3453 1365 3504 in
1374 3450 1520 3505 articulum
1532 3464 1611 3519 seges
1624 3450 1666 3502 ire
1677 3449 1810 3517 coeperit,
1832 3460 1959 3507 runcare,
1981 3461 2020 3498 ue

1211 3521 1316 3576 herbae
1325 3523 1446 3575 vincant.
1482 3519 1593 3574 Pestent
1605 3535 1623 3572 a
1632 3519 1712 3572 milio
1724 3524 1808 3586 atque
1837 3515 2019 3585 anico,ptur.

1211 3603 1308 3644 norum
1321 3605 1499 3660 passerumve
1517 3591 1641 3660 agmina,
1660 3591 1718 3642 scio
1730 3587 1805 3656 abigi
1815 3531 1913 3649 ierus,
1936 3574 2019 3635 cuius

1212 3674 1312 3712 nontcn
1333 3660 1459 3726 ignotum
1482 3668 1534 3723 est,
1554 3661 1582 3711 in
1599 3652 2018 3728 quntuovangulissegetisde·

1212 3729 1302 3781 fossa:
1314 3730 1415 3778 mirram
1426 3727 1515 3779 dictu:
1527 3735 1559 3780 ut
1568 3730 1681 3783 omnino
1691 3730 1769 3782 nulla
1780 3726 1938 3780 alislntret.
1951 3722 2020 3775 blu-

1212 3813 1257 3850 res
1267 3796 1419 3862 abiguntur
1431 3797 1522 3850 cinere
1533 3799 1679 3862 mustelae,
1689 3800 1733 3851 vel
1745 3797 1809 3850 ielis
1821 3795 1922 3858 diluto,
1933 3798 1961 3846 et
1973 3808 2020 3847 se·

1212 3869 1285 3918 mine
1296 3879 1394 3932 sparso
1406 3865 1450 3918 rel
1461 3865 1639 3920 decoctarum
1651 3882 1731 3935 aqua.
1753 3866 1806 3919 Sed
1819 3863 1928 3918 redolet
1937 3864 2020 3914 virus

1212 3934 1373 3988 animalium
1385 3948 1482 3987 eorum
1495 3936 1580 3989 etiam
1592 3938 1620 3988 in
1634 3952 1713 4005 pane.
1736 3937 1777 3987 Oh
1788 3934 1817 3987 id
1829 3934 1895 3987 felle
1907 3930 2018 3986 bubulo

1211 4007 1319 4061 semina
1329 4004 1430 4073 attingi
1442 4005 1541 4058 utilius
1553 4014 1660 4075 putarit.
1680 4007 1788 4074 liubigo
1800 4004 1918 4074 quidem,
1927 4005 2020 4055 masi·

1211 4091 1258 4128 mn
1268 4078 1396 4143 segetum
1406 4077 1581 4142 pestia‚lnuri
1595 4076 1680 4129 rantis
1693 4077 1720 4129 in
1732 4091 1800 4128 ιιιο
1810 4072 2021 4134 ιιῆιιιιιιιιι·

1212 4148 1235 4199 it
1247 4145 1276 4197 in
1287 4161 1321 4198 ea
1330 4142 1400 4196 folia
1411 4160 1446 4198 ex
1457 4147 1541 4199 arceis.
1577 4146 1704 4197 Luxuria
1724 4150 1849 4215 segetum
1861 4142 2022 4211 castigatur

1213 4216 1296 4268 dente
1312 4215 1427 4283 pecoris
1447 4216 1476 4267 in
1492 4214 1578 4267 herba
1589 4215 1746 4268 dumtaxat:
1769 4222 1798 4269 et
1809 4213 1941 4281 depastae
1953 4212 2021 4277 qui·

1213 4287 1275 4339 dem
1287 4286 1331 4338 vel
1342 4285 1471 4355 saepius,
1492 4284 1596 4338 nullent
1607 4285 1637 4337 in
1654 4285 1731 4354 spica
1741 4284 1870 4336 iniuriam
1881 4282 2022 4335 sentiunt.

1213 4354 1399 4409 lietonsarunt
1422 4354 1507 4408 etiam
1528 4355 1617 4409 semel
1637 4356 1749 4409 ιιιιιιι
1771 4363 1877 4408 cerium
1898 4356 2025 4417 cstgra·

1212 4440 1278 4478 num
1298 4425 1410 4493 longius
1433 4425 1504 4487 deri,
1525 4425 1573 4479 aed
1593 4428 1676 4478 inane
1687 4440 1860 4493 cassutnque,
1878 4427 2024 4473 ιιιιιιιιι

1213 4510 1268 4548 ιιι
1278 4497 1364 4548 ιιιιι.
1400 4494 1547 4563 Babylone
1559 4503 1652 4549 tamen
1663 4496 1707 4548 bis
1717 4503 1823 4559 secant,
1834 4490 1918 4546 tertio
1929 4488 2025 4556 depa-

1213 4574 1307 4618 scunt:
1318 4564 1424 4633 alioqui
1437 4564 1506 4617 folia
1516 4572 1624 4618 tantum
1635 4565 1744 4618 flerent.
1775 4565 1821 4616 Sic
1833 4574 1942 4630 quoque
1953 4574 2027 4612 cunt

1213 4634 1443 4705 quinquagesimo
1456 4633 1573 4688 foenore
1592 4649 1695 4686 messes
1709 4633 1805 4685 reddit
1825 4629 1938 4682 exilitas
1949 4630 2028 4682 soli:

1213 4719 1308 4757 verum
1321 4702 1547 4771 diligentioribus
1560 4720 1620 4755 cum
1632 4702 1792 4755 centesimo.
1805 4696 1902 4760 Neque
1915 4704 1959 4748 est
1973 4715 2030 4753 cu-

1214 4789 1246 4826 va
1258 4773 1395 4825 difficilis:
1406 4786 1488 4837 quam
1501 4772 1655 4824 diutissime
1665 4769 1761 4836 aquari
1773 4762 1926 4835 gaudeant
1937 4781 2029 4833 prae-

1214 4843 1325 4911 pinguis
1345 4848 1374 4893 et
1394 4842 1481 4894 derisa
1497 4843 1610 4895 ubertas
1627 4839 1760 4891 diluatur.
1796 4833 2027 4892 Liniuntautent
2079 4882 2087 4905 ,

1214 4928 1269 4963 ιιι
1279 4908 1412 4962 invehunt
1423 4910 1580 4978 Euphrates
1590 4908 1749 4975 Tigrisque,
1758 4905 1834 4957 sicut
1844 4903 1873 4956 iu
1885 4904 2024 4975 Aegypto

1213 4981 1302 5035 Nilus.
1314 4978 1372 5032 Nec
1381 4986 1457 5032 terra
1467 4981 1529 5048 ipsa
1540 4977 1639 5032 herbas
1649 4977 1750 5047 gignit.
1766 4975 1911 5029 libertatis
1922 4982 2025 5029 tarnen

1212 5055 1309 5102 tantae
1330 5055 1404 5112 ιιιι,
1424 5055 1599 5116 utaequente
1615 5063 1688 5102 annu
1709 5051 1809 5115 sponte
1819 5045 1956 5099 restibilis
1965 5047 2025 5097 fiat

1212 5135 1242 5173 se
1263 5133 1301 5180 es,
1315 5117 1459 5186 impressis
1469 5117 1590 5186 vestigio
1601 5117 1768 5173 seminibus:
1810 5131 1862 5170 uae
1873 5115 2026 5169 tantasoii

1212 5136 1375 5314 l‹iliterentia
1395 5189 1526 5243 admouet
1537 5195 1630 5243 terrae
1640 5203 1747 5259 genera
1765 5186 1795 5241 in
1818 5202 1902 5256 roges
1913 5185 2028 5238 descri-

1231 5273 1286 5313 ere·

1246 5325 1348 5381 XLVl.
1366 5327 1456 5397 igitur
1465 5328 1577 5395 Catonis
1589 5327 1657 5382 haec
1668 5328 1810 5383 sententia
1825 5333 1882 5380 est:
1902 5324 2022 5391 itaquo

1212 5414 1306 5454 cresso
1318 5405 1347 5452 et
1356 5397 1430 5451 laeto
1441 5398 1612 5453 frumentum
1622 5400 1692 5452 sevi:
1705 5401 1731 5452 si
1741 5413 1809 5453 vero
1822 5394 1968 5450 nebulosus
1978 5394 2029 5445 sit

1213 5470 1295 5532 idem,
1317 5465 1481 5536 raphanum,
1500 5469 1616 5534 milium,
1636 5470 1776 5539 panicum.
1813 5468 1843 5519 ln
1864 5461 1966 5533 frigido
1988 5470 2028 5514 et

1211 5553 1316 5608 aquoso
1329 5536 1407 5609 prius
1418 5536 1573 5604 serendum,
1582 5549 1681 5608 postea
1692 5541 1720 5593 in
1733 5536 1838 5592 calido.
1853 5535 1884 5588 la
1893 5532 1957 5585 solo
1967 5543 2028 5582 nu·

356 5610 412 5666 cto,
424 5605 662 5672 convallibusque,
671 5619 704 5657 ac
713 5602 862 5671 pernarum
874 5621 930 5660 non
942 5605 1120 5662 habentibus.
1134 5609 1158 5661 Ε
1210 5616 1268 5664 tem
1278 5609 1433 5673 rubricoso,
1445 5610 1485 5662 vel
1497 5608 1634 5677 pullo,vel
1646 5625 1774 5673 arenoso,
1782 5607 1805 5658 si
1819 5620 1874 5657 non
1882 5603 1919 5655 sit
1933 5613 2027 5669 aquo·
