4374 6014
319 312 351 372 C.
372 307 523 370 PLlNll
550 307 762 375 secubat
789 306 951 369 rtat'olt
979 307 1173 371 Histoe
1201 310 1283 371 ΜΒ.
1305 310 1457 373 XXXV.
1485 315 1577 375 CAP.
1602 316 1652 376 35.
1675 317 1725 377 ao.
1780 320 1845 383 395

229 461 345 517 XXXV.
365 460 535 524 Quinimmo
549 468 689 514 certamen
710 463 838 528 picturae
848 461 933 517 etiam
946 462 996 517 flo-

194 540 274 587 rente
286 548 319 584 eo
330 533 488 583 institutum
500 538 544 582 est
557 528 685 583 Corinthi
697 548 730 582 ac
740 531 869 597 Delphis:
881 534 996 598 primus·

196 618 250 672 que
272 603 392 652 orrrnium
414 601 532 651 certarit
550 615 612 651 cum
629 600 782 668 Timagora
801 599 995 665 Clralcidense,

196 677 343 738 superatus
354 670 388 720 ab
401 685 434 719 eo
447 666 668 739 Pythiiszquod
682 677 710 719 et
729 670 816 735 ipsius
826 670 996 738 'l'inragorae

198 744 317 794 carmine
339 745 448 789 retusto
468 746 593 804 apparet,
616 737 809 789 chronicorum
828 754 923 791 errore
941 756 996 791 non

197 810 291 862 dubio.
327 809 380 859 Alii
393 822 503 874 quoque
515 815 576 873 post
598 806 648 857 hos
669 809 738 859 clari
748 808 826 860 fuere
837 817 901 861 ante
912 825 995 862 nona·

197 880 331 948 gesimam
354 875 557 943 Olympiadem,
580 877 653 927 sicut
676 878 848 944 Polygnotus
865 877 996 941 Thasius,

197 949 244 1017 qui
256 952 361 1016 primus
374 947 504 997 mulieres
516 946 609 997 lucida
629 955 704 998 reste
724 948 824 1013 pinxit,
847 950 940 1014 capita
952 963 996 1000 ea·

195 1033 257 1071 rum
271 1012 361 1068 uritris
371 1014 586 1066 versicoloribus
597 1017 717 1082 operuit,
738 1017 942 1084 plurimumque
954 1018 996 1084 pi·

196 1094 291 1141 cturae
308 1085 414 1153 primus
434 1084 560 1136 contulit.
598 1085 738 1153 Siquidem
751 1087 875 1137 instituit
886 1102 918 1141 os
929 1088 996 1139 ada·

195 1158 300 1227 perire,
322 1155 420 1206 dentes
432 1153 593 1216 ostendere,
615 1156 721 1206 vultum
732 1156 893 1222 abantiquo
904 1158 997 1223 rigore

195 1228 315 1281 rariore.
350 1225 443 1276 Huius
454 1232 496 1275 est
508 1223 604 1276 tabula
616 1225 643 1275 in
657 1226 766 1293 porticu
779 1225 914 1292 Pompeii,
926 1242 997 1294 quae

196 1295 381 1350 anteceniam
395 1295 453 1346 eius
466 1294 573 1346 fuerat:
584 1295 611 1345 in
622 1311 676 1363 qua
687 1295 840 1358 dubitatur,
850 1295 998 1350 ascenden·

196 1373 255 1419 tem
278 1380 338 1416 cum
360 1365 460 1431 clypeo
481 1365 613 1431 pinxerit,
632 1381 666 1416 an
684 1366 906 1418 descendentem.
944 1366 999 1418 llic

196 1433 317 1501 Delphis
329 1433 425 1486 aedem
438 1435 543 1500 pinxit:
556 1431 600 1485 hic
612 1432 760 1487 etAthenis
770 1436 917 1502 porticum,
928 1449 998 1502 quae

196 1505 310 1561 Poecile
330 1511 454 1566 vocatur,
478 1504 612 1571 gratuito,
633 1520 695 1556 cum
714 1512 821 1571 partem
833 1507 891 1556 eius
903 1506 996 1558 Micon

196 1575 325 1628 mercede
338 1574 477 1693 pingeret:
495 1574 568 1627 unde
582 1574 671 1625 maior
683 1574 745 1626 huic
755 1575 919 1626 auctoritas.
956 1573 998 1626 Si·

197 1645 308 1713 quidem
320 1645 388 1710 Amp
410 1644 545 1710 ictyones,
567 1644 639 1711 quod
652 1651 695 1697 est
707 1644 848 1711 poblicum
861 1645 996 1696 Graeciae

197 1714 358 1775 concilium,
381 1712 505 1779 hospitia
522 1715 547 1764 ci
558 1716 685 1780 gratuita
697 1715 853 1766 decrevere.
891 1713 957 1764 Fuit
970 1719 998 1765 et

197 1783 381 1845 aliusMicon,
390 1784 436 1849 qui
449 1784 563 1835 minoris
574 1784 738 1851 cognomine
749 1783 942 1851 distinguitur:
954 1798 1000 1835 cu·

196 1852 241 1905 ius
254 1852 313 1903 filia
324 1852 467 1904 Timarete
478 1858 507 1903 et
518 1853 526 1901 i
531 1867 580 1917 psa
592 1854 689 1919 pinxit.

231 1921 359 1974 xxxvl.
379 1917 403 1970 1.
415 1921 602 1986 Nonagesima
623 1929 715 1974 autem
732 1921 900 1990 Olympiade
918 1919 998 1972 fuere

196 1990 367 2056 Aglaophon,
390 1989 620 2057 Cephissodorus,
642 1990 770 2058 Phrylus,
791 1992 901 2042 Euenor
917 1995 999 2056 pater

195 2056 349 2121 Parrhasii,
357 2064 385 2111 et
396 2068 562 2126 praeceptor
574 2061 684 2111 maximi
697 2060 862 2127 pictoris,de
874 2075 928 2127 quo
939 2062 998 2111 sois

196 2130 275 2182 aunis
287 2128 425 2179 dicemus:
446 2145 542 2180 ontnes
554 2129 608 2180 iam
621 2130 755 2191 illustres,
777 2137 945 2191 nontamen,
966 2130 997 2180 in

196 2200 296 2267 quibas
307 2197 422 2250 haerere
435 2199 574 2263 expositio
586 2198 701 2262 debeat,
722 2200 860 2251 festinans
871 2199 906 2250 ad
918 2198 998 2250 lurni-

195 2283 233 2322 ua
243 2269 326 2319 artis:
339 2267 367 2317 in
379 2268 476 2335 quibus
488 2267 593 2333 primus
605 2267 908 2334 refulsitApollodorua
916 2266 998 2319 Athe·

195 2338 301 2391 nienais
314 2338 493 2405 nonagesima
507 2344 606 2405 quarta
616 2337 792 2404 Olympiade.
831 2338 885 2389 llic
896 2337 999 2404 primus

196 2424 211 2461 s
232 2409 305 2460 ecies
315 2408 470 2476 exprimere
482 2407 620 2469 instituit,
642 2408 802 2473 printusque
819 2406 941 2475 gloriam
952 2422 999 2474 pe-

217 2477 294 2530 icillo
306 2480 366 2529 iure
377 2478 505 2529 contulit.
543 2478 612 2527 Eius
622 2484 665 2527 est
675 2476 806 2528 sacerdos
819 2474 950 2537 adorans,
970 2483 1000 2527 et

198 2549 267 2599 Aiax
280 2546 395 2597 fulmine
408 2546 547 2608 incensus,
560 2543 738 2612 qail’ergumi
749 2543 997 2612 spectaturbodie:

197 2631 286 2735 neqtlte
298 2620 436 2666 antaeum
446 2616 543 2668 tabula
554 2614 638 2666 ullius
650 2614 817 2677 ostenditur,
823 2627 892 2682 quae
904 2620 999 2667 teneat

199 2700 306 2739 ucuos.

232 2754 259 2806 2
278 2753 318 2806 Ab
328 2750 382 2805 hoc
397 2754 468 2804 artis
484 2751 559 2806 fores
577 2762 688 2819 apertas
699 2757 802 2805 zeuxis
813 2754 998 2805 Heracleotes

197 2824 330 2884 intrarit,
362 2821 539 2890 Olympiadis
564 2823 761 2891 nonagesimae
789 2823 904 2891 quintae
924 2836 997 2873 anno

197 2900 308 2964 quarto,
320 2893 521 2959 audentemque
533 2894 587 2944 iam
600 2892 703 2959 aliquid
717 2893 876 2959 penicillum
889 2891 935 2955 (de
947 2891 999 2943 hoc

198 2964 270 3017 enim
281 2962 371 3015 adhuc
383 2962 535 3029 loquimur)
544 2963 579 3014 ad
592 2977 718 3029 magnam
730 2963 849 3030 gloriam
858 2961 998 3029 perduxit,

196 3049 215 3085 a
225 3031 389 3100 quibusdam
402 3031 475 3083 falso
486 3033 513 3083 in
531 3031 674 3083 l.xxxtx
690 3030 857 3099 Olympiade
881 3031 997 3099 positus,

198 3117 259 3154 cum
272 3102 358 3154 fuisse
372 3116 484 3154 neeesse
496 3110 538 3153 est
550 3099 748 3167 Denrophilum
760 3102 954 3164 Himeraeum,
968 3107 997 3152 et

195 3171 316 3226 Noscant
329 3169 474 3236 Thasium,
492 3172 620 3239 quonium
633 3172 723 3223 utrius
735 3186 831 3223 corum
843 3170 997 3237 discipulus

196 3240 289 3303 fuerit,
301 3240 462 3308 ambigitur.
498 3244 526 3292 ln
540 3257 601 3292 eum
613 3241 802 3307 Apollodorus
813 3254 898 3307 supra
907 3239 997 3291 dictus

195 3326 294 3364 versus
305 3308 475 3370 fecit,artem
488 3311 557 3376 ipsis
568 3310 690 3362 ablatam
697 3311 882 3363 Zeuxinferre
892 3324 996 3363 secum.

197 3380 271 3447 Opes
282 3393 391 3444 quoquc
402 3384 494 3427 tantas
505 3379 665 3445 acquisivit,
674 3388 705 3430 ut
716 3380 742 3430 in
756 3381 945 3432 ostentatione
954 3393 999 3431 ea·

196 3463 267 3509 runt,
288 3446 436 3513 Olympiae
456 3448 547 3498 aureis
570 3447 660 3497 literis
681 3447 709 3497 in
722 3448 870 3512 palliorum
883 3449 997 3498 tesseris

195 3518 335 3568 intextum
357 3531 454 3568 nemen
473 3531 554 3567 suum
577 3515 735 3566 ostentarit.
771 3515 875 3567 Postea
894 3517 998 3567 donare

196 3601 284 3653 opera
293 3599 344 3636 sua
355 3584 485 3647 instituit,
504 3582 575 3652 quod
588 3586 708 3636 eanulfo
720 3585 789 3636 satis
808 3583 894 3653 digno
906 3583 996 3651 pretio

195 3654 350 3725 permutari
361 3669 443 3721 posse
452 3654 568 3713 diceret,
589 3654 672 3704 sicuti
684 3654 843 3706 Alcmenam
855 3658 997 3722 Agragan-

195 3725 271 3787 tinis,
284 3724 359 3775 Pana
370 3722 513 3777 Archelao.
530 3724 608 3775 Fecit
620 3730 648 3774 et
659 3723 828 3791 Penelopen,
838 3724 865 3774 in
877 3739 930 3790 qua
941 3723 998 3789 pin·

194 3794 272 3848 sisse
293 3808 384 3845 mores
396 3793 519 3845 ridetur:
541 3799 569 3845 et
580 3792 726 3845 athletam.
764 3793 893 3860 Adeoque
904 3793 958 3845 sibi
969 3793 997 3844 in

195 3865 245 3917 illo
258 3864 370 3933 placuit,
379 3868 411 3914 ut
420 3878 530 3916 rersum
541 3864 740 3925 subscriberet,
757 3862 895 3916 celebrem
907 3879 943 3916 ex
952 3877 997 3926 eo,

196 3935 350 3987 incisurum
363 3933 484 3999 aliquem
497 3932 617 3997 facilius,
630 3948 712 4000 quam
724 3933 906 3984 imitaturum.
937 3933 997 3984 Ma·

197 4004 313 4073 gallicus
325 4010 367 4053 est
377 4003 483 4068 lupiter
492 4003 551 4054 eius
565 4003 590 4052 in
603 4001 720 4062 throno,
742 4001 918 4055 adstantibus
931 4001 997 4053 diis:

196 4078 226 4127 ei
237 4071 376 4125 Hercules
396 4071 487 4121 infans
505 4070 638 4121 dracones
654 4070 847 4135 strangulans,
868 4072 998 4122 Alcmena

195 4150 286 4194 matre
306 4154 400 4191 coram
413 4146 530 4203 parente
543 4146 571 4188 et
588 4138 799 4203 Amphitryone.
835 4138 997 4204 Deprehen-

196 4212 274 4265 tlitur
284 4217 377 4259 tannen
388 4208 493 4258 Zeuxis
505 4207 637 4272 grandior
647 4208 674 4256 in
687 4205 835 4271 capitibus,
857 4207 998 4256 articulis·

198 4295 265 4349 que:
289 4277 396 4342 alioqui
419 4284 514 4327 tantus
525 4274 683 4343 diligentia,
704 4281 736 4324 ut
747 4276 944 4342 Agragantinis
956 4273 996 4324 la-

198 4357 293 4403 cturus
315 4345 449 4406 tabulam,
470 4360 550 4414 quam
572 4347 599 4395 in
622 4345 725 4410 templo
743 4344 856 4395 lunonis
867 4343 998 4396 Laciniae

195 4417 306 4489 publice
328 4414 464 4475 dicarent,
487 4415 638 4480 inspexerit
658 4414 781 4481 virgines
793 4428 887 4465 eorum
900 4412 999 4477 nudas,

197 4487 359 4554 etquinque
382 4484 509 4550 elegerit,
532 4494 563 4535 ut
583 4482 658 4550 quod
678 4484 706 4534 in
718 4481 997 4551 quaquelaudatissi·

196 4571 271 4610 mum
283 4559 368 4617 esset,
389 4553 498 4620 pictura
512 4552 650 4606 redderet.
685 4552 782 4605 Pinxit
792 4550 996 4605 etmonochro·

196 4634 271 4679 mata
283 4640 316 4675 en
329 4623 402 4675 Albo.

232 4695 258 4747 3.
277 4693 414 4761 Aequales
424 4692 485 4744 eius
506 4699 535 4744 et
548 4692 650 4744 aemuli
662 4690 739 4744 fuere
749 4689 923 4754 Timanthes,
943 4694 997 4744 An·

198 4765 345 4832 drocydes,
358 4763 528 4829 Eupompus,
546 4761 720 4814 Parrhasius.
757 4760 942 4813 Descendisse
954 4760 998 4812 hic

197 4834 225 4886 in
238 4841 378 4886 certamen
390 4848 450 4883 cum
461 4831 586 4883 Zeuxide
606 4829 735 4883 traditur.
771 4832 878 4883 Etcum
892 4830 940 4882 ille
953 4830 998 4883 de·

196 4904 307 4955 tulisset
317 4918 385 4954 uras
397 4903 485 4969 pictas
497 4908 575 4952 tanto
585 4915 726 4963 successu,
736 4906 768 4951 ut
779 4900 807 4950 in
817 4915 998 4952 scenamares

195 4972 376 5035 advolarent,
396 4975 455 5039 ipse
467 4971 602 5025 detulisse
613 4972 729 5024 linteum
742 4971 856 5038 pictum,
877 4970 916 5020 ita
928 4971 998 5021 reri-

197 5049 257 5096 tate
279 5048 499 5109 repraesentata,
520 5049 551 5093 ut
570 5042 688 5103 Zeuxis,
708 5040 807 5092 alitum
830 5038 935 5091 iudicio
955 5046 997 5091 tu·

196 5128 283 5175 mens,
292 5110 433 5180 flagitaret
444 5110 556 5163 tandem
567 5116 677 5163 remoto
689 5110 777 5163 linteo
789 5105 898 5160 ostendi
912 5109 998 5175 picto·

197 5198 267 5245 ram,
288 5190 373 5249 atque
383 5181 527 5234 intellecto
539 5196 634 5233 errore
651 5179 816 5232 concederet
826 5179 945 5245 palmam
958 5181 998 5229 in·

197 5266 287 5373 genno
308 5250 431 5317 pudore,
455 5250 586 5333 quoniam
609 5252 669 5316 ipse
689 5249 818 5302 volucres
840 5246 997 5312 fefellisset,

221 5320 363 5374 arthesius
374 5325 466 5370 autem
478 5335 510 5370 se
519 5321 665 5371 artificem.

232 5389 260 5440 t.
278 5388 380 5439 Fertur
396 5393 423 5438 et
443 5395 539 5454 postea
550 5388 652 5440 Zeuxis
670 5387 793 5456 pinxisse
803 5401 917 5454 puerum
930 5402 997 5439 usas

198 5458 345 5516 ferentem,
356 5455 390 5506 ad
402 5469 469 5521 quas
481 5471 542 5508 cum
555 5456 716 5512 advolasset
726 5457 794 5521 arls,
814 5457 910 5510 eadem
922 5460 949 5508 in
971 5473 998 5510 e·

196 5528 306 5580 nuitate
319 5523 455 5592 processit
465 5525 553 5577 iratus
564 5527 652 5592 operi,
663 5533 692 5580 et
703 5527 789 5579 dixit:
812 5524 885 5579 Uras
898 5527 997 5583 nteltus

197 5596 282 5664 pinxi,
294 5609 374 5665 quarn
385 5608 514 5664 pueram:
536 5609 598 5648 nam
609 5595 634 5647 si
645 5602 674 5649 et
685 5594 738 5650 hoc
754 5609 997 5660 consummassem,

1046 465 1106 517 aris
1117 463 1216 517 timere
1227 463 1368 518 debuerat.
1384 466 1463 519 Fecit
1473 474 1500 519 et
1511 467 1607 535 figlina
1617 483 1709 534 opera,
1722 484 1793 536 quae
1804 485 1850 522 ao·

1047 533 1077 586 la
1089 537 1116 584 in
1128 535 1275 586 Ambracia
1284 535 1382 587 relicta
1392 544 1465 596 sunt,
1474 552 1533 587 com
1547 539 1611 589 inde
1624 541 1719 589 illusas
1730 540 1847 590 Fulvius

1047 602 1176 654 Nobilior
1185 603 1300 653 Romam
1313 602 1486 655 transferret.
1507 606 1640 658 Zeuxidis
1652 623 1733 658 trranu
1744 609 1848 665 huniae

1049 671 1158 724 Helena
1173 678 1215 721 est
1236 672 1265 721 in
1278 669 1395 739 Philippi
1408 674 1576 739 porticibus:
1598 685 1626 727 et
1637 678 1664 727 in
1676 677 1847 732 Concordiae

1048 740 1165 794 delubro
1179 741 1308 806 Marsyas
1322 744 1465 808 religatus.

1082 808 1108 861 5.
1128 807 1291 860 Parrhasius
1304 809 1406 876 Ephesi
1418 818 1513 873 natus,
1536 819 1564 864 et
1577 812 1636 881 ipsc
1648 813 1849 871 urultaconsti·

1048 880 1113 931 tuit.
1131 878 1240 929 Primus
1250 881 1442 945 synrnretriam
1454 882 1580 948 picturae
1592 884 1677 945 dedit,
1688 885 1792 950 primus
1802 901 1846 939 ar·

1049 949 1141 1017 gutias
1161 949 1264 1010 vultus,
1285 947 1452 1014 elegantiam
1474 953 1576 1017 capilli,
1597 961 1769 1004 venustatem
1780 957 1847 1018 oris,

1049 1017 1223 1070 confessione
1236 1018 1370 1068 artificum
1382 1019 1411 1069 in
1424 1020 1504 1071 lineis
1515 1024 1650 1072 extremis
1660 1023 1778 1088 palmam
1786 1026 1849 1076 ade·

1049 1093 1122 1155 ptus.
1160 1088 1237 1138 llaec
1249 1089 1330 1139 estin
1344 1089 1452 1153 pictura
1462 1105 1569 1141 suornm
1579 1092 1745 1143 sublimitas.
1782 1096 1848 1144 Cor·

1050 1171 1120 1224 pora
1130 1157 1200 1208 enim
1213 1157 1327 1223 pingere
1339 1166 1366 1208 et
1378 1158 1470 1209 media
1485 1174 1593 1222 rerunt,
1613 1168 1656 1213 est
1667 1162 1778 1229 quidem
1791 1177 1849 1214 ma·

1050 1226 1098 1294 gni
1110 1227 1215 1292 operis:
1228 1227 1277 1278 aeti
1288 1229 1379 1294 inquo
1392 1228 1470 1278 multi
1481 1230 1599 1294 gloriam
1611 1231 1732 1282 tulerint.
1751 1231 1849 1284 Extre-

1050 1312 1096 1347 ma
1106 1310 1253 1362 corporum
1265 1295 1376 1359 facere,
1398 1307 1426 1349 et
1439 1297 1590 1350 desinentis
1602 1303 1726 1365 picturae
1737 1300 1848 1353 modum

1049 1363 1200 1427 includere,
1213 1381 1306 1417 rarum
1319 1368 1346 1418 in
1358 1383 1487 1419 successu
1500 1362 1569 1419 artis
1582 1370 1726 1421 int-enitor.
1737 1370 1849 1422 Ambire

1049 1436 1123 1487 enim
1145 1434 1230 1487 dehet
1249 1451 1282 1489 se
1291 1438 1453 1488 extremitas
1475 1441 1544 1504 ipsa,
1565 1440 1796 1502 etsicdesinerc,
1818 1445 1850 1491 ut

1049 1503 1198 1571 promittat
1217 1504 1273 1556 alia
1294 1513 1359 1573 post
1369 1522 1411 1558 se:
1432 1508 1615 1575 ostendatque
1626 1508 1711 1560 etiam
1724 1524 1793 1575 quae
1804 1523 1850 1561 oc·

1050 1573 1146 1625 cultat.
1181 1573 1262 1625 Hanc
1282 1576 1308 1627 ei
1327 1575 1445 1642 gloriam
1464 1592 1626 1629 concessere
1637 1578 1800 1644 Antigonus,
1820 1583 1850 1629 et

1050 1642 1236 1706 Xenocrates,
1255 1644 1347 1712 quide
1359 1648 1468 1711 pictura
1486 1651 1634 1714 scripsere:
1656 1646 1849 1713 praedicantes
1920 1640 1926 1649 ⁶

1050 1720 1232 1779 quoque,‘non
1245 1715 1333 1766 sulum
1345 1716 1517 1769 confitentes.
1535 1718 1597 1769 Alia
1609 1719 1695 1768 multa
1705 1713 1849 1784 graphidis

1050 1784 1169 1850 vestigia
1190 1790 1303 1835 exstant
1323 1786 1350 1835 in
1365 1785 1467 1836 tabulis
1491 1802 1523 1836 ac
1543 1788 1713 1839 membranis
1724 1786 1792 1846 eius,
1814 1799 1850 1837 ex

1051 1851 1149 1917 quibus
1160 1854 1294 1917 prolicere
1305 1855 1434 1906 dicuntur
1445 1856 1574 1907 artifices.
1599 1858 1693 1908 Minor
1703 1862 1796 1907 tannen
1806 1855 1848 1906 ri·

1051 1920 1140 1982 detur,
1161 1922 1215 1973 sibi
1225 1934 1412 1989 crrnrparatus,
1435 1927 1462 1977 in
1474 1926 1570 1977 mediis
1582 1926 1746 1993 corporibus
1758 1923 1848 1991 expri-

1050 1989 1168 2041 mendis.
1193 1991 1286 2043 Pinxit
1296 2001 1325 2044 et
1336 1994 1444 2046 Denron
1454 1993 1671 2056 Atheniensium,
1683 2002 1849 2061 argumento

1050 2073 1158 2126 quoque
1170 2060 1325 2125 ingenioso.
1354 2060 1476 2115 Volebat
1487 2079 1604 2130 namque
1616 2066 1732 2124 varium,
1744 2064 1850 2114 iracun-

1050 2128 1124 2192 dum,
1142 2129 1285 2192 iniustum,
1301 2130 1516 2187 inconstantem:
1541 2133 1656 2185 eundem
1668 2131 1851 2194 exorabilem,

1050 2200 1224 2261 clementem,
1235 2201 1449 2265 misericordem,
1470 2203 1619 2264 excelsum,
1631 2197 1852 2271 gloriosum,bu·
1891 2254 1897 2265 p

1050 2270 1155 2332 milem,
1166 2269 1295 2333 ferocem,
1303 2269 1495 2341 fugacemque,
1504 2280 1532 2325 et
1544 2274 1635 2325 omnia
1645 2274 1751 2339 pariter
1759 2276 1852 2322 osten·

1051 2337 1124 2390 dere.
1162 2338 1237 2390 ldem
1252 2340 1342 2404 pinxit
1352 2342 1472 2403 Thema,
1494 2342 1541 2408 qui
1554 2345 1657 2395 Rontae
1668 2342 1698 2392 in
1709 2338 1851 2406 Capitolio
1874 2372 1881 2389 .

1050 2406 1116 2457 fuit:
1139 2412 1167 2457 et
1178 2407 1352 2459 Nararchum
1373 2406 1555 2459 thoracatum.
1592 2411 1628 2460 ls't
1639 2411 1665 2460 in
1678 2424 1732 2459 una
1745 2408 1851 2469 tabula,

1051 2489 1122 2541 quae
1132 2482 1177 2526 est
1185 2473 1284 2536 lihodi,
1291 2475 1474 2543 Meleagrum,
1481 2476 1643 2537 llercalem,
1650 2476 1761 2530 Persea.
1772 2480 1851 2529 llaec

1049 2544 1089 2596 ibi
1101 2550 1144 2594 ter
1155 2542 1271 2595 fulmine
1281 2545 1416 2604 ambusta,
1437 2559 1525 2611 noque
1537 2545 1703 2608 obliterata,
1725 2543 1777 2596 boc
1787 2548 1850 2612 ipso

1050 2613 1212 2664 ntiraculum
1227 2618 1320 2678 auget.
1357 2611 1451 2664 Pinxit
1460 2620 1490 2664 et
1500 2612 1703 2682 Archigallum:
1715 2630 1797 2681 quam
1810 2614 1851 2681 pi·

1050 2690 1156 2733 cturam
1176 2682 1418 2733 amavit'l'iberius
1438 2682 1577 2752 princeps:
1598 2691 1690 2751 atque,
1710 2691 1851 2735 utauctot·

1050 2749 1207 2804 estDecius
1218 2749 1332 2813 Ecaten,
1353 2751 1554 2805 exsertantis
1566 2755 1755 2815 aestimatam,
1775 2753 1850 2805 cabl-

1050 2822 1114 2873 culo
1135 2835 1186 2871 suo
1203 2819 1323 2871 inclusit.
1361 2821 1455 2872 Pinxit
1467 2828 1495 2874 et
1507 2825 1634 2874 Cressam
1644 2823 1789 2886 nutricem,
1809 2824 1851 2874 in·

1049 2890 1211 2957 fontemque
1222 2890 1249 2941 in
1261 2890 1387 2943 manibus
1399 2891 1474 2944 eius:
1495 2898 1524 2944 et
1536 2891 1703 2955 Philiscum,
1726 2899 1754 2945 et
1764 2893 1849 2946 Libe·

1048 2976 1110 3013 rum
1123 2968 1230 3027 patrem
1242 2960 1371 3013 adstante
1379 2959 1505 3014 Virtute:
1516 2969 1545 3014 et
1556 2978 1656 3031 pueros
1667 2962 1780 3025 duos,in
1791 2961 1851 3030 qui·

1049 3033 1100 3082 bus
1111 3035 1255 3096 spectatur
1264 3030 1400 3083 securitas
1411 3040 1440 3085 et
1456 3033 1558 3084 aetatis
1578 3031 1759 3100 simplicitas:
1780 3033 1850 3085 item

1049 3100 1223 3151 sacerdotem
1245 3099 1372 3153 adstante
1393 3116 1478 3167 puero
1502 3118 1563 3154 cum
1584 3116 1683 3156 acerra
1697 3109 1850 3155 etcorona.

1049 3169 1119 3222 Sunt
1137 3176 1166 3221 et
1177 3170 1248 3221 duae
1258 3170 1384 3237 picturae
1396 3171 1456 3223 eius
1467 3171 1672 3225 nobilissimae:
1694 3171 1849 3239 lloplitites

1049 3239 1131 3301 altor,
1151 3238 1179 3288 in
1191 3240 1343 3291 certamine
1356 3240 1567 3304 itadecurreos,
1589 3249 1620 3292 ut
1638 3243 1739 3294 sudare
1756 3241 1850 3295 rides·

1050 3316 1110 3361 tur:
1123 3309 1195 3360 alter
1205 3309 1474 3375 armaueponaneut
1485 3311 1766 3363 anhelaresentiatur.
1777 3311 1850 3363 Lau·

1050 3378 1152 3429 dantur
1163 3383 1192 3428 et
1202 3379 1323 3440 Aeneas,
1346 3380 1499 3444 Castorque
1511 3395 1543 3431 ac
1552 3380 1652 3431 Pollux
1663 3381 1691 3430 in
1703 3380 1799 3431 eadem
1811 3387 1851 3431 ta·

1048 3448 1129 3497 bula:
1141 3446 1208 3496 item
1220 3443 1369 3512 Telephus,
1380 3445 1509 3508 Achilles,
1518 3447 1717 3514 Agantemnon,
1726 3449 1849 3515 Ulysses.

1049 3512 1213 3565 Foecundus
1223 3515 1339 3577 artifex,
1361 3514 1410 3568 sed
1422 3528 1475 3582 quo
1493 3531 1573 3567 nemo
1591 3517 1757 3569 insolentius
1769 3525 1797 3570 et
1809 3531 1851 3568 ar·

1050 3582 1194 3651 rogantina
1206 3582 1244 3633 sit
1255 3598 1321 3634 usus
1334 3584 1425 3650 gloria
1434 3587 1513 3637 artis.
1534 3586 1659 3653 Namque
1669 3593 1698 3638 et
1708 3588 1847 3654 cognomi·

1050 3669 1087 3705 na
1098 3651 1252 3717 usurparit,
1273 3653 1470 3706 Abrodiaetum
1483 3670 1513 3708 se
1525 3655 1710 3722 appellando,
1731 3657 1849 3724 altisque

1048 3724 1141 3773 serbis
1150 3721 1303 3789 principem
1315 3723 1399 3785 artis,
1419 3732 1447 3774 et
1457 3739 1517 3775 eam
1530 3725 1565 3775 ab
1575 3740 1606 3776 se
1617 3734 1848 3779 consummatam.

1049 3791 1138 3859 Super
1149 3791 1383 3858 omniabpollinis
1392 3807 1423 3845 ae
1435 3794 1529 3845 radice
1540 3801 1644 3848 ortum:
1654 3795 1851 3858 etllerculem,

1049 3863 1098 3929 qui
1119 3868 1162 3913 est
1177 3860 1278 3923 Lindi,
1302 3861 1384 3913 talem
1397 3877 1453 3915 ase
1474 3865 1584 3930 pictum,
1606 3865 1715 3931 qualem
1726 3880 1810 3931 saepe
1821 3864 1850 3916 ia

1050 3933 1143 4001 quiete
1155 3929 1278 3982 vidisset.
1315 3933 1391 3999 Ergo
1404 3934 1512 4000 magnis
1523 3933 1665 4000 suffragiis
1674 3943 1851 3999 superatuss

1049 3999 1197 4052 Timanthe
1208 3999 1293 4061 Sami,
1301 4000 1420 4053 inAince
1431 4017 1624 4069 armorumque
1635 4001 1747 4061 iudicio,
1759 3999 1850 4053 herois

1050 4072 1162 4121 nomine
1174 4084 1204 4120 se
1215 4069 1334 4121 moleste
1345 4069 1418 4121 ferre
1429 4071 1548 4132 dicebat,
1566 4069 1638 4137 quod
1648 4070 1749 4120 iterum
1761 4068 1796 4118 ab
1807 4069 1849 4119 in·

1050 4138 1133 4204 digno
1149 4139 1238 4187 victus
1249 4145 1331 4190 esset.
1369 4139 1462 4190 Pinxit
1484 4146 1512 4191 et
1524 4139 1678 4189 minoribus
1689 4136 1800 4188 tabellis
1813 4136 1847 4187 li·
1933 4176 1939 4187 .

1050 4206 1168 4265 bidines,
1179 4220 1212 4256 eo
1223 4221 1325 4271 genere
1337 4208 1488 4271 petulantis
1501 4208 1555 4258 ioci
1566 4222 1597 4258 ae
1609 4206 1744 4258 reficiens.

1085 4275 1111 4325 a.
1120 4274 1190 4325 Nam
1201 4273 1344 4326 Timanthi
1357 4275 1399 4327 rel
1410 4275 1556 4342 plurimum
1565 4274 1646 4325 affuit
1657 4273 1769 4341 ingenii.
1780 4273 1849 4328 Eius

1050 4345 1123 4397 eninr
1135 4341 1334 4409 estlphigenia,
1347 4352 1489 4396 oratorum
1502 4344 1630 4396 laudibus
1641 4343 1790 4406 celebrata,
1796 4358 1850 4411 qua

1050 4417 1142 4464 stante
1152 4410 1396 4478 adarasperitura,
1405 4430 1465 4465 cum
1474 4413 1850 4478 moestospinxissetomnes,

1049 4482 1197 4550 praecipue
1218 4487 1355 4545 patruum,
1376 4490 1405 4535 et
1425 4483 1560 4535 tristitiae
1579 4482 1849 4550 omnemimaginem

1050 4550 1257 4613 consumsisset,
1275 4552 1363 4620 patris
1375 4554 1460 4620 ipsius
1470 4553 1578 4605 vultum
1590 4552 1702 4614 velarit,
1717 4567 1798 4620 quem
1809 4552 1849 4606 di-

1050 4639 1104 4691 gne
1114 4638 1168 4674 non
1181 4627 1294 4687 poterat
1305 4624 1459 4676 ostendere.
1483 4624 1555 4675 Sunt
1565 4628 1596 4677 et
1605 4621 1661 4674 alia
1670 4623 1777 4690 ingenii
1788 4625 1849 4675 eiua

1050 4691 1230 4758 exemplaria,
1253 4692 1341 4744 veluti
1352 4693 1472 4760 Cyclops
1484 4695 1625 4749 dormiens
1636 4693 1664 4744 in
1683 4692 1799 4758 parvula
1809 4698 1850 4744 ta·

1049 4763 1137 4815 bella:
1151 4763 1229 4813 cuius
1240 4761 1318 4813 etsie
1328 4763 1548 4831 magnitudinem
1559 4762 1713 4829 exprimere
1724 4762 1849 4829 capiens,

1050 4832 1140 4900 pinxit
1150 4832 1230 4882 iuxta
1241 4830 1370 4899 Satyros,
1379 4832 1477 4901 thyrso
1487 4834 1619 4900 pollicem
1626 4832 1848 4885 eiusmetientss.

1049 4907 1138 4969 Atque
1151 4901 1179 4952 in
1191 4901 1319 4952 omnibus
1330 4902 1849 4970 eiusoperibusintelligiturplusseru·

1049 4987 1108 5039 per,
1120 4986 1201 5038 quam
1213 4970 1352 5038 pingitur:
1364 4981 1464 5025 etcum
1476 4988 1522 5025 ars
1532 4987 1639 5024 suntme
1649 4974 1695 5032 sit,
1707 4972 1848 5039 ingenium

1049 5048 1142 5094 tamen
1153 5041 1228 5092 ultra
1237 5048 1327 5094 artem
1340 5048 1394 5095 est.
1422 5041 1517 5095 Pinxit
1529 5050 1558 5095 et
1568 5044 1666 5094 lleroa
1674 5039 1848 5095 absolutissi-

1049 5112 1089 5161 mi
1100 5109 1202 5176 operis,
1222 5115 1310 5163 artem
1333 5114 1420 5178 ipsam
1437 5113 1598 5180 complexus
1613 5113 1688 5163 siros
1700 5103 1846 5178 pingendi:

1050 5179 1122 5248 quod
1134 5193 1202 5245 opas
1213 5194 1286 5230 nuno
1297 5181 1401 5234 Romae
1410 5183 1439 5234 in
1451 5183 1553 5249 templo
1565 5181 1646 5233 Pacis
1658 5189 1708 5232 est.

1084 5250 1110 5299 7.
1129 5247 1288 5299 Euxenidas
1307 5246 1359 5301 hac
1381 5259 1474 5304 aetate
1493 5251 1589 5305 docuit
1604 5247 1753 5302 Aristidem
1768 5258 1845 5313 prae-

1049 5316 1155 5370 clarum
1176 5316 1328 5368 artificem:
1362 5318 1521 5388 Eupompus
1542 5316 1719 5384 Pamphilum
1739 5312 1845 5380 Apellis

1049 5393 1266 5455 praeceptorem.
1278 5385 1377 5439 EstEu
1398 5392 1472 5456 onrpi
1484 5383 1847 5450 rictorccrtamiuegymai·

1049 5472 1082 5509 co
1093 5456 1213 5523 palnram
1226 5462 1331 5509 tenens.
1380 5458 1457 5525 psius
1468 5459 1624 5510 auctoritas
1640 5457 1719 5503 tanta
1729 5451 1793 5516 fuit,
1815 5458 1848 5503 ut

1049 5526 1176 5579 diviserit
1188 5524 1416 5594 picturamiagc·
1643 5521 1846 5575 qateeumduo

1048 5594 1141 5650 fuere:
1161 5594 1350 5659 Helladicuna,
1370 5609 1384 5640 e
1688 5590 1844 5645 *bellabant
