4330 6014
277 308 311 369 o.
351 274 500 369 corui:
541 307 744 371 sscuuor
788 294 950 372 aaron
993 314 1180 378 ursros.
1223 313 1378 376 crum
1422 294 1630 380 carno-m
1743 321 1786 382 ss

139 466 235 513 :sures
251 454 731 525 prodidersdchisohssrratioaes.
764 459 827 523 tino
839 458 929 526 mama
982 458 1351 528 Septemuioaecontrsric.
1378 461 1580 518 Ardentlssimo
1593 471 1786 519 natenaesu·

139 530 224 590 miror,
244 526 313 580 orbe
325 526 455 590 discordi,
468 529 641 596 etinregna,
663 524 717 579 huc
732 536 785 591 est,
805 531 931 581 inmem-
982 530 1158 597 tistempcre
1167 536 1292 588 exoritur
1302 534 1451 588 Caniculae
1472 534 1564 597 sidm,
1583 534 1649 588 Sole
1668 534 1785 602 primum

139 599 190 661 bra,
199 597 298 658 diviso,
309 597 432 649 totriris
443 611 525 650 curae
535 597 623 649 luisse
632 604 689 649 tam
700 597 788 651 ardua
797 602 929 663 insentu3
983 606 1091 667 partem
1104 600 1204 652 boonis
1215 604 1406 670 ingrediente:
1431 603 1478 672 qui
1488 603 1549 656 dies
1560 604 1685 659 livente
1694 605 1786 672 Augu·

140 665 281 722 istcrbclla
291 668 455 732 praesertim
466 672 495 719 et
505 665 730 733 inlidahospitia,
739 667 930 733 piratisctiam
982 675 1042 720 stas
1049 666 1191 720 Kalendas
1203 677 1253 721 cst.
1272 673 1364 725 Huius
1374 681 1500 726 exortum
1513 672 1611 726 diebus
1625 680 1688 725 octo
1698 673 1786 726 ferme

139 736 249 790 omnium
261 735 421 788 mortalium
434 733 558 789 hostibus
570 737 702 788 transitus
713 735 801 790 ferros
811 737 932 790 tenenti·
982 737 1132 807 Aquilones
1151 739 1337 804 antecedunt,
1359 758 1429 810 quos
1448 743 1618 797 Prcdronros
1635 743 1785 811 appellant.

137 808 194 861 bus:
211 813 242 858 ut
256 802 485 870 hodiequacdnm
505 805 596 858 insuu
612 806 874 872 quisquetractuex
885 822 930 859 eo-
982 806 1050 859 l'cst
1069 806 1181 859 biduum
1198 814 1291 859 autem
1304 819 1428 874 caoctus,
1449 814 1532 866 iidem
1551 815 1701 880 Aquitanos
1721 827 1784 864 con

137 892 189 930 rum
199 874 415 934 commentariis,
426 875 474 941 qui
483 889 620 942 nunqnam
633 890 666 927 eo
675 890 827 937 accessere,
837 876 930 928 nerins
982 876 1101 929 stantius
1111 876 1229 944 perflant
1243 874 1402 941 hisdiebus,
1422 896 1490 947 quos
1506 884 1618 936 Etesias
1634 882 1783 950 appellant.

137 952 230 1007 susat,
242 958 324 1011 quam
336 942 530 1010 indigenarum
541 944 677 996 scientia:
698 959 771 996 nunc
783 959 849 997 vero
862 960 930 1012 pace
982 946 1097 999 Mollire
1113 962 1162 1000 eos
1183 945 1308 998 creditur
1318 945 1389 1019 Sqlis
1400 963 1488 1015 vapor
1508 953 1663 1018 geminatus
1684 954 1784 1005 arelius

136 1014 277 1078 utulenta,
294 1020 354 1065 tarn
365 1012 653 1080 gaudentcproveatu
667 1015 931 1082 cerumartiumque
982 1016 1101 1069 sideris:
1122 1030 1174 1069 nec
1192 1016 1244 1067 ulli
1260 1021 1405 1068 ventorum
1425 1020 1515 1086 ηιιςίι
1532 1022 1601 1073 stati
1617 1027 1689 1073 suat.
1717 1021 1785 1074 Post

135 1084 257 1154 principe,
267 1084 380 1137 omnino
391 1079 463 1134 nihil
471 1081 580 1136 addisci
590 1098 663 1136 nora
673 1084 861 1152 inquisitione,
878 1085 930 1136 inn-
983 1101 1032 1140 eos
1042 1101 1138 1138 rursus
1148 1084 1244 1137 Austri
1254 1083 1425 1151 frequentes,
1436 1102 1522 1154 usquc
1532 1089 1567 1140 ad
1576 1092 1654 1143 sidus
1663 1092 1784 1155 Arcturi,

135 1168 175 1207 mo
191 1168 224 1205 ne
237 1150 486 1218 soterum’quidcm
498 1151 610 1205 iuventa
622 1152 752 1219 perdisci.
776 1153 839 1206 Nun
850 1159 929 1207 erant
983 1155 1057 1223 quud
1078 1156 1205 1209 exoritur
1223 1153 1350 1206 undecim
1370 1155 1468 1206 diebus
1488 1163 1553 1208 ante
1578 1161 1785 1228 aequinoctium

24 1234 25 1239 ’
135 1223 232 1277 maiora
253 1222 379 1290 praemia
388 1224 418 1273 ln
430 1220 534 1275 multos
550 1222 675 1291 dispersa
685 1220 816 1276 furtunae
827 1222 931 1292 magni·
981 1226 1121 1277 Autumni.
1141 1226 1208 1276 eun
1228 1221 1281 1275 hoc
1291 1225 1379 1276 Coros
1390 1223 1497 1292 incipit.
1517 1226 1604 1278 corus
1625 1236 1784 1283 autumnat:

135 1290 726 1358 tudine:etistapluressincpraemiealio,
740 1307 824 1360 quam
839 1298 932 1360 poste·
983 1292 1048 1346 huic
1058 1301 1100 1346 cst
1110 1295 1265 1345 contrarius
1277 1292 1440 1346 Vulturnus.
1460 1295 1528 1344 Post
1539 1295 1568 1345 id
1577 1299 1782 1365 aequinoctium
1834 1298 1849 1311 '

134 1358 456 1421 rosiuvaadi,erncruut.
476 1360 575 1415 Mores
587 1361 930 1425 hominumsenucre,uon
984 1363 1082 1417 dicbus
1101 1378 1166 1415 vere
1189 1370 1308 1430 quatuor
1328 1368 1357 1415 ot
1377 1363 1576 1431 quadraginta,
1597 1366 1782 1435 Vergiliarum

24 1450 25 1487 1
135 1431 254 1484 tructus:
271 1432 445 1483 stimmensa
459 1431 724 1498 multitud0aperto,
745 1432 929 1499 quodcunque
983 1448 1098 1485 occasus
1114 1432 1231 1485 hiemem
1253 1431 1383 1483 inchoat:
1406 1431 1480 1499 qnod
1501 1439 1609 1500 tempus
1629 1435 1658 1487 in
1670 1436 1706 1487 ΙΙΙ
1721 1437 1784 1488 idus

24 1498 25 1553 i
134 1500 270 1563 mtmri,
289 1498 475 1568 hospitalique
495 1500 931 1568 litorumoruniumappolsuna·
982 1502 1148 1554 Novembris
1167 1502 1291 1553 incidero
1312 1503 1476 1554 consuevit:
1507 1499 1560 1554 huc
1579 1510 1621 1553 cst
1641 1505 1784 1571 Aquilonis

132 1571 219 1639 νίκαις
238 1567 375 1632 scdlucri,
396 1584 452 1622 nou
468 1571 603 1624 scientiae
612 1571 712 1639 gratia
741 1571 799 1623 Nec
820 1574 931 1638 reputat
982 1571 1099 1634 hiberni,
1120 1571 1290 1638 multumque
1311 1571 1419 1624 aestivo
1437 1571 1479 1623 illi
1491 1570 1784 1634 clericaliacutusex

133 1654 210 1693 caeca
220 1652 307 1702 mens,
329 1646 358 1692 st
375 1645 484 1693 tantors
499 1642 637 1692 auaritiae
659 1644 775 1703 intenta,
794 1636 930 1707 idipsum
981 1641 1101 1695 adverso
1120 1649 1164 1693 cst
1183 1641 1301 1693 Africus.
1329 1642 1402 1693 Ante
1421 1641 1546 1692 brumam
1565 1647 1659 1693 autem
1679 1649 1784 1708 septeni

134 1710 243 1763 muntia
253 1723 335 1775 posse
346 1710 436 1762 tutius
446 1710 515 1763 deri.
546 1710 724 1778 Quapropter
735 1709 931 1776 scrupulosius,
983 1710 1081 1763 diebus
1102 1709 1277 1777 totidemque
1297 1718 1405 1777 pestes,
1424 1711 1560 1777 sternitur
1573 1724 1652 1762 mare
1670 1709 1784 1776 halcyo-

133 1793 208 1847 quam
225 1779 362 1831 instituto
382 1777 515 1833 fortassis
535 1781 680 1833 conveniat
690 1781 778 1847 operi,
801 1777 930 1832 tractabo
982 1795 1049 1831 num
1069 1779 1213 1843 foeturae,
1233 1780 1306 1833 noda
1328 1795 1429 1832 nomen
1450 1778 1478 1830 hi
1500 1779 1695 1833 dieitrnxcrc:
1718 1780 1783 1830 roli-

133 1853 232 1910 rcntus,
245 1855 289 1900 tot
300 1848 392 1901 taillia
402 1849 592 1917 navigantium
603 1865 727 1902 cernens.
982 1864 1065 1916 quum
1077 1856 1187 1916 ternpus
1198 1848 1311 1901 hiemat.
1329 1849 1389 1902 Nec
1404 1855 1497 1901 tamen
1507 1849 1628 1901 saevitia
1638 1854 1784 1914 tempesta·
1873 1852 1876 1863 ’

163 1917 263 1971 XLVl.
273 1919 392 1971 Veteres
404 1928 524 1986 quatuor
534 1920 646 1972 omnino
656 1933 814 1981 servarene,
827 1930 878 1985 per
887 1923 930 1969 tu·
982 1925 1041 1969 tum
1061 1917 1149 1969 cludit
1169 1928 1254 1969 mare.
1282 1918 1396 1972 Piratae
1418 1920 1536 1986 primurn
1558 1933 1674 1987 coegero
1687 1918 1785 1969 mortis

133 1986 211 2040 tidem
221 1987 319 2039 mundi
331 1996 426 2055 partes
437 1988 514 2052 (idco
525 2004 577 2042 sec
586 1990 726 2043 liemarus
737 1988 830 2054 plures
840 1987 929 2038 nomi·
982 1987 1106 2054 periculo
1118 1987 1148 2037 in
1159 1994 1275 2040 niortem
1286 2003 1376 2051 ruere,
1387 1989 1540 2042 ethibcrua
1550 1987 1674 2055 experiri
1684 1988 1784 2040 muria:

131 2061 186 2120 ast)
204 2055 309 2119 hebeti,
330 2064 362 2108 ut
377 2057 607 2110 mexiudicatum
619 2058 801 2120 estuatione.
829 2054 931 2108 Secuta
983 2055 1335 2109 auneidemhocncnritia
1351 2061 1435 2127 cogit.

130 2132 280 2179 setasocto
295 2125 416 2190 addidit,
438 2127 521 2179 nimis
530 2126 627 2178 subtili
649 2127 812 2179 etconcisa:
833 2124 928 2192 proxi·
992 2123 1143 2192 ‚xbvnn
1163 2126 1314 2179 Ventorum
1334 2126 1508 2195 frigidissimi
1530 2132 1605 2190 sunt,
1625 2122 1785 2194 quosnSo·

129 2196 265 2248 nisiutar
275 2202 421 2265 utramque
431 2197 525 2249 media
535 2196 650 2267 placuit,
666 2196 701 2248 ad
713 2196 825 2247 hrerem
835 2209 872 2246 ex
882 2209 930 2245 nu·
960 2216 961 2221 ¹
981 2194 1150 2263 ptemtrione
1171 2194 1293 2247 diximus
1312 2198 1438 2263 spirare,
1457 2201 1487 2249 et
1505 2196 1614 2247 ricinus
1631 2195 1675 2247 hls
1686 2197 1784 2248 Corus.

129 2279 236 2317 florosa
254 2264 359 2318 additis
378 2273 508 2332 quatuor.
536 2267 606 2319 Sunt
616 2281 684 2334 ergo
695 2266 754 2318 bini
769 2264 798 2316 iu
810 2270 930 2331 quatuor
981 2265 1020 2317 lli
1041 2270 1078 2333 et,
1091 2265 1218 2333 reliquos
1238 2268 1423 2333 cunipescuot,
1439 2272 1469 2318 et
1488 2266 1574 2318 nubes
1584 2264 1708 2334 abigunt.
1728 2265 1786 2317 liu·

128 2335 194 2387 caeli
206 2335 346 2402 partibus:
364 2337 400 2389 ab
413 2336 528 2389 Oriente
539 2336 738 2404 aequinoctiali
749 2335 930 2395 subsolanus,
982 2334 1056 2398 midi,
1070 2334 1188 2396 Africus,
1209 2343 1237 2388 et
1257 2336 1407 2402 praecipue
1417 2336 1518 2386 Auster
1529 2334 1638 2387 ltaliae.
1661 2335 1785 2387 Narrant

127 2404 159 2457 ab
178 2404 440 2458 Oriente'brumali
461 2403 632 2457 Vulturnus:
663 2406 742 2457 illum
762 2404 929 2470 Apelicton,
981 2414 1009 2458 ot
1027 2409 1054 2456 iu
1068 2403 1157 2456 Ponto
1168 2405 1286 2457 Caecina
1306 2405 1335 2455 in
1350 2420 1381 2457 se
1391 2401 1501 2456 trahere
1512 2406 1609 2456 nubes.
1638 2403 1783 2467 Siccicu·

127 2471 195 2525 hunc
206 2474 312 2527 Eurum
325 2474 427 2527 Gracci
438 2474 590 2541 appellant.
608 2474 760 2527 AMeridie
769 2475 880 2534 Auster,
901 2479 929 2523 et
981 2490 1029 2526 rus
1049 2480 1078 2525 et
1090 2474 1252 2535 Vulturnus,
1272 2481 1465 2540 praeterquam
1476 2473 1643 2525 desinentes.
1662 2473 1785 2534 Ninnios,

124 2542 280 2597 stccasu
296 2543 417 2596 brumali
433 2542 564 2606 Africus3
583 2543 677 2595 Noton
697 2550 726 2595 et
745 2543 817 2593 Liba
838 2541 928 2592 norni-
981 2543 1080 2610 Aquilo
1097 2550 1126 2594 et
1138 2542 1316 2608 septemtrio.
1334 2542 1490 2593 Grandines
1502 2541 1671 2609 Septemtrio
1681 2543 1783 2607 impor-

123 2618 198 2665 aaut.
217 2613 261 2665 Ab
273 2612 379 2665 Occasu
391 2610 590 2676 aequinoctiali
600 2612 749 2671 Favonius,
770 2612 805 2660 nb
821 2612 928 2661 Occasu
983 2618 1034 2671 tat,
1056 2606 1084 2661 ct
1104 2612 1209 2661 Corus:
1230 2616 1376 2662 aestuosus
1386 2611 1498 2662 Auster:
1522 2610 1610 2675 tepidi
1620 2609 1785 2670 Vulturnus,

24 2692 25 2709 ¹
123 2680 274 2732 solstitiali
285 2680 388 2729 corus:
411 2675 568 2744 Zephyrum
588 2685 617 2730 et
627 2682 762 2745 Argentea
773 2678 930 2729 nocantA
983 2686 1013 2731 ct
1025 2678 1174 2730 Favonius.
1202 2679 1290 2731 iidem
1311 2678 1467 2730 subsolano
1487 2677 1634 2728 sicciores:
1655 2684 1685 2729 ct
1705 2677 1786 2728 in'tu·

121 2747 377 2817 beptemtrionibns
397 2746 581 2812 septemtrio:
598 2752 724 2811 interque
736 2761 796 2798 cunr
809 2754 837 2799 et
849 2759 929 2796 exor·
983 2754 1042 2799 tum
1064 2762 1159 2798 enices
1180 2746 1415 2814 aSeptemtrione
1436 2754 1465 2799 et
1475 2746 1626 2798 Occidente
1645 2745 1786 2807 sicciores,

120 2823 182 2869 tum
194 2814 378 2869 solstitialem
398 2815 514 2882 Aquilo:
531 2816 678 2882 Aparctias
699 2822 727 2867 et
737 2815 845 2867 Boreas
856 2812 930 2865 dicti.
984 2830 1065 2884 qnam
1087 2832 1105 2867 a
1119 2816 1239 2869 hieridic
1260 2822 1289 2870 et
1306 2817 1428 2869 Oriente.
1467 2813 1672 2868 Saluberrimus
1693 2822 1786 2868 numm

120 2883 311 2941 humerosus
320 2883 393 2936 ratio
405 2890 526 2951 quatuor
537 2883 581 2936 his
592 2886 778 2947 interiecerat,
799 2882 930 2935 Thraeci·
985 2886 1109 2936 omnium
1130 2886 1249 2955 Aquilo:
1269 2886 1369 2937 nerins
1379 2890 1496 2946 Auster,
1518 2891 1546 2947 et
1567 2885 1656 2951 usagio
1674 2885 1785 2946 siccos3

64 2986 70 2999 '
121 2953 930 3089 abiit:titttunitii?{inutilitati}
981 2954 1346 3089 tt'ttit.i¹‘tttttltt
1362 2950 1785 3075 triturarentur:

123 3107 183 3145 asni
196 3097 227 3144 et
239 3096 367 3144 exortum
378 3092 620 3157 aequinoctialem,
638 3093 674 3143 ab
685 3092 754 3143 Orto
765 3091 928 3143 solstitiali:
982 3092 1113 3145 desinunt
1135 3091 1207 3153 lore,
1230 3101 1258 3145 et
1279 3107 1297 3143 a
1315 3092 1403 3144 tertia
1420 3092 1476 3144 diei
1497 3088 1567 3142 hora
1587 3091 1723 3142 oriantur.
1752 3092 1784 3143 la

124 3158 304 3222 Phoenicem,
316 3159 408 3212 media
419 3161 533 3227 regione
544 3162 620 3213 inter
630 3167 722 3213 ortum
735 3161 888 3213 brumalem
900 3165 929 3211 et
981 3163 1119 3229 Hispania
1127 3171 1156 3213 et
1166 3162 1231 3214 Asia
1242 3162 1277 3214 ab
1288 3163 1397 3213 oriente
1407 3160 1490 3212 flatus
1501 3165 1544 3212 est
1555 3173 1665 3224 eornm3
1675 3160 1705 3211 in
1715 3159 1785 3213 Pon·

124 3229 276 3283 meridiem.
288 3231 356 3281 item
368 3229 443 3281 iuter
454 3230 526 3282 Liba
536 3238 565 3284 et
575 3230 679 3292 Noton,
698 3234 883 3297 compositum
894 3243 928 3280 as
981 3239 1010 3282 to
1021 3233 1055 3281 ab
1066 3230 1201 3297 Aquilone
1211 3246 1219 3293 ς
1238 3230 1355 3297 reliquis
1366 3231 1394 3281 in
1405 3228 1533 3297 partibas
1550 3229 1706 3283 ahlcridic.
1725 3228 1785 3295 Spi-

124 3298 386 3367 utroquemedium,
405 3295 635 3353 interhleridicn'r
649 3308 677 3351 et
690 3299 834 3351 hibernum
847 3299 926 3351 Occi·
981 3308 1043 3351 rant
1064 3308 1157 3351 autem
1178 3307 1207 3351 ct
1224 3299 1366 3360 abruma,
1386 3314 1447 3350 cum
1468 3305 1607 3351 vocantur
1624 3296 1784 3362 Ornithia03

124 3367 250 3430 dentem,
270 3367 438 3419 Libonoton.
467 3367 526 3420 Nae
547 3369 619 3425 linis.
637 3369 691 3421 Alii
713 3370 814 3436 quippe
831 3369 928 3420 blesen
980 3370 1029 3421 sed
1051 3369 1180 3430 leniores,
1200 3375 1229 3419 et
1244 3369 1337 3432 paucis
1355 3368 1461 3418 dicbus.
1496 3367 1662 3419 Permutant
1678 3372 1708 3418 st
1728 3366 1784 3417 :luo

124 3438 232 3492 nemine
246 3436 398 3488 etiamnum
410 3436 543 3488 addidero
553 3437 746 3490 interBursan
757 3437 928 3489 cthcciau:
980 3443 1108 3489 naturam
1125 3450 1187 3487 cum
1206 3438 1271 3487 situ.
1298 3436 1400 3487 Auster
1415 3434 1525 3487 Africae
1541 3449 1665 3498 serenus,
1683 3434 1783 3501 Aquilo

125 3504 515 3569 etinterEurumctNoton,
534 3508 717 3558 Euronotum.
753 3504 824 3557 Sunt
844 3506 928 3557 ctiam
980 3507 1100 3559 nubilus.
1135 3505 1237 3557 Omnes
1247 3504 1438 3557 rentinicibus
1449 3506 1506 3556 suis
1516 3503 1784 3571 spiraotmaioreex

125 3577 235 3643 qudam
250 3570 404 3643 peculiares
415 3575 570 3641 quibusque
580 3575 708 3641 gentibus
718 3575 802 3635 renti,
819 3589 874 3625 noro
886 3574 927 3624 ul·
980 3582 1069 3643 parte,
1080 3579 1128 3626 aut
1139 3582 1169 3625 ut
1181 3574 1336 3626 contrarius
1347 3574 1486 3627 desinenti
1496 3574 1620 3641 incipiat.
1640 3576 1708 3625 Cum
1721 3587 1783 3640 pro·
1797 3622 1804 3633 ,

125 3654 166 3699 tra
184 3654 296 3700 certum
314 3643 498 3711 procedentes
519 3651 647 3706 tractum,
667 3651 699 3695 ut
716 3643 928 3695 Atheniensibus
981 3646 1049 3696 xliiii
1062 3643 1225 3696 cadentibus
1235 3644 1482 3710 surgunt,alaero
1500 3643 1783 3705 latereiadcxtrum,

123 3716 230 3779 Sciron,
253 3715 365 3782 panium
376 3715 411 3766 ab
423 3715 540 3780 Argeste
551 3712 683 3775 deflexus,
698 3713 824 3781 reliquae
839 3714 927 3765 Grae·
980 3713 1079 3776 utSol,
1093 3713 1227 3765 ambiunt.
1253 3712 1297 3766 De
1308 3715 1417 3765 ratione
1427 3727 1523 3764 eorum
1534 3721 1688 3775 momtruo,
1704 3727 1784 3780 quar·
1834 3730 1839 3737 ·

125 3785 317 3855 derigentes.
353 3782 464 3835 Altcuhi
474 3783 577 3836 elatior
594 3783 669 3835 idem
679 3782 824 3851 Olympias
845 3798 927 3835 roca·
980 3783 1234 3837 tamanimebuna
1253 3783 1385 3836 deceruit.
1411 3777 1513 3835 lisdem
1533 3789 1626 3834 autem
1645 3783 1735 3834 nentis
1753 3780 1783 3832 in

125 3863 175 3907 tur.
212 3852 394 3908 Consuetudo
413 3852 542 3905 omnibus
561 3850 604 3903 his
625 3852 928 3919 nominibnsArgestcu
980 3854 1150 3906 eontrarium
1171 3853 1319 3920 narigntur
1340 3851 1460 3919 prolatis
1480 3851 1614 3917 pedibus,
1642 3858 1674 3902 ut
1699 3856 1783 3902 noem

126 3923 216 3976 intelli
239 3924 280 3975 'ts
302 3930 331 3974 at
350 3923 469 3974 Caeciae
486 3921 572 3990 aliqui
583 3920 928 3989 nocantllellespontiam,
980 3924 1140 3991 plerumque
1151 3922 1340 3974 adversavcln
1351 3926 1527 3973 concurrant.
1550 3923 1651 3972 Austro
1662 3921 1783 3971 maiores

125 3998 197 4044 Aeo
233 4008 277 4046 em
288 3992 356 4043 alibi
366 3991 457 4043 aliter.
475 3988 546 4046 ltern
558 3993 587 4043 in
599 3990 772 4045 Narbonensi
784 3991 929 4058 provincia
979 3992 1216 4054 fluctuseduotur,
1235 4007 1315 4058 quam
1326 3991 1475 4059 Aquilone:
1499 3986 1783 4059 quoniamilleinlor·

126 4061 297 4113 clarissimos
314 4068 459 4114 ventorum
481 4063 649 4123 estcircios,
671 4060 929 4114 neculliviolantia
980 4078 1030 4113 aus
1048 4077 1082 4119 ex
1093 4063 1151 4114 imo
1162 4061 1360 4128 marisspirat,
1380 4058 1424 4112 hic
1442 4075 1559 4112 summo.
1577 4058 1700 4122 ideoque.
1719 4059 1782 4120 post

125 4130 261 4193 interior,
285 4131 393 4184 Ostiam
412 4131 571 4199 plerumque
592 4137 670 4184 recta
689 4131 837 4199 Ligustico
857 4133 927 4183 mari
980 4136 1095 4187 Austros
1116 4130 1194 4182 nesii
1213 4131 1362 4198 praecipue
1380 4136 1475 4182 terrae
1495 4134 1597 4179 motas.
1626 4122 1780 4176 NoctnAu·

127 4200 281 4265 perierens:
300 4199 375 4252 idem
394 4215 449 4252 non
461 4200 708 4268 modoinreliquis
721 4200 848 4266 partibus
858 4200 928 4253 caeli
979 4210 1046 4264 ster,
1068 4200 1187 4253 interdiu
1199 4200 1298 4266 Aquilo
1313 4198 1516 4251 vehementior.
1538 4192 1700 4246 EtshOrtu
1714 4190 1780 4242 llan-

124 4270 250 4335 ignutus,
260 4268 308 4321 sed
318 4285 351 4321 ne
361 4267 494 4324 Viennam
505 4270 624 4336 quidem,
635 4269 758 4323 eiusdem
770 4271 929 4337 provinciae
979 4278 1023 4323 tes
1034 4270 1223 4322 diuturniores
1238 4275 1304 4327 sont
1323 4268 1358 4318 ab
1370 4266 1476 4316 Occasu
1487 4261 1627 4314 flantibus.
1655 4258 1779 4327 Septem·

125 4337 238 4396 ucham,
256 4337 402 4405 mingens,
423 4341 518 4406 paucis
533 4346 598 4391 ante
615 4338 750 4398 limitibus
767 4339 826 4406 iugi
838 4339 927 4389 modi·
980 4339 1194 4406 trionesimpari
1212 4337 1270 4389 iere
1281 4336 1548 4388 desinuntnumere:
1568 4344 1638 4398 quae
1653 4330 1781 4385 observa·

125 4406 151 4457 ci
174 4418 294 4457 occursu
313 4412 405 4459 tantus
419 4410 466 4462 iile
487 4416 631 4462 centorum
652 4414 806 4460 coercetur.
830 4408 866 4457 Et
878 4408 929 4458 Au·
979 4409 1021 4459 tio
1041 4413 1070 4457 et
1089 4409 1116 4458 in
1136 4407 1200 4457 aliis
1214 4404 1312 4456 multis
1330 4401 1780 4468 resumunturaepartibturalet.

124 4484 201 4527 stros
218 4473 248 4525 in
257 4476 411 4543 Aegyptum
431 4484 577 4545 penetrare
596 4484 680 4544 negat
689 4474 839 4527 Fabianus.
866 4475 928 4535 Ouo
981 4476 1073 4528 hiares
1092 4476 1189 4544 itaque
1207 4474 1406 4526 existimantur
1420 4470 1521 4537 impari
1531 4485 1653 4524 numero.
1683 4470 1733 4525 Sel
1752 4476 1782 4523 ct

126 4545 156 4596 lit
176 4543 332 4598 manifesta
347 4545 394 4599 lex
412 4553 541 4611 naturae,
560 4547 651 4600 ventis
668 4547 929 4611 etiaurettempore
982 4550 1080 4611 auget,
1101 4552 1130 4595 et
1150 4541 1309 4607 comprimit
1329 4537 1420 4592 flatus.
1448 4543 1539 4610 Auget
1558 4543 1689 4595 exoriens
1711 4539 1781 4592 occl-

128 4620 155 4665 et
167 4613 223 4667 dne
233 4613 317 4667 dicto.
981 4615 1110 4679 densque,
1131 4611 1288 4677 comprimit
1297 4607 1465 4662 meridianus
1477 4611 1589 4664 sestius
1600 4611 1779 4678 temporibus.

160 4681 273 4737 vart.
292 4685 349 4737 Ver
365 4698 434 4752 erqo
450 4685 542 4753 aperit
550 4682 745 4751 navigantibus
755 4681 859 4734 maria:
881 4697 927 4734 cu·
981 4684 1078 4748 ltaque
1098 4679 1193 4732 aredio
1210 4679 1266 4731 diei
1284 4681 1781 4749 autnoctispleromquesopiuntur3

128 4753 208 4805 insin
220 4754 365 4821 principio,
385 4755 504 4806 Faronii
514 4753 660 4808 hibernum
671 4752 801 4805 molliunt
812 4749 929 4814 caelum,
981 4751 1029 4820 qui
1049 4756 1097 4802 aut
1112 4749 1197 4801 nimio
1208 4749 1325 4818 frigore,
1345 4756 1394 4802 aut
1414 4758 1495 4803 aesta
1508 4751 1663 4803 solvuntur.
1681 4750 1779 4802 Etim·

128 4821 191 4876 Sole
202 4823 318 4890 Aquarii
329 4822 409 4876 XXV
421 4820 564 4877 obtinente
579 4828 694 4890 partem.
722 4821 819 4874 lsdics
833 4828 929 4874 sextus
980 4822 1076 4876 bribus
1092 4819 1169 4871 nenti
1187 4821 1342 4886 sopiuntur.
1361 4819 1566 4887 Exspectantur
1585 4828 1678 4872 autem
1692 4819 1781 4872 maxi·

129 4900 170 4943 est
188 4899 255 4945 aste
273 4892 442 4945 Februarias
464 4892 539 4946 idus.
567 4891 706 4959 Competit
725 4889 814 4944 ferme
829 4898 858 4944 et
877 4888 930 4942 hoc
982 4906 1044 4952 nne,
1074 4889 1147 4941 unda
1176 4891 1261 4942 nubes
1292 4889 1437 4943 discussae
1463 4889 1633 4957 adaperuere
1663 4889 1781 4940 caelum.

128 4961 265 5024 omnibus,
285 4976 355 5029 quos
365 4962 468 5017 deinde
479 4976 591 5029 ponam,
611 4960 796 5029 persingulas
806 4962 927 5012 interca·
980 4959 1110 5014 Omnium
1122 4959 1232 5025 quidem
1255 4962 1289 5021 (si
1300 4959 1387 5011 libeat
1397 4960 1542 5011 observare
1554 4957 1683 5009 minimos
1694 4957 1780 5010 ambi·

24 5062 25 5105 ,
129 5027 248 5083 ledones
267 5046 324 5083 uno
344 5031 390 5083 die
403 5031 635 5098 anticipantibus:
656 5044 819 5099 rursumque
838 5029 928 5083 lustro
980 5032 1038 5091 tus)
1057 5027 1149 5081 redire
1170 5029 1280 5082 easdem
1300 5029 1376 5081 sices
1391 5026 1781 5096 quatrienaiocsactoltudo·

127 5101 255 5166 sequeml
271 5100 595 5154 ordinemsemnubus.
612 5099 765 5152 Faronbrm
784 5099 929 5167 quidemn.
980 5114 1033 5152 atis
1051 5104 1151 5165 putat:
1180 5114 1235 5151 non
1255 5104 1400 5151 ventorum
1422 5097 1526 5159 modo,
1553 5110 1647 5149 roman
1669 5102 1698 5147 et
1718 5094 1782 5178 reli·

126 5166 151 5219 d.
163 5169 227 5222 vtu
236 5169 381 5222 Kalendas
394 5170 494 5223 Martii
510 5168 701 5222 Chelidonias:
720 5169 875 5232 vocant,ab
887 5167 928 5220 hi·
981 5182 1098 5236 quarum
1117 5173 1314 5236 tempestatum
1325 5179 1472 5232 magones
1484 5171 1574 5233 parte.
1602 5165 1781 5231 litestprrn·

24 5260 25 5263 ¹
125 5237 254 5291 rundinis
269 5241 350 5291 risu:
369 5239 499 5292 nonulli
518 5252 585 5291 vero
599 5237 756 5300 Ornithian‚
776 5235 930 5293 uarietLX
982 5237 1081 5303 cipium
1093 5236 1177 5289 lustri
1188 5238 1266 5299 eius,
1286 5250 1396 5303 semper
1405 5233 1566 5289 intercalari
1574 5245 1658 5296 anau,
1667 5233 1782 5285 maien-

124 5305 669 5375 dispnstbrnmarnabadventuavium,
687 5306 798 5359 flantem
811 5307 931 5374 perdice
983 5308 1111 5358 lacertu.
1137 5305 1181 5358 De
1192 5305 1369 5375 generalibus
1379 5305 1471 5357 nentis
1482 5301 1558 5356 haec

124 5389 233 5431 nereus.
256 5377 384 5432 Favonio
404 5380 561 5439 contrarius¹
580 5382 632 5441 est,
653 5390 734 5443 quem
745 5376 930 5431 Subsolaaum
1034 5373 1133 5427 XLlX.
1157 5375 1238 5428 Nunc
1256 5374 1292 5428 de
1302 5374 1453 5441 repentinis
1473 5370 1606 5432 lletibus,
1626 5364 1674 5434 qul
1694 5361 1780 5415 0¹¹¹·-

124 5445 349 5532 qppcllaqimus..
368 5449 461 5502 Datus
471 5456 515 5533 eqt
524 5452 617 5535 sutqm
630 5444 694 5528 huic
704 5452 820 5528 exortus
830 5444 929 5511 uergi-
981 5443 1145 5525 lactatura
1165 5448 1208 5506 (ut
1223 5444 1328 5495 dicturo
1349 5442 1403 5524 ast)
1422 5442 1521 5502 coorti,
1542 5430 1781 5553 rursugqmtgg·

123 5512 931 5656 wilhi‘dffiidh‘ssffliildssndihihild
982 5513 1307 5649 dedititii&
1324 5512 1388 5563 '⁰¹³¹
1660 5531 1782 5627 saon
