4340 6018
366 334 425 393 tte
510 328 543 387 C.
575 272 725 385 Pthll
757 316 965 381 SECUNDl
997 311 1169 374 NATUR.
1200 310 1388 371 Histoe.
1423 307 1509 368 ala.
1530 306 1598 403 xl.
1627 303 1723 364 cnr.
1746 305 1869 368 ιιι-56.

365 480 471 561 pingui.
507 474 588 529 aliud
600 488 670 535 esse,
680 482 762 536 quam
773 463 933 526 medullam,
944 460 1045 516 amatu
1056 459 1165 539 doceat,

366 548 500 617 quonlam
516 542 657 610 coquendo
674 539 811 588 durescat.
847 533 974 584 Omnium
992 530 1107 582 cerebro
1123 543 1164 581 m·

368 624 435 668 aunt
445 613 566 667 ossicula
577 623 669 677 parra.
684 604 744 655 Ilni
754 601 860 654 bomini
869 603 898 653 in
908 599 1027 651 infantia
1037 596 1165 663 palpitat,

290 728 301 751 ,
368 683 629 739 neccorrohoratur
643 679 709 724 ante
727 672 846 736 primum
863 665 1164 722 sermoniseaordium·

368 756 432 806 Hoc
446 757 491 804 est
505 750 639 799 viscerum
656 739 888 799 excelsissimum,
909 735 1063 803 proximum
1085 731 1165 787 caelo

367 815 647 888 eapitinsinecarne,
656 813 835 869 sinecmore,
845 804 1051 857 sineaordibus.
1084 804 1165 883 lianc

366 891 471 942 bahem
481 895 578 935 seusus
588 893 691 932 ιιιιιιι
704 876 894 928 hacrenaran
905 872 996 925 omrris
1005 886 1023 923 a
1033 871 1165 924 cordersa

367 954 466 1013 tendit,
476 950 521 1001 hic
529 948 645 1000 desinite
666 944 711 997 hic
722 944 829 997 culraen
838 943 1014 1004 altissimum,
1032 938 1164 992 hicraen·

367 1027 403 1075 tis
415 1028 456 1072 est
468 1019 600 1085 regimen.
612 1016 751 1067 .0maium
762 1018 854 1063 autem
863 1010 1021 1063 ammalium
1032 1009 1060 1060 in
1071 1011 1166 1075 priora

366 1103 493 1158 pronum,
506 1086 572 1153 quia
582 1091 611 1137 et
620 1098 717 1136 sensus
727 1086 792 1132 ante
802 1095 852 1132 nos
863 1080 988 1132 tendunt.
1006 1078 1047 1129 Ab
1056 1093 1089 1130 eo
1100 1089 1170 1143 prog

366 1158 499 1211 ficiscitur
509 1169 634 1207 sutrinus:
655 1149 717 1202 binc
731 1149 832 1214 capitis
843 1148 961 1200 notatio.
998 1145 1077 1207 Quae
1088 1158 1164 1197 cere·

365 1229 445 1279 brem
463 1240 516 1275 non
532 1223 646 1282 hahent,
666 1234 720 1270 uon
736 1218 887 1269 dormiunt.
922 1216 1019 1268 Certis
1034 1213 1166 1280 incapite

366 1297 456 1348 inesse
469 1288 609 1343 vermiculi
622 1289 673 1339 sub
683 1285 953 1353 linguaeinanitate,
972 1291 1002 1336 et
1013 1285 1088 1335 circa
1099 1281 1165 1334 arti·

334 1355 340 1361 ’
366 1352 1165 1427 columquecaputiuugitur,numerovigintiproduntur.

402 1433 435 1483 ir.
452 1432 539 1481 Aures
551 1424 654 1477 homini
666 1430 771 1475 tantum
788 1422 954 1489 immobiles.
990 1418 1166 1473 Abiisllac·

367 1514 461 1552 corum
474 1494 647 1562 cognomina.
674 1492 741 1545 ¹Nec
751 1492 780 1542 in
797 1491 852 1542 alia
862 1496 942 1556 parte
954 1487 1065 1543 leminis
1075 1487 1165 1538 maius

366 1564 552 1634 impendium,
574 1561 733 1629 margaritis
745 1559 972 1625 dependentibus.
1008 1557 1038 1607 ln
1050 1557 1164 1608 Oriente

366 1635 475 1704 quidem
487 1638 516 1683 et
527 1631 607 1692 viris,
628 1643 725 1682 aurum
736 1635 848 1694 gestare
857 1642 890 1679 eo
904 1627 967 1687 loci,
977 1624 1060 1676 deme
1070 1623 1164 1677 existi·

365 1711 466 1757 oratur.
485 1699 650 1751 Animalium
659 1698 722 1749 aliis
735 1699 864 1757 maiores,
876 1694 938 1746 aliis
949 1694 1078 1744 minores.
1101 1692 1165 1743 Cer·

364 1773 405 1824 ris
417 1776 525 1822 tantam
540 1768 659 1828 ιιιιιιι,
679 1781 712 1818 ac
727 1766 804 1818 reiut
813 1764 931 1814 divisae:
952 1761 1036 1813 sorici
1048 1758 1165 1827 pilosae.

364 1840 421 1894 Sed
431 1837 571 1891 auriculae
588 1835 715 1887 omnibus
730 1830 834 1885 animal
851 1829 997 1881 dumtaxat
1008 1826 1164 1896 generanti·

364 1912 425 1969 bus,
437 1911 553 1972 excepto
564 1903 653 1954 ritulo
665 1902 782 1961 marino,
799 1908 886 1966 utque
897 1896 1038 1963 delphino,
1053 1903 1083 1949 et
1093 1909 1163 1963 quae

365 1975 547 2043 cartilaginea
556 1971 766 2037 appellavimus,
776 1976 805 2020 et
815 1966 927 2033 riperis.
942 1967 1020 2017 llaec
1031 1978 1164 2019 cavernas

364 2053 473 2099 tantum
486 2042 588 2094 habent
599 2041 706 2091 aurium
719 2037 790 2097 loco,
808 2042 919 2101 praeter
929 2033 1121 2103 cartilaginea,
1135 2038 1164 2085 ιι

365 2112 619 2180 delphinum,quem
630 2112 725 2159 taurea
736 2104 835 2157 audire
846 2102 1022 2155 macilentum
1029 2109 1082 2156 ιιι.
1093 2102 1164 2153 Nam

365 2192 394 2237 et
404 2189 488 2234 cantu
498 2180 661 2237 mulcentur,
673 2180 701 2225 et
711 2174 860 2293 cupiuntur
870 2173 985 2224 attoniti
995 2186 1075 2223 sono.
1091 2173 1165 2234 Qua·

365 2265 429 2303 nam
451 2247 574 2308 audiant,
595 2247 704 2295 mirum.
753 2241 824 2292 idem
845 2258 894 2293 nec
913 2242 1033 2293 ultanus
1049 2241 1166 2305 vestigia

366 2320 478 2379 hubent,
487 2330 548 2368 curu
559 2312 694 2367 olfaciant
705 2310 895 2378 sagacissime.
909 2308 1096 2363 Pennatorum
1107 2308 1166 2360 ani·

367 2388 479 2440 maliem
495 2382 600 2437 buboni
612 2389 720 2433 tantum
737 2386 766 2432 et
778 2385 825 2431 oto
837 2381 960 2447 plumae,
982 2379 1059 2432 reiut
1070 2392 1166 2429 aures:

368 2457 469 2521 ceteris
480 2467 614 2506 cateruae
628 2451 663 2501 ad
677 2449 811 2501 auditum.
847 2448 938 2500 Simili
955 2447 1038 2500 modo
1049 2446 1168 2514 squami-

366 2525 450 2592 geris,
460 2530 544 2590 atquo
555 2519 738 2585 serpentibus.
760 2519 790 2570 ln
805 2518 883 2584 equis
895 2524 924 2569 et
934 2517 1056 2568 omniunt
1066 2517 1169 2568 iunsen·

366 2603 458 2644 torum
469 2604 569 2659 genere
580 2588 682 2641 indicia
692 2587 778 2653 animi
787 2585 962 2653 praeierunt:
974 2585 1057 2639 lessis
1067 2586 1165 2637 marci-

365 2659 571 2722 manicantes
582 2656 700 2724 paridis,
716 2657 863 2711 subrectae
872 2655 1038 2717 furentibus,
1055 2654 1166 2708 resolu-

365 2739 454 2783 taeae
477 2729 523 2779 ris.
775 2766 782 2779 .

400 2798 445 2850 bl.
457 2742 563 2849 gFacies
573 2793 806 2855 hominitantnm,
826 2793 929 2845 ceteris
939 2807 984 2855 os,
1005 2798 1054 2843 aot
1066 2798 1167 2843 rostra.

365 2867 454 2919 Frons
465 2872 495 2916 et
505 2865 577 2925 aliis,
587 2863 636 2915 sed
648 2862 755 2914 homiui
765 2868 873 2913 tantum
885 2863 1027 2923 tristitiae,
1040 2858 1166 2912 hilarita-

365 2937 412 2996 tis,
435 2933 606 2991 clamantium,
625 2930 784 2982 severitatis
795 2931 887 2981 index.
922 2930 952 2980 ln
967 2932 1058 2981 animo
1069 2943 1167 2980 sensus

365 3005 437 3056 eius.
472 2999 628 3067 supercilia
637 2997 752 3059 bomini,
766 3003 793 3048 et
805 2998 950 3062 peniteret
962 2997 1070 3049 alterae
1081 2997 1168 3048 nrobi·

365 3071 417 3129 lia,
439 3076 468 3120 et
483 3068 512 3116 in
530 3068 566 3116 iis
578 3079 641 3128 pars
651 3065 745 3115 animi.
782 3066 937 3131 Negamus,
957 3078 993 3114 an
1004 3062 1166 3115 annuimusl

365 3138 444 3188 llaec
455 3133 574 3184 maxime
583 3131 708 3182 indicant
719 3131 830 3181 lustum.
858 3130 995 3195 Superbia
1006 3131 1093 3181 aliubi
1103 3144 1166 3181 con·

366 3200 551 3269 ceptaculum,
561 3198 609 3249 sed
620 3197 665 3248 hic
675 3199 768 3249 sedem
781 3196 872 3247 habet.
895 3198 926 3248 ln
937 3197 1023 3249 corde
1034 3197 1167 3259 nascitur,

365 3272 419 3324 huc
429 3269 516 3331 subit,
530 3267 574 3319 hic
583 3266 694 3333 pendet.
730 3263 806 3317 Nihil
818 3265 904 3317 altius
914 3265 999 3317 simul
1008 3267 1167 3334 abruptius·

366 3357 419 3409 que
429 3340 536 3391 invenit
549 3338 576 3388 in
589 3350 716 3403 corpore,
726 3335 775 3387 ubi
786 3334 917 3388 solitaria
927 3342 1011 3389 esset.

402 3409 460 3461 bil.
480 3406 632 3458 Subiacent
643 3405 726 3466 oculi,
744 3418 808 3471 pars
821 3406 944 3472 corporis
955 3404 1166 3472 pretiosissima,

366 3486 395 3533 et
414 3478 462 3546 qui
482 3475 552 3526 lucis
573 3489 625 3525 usu
642 3475 727 3526 ritem
743 3473 918 3541 distinguant
934 3489 952 3527 a
970 3481 1069 3527 morte.
1104 3475 1165 3527 Non

366 3546 495 3598 oumlbus
505 3541 666 3593 animalium
678 3541 721 3593 hi:
733 3543 922 3595 ostreisnulli:
934 3543 1167 3611 quibusdamcon·

367 3613 479 3667 charum
493 3608 577 3662 dubii.
613 3609 740 3661 Pectines
752 3612 834 3674 enim,
849 3612 873 3663 si
884 3614 946 3679 quis
957 3612 1061 3679 digitos
1071 3612 1167 3664 adrer-

365 3695 426 3732 sunt
438 3678 546 3730 hiantes
556 3687 735 3739 coemerunt,
758 3680 969 3742 contrahantur,
989 3689 1020 3732 ut
1030 3681 1168 3733 ridentes.

365 3751 403 3801 lit
412 3748 523 3799 solenes
540 3746 652 3812 lugiunt
664 3747 778 3799 admota
794 3750 970 3802 ferramenta.
1006 3749 1168 3816 Quadrupe-

366 3819 431 3869 dum
442 3814 526 3880 tulpia
537 3815 613 3866 risus
624 3829 680 3866 non
691 3821 748 3866 est:
771 3816 914 3868 oculorum
925 3820 969 3869 alh
990 3819 1031 3869 ies
1040 3819 1124 3880 inest,
1143 3817 1167 3868 si

367 3887 426 3953 quis
437 3889 610 3951 praetentam
622 3881 751 3936 detrahat
760 3882 958 3937 membranam.
970 3834 1009 3939 {t
1019 3887 1091 3937 inter
1103 3902 1168 3938 ares

366 3953 541 4008 ardeolarum
552 3966 664 4019 genere,
675 3968 745 4019 quos
755 3953 969 4015 leucosrocaot,
982 3955 1074 4007 altero
1085 3955 1167 4006 oculo

366 4038 462 4077 carere
473 4021 594 4073 tradunt.
614 4021 721 4087 Optimi
731 4022 850 4088 augurii,
862 4037 922 4073 com
934 4023 971 4075 ad
982 4031 1107 4075 austrum
1119 4040 1166 4075 ro-

365 4095 435 4155 lant,
445 4090 717 4157 septemtrionemre:
735 4089 806 4141 solvi
816 4090 889 4141 enim
901 4093 1027 4158 pericula
1036 4101 1065 4145 ct
1076 4099 1167 4145 nictus

364 4167 488 4218 narrant.
505 4158 633 4227 Nigidius
643 4174 694 4211 nec
704 4159 831 4222 locustis,
840 4175 891 4212 nec
901 4161 1006 4213 cicadis
1018 4177 1079 4214 esse
1090 4162 1167 4213 dicit.

364 4229 494 4287 cochleis
505 4228 649 4281 oculorum
660 4230 746 4280 ricem
759 4229 899 4280 cornicula
914 4230 981 4282 bina
991 4238 1167 4297 praetentato

306 4366 311 4371 ·
364 4297 1168 4423 *bituitilithiiti¹lt⁶tittttttttitti

305 4462 310 4471 .
364 4436 395 4489 in
405 4450 455 4487 suu
471 4437 570 4517 cuique
586 4450 687 4502 genere
704 4437 820 4489 similes.
857 4438 894 4489 Et
910 4452 1043 4504 equorum
1056 4440 1169 4506 quibus·

366 4505 429 4554 dum
440 4504 541 4570 glauci.
566 4503 622 4557 Sed
633 4509 660 4556 in
673 4507 783 4559 homine
794 4508 1040 4560 numerosissimae
1050 4512 1168 4561 varieta-

367 4575 405 4624 tis
425 4578 508 4636 atque
528 4570 715 4627 differentiae:
737 4575 919 4642 grandiores,
942 4577 1059 4639 umdim,
1079 4577 1168 4645 parvi,

366 4640 566 4707 prominentes,
585 4654 655 4705 quos
666 4642 824 4696 hebetiores
836 4651 946 4711 putant:
963 4646 1077 4709 conditi,
1098 4662 1168 4713 ques

369 4707 523 4761 clarissime
534 4721 660 4761 cernere:
671 4714 743 4762 sicut
752 4713 782 4762 in
793 4712 887 4766 colore
899 4715 1037 4780 caprinos

403 4776 476 4828 bill.
497 4775 647 4828 Praeterea
665 4777 715 4828 alii
736 4788 902 4833 contuentur
922 4782 1087 4850 longinqua,
1118 4783 1168 4836 elii

328 4856 333 4861 '
371 4844 426 4897 nisi
437 4858 522 4909 prope
533 4843 656 4907 admoto,
666 4860 720 4895 non
730 4855 851 4899 cernunt.
862 4850 1016 4903 Multorum
1026 4852 1101 4903 visua
1111 4851 1166 4903 lul·

370 4927 438 4981 gere
448 4911 522 4964 Solis
532 4919 656 4974 coastat,
677 4913 773 4966 nubilo
784 4914 830 4968 die
844 4933 900 4969 non
911 4922 1096 4983 cernentium,
1117 4936 1169 4973 nec

372 4990 436 5050 post
447 4994 571 5032 occasus.
586 4981 640 5032 Alii
652 4982 774 5034 interdiu
784 4982 951 5049 hebetiores,
962 4996 1047 5040 noctu
1058 4998 1169 5056 praeter

373 5059 482 5103 ceteros
492 5056 617 5101 cernunt.
637 5049 810 5118 negentne
821 5054 944 5120 pupillis,
954 5064 1002 5108 eut
1012 5060 1112 5123 quibu.
1123 5075 1169 5110 no·

371 5120 410 5171 xii
422 5117 496 5171 risus
506 5122 607 5179 esseut,
617 5121 686 5170 ratis
695 5120 824 5171 diximus.
841 5123 933 5175 Caesii
942 5126 970 5176 in
980 5127 1102 5179 tenebris
1113 5126 1169 5178 cla.

371 5202 469 5241 riores.

406 5256 512 5309 Ferunt
522 5252 638 5307 Tiberio
650 5255 774 5317 Caesari,
794 5272 845 5311 uec
861 5257 910 5309 alii
926 5263 1082 5326 geniturum
1094 5274 1168 5315 incr·

1218 459 1320 511 minem
1335 456 1484 510 albicantis
1504 452 1712 520 magnitudinis.
1748 452 1840 514 Quam
1854 453 2016 509 cheensem

1216 527 1378 595 diligentius
1389 524 1509 590 spectari
1520 538 1578 583 eos,
1600 520 1732 573 iracunde
1745 520 1862 575 l'erebat.
1900 524 2016 578 Claudio

1218 595 1331 648 Caesari
1345 597 1379 645 ab
1395 609 1430 646 au
1470 591 1506 644 lis
1522 595 1642 643 undose
1659 604 1778 641 carnoso
1792 592 1957 659 sanguineis
1971 609 2018 648 re·

1216 665 1260 716 nis
1271 663 1389 716 subinde
1400 608 1508 712 suffiri:
1523 661 1590 711 caio
1603 658 1718 725 principi
1732 658 1881 726 rigentes-⁸
1900 663 2017 727 Neroni,

1216 735 1271 785 nisi
1280 730 1521 793 cumeonaireret,
1543 727 1675 794 adprope
1684 727 1800 780 adnrma
1809 726 1931 783 hebetes.
1968 732 2016 785 Vi.

1217 801 1288 869 ginti
1298 800 1486 869 gladiatorum
1497 798 1576 864 paria
1585 799 1613 847 in
1625 796 1687 847 citi
1702 796 1836 863 principis
1847 798 1915 851 ludo
1923 798 2015 853 luere:
2089 846 2095 859 ,

1216 871 1245 922 iu
1263 871 1298 921 iis
1314 870 1368 921 duo
1387 867 1511 927 omnino,
1528 867 1575 932 qui
1590 872 1689 917 contra
1704 868 1950 921 comminationem
1965 869 2017 920 ali·

1236 954 1298 990 uam
1308 953 1362 990 non
1374 936 1563 997 conniverent,
1579 933 1809 987 etobidioricti.
1844 935 2017 990 'l'aataehac
2059 964 2067 973 ·

1237 1006 1387 1059 illicultatis
1398 1013 1440 1058 ιιι
1451 1003 1566 1055 bantini.
1602 1000 1743 1070 Plerisque
1755 1018 1822 1056 rem
1833 1005 1972 1070 naturaie,
1985 1013 2017 1059 ut

1217 1077 1316 1128 nictari
1328 1091 1383 1126 non
1393 1079 1511 1137 cessent,
1521 1087 1591 1139 quos
1602 1071 1761 1138 pavidiores
1772 1075 1939 1140 accepimus.

1253 1143 1357 1197 Oculus
1368 1142 1493 1195 unicolor
1504 1141 1588 1194 nullis
1609 1155 1672 1192 cum
1687 1141 1808 1195 candore
1819 1144 1951 1197 omnibus
1959 1156 2016 1198 ate·

1217 1215 1281 1267 dius
1290 1213 1368 1265 color
1378 1210 1520 1265 differens
1531 1209 1627 1276 Neque
1637 1210 1696 1262 ulia
1705 1225 1740 1262 ex
1752 1218 1833 1277 parte
1843 1212 1950 1265 maiora
1961 1214 2018 1265 ani·

1217 1281 1370 1333 miindicia
1381 1280 1487 1339 ιιιιιιιίι
1508 1279 1686 1332 animalibus:
1706 1278 1756 1331 sed
1772 1277 2017 1343 honrininiuime,

1217 1353 1246 1403 id
1257 1358 1309 1412 est,
1320 1350 1528 1412 moderationis,
1538 1348 1713 1407 clearentiae,
1723 1347 1939 1411 misericordiae,
1949 1349 2018 1411 odil,

1217 1422 1329 1479 amoris,
1349 1418 1494 1479 tristitiae,
1514 1416 1648 1467 laetitiae.
1686 1416 1820 1466 Contuitu
1832 1418 2018 1483 quoqueruul.

1217 1487 1355 1548 tilormes,
1364 1491 1466 1546 truces,
1476 1485 1559 1545 turri,
1572 1482 1732 1549 flagrantes,
1743 1489 2017 1549 graves,trausrersi,

1217 1556 1290 1615 limi,
1310 1553 1464 1614 summissi,
1484 1551 1589 1603 blandi.
1624 1550 1756 1604 Proiecto
1771 1551 1799 1603 ia
1811 1554 2016 1609 ccuiieaniiaue

1216 1622 1335 1675 habitat.
1356 1621 1470 1682 Ardent,
1480 1620 1669 1682 intenduntur,
1681 1619 1851 1685 humectant,
1862 1624 2016 1676 connivent

1216 1691 1288 1743 ilinc
1300 1692 1349 1743 illa
1360 1690 1567 1742 misericordiae
1580 1690 1703 1741 lacrima.
1712 1689 1775 1740 llos
1783 1704 1844 1741 cum
1851 1691 2016 1753 emulantur,

1216 1762 1338 1812 mimum
1349 1763 1438 1827 ipsum
1449 1759 1574 1810 ridemur
1585 1758 1730 1826 attingere.
1768 1758 1841 1810 ilinc
1850 1759 1934 1812 tietus
1944 1769 1972 1813 et
1981 1761 2018 1812 ri·

1238 1835 1318 1882 antes
1331 1843 1381 1881 ora
1392 1830 1453 1880 riri.
1489 1827 1558 1888 Quis
1569 1828 1618 1878 ille
1630 1825 1728 1878 humor
1738 1835 1791 1891 ιιι,
1811 1828 1839 1878 ιι
1848 1828 1949 1882 dolore
1959 1836 2017 1881 tam

1216 1844 1369 1951 inermum
1379 1906 1408 1949 et
1418 1895 1550 1964 paratust
1570 1902 1619 1947 eut
1629 1895 1675 1947 ubi
1686 1896 1793 1963 reliquo
1802 1897 1944 1963 tempore!
1956 1899 2018 1949 lini-

1217 1983 1264 2019 mo
1273 1973 1366 2020 autem
1378 1967 1511 2029 ridemus,
1523 1968 1613 2016 altimo
1624 1965 1776 2016 cernimus:
1793 1965 1877 2025 oculi,
1888 1982 1938 2018 cen
1950 1966 2017 2021 rasa

1217 2035 1365 2105 quaedam,
1386 2034 1527 2087 risibilem
1548 2036 1608 2086 eius
1628 2042 1737 2099 partem
1758 2034 1913 2100 accipiunt,
1935 2042 2017 2101 atque

1218 2105 1420 2156 transmittunt.
1453 2103 1501 2156 Sic
1511 2117 1612 2171 magna
1620 2103 1756 2169 cogitatio
1767 2105 1910 2165 obcaecm,
1932 2104 2017 2156 abda·

1218 2180 1264 2226 cto
1283 2173 1360 2225 intus
1380 2174 1450 2224 risu.
1487 2173 1535 2224 Sic
1551 2172 1688 2224 inmorbo
1699 2172 1835 2224 comitiali
1847 2172 1935 2238 aperti
1948 2171 2017 2223 nihil

1218 2247 1351 2305 cernunt,
1369 2243 1460 2293 animo
1472 2241 1619 2309 caligante.
1655 2242 1727 2303 Quin
1739 2247 1769 2292 et
1783 2242 1943 2307 patentibus
1953 2240 2017 2292 dor·

1219 2312 1309 2362 iniunt
1319 2310 1439 2377 lepores,
1456 2311 1590 2378 multique
1601 2309 1750 2372 bominum,
1768 2311 2018 2379 quossopvssumdr

1220 2380 1323 2433 Graeci
1334 2381 1438 2432 dicunt.
1473 2380 1616 2432 Tenuibus
1628 2379 1781 2445 multisque
1793 2377 1959 2430 niemhraais
1970 2390 2018 2428 eos

1221 2454 1323 2501 natura
1333 2448 1499 2517 consposuit,
1511 2448 1624 2499 callosis
1636 2456 1733 2498 contra
1742 2447 1849 2514 frigora
1859 2446 2018 2512 caloresque

1219 2518 1247 2569 in
1258 2520 1363 2571 extimo
1374 2517 1490 2579 tunicis,
1511 2532 1579 2584 quas
1597 2516 1713 2568 subinde
1731 2517 1875 2582 purilicant
1892 2515 2016 2566 lacrima·

1219 2589 1326 2639 tionum
1338 2586 1442 2652 salitis,
1463 2585 1899 2652 lubricosprepterincursuntia,
1919 2590 2016 2635 etnic-

1218 2656 1299 2709 biles.

1254 2724 1314 2778 LV.
1332 2726 1429 2779 Media
1439 2740 1533 2779 eorum
1545 2739 1649 2777 corsua
1661 2722 1825 2775 fenestravit
1835 2718 1953 2789 pupilla,
1971 2733 2019 2771 cu·

1221 2793 1263 2845 ius
1273 2795 1418 2861 angustiae
1438 2811 1493 2846 non
1508 2794 1602 2845 sinunt
1612 2792 1854 2860 rugariiacertam
1866 2790 1969 2847 aciem,
1988 2796 2019 2841 et

1219 2863 1296 2915 reiut
1307 2863 1399 2914 canali
1408 2863 1541 2931 dirigunt,
1563 2862 1707 2929 obiterque
1718 2859 1870 2912 incidentia
1880 2858 1964 2911 facile
1974 2855 2020 2909 de·

1220 2930 1339 2983 elinant:
1361 2930 1425 2982 aliis
1435 2932 1515 2997 nigri,
1529 2930 1593 2981 aliis
1604 2931 1671 2990 rari,
1683 2929 1748 2979 aliis
1757 2929 1850 2994 glauci
1860 2928 1962 2980 coloris
1973 2940 2017 2978 or·

1220 3000 1299 3051 bibus
1315 2997 1509 3057 circumdetis,
1528 3006 1561 3048 ut
1575 2996 1662 3048 habili
1680 2999 1802 3048 mixtura
1823 3004 1851 3049 et
1866 2998 2020 3062 accipiatur

1220 3065 1398 3117 circumiecto
1414 3066 1534 3116 madore
1549 3064 1611 3124 lux,
1634 3070 1663 3115 ct
1681 3069 1837 3127 temperato
1853 3078 2021 3128 repercussu

1219 3149 1273 3185 non
1283 3133 1436 3197 obstrepat.
1470 3130 1835 3198 Adeoqueiisahsolutaris
1845 3132 1967 3197 speculi,
1988 3142 2022 3183 ut

1217 3209 1276 3252 tan
1287 3213 1372 3266 parra
1381 3198 1433 3250 illa
1443 3201 1551 3268 pupilla
1562 3208 1651 3253 totam
1662 3200 1809 3265 imaginem
1821 3199 1922 3251 reddet
1933 3197 2023 3253 homi·

1218 3269 1269 3321 nis.
1280 3270 1321 3320 lta
1331 3278 1477 3334 causaest,
1489 3277 1521 3322 ut
1533 3271 1680 3338 pleraeque
1691 3271 1792 3321 alitum
1804 3284 1819 3321 e
1829 3269 1959 3320 manibus
1968 3267 2019 3320 ho·

1219 3338 1325 3390 minum
1342 3340 1439 3391 oeulos
1453 3341 1627 3407 potissimum
1645 3345 1790 3407 appetant,
1810 3337 1884 3405 quod
1901 3337 2019 3420 elligient

1218 3422 1296 3529 ιιιὲιι
1307 3408 1334 3458 ιιι
1344 3406 1379 3461 iis
1389 3416 1541 3473 cernentes,
1559 3409 1637 3461 reiut
1647 3410 1682 3461 ad
1691 3415 1810 3475 cognata
1821 3408 1960 3461 desideria
1970 3420 2020 3457 aua

1218 3484 1264 3531 ten
1286 3483 1342 3528 unt.

1253 3544 1388 3599 veterina
1406 3553 1515 3600 tantum
1534 3549 1684 3615 quaedam,
1704 3546 1741 3598 ad
1762 3550 1904 3598 crementa
1923 3544 2019 3596 itunae
2039 3566 2057 3585 x

1220 3614 1332 3665 morbos
1347 3617 1481 3665 sentiunt.
1517 3614 1572 3667 Sed
1594 3615 1677 3667 homo
1690 3615 1769 3668 solus
1786 3616 1888 3668 emisso
1903 3613 2019 3665 hunrnre

1220 3682 1355 3735 caecitate
1369 3681 1514 3735 liberatur.
1549 3682 1618 3736 Post
1632 3685 1793 3736 uicesimum
1808 3699 1910 3736 annum
1924 3681 2019 3732 multis

1218 3751 1368 3804 restitutus
1380 3756 1423 3802 est
1433 3751 1518 3802 risus.
1553 3752 1724 3814 Quibusdam
1735 3756 1831 3805 statim
1841 3752 2019 3804 nascentibus

1218 3828 1350 3886 negatus,
1372 3819 1448 3869 nullo
1460 3817 1602 3871 oculorum
1614 3820 1694 3872 ritio=
1714 3821 1809 3872 inultis
1821 3828 1935 3887 repente
1943 3819 2019 3869 abla-

1218 3897 1264 3941 tus
1275 3886 1360 3939 siniili
1370 3887 1463 3951 modo,
1474 3888 1551 3939 nulla
1563 3887 1744 3954 praecedente
1754 3889 1864 3941 iniuria.
1883 3888 2019 3942 venerab

1219 3958 1254 4010 iis
1264 3957 1403 4023 pertinere
1419 3956 1455 4009 ad
1472 3957 1627 4019 cerebrum,
1647 3958 1811 4024 peritissimi
1826 3965 1952 4010 auctores
1963 3966 2019 4010 tre·

1219 4027 1303 4079 dunt:
1316 4036 1368 4092 ego
1379 4030 1408 4077 et
1418 4026 1454 4077 ad
1464 4024 1637 4078 stomachum
1649 4026 1822 4080 crediderim.
1859 4028 1941 4079 Certe
1950 4027 2019 4078 nulli

1220 4095 1278 4148 sine
1289 4093 1491 4148 redundatione
1502 4095 1563 4148 eius
1574 4096 1683 4148 eruitur
1693 4097 1799 4149 oculus.
1834 4095 2024 4149 Norieatibua

1220 4163 1494 4231 operire,rurausque
1502 4164 1531 4216 iu
1543 4179 1612 4232 rogo
1623 4164 1790 4231 patefacere,
1798 4165 1950 4226 Quiritium
1962 4167 2018 4216 ritu

1219 4248 1328 4285 sacrum
1338 4239 1394 4286 est:
1418 4234 1458 4285 ita
1473 4249 1549 4285 more
1563 4233 1692 4297 condito,
1713 4242 1744 4286 ut
1761 4234 1895 4301 nequeub
1907 4232 2019 4286 boariae

1219 4317 1377 4369 supremum
1389 4318 1438 4355 eos
1448 4304 1570 4369 spectari
1580 4303 1624 4355 ias
1634 4305 1686 4364 sit,
1706 4311 1736 4355 et
1744 4304 1887 4357 taeloneo
1899 4301 2018 4363 ιιιιιιι,

1220 4371 1306 4425 neiat.
1343 4371 1397 4423 Uni
1418 4372 1579 4425 animalium
1600 4371 1705 4425 bonnisi
1725 4372 1924 4440 depravantur:
1945 4369 2019 4423 unde

1219 4441 1384 4508 cognomina
1393 4440 1559 4494 Sueborum
1580 4448 1609 4495 et
1619 4441 1775 4496 Paetorum.
1810 4444 1851 4494 ab
1862 4441 1959 4494 iisdem
1972 4439 2020 4507 qui

1219 4510 1310 4562 altero
1320 4509 1423 4564 lumine
1434 4512 1495 4565 orbi
1506 4516 1693 4572 nascerentur,
1699 4510 1822 4561 Coclites
1832 4508 2016 4560 vocabantur:

1219 4581 1266 4646 qui
1277 4582 1369 4644 parvis
1381 4580 1514 4647 utrisque,
1522 4579 1650 4632 Ocellae:
1666 4577 1777 4628 Luscini
1788 4575 1905 4626 laiuriae
1916 4590 2018 4642 cogsno.

1219 4646 1456 4701 erenbahuerunt.

1254 4716 1459 4768 Nocturnorum
1470 4712 1645 4773 animalium,
1665 4712 1750 4763 reluti
1767 4710 1879 4774 lelium,
1898 4713 2016 4767 intene-

1219 4786 1276 4836 bris
1287 4784 1394 4851 lulgent
1405 4782 1569 4847 radiantque
1580 4780 1662 4841 oculi,
1678 4786 1710 4829 ut
1718 4780 1843 4861 contueri
1855 4795 1907 4832 non
1918 4782 1970 4833 alt:
1988 4794 2019 4834 et

1219 4847 2020 4985 renitentiumterrueruut
2059 4930 2064 4945 »

1219 4986 1343 5040 subinde.
1379 4987 1452 5049 (iuis
1468 4986 1540 5037 etin
1558 4985 1679 5038 tenebris
1689 4985 1839 5039 multorum
1849 4988 1965 5054 piseim
1975 5002 2020 5041 re·

1220 5055 1330 5123 fulgent
1338 5056 1497 5118 aridi,sicut
1503 5054 1611 5106 robusti
1622 5053 1753 5107 caudices
1761 5063 1903 5110 vetustate
1913 5063 2017 5124 pertrea

1219 5123 1282 5177 Non
1292 5126 1439 5177 connivere
1450 5124 1579 5184 diximus,
1585 5137 1655 5191 quaa
1665 5138 1720 5177 nea
1732 5124 1851 5192 obliquis
1860 5127 1958 5191 ocabs,
1966 5126 2017 5177 aad

1220 5193 1385 5246 cbcumacm
1400 5195 1491 5260 capite
1508 5198 1663 5245 cernerent.
1698 5191 1907 5249 channaeleonls
1922 5194 2018 5248 oculos

1220 5263 1298 5330 ipsos
1314 5262 1557 5329 mreuoiogitotos
1571 5260 1694 5314 traduat
1726 5264 1824 5316 Gmcri
1834 5265 1864 5315 in
1874 5263 2017 5331 obliquum

371 5326 480 5387 talium,
500 5322 586 5375 luisse
596 5330 732 5387 naturam,
747 5330 778 5375 ut
788 5340 823 5378 ex
844 5326 999 5393 ergelactus
1010 5338 1092 5384 ιιιιι
1103 5347 1169 5399 pau·
1220 5330 1383 5397 adspiciunt.
1420 5329 1795 5398 Crustalragiliinclusis,ri
1833 5340 1904 5386 ntes.
1930 5333 2018 5385 bacu-

315 5448 321 5465 ι
371 5389 818 5462 1ιιιιιι,,118υᾶῑῑῑοι1οᾶο,ιιιιι
841 5394 978 5449 uceclara
991 5406 1170 5454 contueretur
1219 5398 1772 5467 uissqnlllisquemagnaerparresuie
1828 5400 2019 5455 numincu-

372 5464 478 5525 onmia,
499 5459 632 5529 paulatim
643 5462 763 5514 tenebris
774 5477 836 5515 sese
848 5462 1059 5519 obducentibus.
1094 5469 1168 5523 Divo
1220 5468 1530 5537 tepraedurieminent.
1567 5469 1847 5532 Quorundarieunt,
1857 5471 1949 5523 misus
1958 5484 2022 5522 cer·

371 5535 496 5599 hugrrmo
506 5544 638 5598 equorum
650 5531 732 5585 niodo
748 5531 841 5600 glauci
857 5530 952 5594 luere,
972 5547 1110 5603 supraque
1120 5536 1168 5591 ho·
1219 5542 1298 5603 auat,
1309 5535 1641 5605 quamquammhumidl.
1680 5539 1857 5609 Βιιμιιιιιιιι
1866 5539 2018 5601 meimet
