4340 6018
349 382 391 439 84
498 378 530 437 C.
575 373 729 437 PLlNll
772 364 977 431 SECUNDl
1020 366 1187 428 NATUR.
1231 362 1419 425 lllSTOli.
1465 362 1631 424 bravi.
1658 364 1860 423 CAP.2·7.

353 530 476 581 untione
486 526 657 596 germanitas
670 532 795 573 concors.
822 515 1153 585 Alltumqulppceanttrs‚
1205 514 1315 568 Baaeri.
1332 513 1556 567 l'lumenMelas.
1571 513 1657 575 Gens,
1668 513 1951 577 Macroneszsidenc,
1963 517 2010 569 llu-

353 612 508 667 canumque
527 597 648 647 latratus
665 589 782 640 invicem
793 585 958 638 audiuntur:
978 588 1055 638 vocis
1066 587 1152 638 etiam
1204 588 1323 652 areaque
1329 584 1470 644 Sidenum,
1481 600 1536 651 quo
1547 582 1663 635 alluitur
1674 583 1804 651 oppidum
1817 580 2008 637 Polemoniunr

352 667 490 721 humanae
500 661 680 719 commercia,
699 656 773 709 inter
783 655 853 707 dnos
864 658 946 708 orbes
958 660 1086 709 manente
1097 655 1152 709 col·
1205 654 1240 706 ab
1251 656 1346 706 Amiso
1354 654 1429 706 CXX
1438 654 1477 705 M.
1484 669 1623 720 passuum.
1643 653 1709 705 lnde
1720 654 1847 705 fiumina:
1860 655 2009 718 lanuuium,

350 738 457 806 loquio,
469 735 523 787 nisi
533 747 593 783 cunr
605 729 633 780 id
644 728 734 794 ipsum
745 725 875 778 auferunt
886 724 970 776 renti.
991 727 1151 778 Mansuram
1204 722 1406 777 Melanthium:
1418 730 1447 776 et
1459 724 1493 775 ab
1505 723 1599 774 Amisa
1608 722 1712 775 LXXX
1721 723 1760 773 Μ.
1774 738 1914 790 passuum,
1925 722 2010 776 Phar·

350 798 609 867 PontiaBasphoro
619 796 653 848 ad
666 797 819 849 Maeotium
832 795 922 846 laeum
935 794 1047 863 quidam
1059 793 1152 848 lacere
1205 809 1292 846 uacca
1303 793 1445 861 oppidum,
1456 792 1580 861 Tripolis
1593 791 1738 844 castellum
1752 801 1780 845 et
1792 792 1902 846 ilarius.
1939 795 2009 846 ltem

350 871 562 945 quatuordecies
584 870 740 928 centenum,
759 880 792 917 ac
811 865 930 932 triginta
951 871 980 916 et
994 872 1059 916 octo
1082 864 1151 916 mill.
1204 862 1378 928 Philocalca,
1390 871 1419 916 et
1432 864 1491 915 sine
1502 865 1586 915 tlurio
1597 861 1679 913 Liria
1701 861 1768 913 olis:
1780 869 1808 914 et
1820 860 2011 916 aPharnacea

350 956 490 1014 passuum.
527 934 730 988 Eratosthenes
740 940 849 986 centum
862 934 1005 986 minorem.
1031 934 1152 1000 Agrippa
1206 940 1315 984 eentum
1327 934 1367 984 M.
1378 948 1516 998 passuum,
1531 878 1812 999 Trapezasiibcrua,
1822 939 1903 985 vasto
1915 940 2010 986 monte

348 1007 551 1064 aChalcodone
567 1007 602 1057 ad
620 1005 723 1056 Phasin
739 1004 831 1056 decies
849 1010 966 1054 centena
977 1002 1046 1054 mill.
1084 1002 1151 1054 lude
1205 1003 1341 1055 clausum.
1378 1001 1901 1070 UltraquodgensAmreaochalybes,
1925 1018 2008 1055 ama·

348 1071 1151 1146 BosphorumCimmcriumtrecentasexagintamill.Nos
1205 1071 1405 1124 lorcArmenia
1416 1072 1496 1127 XXX
1507 1072 1546 1122 M.
1557 1087 1684 1138 passuum
1698 1070 1813 1123 distans.
1840 1075 2009 1126 lnoraante

347 1148 498 1201 intervalla
518 1146 672 1213 generatim
698 1157 831 1211 ponemus
847 1150 990 1208 comperta
1006 1142 1035 1192 ia
1054 1149 1150 1192 nostru
1204 1142 1382 1208 Trapezunta
1393 1141 1495 1193 humen
1507 1139 1641 1209 Pyxites:
1660 1139 1735 1192 ultra
1745 1156 1811 1192 cero
1824 1156 1891 1208 gens
1904 1145 2009 1195 Sanno·

347 1232 425 1280 acro,
445 1218 555 1284 quando
567 1216 651 1267 etiam
664 1213 691 1264 in
705 1214 765 1280 ipsa
777 1227 826 1263 ore
837 1212 986 1262 Cimmerio
998 1218 1149 1279 pugnatum
1204 1224 1265 1262 rum
1278 1208 1495 1263 Heniochorum.
1531 1209 1650 1262 Flumen
1661 1211 1805 1274 Absarum,
1817 1228 1878 1262 cum
1891 1212 2009 1264 castella

345 1295 398 1339 est.
436 1288 511 1353 Ergo
530 1302 547 1337 a
566 1285 693 1336 saucibus
705 1282 843 1348 Bosphori
862 1287 906 1331 est
923 1281 1013 1331 amnis
1030 1278 1150 1341 Rhebas,
1204 1280 1370 1347 cognomine
1387 1279 1416 1332 in
1432 1279 1571 1342 nucibus,
1592 1281 1802 1345 aTrapezuute
1815 1281 1887 1332 cxl.
1898 1282 1937 1332 M.
1948 1297 2010 1348 pas-

347 1372 428 1425 quem
442 1354 529 1423 aliqui
541 1352 661 1404 Rhesum
675 1351 813 1403 dixerunt.
850 1348 960 1402 Deinde
972 1348 1075 1409 Psillis,
1088 1363 1151 1415 por·
1204 1364 1293 1401 suum.
1330 1351 1399 1403 Eius
1409 1350 1586 1417 lociatergo
1600 1352 1733 1400 montium
1747 1351 1838 1402 iberia
1851 1352 1948 1402 estziu
1959 1367 2010 1403 ora

346 1436 392 1478 tus
409 1426 523 1492 Calpas:
543 1422 656 1490 Sagaris
675 1421 773 1473 flarius
791 1435 825 1471 ex
845 1419 968 1486 inclytis.
1006 1419 1150 1470 Oritarin
1203 1432 1270 1470 raro
1281 1418 1427 1481 Heniochi,
1442 1422 1619 1486 Ampreutae,
1637 1420 1714 1470 Lazi.
1751 1419 1892 1472 Flumina:
1910 1425 2008 1474 Acam-

346 1496 479 1563 Phrygia,
500 1493 604 1559 accipit
614 1498 708 1543 rastas
720 1504 829 1550 amnes,
850 1490 1006 1555 interquos
1016 1487 1150 1539 Tembro-
1203 1486 1270 1555 pais,
1282 1487 1344 1548 lsis,
1355 1488 1482 1554 Magrus,
1493 1487 1608 1555 Bathys.
1636 1488 1742 1540 Gentes
1755 1488 1930 1541 Colchorum.
1951 1492 2007 1558 Dp-

345 1567 419 1634 giam
433 1571 461 1616 et
472 1562 592 1614 Gallum.
610 1559 688 1615 ldera
701 1558 852 1625 Sangarius
864 1574 881 1609 a
894 1557 1034 1623 plerisque
1044 1556 1149 1610 dictus:
1204 1555 1299 1624 pidum
1312 1557 1445 1619 Matium,
1466 1557 1568 1609 lluuren
1579 1558 1763 1621 Heracleum,
1783 1562 2007 1625 promontorium

346 1625 1150 1769 attitulatis?attalia’..titillabit

346 1773 470 1823 millibus
481 1771 622 1822 ducentis:
632 1774 731 1834 portus
745 1768 847 1828 Acone,
858 1780 963 1816 venena
982 1765 1094 1816 aconito
1106 1765 1149 1817 di·

346 1857 400 1901 rus,
413 1855 511 1907 specus
521 1838 680 1891 Acherusia.
709 1835 855 1887 Flumina:
868 1832 1051 1903 Paedopides,
1063 1836 1148 1888 Calli·

345 1909 468 1969 charum,
480 1908 627 1961 Soaautes.
647 1905 785 1972 Oppidum
797 1903 890 1966 Tium,
900 1904 935 1955 ab
947 1904 1087 1957 Heraclea
1098 1907 1147 1958 tri·

345 1981 423 2046 ginta
435 1986 498 2029 octo
511 1978 579 2028 mill.
593 1991 731 2045 passuum.
758 1974 872 2026 Flurius
883 1974 972 2025 Billis.

379 2049 412 2099 tl·
430 2049 509 2100 Ultra
518 2062 598 2114 qucur
611 2061 680 2114 gens
692 2044 892 2111 Paphlagonia,
908 2058 989 2110 quam
1002 2042 1148 2110 Pylaeme-

344 2121 418 2170 niam
430 2117 515 2185 aliqui
526 2116 662 2179 dixerunt,
673 2114 809 2166 inclusam
822 2129 839 2165 a
850 2121 929 2181 tergo
941 2113 1063 2165 Galatia.
1095 2114 1150 2179 Op·

345 2188 437 2256 pidum
449 2188 563 2254 Mastya
576 2186 758 2246 Milesiorum,
770 2183 871 2235 deinde
883 2183 1010 2235 Cromna.
1036 2183 1098 2244 Qua
1109 2182 1150 2234 lo·

344 2274 376 2310 cu
387 2258 512 2309 llcnetos
523 2255 621 2306 adiicit
631 2255 723 2321 Nepos
734 2250 889 2315 Cornelius,
911 2268 928 2303 a
939 2252 1038 2321 quibus
1049 2253 1080 2303 in
1089 2253 1147 2303 lta-

344 2330 383 2380 lia
394 2332 471 2377 ortas
491 2328 671 2393 cognomines
689 2338 783 2375 eoram
794 2321 917 2375 Venetos
929 2324 1003 2374 credi
1015 2321 1149 2387 postulat.

344 2398 489 2450 Sesamum
503 2395 643 2463 oppidum,
654 2394 727 2461 quod
740 2408 812 2445 nunc
822 2390 967 2447 Amastris.
1004 2392 1087 2443 Mans
1098 2393 1150 2457 Cy·

344 2477 431 2527 torus,
453 2482 470 2516 a
481 2466 534 2517 'l'io
548 2464 638 2516 Llllll
650 2463 689 2515 Μ.
701 2477 840 2529 passuum.
877 2461 1001 2528 Oppida:
1024 2460 1149 2522 Cimolis,

309 2588 317 2600 ,
344 2535 499 2603 Stephane:
510 2536 599 2586 amnis
609 2533 786 2586 Parthenius.
798 2530 1022 2583 Promontorium
1036 2531 1148 2581 Caram·

344 2607 388 2658 bis
400 2611 481 2655 vasto
493 2619 631 2665 excursu,
651 2602 730 2653 abest
741 2616 758 2652 a
769 2600 853 2651 Ponti
865 2600 937 2651 ostio
950 2597 1097 2652 CCCRXV
1109 2599 1148 2649 M.

344 2688 488 2743 passuum:
509 2674 562 2735 vel,
580 2680 611 2723 ut
621 2671 685 2722 aliis
696 2669 808 2737 placuit,
820 2669 911 2727 ecel.
920 2670 959 2721 Μ.
971 2668 1148 2720 Tantundem

343 2761 360 2797 a
373 2741 539 2801 Cimmerio,
560 2749 610 2792 aut
625 2749 656 2792 ut
667 2739 753 2806 aliqui
767 2739 891 2791 maluere
897 2736 910 2801 ,'
930 2737 1050 2790 cccxli
1064 2739 1102 2788 M.
1116 2736 1148 2787 D.

344 2814 409 2866 Fuit
421 2820 448 2864 et
460 2810 600 2878 oppidum,
611 2809 708 2861 codem
722 2812 841 2872 numine,
855 2817 884 2861 et
896 2807 971 2860 aliud
983 2807 1150 2858 lndeArure·

344 2900 395 2936 ne:
418 2897 490 2933 nunc
505 2888 549 2931 est
566 2880 677 2931 colonia
695 2878 814 2945 Sinope,
834 2879 967 2945 aCytoro
983 2875 1097 2929 CLXIV
1109 2877 1149 2926 Μ.

344 2952 460 3005 Flumen
472 2948 625 3001 Euarchum
635 2966 640 2999 :
652 2949 728 3000 Gens
740 2947 944 3015 Cappadocum,
956 2944 1087 3013 oppidum
1097 2945 1150 2995 Ga·

343 3022 430 3081 ziura,
450 3018 634 3071 etGazelum:
658 3018 747 3068 amuis
758 3018 858 3084 llalys,
880 3014 1049 3069 eradicibus
1061 3015 1149 3065 Tauri

363 3107 393 3143 er
404 3089 566 3141 Cataoniam
580 3086 836 3154 Cappadociamque
847 3086 1005 3137 decurrens.
1028 3082 1149 3200 quida:

344 3108 463 3227 gangra,
486 3159 599 3217 Carusa,
623 3156 744 3208 Amisum
756 3157 882 3217 liberum,
903 3154 1067 3218 aSinapeC
1096 3152 1149 3204 XX

343 3230 382 3280 Μ.
394 3241 534 3295 passuum.
563 3226 747 3293 Eiusdemque
758 3223 878 3276 aonriais
888 3223 966 3273 sinus
977 3220 1048 3272 tanti
1060 3235 1149 3271 reces-

344 3313 400 3359 sus,
420 3307 451 3347 ur
460 3296 553 3347 Asiam
565 3311 654 3362 paene
665 3295 783 3347 insulam
796 3293 894 3357 faciat,
911 3293 954 3342 CC
965 3290 1004 3342 Μ.
1016 3304 1148 3358 passuum

344 3365 418 3418 hauri
439 3363 559 3431 amplius
575 3378 625 3430 per
642 3365 828 3417 continentem
847 3362 882 3413 ad
897 3361 1012 3412 lssicum
1034 3358 1150 3411 Ciliciae

345 3437 444 3487 sinum.
456 3436 518 3497 Quo
529 3435 556 3484 in
568 3435 641 3483 armni
652 3440 743 3485 tractu
755 3433 892 3498 proditur,
903 3438 961 3480 tres
973 3436 1078 3480 tantum
1085 3444 1151 3493 gen·

343 3514 387 3558 tes
398 3506 522 3557 Graecus
532 3501 591 3552 iure
604 3502 668 3562 dici,
689 3502 830 3563 Doricam,
852 3498 982 3559 ionicam,
993 3495 1150 3560 Aeolicam,

344 3564 452 3626 ceteras
463 3568 650 3622 Barbarorum
663 3585 732 3622 esse.
760 3571 854 3621 Amiso
865 3569 991 3618 iunctum
1004 3563 1060 3614 tuit
1070 3570 1148 3632 appi·

344 3643 408 3693 darn
420 3640 589 3705 Eupatoria,
610 3654 627 3689 a
639 3636 804 3690 Mithridate
823 3636 972 3688 cauditum.
1009 3633 1093 3686 Victo
1105 3650 1149 3699 eo,

344 3706 551 3774 Pompeiopolis
562 3715 710 3773 utrumque
720 3706 889 3771 appellatum
903 3712 956 3758 est.

378 3777 421 3828 lll.
440 3776 478 3827 Ca
498 3774 698 3841 paduciaiatus
715 3774 799 3825 habet
811 3775 947 3827 caloniam
960 3772 1071 3827 Claudii
1081 3774 1147 3825 Cae·

342 3846 414 3899 saris
426 3789 631 3907 Archelaidem,
653 3860 733 3911 quam
747 3843 877 3909 praefluit
890 3846 987 3911 llalys.
1025 3842 1147 3910 Oppida:

345 3918 478 3975 Cumana,
496 3913 681 3980 quodSarus:
703 3912 930 3973 Neocaesaream,
954 3911 1026 3978 qaod
1039 3912 1146 3978 Lycusr

345 3984 496 4044 Aruasiam,
517 3982 590 4049 quod
603 3983 654 4033 iris
666 3982 695 4033 in
705 3982 820 4049 regione
832 3980 989 4032 Gaaacena.
1026 3981 1056 4031 ln
1068 3980 1148 4030 Calo·

345 4071 415 4123 pena
427 4066 494 4106 vero
506 4052 662 4103 Sebastiam
681 4061 708 4105 et
721 4048 928 4116 Sebastopolin.
964 4051 1042 4101 llaec
1053 4063 1146 4114 parra,

344 4126 393 4179 seri
405 4124 485 4191 peria
495 4136 580 4187 supra
591 4121 683 4172 dictis.
720 4121 838 4186 Reliqua
855 4120 898 4168 sui
914 4126 993 4183 parte
1009 4118 1145 4178 Melitam,

345 4213 362 4247 a
382 4191 564 4247 Semiramide
588 4190 748 4251 conditam,
777 4187 849 4240 haud
870 4187 967 4253 procul
988 4184 1146 4250 Euphrate:

346 4266 570 4325 Diocaesaream,
588 4264 697 4329 'l'yana,
716 4258 873 4319 Castabala,
884 4255 1083 4324 Magnopoliur,
1094 4255 1146 4305 Re·

347 4336 415 4383 lana:
426 4341 453 4384 et
464 4335 516 4384 aab
528 4340 623 4384 munte
634 4335 742 4397 Argaea
756 4330 908 4387 Mazacam,
920 4340 991 4393 qaas
1001 4325 1145 4376 nuncCue·

345 4415 426 4451 sareu
441 4401 609 4454 nominatur.
648 4398 841 4468 Cappadociae
856 4411 920 4465 pars
938 4400 1084 4462 praetenta
1100 4397 1148 4446 Ar·

346 4469 454 4521 maniae
466 4469 575 4533 maiori,
589 4471 720 4523 Melitene
732 4474 863 4523 vacaturz
877 4466 1087 4534 Commagenae,
1099 4466 1148 4516 Ca·

346 4537 457 4589 tarruia:
479 4535 631 4603 Phrygiae,
648 4540 829 4600 Garsauritis,
844 4536 1059 4604 Sargarausene,
1071 4536 1148 4586 Cara·

346 4620 476 4657 maneae:
499 4604 637 4666 Galatiae,
659 4607 827 4661 Morimener
847 4607 897 4660 uhi
912 4604 1147 4658 disterminateos

347 4672 497 4743 Cappadox
509 4675 612 4733 narnis,
634 4689 650 4724 a
661 4690 715 4740 qao
727 4692 826 4728 nomen
839 4684 963 4739 traxere,
983 4682 1065 4728 antea
1077 4674 1146 4725 Leu-

347 4745 439 4811 cosyri
451 4741 529 4792 dicti.
541 4744 560 4793 A
574 4742 766 4794 Neocaesarea
776 4746 937 4810 supradicta
950 4745 1084 4796 minorem
1096 4745 1145 4793 Ar·

347 4814 465 4865 moniam
476 4809 568 4878 Lycus
579 4813 668 4861 amuis
679 4808 864 4864 disterminat.
900 4817 951 4866 Est
967 4821 996 4866 ct
1006 4815 1146 4865 Ceraunus

346 4884 423 4933 intus
434 4881 534 4931 clarus.
554 4878 584 4930 lri
596 4893 646 4929 ora
657 4886 748 4932 autem
761 4879 796 4931 ab
806 4881 901 4933 Amiso
913 4882 1043 4949 oppidum
1054 4888 1082 4933 et
1096 4877 1145 4930 flu-

348 4967 408 5004 aren
416 4948 554 5009 Chadisia,
567 4950 728 5016 lycastuur,
740 4966 756 5000 a
769 4948 1049 5017 quo'l'hemiscyrens
1059 4950 1146 5017 regio.

383 5018 429 5072 lV.
448 5018 498 5069 iris
510 5018 610 5069 iluuren
622 5017 750 5069 deferens
762 5019 878 5085 Lycum.
907 5019 1011 5072 Civitas
1021 5019 1098 5073 Ziela
1107 5018 1147 5068 in·

347 5098 402 5150 tus,
413 5085 514 5138 nobilis
528 5087 606 5138 riade
617 5088 732 5148 Triarii,
752 5094 781 5139 et
791 5086 909 5137 uictoria
921 5089 950 5139 C.
963 5089 1101 5141 Caesaris:
1118 5087 1146 5138 ia

347 5172 398 5209 ora
407 5155 497 5209 amnis
508 5154 695 5219 Thermodon,
708 5163 785 5207 ortus
796 5155 831 5207 ad
843 5155 1001 5219 castellam,
1013 5158 1085 5225 quod
1097 5171 1146 5208 ro-

347 5224 615 5287 eautPhaoaroeam,
628 5232 791 5293 praeterque
803 5223 1061 5280 radicesAmaaonii
1070 5242 1146 5278 mon·

347 5297 384 5349 tis
395 5297 496 5364 lapsus.
510 5293 713 5360 Fuitoppidam
725 5294 823 5347 eodem
834 5293 954 5356 nominc,
966 5302 996 5344 ut
1007 5296 1147 5364 alioquin·

347 5382 413 5434 pre:
437 5363 628 5426 Aaraaanium,
646 5361 838 5432 Themiscyra,
850 5364 953 5423 Sotira,
963 5365 1081 5429 Aurasia,
1094 5370 1146 5419 eo·

348 5451 444 5489 manac
455 5449 527 5488 nunc
537 5433 702 5485 Manteium.
738 5434 841 5487 Gentes
853 5432 1031 5497 Genetarum,
1045 5435 1146 5506 Chaly-

348 5506 422 5557 bum.
434 5504 573 5572 Oppidum
583 5503 745 5568 Cotyorum.
755 5501 874 5558 Gentes:
886 5502 1027 5564 Tibareni,
1038 5504 1148 5575 Massy-

349 5575 376 5625 ni
388 5576 461 5626 notis
470 5578 617 5641 signanter
625 5587 751 5639 corpora.
780 5573 862 5637 Gens,
872 5572 1090 5639 Macrocephali,
1101 5591 1148 5644 op·

348 5644 441 5709 pidum
455 5646 581 5703 Cerasus,
593 5651 689 5709 portus
700 5641 846 5695 Chardale.
869 5642 987 5694 Gentes:
1004 5642 1147 5707 Bechires,

1204 1626 1302 1679 cadem
1313 1626 1433 1690 naariae,
1445 1627 1670 1695 clarissimusque
1680 1627 1764 1680 Ponti
1777 1627 1881 1680 l'hasis.
1913 1630 2009 1682 Oritur

1202 1696 1233 1747 in
1254 1694 1394 1748 Moschis:
1416 1698 1563 1764 aurigatur
1585 1699 1737 1767 quamlibet
1759 1699 1867 1764 magnis
1888 1699 2009 1768 navigiis

1203 1764 1349 1819 xxxvrrt
1363 1768 1401 1818 M.
1413 1767 1439 1818 D
1453 1782 1592 1834 passuum.
1609 1770 1675 1819 lude
1686 1767 1838 1819 nrinoribus
1850 1767 1935 1836 longo
1946 1784 2009 1835 spa-

1202 1837 1259 1898 tio,
1279 1836 1408 1902 pontibus
1421 1836 1494 1887 CXX
1512 1836 1631 1902 pervius.
1668 1837 1778 1904 Oppida
1792 1839 1821 1887 in
1832 1838 1899 1903 ripis
1909 1837 2009 1889 habuit

1203 1905 1363 1972 complura:
1385 1906 1574 1967 celeberrima,
1594 1906 1767 1973 Tyndarida,
1785 1908 1939 1969 Circacurn,
1952 1907 2007 1975 Cy-

1203 1988 1296 2042 gnum,
1318 1980 1347 2026 et
1356 1974 1384 2024 in
1396 1975 1522 2027 faucibus
1533 1974 1645 2027 Phasin.
1681 1976 1805 2028 Maxime
1818 1986 1911 2028 autem
1923 1976 2009 2028 incia·

1203 2045 1261 2095 ruit
1272 2045 1337 2106 Aea,
1359 2043 1412 2096 XV
1422 2046 1460 2097 Μ.
1473 2045 1601 2112 passuum
1613 2061 1631 2097 a
1641 2047 1721 2109 urar-i,
1735 2045 1782 2097 ubi
1794 2047 1903 2113 Hippos
1915 2052 1943 2098 et
1953 2047 2008 2113 Cy-

1204 2129 1289 2166 aneos
1299 2113 1372 2165 vasti
1383 2129 1479 2166 amaea
1491 2130 1506 2166 e
1517 2114 1627 2167 diuerso
1637 2115 1666 2166 in
1678 2130 1740 2166 eum
1751 2115 1900 2167 confluunt.
1929 2115 2010 2168 Nunc

1203 2181 1288 2236 habet
1300 2180 1410 2236 Surium
1423 2191 1540 2247 tantum,
1552 2193 1581 2237 et
1593 2184 1684 2253 ipsum
1697 2186 1957 2238 abamneinllaente
1968 2184 2008 2236 ibi

1204 2252 1444 2323 cognominatum,
1463 2269 1607 2321 usquequo
1625 2270 1789 2323 magnarum
1806 2255 1917 2308 narium
1929 2268 2009 2321 caps·

1203 2338 1263 2375 cem
1274 2338 1335 2375 esse
1346 2321 1474 2374 diximus.
1503 2327 1539 2375 Et
1550 2324 1623 2375 alios
1634 2327 1737 2392 accipit
1748 2324 1858 2390 ilarius,
1869 2324 2010 2392 magnitu-

1203 2390 1267 2444 dine
1278 2407 1446 2460 numeroque
1460 2393 1612 2457 mirabiies,
1627 2394 1701 2448 inter
1711 2408 1781 2463 quos
1794 2395 1939 2447 Glaucum.
1977 2393 2009 2444 ln

1203 2475 1252 2513 ore
1263 2461 1332 2525 eius,
1346 2461 1453 2517 insulae
1462 2464 1523 2516 siae
1535 2465 1655 2526 naariae,
1668 2467 1702 2516 ab
1715 2464 1820 2517 Absaro
1829 2464 1905 2516 Lxx
1916 2464 1953 2515 M.
1967 2463 2009 2513 la·

1202 2530 1237 2583 da
1247 2530 1322 2582 aliud
1334 2532 1433 2583 llumca
1443 2532 1571 2586 Charicn.
1591 2532 1666 2585 Gens
1678 2533 1770 2597 Salac,
1780 2533 1900 2601 antiquis
1912 2528 2007 2583 Phthi-

1201 2599 1321 2669 rrrphagi
1332 2601 1413 2663 dicti,
1433 2607 1461 2653 et
1472 2602 1567 2655 Suaai.
1603 2604 1719 2656 Flumen
1732 2604 1837 2655 Cabum
1857 2620 1871 2655 e
1884 2602 2008 2652 Caucaso

1202 2685 1252 2737 per
1268 2670 1376 2723 Suanos
1393 2670 1489 2726 ilueus.
1527 2674 1600 2725 Dela
1615 2672 1717 2727 Rhoas.
1754 2673 1793 2724 Re
1814 2674 1841 2724 ia
1857 2670 2007 2725 Berectice.

1202 2743 1320 2792 Amnes:
1343 2740 1497 2807 Singamcs,
1518 2744 1667 2805 Tarsuras,
1683 2690 1858 2809 Astelepias,
1869 2741 2006 2808 Chrysor-

1202 2808 1294 2860 rhoas.
1315 2809 1527 2871 Gennanates,
1540 2811 1685 2863 castellum
1698 2811 1902 2879 Sebastopolis,
1911 2825 1928 2861 a
1938 2806 2009 2859 Pha·
2063 2844 2087 2867 ,

1202 2878 1262 2931 side
1273 2887 1383 2930 centum
1394 2880 1433 2930 M.
1446 2893 1587 2944 passuum.
1625 2880 1699 2932 Gens
1712 2881 1895 2949 Sannigarum
1903 2917 1912 2943 ,
1932 2880 2008 2945 appi·

1203 2947 1267 2996 dum
1280 2948 1400 3013 Cygnus,
1411 2947 1513 2999 ilunren
1525 2948 1692 3013 etoppidum
1702 2949 1813 3000 Penius.
1825 2947 2010 3001 Deindemul·

1202 3016 1238 3066 tls
1251 3015 1408 3065 nominibus
1420 3014 1629 3067 lleaiochoram
1639 3023 1744 3082 gentes.

1238 3082 1272 3134 V.
1291 3082 1444 3135 Subiicitur
1462 3083 1545 3134 Ponti
1565 3085 1644 3151 regio
1662 3082 1807 3144 Colchica,
1828 3083 1856 3134 in
1874 3098 1928 3150 qua
1942 3087 2013 3150 iuga

1203 3151 1319 3205 Caucasi
1331 3152 1364 3202 ad
1379 3151 1517 3218 Riphaeos
1535 3159 1645 3204 montes
1657 3159 1839 3220 torquentur,
1859 3160 1890 3203 ut
1900 3152 2008 3205 dictura

1203 3229 1256 3284 est,
1267 3222 1357 3271 altero
1368 3222 1457 3272 latere
1469 3221 1496 3271 iu
1509 3220 1646 3273 Euxinum
1659 3230 1687 3275 ct
1699 3223 1826 3275 Maeotin
1839 3221 1955 3284 devexa,
1967 3224 2008 3275 al·

1204 3298 1265 3344 tero
1286 3292 1314 3342 iu
1338 3288 1466 3356 Caspium
1483 3298 1513 3342 et
1527 3292 1701 3359 llyreanium
1718 3307 1805 3344 mare.
1842 3291 1961 3359 Reliqua
1976 3292 2010 3342 li·

1203 3370 1265 3413 tora
1276 3359 1353 3412 ferae
1363 3361 1491 3412 nationes
1503 3368 1607 3425 tenent,
1616 3361 1832 3425 Melanchlaani,
1845 3361 1948 3412 Curari
1961 3376 2006 3410 ur·

1202 3432 1237 3482 be
1248 3428 1412 3483 Colchorum
1424 3430 1617 3495 Dioscuriade,
1630 3433 1708 3483 iuxta
1719 3431 1829 3482 fluvium
1841 3429 2007 3483 Anthemun-

1204 3506 1242 3561 ta,
1254 3513 1325 3550 nunc
1336 3499 1459 3551 deserta:
1483 3502 1619 3567 quondm
1631 3501 1701 3553 adeo
1714 3502 1797 3560 clara,
1810 3506 1841 3550 ut
1850 3498 2008 3552 Timosthe-

1203 3584 1251 3620 nes
1263 3568 1291 3619 in
1302 3582 1363 3620 eam
1375 3569 1441 3620 CCC
1457 3570 1601 3631 nationes,
1623 3568 1806 3621 dissimilibus
1821 3569 1939 3636 linguis,
1959 3569 2007 3619 ‹le-

1202 3635 1334 3689 sceudere
1345 3636 1510 3703 prodiderit.
1548 3639 1583 3688 Et
1594 3645 1690 3704 postea
1708 3639 1838 3689 anostris
1849 3638 1948 3690 CXXX
1962 3639 2003 3687 iu-

1201 3705 1371 3773 terpretibus
1383 3707 1496 3772 negotia
1505 3705 1543 3756 ibi
1556 3713 1645 3772 gesta.
1658 3707 1728 3759 Sunt
1739 3710 1784 3773 qui
1793 3708 1932 3759 conditam
1945 3721 2004 3759 earn

1202 3776 1237 3826 ab
1248 3771 1374 3840 Amphito
1388 3781 1416 3824 ct
1427 3773 1545 3825 ‘l'elclrio
1556 3810 1563 3836 ,
1584 3777 1708 3828 Castoris
1725 3791 1758 3827 ac
1769 3777 1890 3828 Pollucis
1901 3776 2007 3843 aurigis

1202 3850 1312 3911 putent,
1333 3844 1462 3910 aquibus
1475 3850 1564 3894 artam
1576 3844 1784 3898 ileniocharum
1796 3852 1905 3913 gentem
1916 3845 2004 3897 ferum

1201 3918 1319 3964 constat.
1355 3914 1375 3962 A
1391 3912 1574 3965 Dioscuriade
1585 3913 1715 3980 oppidum
1723 3914 1905 3967 lleraclcums
1918 3914 2005 3966 distat

1201 3981 1405 4046 aSebastopoli
1413 3980 1490 4031 Lxx
1501 3983 1539 4033 M.
1551 3998 1690 4050 passuum.
1701 3984 1811 4047 Achaei,
1824 3983 1926 4046 Mardi,
1938 3987 2002 4037 Cer·

1200 4057 1291 4101 cetae:
1304 4056 1368 4115 post
1381 4064 1429 4101 eos
1440 4049 1525 4114 Serri,
1537 4051 1740 4119 Cephalotomi.
1753 4055 1783 4106 in
1794 4054 1893 4107 intimo
1906 4070 1939 4105 eu
1950 4062 2005 4104 tra-
2039 4072 2047 4076 ·

1201 4126 1247 4170 eta
1261 4118 1367 4185 Pityrls,
1389 4118 1520 4185 oppidum
1531 4123 1788 4189 opulentissimum,
1808 4126 1843 4176 ab
1855 4122 2004 4174 Heniochis

1201 4189 1340 4255 direptum
1353 4195 1404 4240 est.
1431 4193 1454 4243 A
1466 4196 1546 4258 tergo
1558 4194 1617 4245 eius
1628 4195 1804 4261 Bpageritae,
1815 4192 2004 4245 Sarmatarum

1200 4259 1319 4380 qupulus
1328 4259 1481 4311 inCaucasi
1491 4261 1578 4329 iugis:
1590 4270 1653 4329 post
1665 4279 1746 4331 quem
1759 4264 1951 4315 Sauromatae.
1962 4261 2004 4312 Ad

1220 4345 1251 4379 os
1265 4328 1430 4398 profugerat
1440 4331 1620 4387 Mithridates
1631 4333 1745 4385 Claudio
1756 4334 1888 4400 principe,
1909 4344 2002 4382 narra·

1199 4399 1419 4465 vitque'l'hallos
1431 4400 1466 4452 iis
1477 4416 1539 4454 esse
1549 4404 1679 4465 contines,
1691 4404 1738 4470 qui
1749 4405 1783 4455 ab
1795 4401 2004 4466 orienteCaspii

1200 4471 1285 4521 maris
1295 4469 1390 4523 fauces
1401 4471 1585 4541 attingerent:
1597 4475 1695 4526 siccari
1707 4469 2003 4525 esseesturecedentc.

1199 4539 1230 4590 lu
1242 4553 1293 4591 ura
1301 4549 1393 4594 autern
1408 4544 1628 4602 iuxtaCercetas,
1640 4542 1740 4593 ilumcn
1751 4543 1871 4593 lrarusa,
1882 4553 1943 4587 cum
1954 4551 2002 4601 op-

1200 4608 1266 4675 pido
1278 4610 1366 4661 llicra
1378 4618 1407 4663 et
1417 4611 1539 4671 humine,
1550 4609 1730 4663 abllerarieo
1739 4604 1877 4658 CXXXV!
1886 4605 1924 4656 M.
1935 4604 2002 4656 iude

1200 4680 1421 4744 promontorium
1438 4681 1563 4739 Crunoe,
1585 4695 1601 4729 a
1618 4692 1672 4743 quo
1689 4676 1868 4741 supercilium
1886 4674 2001 4733 arduum

1200 4753 1297 4798 tenent
1309 4749 1441 4798 'l'orctau
1479 4748 1585 4797 civitas
1603 4744 1729 4810 Sindica,
1750 4745 1785 4796 ab
1798 4744 1884 4794 lliero
1898 4743 2001 4797 valt

1199 4816 1239 4867 Μ.
1251 4816 1276 4866 D
1286 4828 1424 4879 passuum.
1447 4813 1561 4865 Plumea
1569 4812 1718 4865 Setheries.
1739 4812 1805 4865 lude
1817 4812 1851 4864 ad
1863 4812 2002 4881 Bosphori

1200 4884 1342 4935 Cimmerii
1354 4883 1497 4932 introitum
1508 4881 1675 4933 Lxxxvrtt
1688 4884 1726 4935 M.
1740 4884 1764 4933 D
1776 4896 1916 4948 passuum.

1236 4952 1282 5005 Vl·
1303 4950 1356 5002 Sed
1370 4950 1455 5016 ipsius
1466 4951 1637 5015 peninsulae,
1648 4951 1721 5003 inter·
1731 4951 1849 5003 Pontum
1863 4960 1892 5003 et
1904 4954 1999 5005 Maeo-

1199 5020 1250 5071 tim
1262 5019 1353 5071 lacum
1365 5020 1547 5080 excurrentis,
1559 5035 1613 5070 non
1624 5021 1744 5086 amplior
1753 5020 1933 5073 l.llVllM.D
1942 5037 2000 5089 pas·

1199 5104 1279 5141 suum
1291 5088 1437 5157 longitudo
1449 5094 1504 5139 cat:
1527 5088 1649 5141 latitudo
1659 5106 1794 5158 nusquam
1807 5090 1882 5143 inira
1891 5091 1946 5143 duo
1957 5092 2001 5143 iu·

1200 5174 1276 5227 gera.
1311 5159 1550 5211 Bionemracant.
1578 5158 2001 5228 Oraipsaliosphori,utrinque

1200 5243 1236 5281 ex
1248 5227 1314 5279 Asia
1325 5235 1409 5294 atquc
1418 5227 1539 5295 Europa,
1549 5236 1678 5281 curratur
1687 5230 1717 5282 ia
1726 5230 1860 5283 Maeotia.
1884 5231 2003 5298 Oppida,

1200 5299 1228 5350 in
1239 5297 1317 5348 aditu
1328 5294 1467 5362 Bosphori
1479 5297 1568 5363 primo
1579 5299 1779 5365 Hermonassa,
1791 5299 1854 5352 dein
1867 5302 1932 5369 Cepi
1945 5300 1999 5351 Mi·

1201 5367 1343 5419 lcaiorum.
1379 5366 1448 5417 Mox
1459 5365 1611 5419 Stratoclia
1621 5375 1650 5420 et
1661 5369 1850 5439 Phanagoria,
1872 5377 1901 5422 et
1914 5384 2001 5438 paerre

1201 5438 1340 5490 desertum
1352 5436 1500 5500 Apaturos,
1519 5436 1673 5506 ultimoque
1686 5440 1717 5491 in
1726 5441 1800 5493 ostio
1814 5440 2002 5499 Cimmerium,

1201 5506 1275 5575 quad
1287 5514 1369 5557 antea
1380 5505 1529 5558 Cerberion
1548 5509 1711 5562 recabatur.
1746 5511 1814 5564 lade
1826 5508 1948 5563 Maeotis
1957 5509 1999 5560 la·

1201 5573 1530 5643 cus,inEuropadictua
1988 5610 1997 5623 .

1237 5645 1294 5697 Vll.
1316 5644 1497 5698 ACimareria
1510 5646 1637 5701 accolunt
1647 5649 1788 5709 Maeotici,
1812 5648 1885 5706 Vali,
1908 5646 1988 5699 Serbi
