4356 6014
181 328 186 333 ’
236 328 1711 399 c.Palmsssoosr.Hismara.xli..c.lr.oa-oa.sls.il111.car.aa.
1757 341 1817 404 167
1900 416 1905 429 .

164 484 255 549 siccis,
265 481 426 548 asperisque
435 497 442 534 e
451 482 572 535 secunda
583 482 611 534 in
621 480 728 550 Lyciae
738 482 832 536 cedro.
858 482 965 536 lisdem
1051 481 1137 535 amr.
1148 486 1200 538 Est
1212 492 1359 553 praeterea
1372 488 1457 538 arbor
1469 487 1503 540 ad
1515 489 1610 541 eadem
1621 497 1764 559 unguenta
1770 507 1830 559 per·

164 566 191 614 st
211 552 485 619 ›enahthepertioetz
505 559 649 605 astantem
664 553 729 604 vitis
741 552 886 605 labruscae
899 567 965 605 ura:
1018 553 1120 615 tinans,
1139 569 1218 620 quam
1231 557 1385 609 aiiielateo
1404 567 1515 621 rorant,
1536 559 1609 626 quod
1630 576 1680 613 nos
1696 561 1818 614 abietem
1849 576 1867 615 ν

164 626 315 693 religitur,
335 636 396 672 cum
408 619 499 684 tieret,
518 621 546 671 id
559 628 610 685 est,
627 637 689 673 cum
701 622 806 690 optime
818 622 890 675 olet:
911 622 964 675 sic·
1017 622 1065 675 alii
1083 621 1213 689 palmam,
1235 626 1285 676 alii
1295 616 1423 695 spathan.
1458 625 1605 682 Laudatur
1616 618 1820 683 Hammoniaca

164 694 281 751 catorio
292 691 391 742 umbra
401 691 545 743 substrato
556 690 653 753 linteo,
673 691 794 760 atquein
806 690 890 746 cados
903 705 967 743 eon·
1017 693 1153 754 maxime,
1171 707 1235 744 mox
1244 695 1398 762 Aegyptia,
1416 693 1479 747 dein
1491 695 1509 748 S
1523 698 1615 761 aiace,
1635 700 1781 752 dumtaxat
1791 701 1820 752 in
1865 698 1869 705 ⁴

164 769 245 822 ditur.
256 761 411 826 Praecipua
420 775 455 811 ex
467 759 675 827 Parapotamia:
693 760 816 813 secunda
826 762 860 812 ab
871 761 966 813 Antio·
1016 761 1089 814 locis
1099 761 1261 813 sitientibus
1271 764 1398 826 odorata,
1408 765 1503 833 pingui
1510 713 1638 832 iaerima,
1650 784 1720 838 quae
1730 770 1759 821 in
1768 786 1818 821 un·

164 835 233 898 chia,
243 838 327 900 atquo
338 828 482 881 Laodicea
494 828 607 898 Syriae:
619 831 706 882 tertia
717 846 751 882 er
761 829 966 883 montibuslile·
1016 838 1121 900 guenta
1131 830 1244 882 additur
1254 832 1288 882 ad
1300 832 1466 890 domandum
1479 835 1580 888 oleum.

163 907 238 961 dicis.
275 902 354 954 ilaec
365 897 464 951 utilior
474 899 634 952 medicinae.
663 900 781 962 Quidam
793 901 921 952 omnibus
932 901 966 950 iis
1049 900 1151 952 axin.
1169 901 1199 951 ln
1211 899 1295 966 Syria
1309 902 1435 971 gignitur
1449 911 1478 956 et
1497 903 1671 969 cinnamum,
1692 907 1763 974 quod
1776 922 1820 961 ca·

162 971 323 1046 praeierunt
335 982 407 1030 eam,
420 969 527 1036 quaein
539 969 877 1037 cyproinsulanascitur.
894 969 966 1022 Nam
1017 984 1125 1039 marum
1147 970 1299 1038 appeliant.
1335 972 1392 1023 ilie
1407 981 1451 1024 est
1469 988 1567 1026 succus
1582 977 1644 1027 nuci
1663 991 1819 1043 expressus,

162 1060 229 1114 quae
241 1044 271 1092 in
281 1032 378 1092 dirici
387 1038 429 1101 ot,
440 1037 476 1089 ad
487 1037 611 1090 medicos
621 1044 729 1090 tantum
741 1039 872 1106 pertinet,
884 1054 965 1091 roca·
1016 1041 1134 1091 muitum
1145 1054 1163 1091 a
1172 1055 1253 1092 succo
1263 1041 1461 1092 vero'cinnami
1473 1042 1614 1108 differens,
1624 1045 1716 1098 vicina
1728 1055 1822 1100 tamen

161 1120 259 1181 torque
270 1109 412 1162 massaris.
447 1106 685 1162 Omnibusautem
708 1122 742 1162 ex
762 1109 967 1164 albalabrusca
1017 1110 1118 1180 gratia.
1138 1108 1263 1164 Pretium
1274 1109 1407 1175 inlibras,
1419 1124 1495 1165 asses
1508 1113 1700 1183 quadraginta.

161 1181 355 1253 praestantior,
366 1191 449 1247 quam
459 1193 474 1230 e
485 1177 575 1248 nigra.

337 1360 1458 1395 συνῇ-ἡ
1480 1372 1648 1384 ···-·---

597 1491 975 1594 Ο.”ΡΒΙΝΙἸ
1033 1505 1388 1594 SECUNDI

209 1656 945 1839 us'rosasrs
1048 1658 1885 1791 nrsrosrss.

706 1891 988 1964 LIBER
1063 1890 1268 1964 XIII.

156 2214 179 2265 l.
191 2177 368 2264 Hierasos
394 2209 424 2262 in
450 2209 583 2262 odoribus
609 2207 714 2262 habent
741 2208 836 2277 pretia
864 2206 965 2262 silvae:
1017 2206 1283 2271 indelilendesium,
1304 2208 1437 2263 balanino
1448 2209 1661 2275 resinamixta,
1682 2209 1825 2278 maghque

156 2287 293 2349 erantque
304 2295 354 2349 per
364 2294 395 2332 se
405 2279 477 2331 mua
485 2279 610 2346 singula:
621 2279 745 2347 iuvitque
755 2279 967 2331 losurisomnia
1019 2282 1170 2334 etiamnum
1180 2280 1316 2347 Metopio.
1343 2280 1441 2333 Oleum
1453 2278 1507 2333 hoc
1519 2286 1569 2343 est,
1581 2279 1740 2349 amygdalis
1752 2296 1825 2333 nma-

156 2367 190 2404 ea
199 2354 330 2415 miscere,
341 2357 395 2403 ete
407 2349 516 2402 conam
527 2364 611 2401 unum
624 2348 738 2402 odorem
751 2348 856 2401 iacere:
868 2350 911 2401 ita
921 2364 965 2400 re·
1019 2352 1057 2402 ris
1069 2364 1229 2417 expressum
1241 2352 1271 2400 in
1281 2350 1418 2417 Aegypto.
1437 2350 1488 2401 Cui
1499 2349 1630 2403 addidere
1642 2346 1825 2419 omphacium,

153 2428 237 2487 parta
258 2427 324 2471 sunt
344 2425 495 2488 unguenta.
532 2417 602 2479 Quis
624 2417 889 2486 primusinrenerit,
912 2433 966 2469 non
1019 2418 1235 2479 cardamomum,
1254 2418 1375 2482 iuncum,
1396 2418 1542 2482 calamum,
1558 2419 1825 2487 niel,riuum,myr·

152 2491 287 2543 traditur.
323 2489 417 2553 iliacis
432 2487 608 2554 temporibus
624 2502 679 2538 non
701 2493 795 2540 erant:
815 2502 866 2539 nec
885 2486 966 2546 thure
1019 2485 1209 2551 rham,scmen
1221 2487 1346 2553 balsami,
1357 2489 1516 2556 galbanum,
1527 2488 1646 2539 resinanr
1658 2488 1823 2539 terebinthi·

152 2574 186 2610 su
229 2559 383 2610 licabatort
406 2558 484 2610 cedri
503 2564 613 2626 tantum
637 2564 664 2607 et
685 2554 747 2623 citri
760 2571 873 2607 suorum
886 2555 967 2606 fruti·
1019 2571 1092 2606 nam.
1121 2556 1298 2608 Erilissimis
1309 2558 1420 2622 quidem
1431 2555 1568 2624 hodieque
1580 2565 1631 2620 est,
1649 2550 1725 2608 (isid
1737 2555 1826 2608 credi·

150 2644 218 2680 cum
241 2644 270 2678 m
292 2625 381 2676 sacris
401 2624 668 2676 fumocourolutum
687 2624 811 2675 nidorem
825 2630 966 2687 noverant,
1019 2630 1078 2675 tum
1090 2629 1118 2675 et
1129 2627 1157 2674 in
1168 2625 1365 2676 vetustissimis
1377 2640 1448 2687 esse,
1463 2625 1537 2692 quod
1548 2632 1658 2677 constat
1669 2626 1732 2677 oleo
1744 2640 1821 2692 myr-
1891 2674 1894 2683 ,

51 2738 60 2767 ,
69 2728 124 2771 up„
149 2699 213 2749 iam
226 2709 309 2747 rosae
320 2704 403 2743 succo
414 2698 542 2758 reperto:
560 2692 722 2744 nominatur
733 2693 806 2745 enim
819 2693 846 2742 id
858 2708 966 2759 quoque
1019 2698 1075 2752 teo,
1097 2692 1214 2753 calamo,
1230 2708 1369 2760 cupresso,
1386 2708 1482 2761 cypro,
1498 2694 1626 2755 lentisco,
1637 2694 1711 2745 maio
1734 2695 1825 2746 rnnati
1869 2708 1886 2729 ·’
1979 2696 1984 2707 ’

147 2751 358 2818 inoleilaude.
394 2762 570 2828 Unguentum
581 2760 729 2814 Persarum
745 2762 965 2829 gentisedebet.
1020 2761 1132 2814 cortice.
1157 2760 1211 2814 Sed
1224 2761 1368 2828 divulgata
1379 2765 1498 2813 nrasinre
1509 2770 1649 2829 unguenta
1660 2710 1823 2816 crediderim

146 2833 200 2888 illi
212 2831 329 2881 madent
340 2845 383 2893 eo,
394 2837 422 2883 et
433 2831 572 2883 accersita
583 2830 834 2894 commendatione,
844 2831 966 2898 ingluvie
1020 2845 1110 2896 rosae,
1127 2847 1197 2899 quae
1209 2831 1326 2898 plurima
1337 2831 1440 2897 ubique
1451 2832 1583 2897 gignitur.
1612 2832 1710 2898 ltaque
1720 2833 1824 2898 simpli·

150 2908 251 2953 natum
264 2899 339 2949 virus
351 2902 539 2966 exstinguunt.
559 2898 692 2963 Primum,
701 2900 775 2965 quod
785 2900 911 2967 equidem
922 2903 964 2952 in·
1020 2901 1134 2952 cissima
1145 2900 1256 2952 rhodini
1268 2901 1390 2949 mixtura
1402 2897 1449 2948 diu
1461 2897 1531 2959 init,
1552 2897 1657 2951 additis
1669 2899 1825 2967 omphacio,

151 2972 277 3030 reniam,
298 2969 396 3018 contria
417 2966 499 3018 Darii
520 2966 595 3033 regis
615 2968 790 3033 expugnatis,
810 2968 838 3018 in
858 2969 965 3036 reliquo
1019 2969 1089 3020 ilore
1099 2984 1188 3031 rosae,
1199 2969 1320 3029 crocino,
1332 2967 1484 3030 cinnabari,
1496 2967 1615 3030 calamis,
1631 2969 1723 3031 melle,
1734 2970 1825 3031 iunco,
1878 2996 1883 3005 ·

154 3034 966 3104 eiusapparatuAlexandercepitscriniomunguentorum.
1019 3037 1087 3089 selis
1098 3036 1166 3089 tiore
1178 3044 1227 3088 aut
1238 3036 1368 3098 anchusa,
1379 3037 1453 3087 vino.
1482 3036 1586 3088 Similis
1597 3038 1672 3088 ratio
1685 3039 1752 3090 etin
1766 3054 1824 3090 cro·
1923 3040 1931 3065 ²

154 3107 262 3160 Postea
272 3105 400 3172 voluptas
411 3104 472 3156 eius
483 3119 500 3155 a
511 3104 614 3155 nostris
626 3118 736 3170 quoque
748 3104 824 3155 inter
835 3103 967 3156 laudatis·
1020 3108 1091 3168 cino,
1105 3106 1209 3157 additis
1222 3106 1374 3167 cinnabari,
1386 3102 1516 3168 anchusa,
1527 3106 1603 3157 vino.
1640 3107 1744 3159 Similis
1757 3116 1784 3159 ct
1796 3113 1824 3160 in

155 3177 232 3228 sima
255 3182 339 3241 atque
360 3174 445 3225 etiam
466 3171 664 3224 honestissima
674 3173 750 3224 vitas
760 3173 836 3224 bona
846 3173 967 3226 admissa
1018 3173 1220 3241 sampsuchino,
1232 3174 1364 3225 admixtis
1376 3168 1531 3241 omphacio,
1542 3175 1659 3228 calamo.
1681 3178 1823 3244 Optimum

155 3251 215 3299 est:
228 3245 372 3310 honosque
383 3249 412 3295 et
423 3240 460 3292 nd
471 3240 616 3293 defunctos
628 3242 768 3308 pertinere
781 3242 881 3309 coepit.
894 3244 966 3306 Qua·
1019 3244 1072 3295 hnc
1083 3246 1111 3295 in
1122 3245 1215 3312 Cypro
1227 3250 1255 3294 et
1266 3243 1423 3311 Mitylenis,
1444 3244 1488 3294 obi
1502 3243 1622 3309 plurima
1631 3246 1821 3313 sampsuchus.

155 3320 274 3383 propter
284 3312 365 3381 plura
376 3312 411 3364 de
422 3325 456 3364 eo
468 3311 599 3363 dicemus.
628 3314 708 3374 Quae
719 3327 755 3364 ex
765 3309 808 3362 his
820 3321 969 3380 nonerunt
1019 3315 1173 3365 Miscentur
1183 3318 1211 3365 et
1220 3313 1322 3364 viliora
1332 3326 1435 3379 genera
1446 3312 1501 3364 olei
1513 3329 1528 3365 e
1538 3322 1647 3380 myrto,
1668 3315 1757 3379 lauro,
1766 3317 1824 3384 qui·

156 3384 301 3447 fruticum,
322 3383 499 3449 adpraesens
512 3381 668 3433 nominibus
685 3388 794 3432 tantum
807 3379 967 3434 indicabun·
1018 3384 1069 3436 bus
1080 3383 1194 3436 additor
1202 3382 1437 3450 sampsuchinum,
1446 3379 1549 3446 liiiuni,
1558 3382 1669 3436 {oenum
1677 3385 1823 3450 Graecum,

157 3462 221 3507 tur:
239 3460 416 3506 naturarero
427 3456 522 3503 eorum
534 3453 594 3502 suis
606 3449 738 3503 reddetur
747 3450 828 3503 loeis.
1019 3452 1141 3521 myrrha,
1152 3452 1237 3513 casia,
1249 3451 1372 3515 nardum,
1383 3451 1491 3514 iuncus,
1502 3452 1714 3508 cinnamomum.
1730 3456 1822 3508 Ents-

192 3524 228 3576 li.
243 3524 398 3590 Unguenta
408 3523 577 3590 cognomina
588 3518 689 3573 dedere
700 3520 764 3572 aliis
775 3522 890 3587 patriae,
900 3522 966 3574 aliis
1018 3524 1052 3574 lis
1064 3537 1172 3589 quoquc
1192 3524 1317 3573 cotoneis
1339 3527 1369 3572 rt
1390 3521 1520 3573 struthils
1534 3523 1565 3573 iit
1577 3524 1679 3586 oleum,
1698 3530 1740 3579 lut
1750 3526 1823 3578 dice-

159 3594 245 3656 sueci,
257 3593 320 3647 aliis
330 3594 454 3654 arbores,
466 3591 532 3643 aliis
542 3604 651 3642 causae.
663 3589 841 3658 Primumque
852 3591 880 3642 id
892 3592 966 3644 scire
1018 3597 1100 3655 mus)
1119 3592 1260 3652 melinum,
1282 3590 1355 3657 quod
1366 3594 1393 3641 in
1406 3598 1546 3659 unguenta
1556 3597 1668 3655 transit,
1688 3594 1823 3647 admistis

159 3666 297 3726 marcuit,
308 3669 444 3715 mutatam
457 3663 664 3722 auctoritatam,
685 3667 715 3712 et
724 3662 836 3727 saepius
846 3662 964 3715 transis·
1018 3660 1174 3730 omphacio,
1185 3664 1310 3729 cyprino,
1320 3660 1468 3722 sesamino,
1488 3662 1625 3724 balsamo,
1635 3663 1726 3725 iunco,
1737 3666 1822 3724 casia,

158 3732 330 3802 segloriam.
366 3730 604 3784 Laudatissimum
616 3729 672 3781 luit
683 3731 839 3798 antiquitus
849 3731 878 3782 in
892 3730 965 3783 Delo
1018 3733 1163 3784 abrotano.
1201 3730 1731 3783 Susinumtenuissimumomniumest.
1749 3735 1821 3784 Cern-

157 3803 264 3855 insuia:
282 3799 577 3869 postealilendesiom.
605 3799 965 3867 Necmixturaetcompo·
1018 3808 1076 3852 stat
1086 3816 1119 3853 ex
1132 3800 1209 3859 liliis,
1229 3800 1370 3863 balanino,
1389 3798 1507 3863 calamo,
1528 3799 1620 3862 melle,
1639 3801 1823 3864 cinnamomo,

159 3873 261 3926 sitione
273 3878 381 3924 tantum
394 3870 446 3922 hoe
457 3869 631 3922 acciditzscd
642 3867 726 3921 iidem
740 3871 815 3921 succi
826 3870 903 3923 varie
916 3870 966 3921 ali·
1018 3867 1243 3937 croco,myrrhn.
1279 3870 1821 3938 Etidamcyprinumcxcypro,etom-

157 3939 589 4009 hiadquaelibetpraevaluere,
610 3937 879 4007 autdegeneraverc.
917 3939 967 3990 lri·
1017 3940 1125 4008 pitacio,
1137 3945 1166 3992 et
1176 3938 1364 4000 cardamomo,
1381 3939 1499 4001 calamo,
1510 3938 1665 4006 aspalatho,
1677 3940 1821 3992 abrotano.

158 4027 223 4064 sum
236 4009 363 4063 Corinthi
375 4010 422 4060 diu
434 4009 552 4061 niaxims
564 4008 679 4076 placuit,
690 4015 788 4076 postea
798 4010 906 4076 Cyzici:
928 4008 966 4060 si·
1019 4009 1114 4076 Aliqui
1124 4016 1153 4062 et
1164 4009 1191 4060 in
1202 4010 1348 4130 cygrinum
1359 4006 1465 4059 addunt
1485 4008 1629 4076 myrrham
1641 4015 1670 4061 et
1681 4024 1822 4076 panacem.

157 4081 217 4134 miii
232 4080 315 4133 niodo
335 4077 482 4131 rhodinum
494 4077 620 4131 Phaseli:
644 4093 725 4147 quam
741 4079 966 4146 giorisnrabstu·
1017 4079 1227 4146 Hocoptimsm
1257 4078 1348 4139 ἰάοηο,
1368 4090 1434 4129 mox
1445 4079 1584 4146 Aegypto,
1601 4079 1626 4129 si
1637 4077 1824 4130 nonaddatur

156 4151 217 4204 lere
228 4149 371 4219 Neapolis,
383 4150 486 4218 Capua,
497 4148 656 4201 Praeneste.
693 4149 839 4201 crocinum
851 4150 879 4200 in
890 4146 966 4199 Solis
1018 4150 1184 4202 sesaminum
1194 4148 1399 4201 oleunr.Durat
1410 4153 1439 4201 st
1449 4146 1640 4215 quadriennio.
1677 4148 1822 4198 Excitatus

158 4220 278 4273 Ciliciae
290 4220 337 4271 diu
349 4220 469 4271 maxime
480 4218 632 4279 laudatum,
645 4231 709 4268 mos
721 4215 820 4269 Rhodi.
857 4219 965 4270 Oenan·
1019 4219 1202 4271 cinnamomo.
1223 4217 1353 4271 Teiinum
1366 4217 1398 4268 iit
1408 4233 1443 4269 er
1454 4218 1517 4270 oleo
1527 4216 1641 4278 recenti,
1652 4230 1765 4283 cypero,
1777 4231 1823 4268 ca·

157 4288 267 4341 thinum
279 4288 308 4339 in
319 4290 421 4355 Cypro,
432 4296 532 4356 postea
542 4287 735 4353 Adramytteo.
770 4287 966 4339 Assaracinum
1018 4289 1103 4350 lamo,
1114 4287 1253 4353 meliloto,
1264 4286 1348 4338 ioeno
1356 4286 1475 4349 Gracco,
1485 4286 1578 4347 melle,
1591 4300 1822 4347 maro,amaraco.

155 4358 188 4409 in
202 4359 275 4409 Coo:
298 4359 500 4424 posteaeodem
523 4359 586 4409 ioco
604 4356 759 4423 praelatum
770 4362 813 4409 est
823 4357 965 4409 melinum.
1019 4358 1082 4409 lloc
1096 4354 1156 4408 erat
1175 4355 1385 4408 celeberrimum
1396 4354 1546 4408 Menandri
1554 4355 1764 4422 poetaecomici
1774 4371 1821 4409 ae·

158 4427 318 4495 cyprinum
330 4427 357 4478 in
368 4429 468 4496 Cypro,
480 4426 580 4481 danda
591 4427 619 4478 in
628 4427 768 4493 Aegypto,
788 4425 836 4476 ubi
848 4425 967 4479 blende-
1019 4432 1088 4478 tate.
1113 4424 1216 4476 Postea
1226 4424 1315 4477 multo
1326 4427 1461 4477 successit
1472 4431 1586 4492 propter
1595 4424 1713 4492 gloriam
1726 4425 1821 4493 appel-

73 4496 78 4505 '
157 4498 231 4549 sium
253 4503 283 4549 et
298 4497 451 4564 Metopium
473 4498 565 4550 subito
574 4495 683 4563 gratius
695 4495 798 4546 lactum
811 4504 862 4548 est.
897 4496 967 4548 Mox
1018 4496 1106 4549 latum
1118 4494 1276 4561 megalium,
1289 4509 1324 4546 ex
1335 4494 1399 4546 oleo
1409 4494 1550 4557 balanino,
1559 4495 1693 4557 balsamo,
1706 4497 1824 4559 calamo,

157 4564 229 4620 haec
240 4566 358 4619 abstulit
366 4566 523 4629 Phoenice,
546 4571 574 4617 et
585 4564 703 4632 cyprini
716 4564 825 4617 lamium
835 4568 967 4635 Aegypto
1018 4563 1328 4632 iunco,1ylnbnlsnnn‚
1340 4564 1534 4629 casiaresina.
1553 4565 1643 4616 Huius
1655 4564 1824 4633 proprietas,

158 4636 283 4703 reliquit.
294 4634 520 4689 Panathenaicus
531 4650 611 4688 suum
621 4633 747 4688 Athenae
759 4642 968 4703 perseveranter
1018 4644 1051 4689 ut
1060 4635 1214 4688 ventiletur
1222 4633 1250 4684 in
1262 4634 1416 4701 coquendo,
1426 4634 1633 4688 doneodasinnt
1644 4635 1736 4689 olere:
1759 4650 1824 4688 rur·

159 4706 316 4759 obtinuere.
327 4705 435 4758 Fuerat
445 4715 473 4760 et
483 4707 638 4773 pardalium
646 4704 785 4757 in‘l'arsn:
797 4705 967 4758 cuiusetiam
1019 4721 1065 4758 sos
1075 4705 1271 4773 refrigeratam
1283 4705 1397 4757 odorem
1410 4720 1488 4757 suum
1502 4707 1582 4774 capit.

159 4776 327 4842 compositio
339 4782 368 4828 et
380 4777 504 4829 mixtma
524 4775 738 4828 obliterataest.
775 4773 966 4828 Narcissinum
1054 4774 1765 4846 Singuliqanquosuccinobiliounguentafaciunt.
1792 4777 1824 4827 ln

160 4858 269 4913 quoque
280 4862 316 4899 ex
327 4845 398 4900 dors
409 4847 532 4899 narcisso
544 4843 628 4896 desiit
638 4843 778 4910 componi.
1019 4846 1116 4913 primis
1127 4843 1349 4898 malobathrum:
1370 4853 1468 4913 posteo
1478 4845 1530 4897 iris
1540 4845 1661 4913 illyrica,
1671 4853 1699 4899 et
1710 4846 1823 4914 cyzice-

194 4915 279 4968 Ratio
291 4915 411 4969 faciendi
424 4915 658 4982 duplcxzsuccus,
669 4920 698 4965 et
709 4927 818 4979 corpus.
847 4913 968 4967 llleoiei
1020 4910 1521 4983 nnanarnnus:heroaromutraque.
1555 4916 1649 4968 Pausa
1659 4915 1712 4981 his,
1727 4923 1758 4969 et
1767 4915 1824 4968 alia

159 4986 311 5054 generibus
323 4985 385 5038 fere
396 4993 514 5048 constat,
525 4982 579 5035 hoo
591 4983 716 5033 lidorum.
746 4984 825 5035 Haec
835 4989 967 5052 stymma-
1020 4985 1069 5037 aiii
1082 4986 1210 5038 miscent:
1232 4986 1278 5052 qui
1287 4984 1414 5053 plurima,
1424 4985 1553 5038 alterutri
1566 4986 1629 5047 mel,
1639 4986 1707 5038 salis
1717 4985 1823 5048 liorem,

158 5062 312 5115 tasoeant,
324 5055 560 5124 illahedysmata.
580 5051 910 5113 'l'ertiusinterhaeeest
923 5068 968 5107 oo·
1020 5052 1209 5120 omphacium,
1227 5057 1294 5124 agni
1315 5055 1399 5118 folia,
1418 5068 1565 5122 panacem,
1586 5062 1702 5108 extemis
1721 5057 1822 5109 omnia.

158 5125 488 5192 los,smrltisneglectus.
520 5123 709 5179 liuiuseausa
718 5121 860 5175 adduntur
870 5125 967 5176 cinna·
1020 5122 1187 5189 Prodigiosa
1198 5123 1403 5178 cinnamomino
1415 5124 1513 5191 pretia.
1549 5124 1824 5179 Adliciturcionamo

157 5193 418 5249 barisetanchusa.
429 5191 965 5260 Saladspersusoieinatsrramcoercet.
1020 5192 1183 5244 Balaninum
1195 5192 1297 5257 oleum,
1316 5195 1550 5262 xylobalsamum,
1570 5193 1702 5255 calamus,
1718 5194 1824 5253 iuncus,

158 5263 269 5327 Quibus
276 5263 403 5317 anchusa
413 5263 534 5325 adlecta,
544 5261 588 5313 sal
600 5276 655 5313 non
667 5260 787 5313 additur.
803 5263 969 5314 Resinaaut
1020 5261 1138 5313 balsami
1149 5261 1264 5325 semina,
1274 5262 1396 5332 myrrha,
1415 5264 1470 5318 mal
1482 5265 1643 5317 odoratum:
1667 5268 1823 5329 unguemo·

158 5335 264 5401 gummi
285 5334 456 5387 adiiciuntur
476 5332 511 5386 ad
529 5328 724 5383 continendum
744 5328 858 5382 odorem
870 5331 969 5383 iocor·
1020 5329 1371 5385 rumboccrassissimum.
1406 5330 1611 5389 Pretiaeiax,
1631 5330 1721 5391 XXV,
1742 5327 1777 5381 ad
1789 5326 1825 5390 X,

155 5403 436 5527 {girefflslemimeis
448 5398 968 5475 avmewitatquedeiluitsinonsunt
1022 5401 1095 5453 CCC.
1130 5399 1298 5464 Nardinum,
1317 5400 1530 5463 sireloliatum,
1551 5404 1661 5450 constat
1670 5392 1826 5461 omphacio,

193 5488 228 5525 ως
237 5472 343 5526 addita,
1021 5470 1159 5534 balanino,
1175 5471 1265 5519 irrnnn.
1281 5478 1370 5521 cristo,
1386 5470 1490 5535 gardo,
1502 5478 1621 5522 amomo,
1632 5462 1757 5528 myrrha,
1767 5464 1825 5519 bal.

192 5542 410 5612 Unguentomm.
418 5539 656 5609 expeditissimum
667 5538 732 5604 luit,
743 5540 926 5607 primumque,
936 5545 970 5591 ut
1021 5555 1107 5595 samo.
1119 5544 1144 5594 ln
1412 5539 1483 5591 rniet
1493 5527 1828 5606 memfflsstshtrbornm,

154 5612 315 5669 uerisimile
326 5620 377 5677 cst,
396 5608 764 5681 sbryoatbalanisoolao.
793 5607 970 5665 nusvitoe·
1022 5625 1116 5680 qums
1462 5606 1627 5668 mr2⁵i⁶⁰¹‘⁸
1640 5612 1740 5654 'imm
1752 5619 1828 5660 aso·
