4340 6018
365 337 424 394 12⁰
497 334 529 392 C.
563 330 710 391 Pthll
744 323 948 388 SECUNDI
982 318 1148 381 Nerua
1185 318 1368 383 illSTOR
1404 322 1487 407 [ΑΒ.
1511 320 1618 380 vill.
1654 312 1893 381 caeno-ra.

365 482 551 534 monumentis
572 486 696 548 apparet.
725 473 865 593 Euganei
877 485 1004 554 namque,
1024 486 1086 523 cum
1099 477 1165 521 tsn-

364 556 441 620 plum
452 554 480 602 ia
493 567 557 604 arce
570 550 702 610 lacerent,
714 560 767 613 que
797 541 948 593 derelictus
959 546 1078 601 senecta,
1087 554 1165 590 scan-

368 624 462 675 dentia
475 623 598 672 iumenta
614 616 749 668 connitatu
761 613 877 677 nisuque
890 606 1096 670 exhortaretur,
1117 608 1164 659 de·

366 700 471 745 cretum
482 682 584 750 fecere,
602 701 636 737 ne
648 682 824 735 frumentarii
835 683 1023 749 negotiatores
1036 680 1070 730 ah
1080 678 1167 729 incer·

366 763 466 814 niculie
478 774 538 810 eum
550 758 686 805 arcerent.

401 830 485 882 Lxx.
504 825 598 875 Bubus
608 820 710 873 iudicis
720 819 889 872 camelorum
901 815 1023 869 altitudo
1034 815 1166 877 traditur,

366 914 469 951 cornua
482 895 511 944 ln
530 891 705 945 latitudinem
726 898 922 957 quaternorum
934 887 1044 954 pedum.
1073 888 1104 937 la
1114 898 1167 935 no-

365 979 422 1020 stro
435 964 503 1015 orbe
514 961 667 1028 Epiroticis
688 959 749 1010 laus
762 960 896 1019 rriaxima,
916 972 935 1007 a
945 955 1046 1023 Pyrrhi
1064 957 1109 1021 (ut
1123 952 1165 1004 ie·

363 1039 440 1097 runt)
458 1036 514 1084 iam
535 1028 601 1082 inde
622 1027 696 1098 regis
714 1022 789 1079 cura]
825 1027 854 1078 ld
868 1034 1034 1079 consecutas
1046 1032 1099 1085 est,
1111 1036 1165 1072 non

362 1113 428 1160 ante
438 1101 645 1171 quadrimatum
656 1096 691 1151 ad
704 1104 800 1165 partus
812 1097 947 1148 rorando.
976 1091 1165 1159 Praegrandcs

363 1179 457 1242 itaque
467 1172 556 1234 fuere,
577 1175 606 1222 et
619 1167 757 1234 hodieque
768 1167 904 1233 reliquiae
915 1165 1043 1230 stirpium
1055 1161 1165 1212 durant.

364 1250 398 1298 At
416 1258 486 1295 rruoe
497 1241 643 1293 nutriculae
666 1236 886 1289 foecunditatem
907 1238 1070 1300 poscuntur,
1091 1230 1163 1281 tole-

365 1314 471 1365 rantius
484 1320 577 1363 tannen
596 1309 704 1361 bimae:
725 1307 802 1357 tauri
812 1304 1032 1374 generationem,
1053 1299 1165 1367 quadri·

364 1384 411 1434 mi.
448 1381 566 1447 lmpleat
586 1376 788 1444 singulidenas
810 1374 1001 1427 eodemanuo.
1038 1369 1167 1422 Tradunt

364 1462 467 1514 autent,
478 1452 502 1501 si
513 1456 575 1516 post
585 1449 688 1500 coitum
700 1444 735 1497 ad
746 1443 872 1496 dextram
879 1452 985 1509 partem
993 1441 1096 1493 abeant
1105 1448 1166 1491 tau·

363 1526 400 1581 ri,
421 1528 570 1588 generatos
589 1532 680 1568 mares
700 1529 780 1566 esser
798 1512 822 1562 si
842 1513 870 1563 in
890 1514 1016 1575 laevam,
1039 1508 1165 1561 feminas.

363 1590 515 1655 Coriceptio
535 1602 589 1640 uno
608 1586 680 1637 initu
697 1584 851 1649 peragitur:
873 1596 944 1648 quae
953 1583 977 1631 si
989 1578 1063 1631 forte
1075 1592 1166 1646 perer·

363 1661 446 1721 sarit,
472 1658 636 1725 vigesimum
658 1659 722 1720 post
735 1653 808 1704 diem
822 1665 925 1703 marem
938 1649 1043 1701 semina
1053 1649 1164 1715 repetit·

364 1729 479 1782 Pariunt
490 1738 585 1778 meuse
596 1724 704 1774 decimo
716 1740 722 1772 r
746 1718 879 1787 quidquid
891 1725 956 1772 ante
967 1719 1100 1785 genitum,
1122 1716 1165 1766 in·

364 1798 433 1850 utile
445 1802 495 1848 est.
532 1794 603 1845 Suut
614 1798 753 1851 auctores,
774 1790 838 1856 ipso
860 1788 1017 1855 coniplente
1028 1787 1165 1837 decimum

364 1881 484 1921 iriensem
498 1860 544 1914 die
554 1875 657 1929 parere.
690 1858 814 1925 Gigauut
825 1873 889 1909 rara
901 1858 1037 1927 geminos.
1067 1856 1166 1907 coitus

364 1952 381 1988 a
393 1932 523 2001 Delphini
534 1939 635 1983 exortu
647 1945 672 1980 a.
684 1929 711 1980 d.
724 1927 814 1994 pridie
826 1927 920 1979 Nonas
932 1924 1085 1987 lanuarias,
1107 1924 1165 1976 die·

363 2008 414 2056 hus
436 2001 568 2068 triginta:
592 1997 732 2066 aliquibus
744 2004 773 2049 et
784 2003 932 2048 autumno:
955 1995 1083 2064 gentibue
1105 1992 1165 2059 qui·

364 2075 436 2134 dem,
448 2085 517 2138 quae
528 2070 601 2122 lacte
610 2070 713 2128 vivunt,
724 2067 767 2117 ita
775 2066 958 2132 dispensatus,
970 2074 1002 2116 ut
1012 2064 1089 2114 cmiii
1099 2070 1167 2113 tem·

364 2156 431 2210 pore
448 2140 513 2191 anni
530 2138 651 2205 supersit
670 2134 699 2187 id
720 2134 890 2187 alimentum.
928 2133 1014 2185 Tauri
1035 2148 1089 2183 noa
1107 2146 1167 2182 sae·

364 2213 435 2278 pias,
457 2224 540 2276 quam
551 2206 594 2259 bis
606 2208 664 2267 die,
685 2208 789 2257 ineunt.
825 2204 917 2255 Boves
928 2202 1091 2254 oninialium
1104 2199 1167 2261 soli,

364 2288 393 2334 et
413 2286 489 2331 retro
512 2276 686 2329 ambulantes
706 2278 871 2343 pascuntur:
891 2270 965 2339 apud
982 2272 1167 2323 Garamantas

365 2348 475 2416 quidem
486 2346 560 2399 haud
572 2347 664 2398 aliter.
702 2344 765 2395 Vita
775 2342 898 2404 feminis,
918 2339 1066 2408 quindenis
1087 2338 1166 2390 annis

365 2416 546 2485 longissima:
568 2416 698 2474 maribus,
718 2410 843 2465 tricenis*
875 2411 971 2462 Robur
983 2412 1010 2461 in
1031 2409 1166 2476 quiritatu.

363 2488 521 2540 Lavations
543 2484 651 2538 calidae
662 2498 751 2550 aquae
764 2480 914 2533 traduntur
925 2480 1116 2547 pinguescere,
1139 2484 1167 2530 et

364 2560 387 2609 si
398 2557 461 2625 quis
473 2556 561 2607 incisa
572 2562 634 2607 cute
646 2552 776 2619 spiritum
798 2550 935 2602 arundine
946 2550 975 2599 iu
986 2549 1095 2600 viscera
1103 2544 1166 2599 adi·

384 2634 420 2678 at.
457 2626 521 2678 Noa
533 2625 685 2693 degeneres
698 2619 877 2674 existimandi
897 2618 980 2670 etiam
1002 2619 1093 2668 minus
1105 2616 1167 2668 lau-

364 2643 431 2747 dato
444 2694 585 2761 adspectu.
622 2690 774 2745 Plurimum
785 2689 867 2742 lactis
877 2688 994 2756 Alpinis,
1004 2688 1106 2756 quibus
1118 2683 1168 2735 mi·

364 2767 466 2817 niniam
479 2762 613 2831 corporis,
625 2760 773 2830 plurimum
786 2758 901 2821 laboris,
919 2760 1020 2825 capite,
1040 2772 1095 2807 noa
1107 2770 1166 2807 cer·

365 2836 433 2895 reice,
445 2834 556 2886 iunctis.
585 2831 710 2900 Syriacis
722 2846 778 2882 non
789 2836 852 2880 sunt
865 2828 998 2895 palearia,
1007 2825 1056 2877 sed
1070 2825 1169 2891 gibber

364 2905 391 2954 in
403 2904 495 2955 dorso.
515 2902 608 2955 carici
619 2916 727 2968 qnoque
737 2900 763 2949 in
776 2906 855 2965 parte
865 2899 947 2950 Asiae
958 2895 1034 2947 foedi
1046 2894 1114 2956 visu,
1124 2900 1168 2944 tu·

365 2976 430 3026 bere
439 2987 524 3038 super
536 2985 627 3022 armos
638 2985 655 3020 a
665 2968 819 3020 cervicibus
831 2968 978 3028 eminente,
990 2963 1094 3015 lunatis
1106 2977 1166 3013 cor·

364 3041 455 3100 uibus,
472 3038 647 3105 proeliantes
658 3036 687 3087 in
699 3051 782 3102 opere
793 3045 957 3086 narrantur:
978 3040 1074 3091 cetera
1096 3028 1169 3096 nigri

365 3110 469 3163 coluris
490 3106 646 3164 candidive,
665 3104 701 3155 ad
715 3105 840 3156 laborem
863 3102 1037 3153 damnentur.
1058 3097 1168 3165 ,Tauris

365 3181 483 3239 minora,
493 3190 574 3257 quam
585 3172 674 3225 bubus
686 3186 799 3233 cornua,
811 3175 1001 3235 tenuioraque.
1037 3166 1166 3218 Domita·

365 3250 490 3302 raboum
501 3242 672 3296 rmtrimata:
695 3248 792 3309 postea
811 3254 884 3299 sera,
904 3243 969 3288 ante
980 3239 1167 3301 praematura.

366 3318 478 3386 Optime
499 3330 561 3366 eum
584 3310 690 3363 domito
712 3312 846 3361 iuvencus
864 3306 1009 3357 imbuitur.
1055 3301 1168 3354 Socium

367 3386 441 3441 euim
453 3383 557 3436 laboris
568 3383 684 3450 agrique
699 3378 825 3432 culturae
841 3374 974 3427 babemus
993 3372 1045 3425 hoc
1057 3370 1170 3435 animal,

366 3464 462 3509 tantae
470 3452 541 3519 apud
551 3451 659 3517 priores
667 3441 1168 3510 curae,utsitinterexempladamaa·

368 3535 413 3576 tus
424 3539 441 3573 a
451 3517 747 3587 populationemque
758 3515 842 3573 dicta,
853 3514 899 3581 qui
910 3513 1063 3565 concubino
1074 3525 1170 3577 proca·

368 3593 395 3643 ci
406 3605 469 3641 rure
482 3601 606 3639 omasum
617 3585 710 3637 edisse
725 3600 754 3635 se
766 3592 890 3650 negante,
912 3580 1053 3634 occiderat
1062 3582 1170 3644 bovem,

368 3668 502 3722 actosque
513 3655 540 3705 in
552 3653 691 3715 exsilium,
702 3660 831 3719 tauquam
840 3652 939 3705 colono
947 3667 999 3704 suo
1010 3651 1170 3702 interemto.

404 3724 505 3776 Tauris
516 3722 544 3774 in
556 3722 691 3790 adspectu
703 3722 887 3790 generositas,
909 3728 989 3773 torva
1000 3720 1102 3779 fronte,
1122 3733 1170 3770 aa·

369 3795 445 3847 ribus
464 3793 575 3856 setosis,
597 3792 730 3845 cornibus
748 3792 776 3842 in
797 3790 942 3857 procinctu
964 3790 1170 3842 dimicationem

370 3863 559 3932 poscentibus.
597 3860 652 3916 Sed
664 3867 726 3914 tota
738 3861 917 3913 comminatio
932 3860 1069 3928 prioribus
1080 3859 1110 3909 in
1122 3872 1169 3925 pe·

370 3933 460 3984 dibus.
497 3930 560 3983 Stat
579 3932 621 3983 ira
639 3932 773 3999 gliscente
786 3931 908 3982 alternos
920 3928 1068 3997 replicans,
1090 3941 1169 3995 spar-

369 4016 492 4070 gensque
503 4001 531 4051 in
544 4001 636 4053 alerem
648 4014 770 4061 arenam,
782 4007 810 4052 et
820 3999 897 4051 selus
910 3998 1070 4050 animalium
1077 4013 1111 4049 eo
1122 3994 1171 4048 sti·

369 4070 445 4122 mulo
467 4070 624 4124 ardescens.
660 4070 787 4129 Vidimus
808 4085 843 4122 ex
859 4068 977 4135 imperio
995 4065 1170 4127 dimicantes,

370 4148 398 4194 et
409 4140 475 4194 ideo
486 4147 668 4204 monstratos,
678 4138 777 4204 rotari,
789 4139 918 4190 coraibus
929 4136 1060 4190 cadentes
1071 4136 1131 4188 exci
1151 4136 1170 4197 i,

367 4211 525 4278 iterumque
535 4224 695 4278 resurgere,
717 4208 802 4260 modo
814 4208 938 4260 iacentes
950 4221 983 4258 ex
995 4205 1079 4258 huma
1090 4152 1170 4267 toldi3

368 4280 495 4350 bigarum
515 4295 550 4333 ue
562 4281 647 4332 etiam
660 4292 741 4331 curru
753 4277 851 4339 citato,
871 4276 949 4328 velut
961 4277 1083 4342 aurigas,
1100 4273 1169 4326 insi·

368 4360 453 4402 stere.
482 4350 507 4401 Τ
528 4349 680 4402 essalorum
692 4346 783 4416 gentis
794 4347 934 4398 inventum
947 4352 999 4408 est,
1010 4360 1080 4412 equo
1093 4346 1172 4395 iuxta

369 4417 597 4486 quadrupedante
609 4432 696 4469 cornu
709 4417 815 4467 intorta
826 4415 935 4467 'cervice
947 4422 1044 4467 tauros
1055 4428 1169 4466 nemre:

389 4488 475 4538 rimus
486 4485 515 4536 id
527 4486 714 4551 spectaculum
726 4484 805 4537 dedit
816 4484 920 4537 Romae
926 4485 1028 4536 Caesia
1039 4483 1169 4535 dictator.

383 4555 582 4606 linceictimae
599 4557 718 4622 opimae,
738 4560 767 4606 et
778 4555 938 4607 lautissima
948 4552 1063 4606 deorum
1076 4554 1169 4619 placa·

369 4623 420 4674 tio.
456 4621 529 4672 Huic
541 4629 648 4674 tantum
672 4625 784 4675 animali
805 4625 935 4685 omnium,
956 4623 1056 4689 quibus
1074 4636 1172 4688 proce·

369 4691 429 4743 rior
439 4687 596 4750 caudmnon
608 4695 703 4743 statim
715 4699 781 4743 nato
793 4700 1011 4756 consummatae,
1017 4697 1047 4742 ut
1057 4690 1169 4753 ceteris,

369 4772 536 4811 mensurae:
557 4759 657 4812 crescit
670 4762 724 4821 unl,
737 4759 824 4812 donec
836 4761 870 4812 ad
883 4762 999 4827 vestigia
1009 4761 1064 4811 ima
1075 4774 1171 4827 perre-

370 4825 438 4879 niat.
467 4827 653 4888 Quamobrem
664 4828 841 4880 victimarum
852 4830 982 4897 probatio
993 4828 1171 4890 intitulant

370 4895 519 4948 articulum
530 4895 689 4963 suffraginis
700 4897 857 4965 contingat:
868 4900 997 4952 breviore
1009 4913 1064 4950 nan
1076 4897 1170 4949 litant.

370 4965 433 5019 lloc
443 4980 550 5033 quoque
562 4972 698 5028 notatum,
715 4966 820 5017 vitulos
830 4966 864 5018 ad
874 4983 937 5019 aras
948 4966 1069 5020 humeris
1080 4965 1169 5019 bomi-

370 5036 412 5085 nis
424 5034 527 5086 allatos
538 5050 592 5086 non
605 5033 665 5087 lere
677 5036 767 5096 litare,
778 5035 850 5087 sicat
861 5051 912 5090 nec
922 5036 1108 5099 claudicante,
1118 5051 1170 5088 nec

371 5103 464 5156 aliena
475 5102 567 5155 hostie
578 5102 653 5156 Deos
664 5103 780 5171 placari,
801 5120 851 5156 nec
872 5104 999 5158 trahente
1016 5122 1046 5158 se
1056 5107 1091 5157 ab
1103 5106 1170 5156 arie.

371 5174 421 5225 list
442 5172 572 5240 frequens
583 5175 610 5222 in
628 5173 763 5240 prodigiis
783 5173 950 5239 priscorum,
970 5175 1069 5226 horem
1090 5173 1168 5225 locu·

370 5251 429 5293 tum
442 5260 448 5292 ι
461 5257 515 5309 quo
526 5242 665 5301 nuntiato,
675 5242 806 5293 Senatum
818 5243 869 5295 sub
880 5241 926 5293 dio
938 5242 1034 5296 haberi
1045 5243 1169 5296 solitum.

365 5328 392 5361 κ
406 5309 507 5363 Lxxt.
526 5310 582 5361 Bos
604 5311 632 5361 in
643 5311 770 5379 Aegypto
791 5315 875 5363 etiam
894 5312 1014 5365 numinis
1030 5314 1091 5366 rice
1103 5314 1170 5364 coli-

371 5390 431 5443 tur,
450 5380 528 5447 Apim
540 5386 648 5431 vocant.
686 5381 742 5431 lnsi
782 5394 797 5431 e
809 5382 843 5444 ei,
856 5383 883 5431 in
896 5379 995 5434 dextra
1007 5382 1097 5435 latere
1108 5396 1170 5435 ean-

371 5450 467 5502 dicans
479 5448 595 5509 macula,
610 5396 848 5501 coraibusddonae
860 5465 984 5502 crescere
995 5452 1169 5519 incipientis;

371 5519 459 5570 nodus
470 5518 520 5571 sub
532 5517 635 5586 lingua,
656 5533 736 5584 quem
748 5518 910 5571 cantharam
927 5517 1079 5586 appellant.
1107 5521 1169 5574 Non

370 5601 412 5639 cst
423 5588 465 5639 ias
477 5605 539 5641 eunt
552 5594 642 5641 certos
653 5589 728 5642 vitae
739 5588 876 5641 excedere
886 5604 984 5650 annus,
995 5601 1168 5657 mersumque

1217 474 1245 524 in
1255 471 1432 524 sacerdotum
1443 469 1521 521 lente
1533 476 1660 531 enecant,
1669 469 1823 535 qiraesituri
1834 470 1913 522 luctu
1924 471 2022 536 alium,

1219 556 1300 609 quem
1311 542 1482 593 substituant
1493 557 1500 590 r
1512 545 1542 591 et
1552 539 1640 591 donec
1649 541 1816 601 invenerint,
1828 548 1964 603 moenam,
1974 542 2022 595 de·

1218 612 1290 663 rasis
1301 615 1387 663 ctiam
1408 608 1559 675 capitibus:
1581 622 1633 660 nec
1643 615 1737 659 tannen
1749 622 1867 675 unquam
1879 608 1928 661 dia
1937 625 2020 677 quas·

1219 682 1299 733 ritur.
1328 679 1457 731 laventus
1468 676 1615 729 deducitur
1625 676 1776 745 Memphim
1790 678 2011 731 usacerdotibus

1220 749 1344 802 Delubra
1354 750 1381 800 ei
1402 749 1522 815 gemina,
1542 744 1884 812 quaerocantthalamos,
1902 761 1938 799 au
1977 750 2023 801 ria

1219 816 2021 954 ltllltltnl¹‘alitilia,inlitterati

1218 958 1335 1011 lentium
1356 958 1447 1008 eibum
1467 954 1608 1022 capiendo.
1646 955 1804 1007 Germanici
1814 955 1943 1007 Caesaris
1963 971 2022 1008 ma·

1219 1040 1283 1079 nom
1295 1033 1438 1077 crematus
1450 1033 1501 1085 est,
1513 1023 1586 1075 haud
1600 1025 1686 1074 multo
1698 1030 1796 1089 postea
1808 1024 1950 1077 exstincti.
1972 1027 2021 1078 Ce-

1218 1104 1279 1149 tera
1300 1103 1438 1157 soeretus,
1459 1108 1520 1146 cum
1532 1108 1562 1145 ss
1580 1093 1720 1160 proripuit
1738 1093 1766 1157 iq
1783 1100 1894 1156 coetus,
1914 1094 2022 1147 incedit

1218 1165 1526 1226 summotu'lictorum,
1547 1177 1669 1231 grexque
1690 1177 1839 1228 puerorum
1861 1165 2022 1225 comitatur,

1219 1246 1330 1287 carmen
1342 1234 1442 1285 honori
1460 1232 1520 1286 eius
1540 1233 1712 1284 canentium:
1732 1231 1889 1300 intelligere
1902 1232 2020 1295 ridetur,

1219 1315 1247 1357 st
1259 1304 1371 1356 adorari
1382 1303 1463 1355 velle.
1500 1302 1539 1353 lli
1555 1316 1653 1369 greges
1664 1308 1778 1366 repente
1790 1299 1926 1368 lymphati
1944 1302 2019 1353 futu.

1219 1389 1251 1429 ra
1263 1374 1435 1442 praecinunt.
1471 1371 1588 1422 Femina
1605 1372 1656 1423 bos
1670 1370 1757 1422 senrel
1768 1371 1793 1421 ei
1809 1386 1882 1421 anno
1892 1372 2018 1423 ostendi·

1219 1452 1275 1509 tur,
1286 1445 1344 1495 suis
1356 1452 1385 1496 et
1395 1445 1456 1508 ipsa
1464 1441 1626 1509 insignibus,
1636 1454 1790 1507 quanquam
1801 1440 1880 1492 altiss
1900 1456 2021 1507 semper·

1219 1530 1272 1581 que
1283 1513 1382 1566 eodem
1394 1513 1439 1564 die
1448 1518 1478 1563 et
1488 1510 1608 1562 inveniri
1617 1526 1688 1571 eam,
1708 1517 1737 1562 et
1747 1510 1887 1576 exstingui
1896 1510 2019 1562 madunt.

1219 1582 1342 1652 Memphi
1351 1589 1395 1634 est
1406 1580 1482 1632 locus
1493 1581 1521 1632 in
1531 1580 1607 1642 Nilo,
1620 1594 1701 1646 qoem
1713 1579 2020 1647 angurarucantPhia·

1218 1653 1287 1705 lame
1300 1653 1426 1704 oniuihus
1437 1651 1515 1702 annis
1526 1650 1566 1701 ibi
1579 1647 1692 1701 auream
1706 1657 1831 1715 pateram
1843 1657 2018 1715 argenteam·

1219 1739 1271 1791 que
1284 1726 1411 1787 mergunt
1422 1720 1456 1770 iis
1468 1718 1575 1780 diebus,
1597 1734 1666 1785 quos
1687 1717 1790 1770 babent
1806 1717 1917 1769 natales
1934 1719 2019 1784 Apis:

1218 1799 1324 1860 septem
1338 1790 1366 1841 hi
1376 1795 1450 1850 sunt,
1458 1789 1612 1854 mirumque
1624 1789 1759 1840 neminem
1771 1800 1820 1853 per
1832 1800 1881 1837 eos
1892 1802 1909 1838 a
1920 1801 2017 1838 croco·

1219 1861 1283 1912 ditis
1294 1860 1416 1927 attingi:
1438 1863 1538 1910 octavo
1551 1864 1614 1923 post
1625 1854 1721 1908 horam
1733 1855 1789 1908 diei
1799 1861 1915 1916 sextam,
1926 1855 2022 1908 redire

1218 1930 1329 1983 belluae
1340 1929 1492 1982 feritatem.

1254 1998 1367 2052 Lllllll.
1385 1996 1490 2063 blegne
1501 2002 1529 2049 et
1540 1994 1634 2063 pecori
1645 1996 1747 2060 gratia,
1767 1993 1813 2045 rel
1825 1993 1852 2043 in
1862 1992 2018 2059 placamen·

1218 2070 1256 2121 tis
1268 2068 1393 2129 deorum,
1414 2066 1457 2117 vel
1477 2066 1506 2117 iu
1527 2080 1579 2117 usu
1592 2064 1735 2116 vellerum.
1773 2063 1810 2114 Ut
1820 2064 1905 2115 boves
1917 2063 2022 2113 rictum

1220 2137 1360 2189 homiuum
1373 2136 1512 2195 excolunt,
1524 2135 1565 2188 ita
1576 2149 1725 2200 corporum
1737 2128 1828 2184 tentala
1837 2130 1930 2198 pecori
1939 2130 2020 2183 debe·

1219 2214 1273 2259 tur.
1311 2205 1462 2258 Generatio
1482 2205 1565 2256 bimis
1585 2207 1714 2270 utrinque
1729 2202 1765 2255 ad
1786 2215 2019 2253 nonenoeanaoss

1220 2274 1384 2345 quibusdam
1397 2273 1473 2329 etad
1485 2274 1629 2325 decimum.
1657 2272 1821 2339 l'rimiparis
1831 2271 1952 2322 minores
1963 2268 2021 2322 ioe-

1219 2352 1273 2397 tus.
1304 2344 1402 2396 Coitus
1422 2342 1549 2395 omnibus
1565 2342 1600 2394 ad
1611 2342 1721 2394 Arcturi
1733 2356 1871 2403 occasum,
1891 2339 1983 2400 idest,
2004 2354 2022 2391 a

1219 2414 1306 2468 tertio
1327 2414 1393 2465 ldus
1409 2413 1516 2473 Maias,
1535 2411 1698 2477 adhquilae
1718 2426 1861 2473 nemsum,
1881 2410 1908 2461 in
1920 2408 2021 2460 xltnl.

1219 2487 1289 2550 hug.
1325 2484 1432 2535 Gerant
1447 2488 1557 2547 partum
1574 2481 1672 2533 diebus
1682 2487 1792 2532 centum
1805 2479 2019 2548 quinquaginta:

1219 2562 1318 2620 postea
1329 2552 1455 2617 coricepti
1466 2550 1591 2602 invalidi.
1638 2549 1745 2602 Cordus
1764 2550 1901 2602 vocabant
1912 2546 2021 2612 antiqui

1220 2631 1284 2690 post
1303 2622 1333 2673 id
1353 2629 1462 2688 tempus
1478 2627 1570 2673 natos.
1605 2620 1690 2671 Multi
1700 2619 1830 2672 hibernos
1840 2632 1927 2686 agnos
1939 2631 2019 2682 prae·

1220 2693 1313 2746 ferunt
1323 2694 1424 2753 vernis,
1435 2691 1566 2757 quoniam
1578 2690 1666 2757 magis
1677 2690 1856 2742 internitente
1867 2687 2019 2739 solstitium

1221 2777 1301 2830 quam
1314 2767 1379 2812 ante
1389 2762 1513 2813 brumam
1523 2760 1842 2826 lirmosesse,solomque
1852 2757 1907 2811 boc
1916 2752 2023 2807 animai

1220 2832 1330 2883 utiliter
1340 2830 1439 2881 bruma
1449 2832 1535 2881 nasci.
1571 2830 1658 2880 Aristi
1671 2829 1800 2880 naturale
1810 2842 1897 2896 agnas
1909 2824 2020 2876 fastidi·

1220 2915 1260 2961 re,
1279 2906 1418 2952 senectam
1430 2899 1521 2949 ovium
1534 2898 1689 2949 consectari
1701 2914 1708 2946 ε
1730 2906 1759 2949 et
1771 2898 1830 2963 ipse
1841 2901 1956 2948 senecta
1967 2908 2023 2944 me·

1220 2969 1284 3030 lior,
1305 2967 1419 3019 mutilus
1436 2981 1545 3033 quoque
1565 2966 1674 3016 utilior.
1710 2965 1828 3015 Ferocis
1839 2967 1898 3015 eius
1911 2961 2020 3015 cohibe·

1221 3044 1368 3097 tansorna
1379 3036 1459 3085 iuxta
1469 3048 1566 3085 aurem
1576 3033 1728 3084 terebrato,
1747 3032 2025 3098 Dextrotsstepras·

1220 3105 1310 3168 ligato
1321 3102 1438 3153 feminas
1448 3108 1572 3168 generat,
1583 3100 1664 3151 laevo
1675 3115 1774 3152 mares.
1810 3101 1950 3151 Tonitrua
1959 3102 2025 3151 soli·

1220 3172 1300 3223 tertis
1311 3172 1408 3221 ovibus
1423 3166 1681 3220 abortusinierant.
1716 3168 1880 3221 Remedium
1903 3175 1946 3218 est
1957 3184 2022 3219 con·

1220 3254 1337 3309 gregare
1348 3253 1404 3302 eas,
1419 3244 1451 3289 ut
1461 3243 1542 3290 coetu
1552 3237 1689 3290 iurentur.
1725 3237 1869 3304 Aquilonis
1880 3234 1949 3287 ilatu
1962 3252 2022 3287 ma-

1220 3325 1265 3362 rea
1276 3309 1383 3375 concipi
1394 3306 1498 3369 dicunt,
1509 3306 1602 3359 Austri
1614 3306 1746 3358 feminas:
1764 3314 1847 3372 atque
1858 3308 1886 3357 in
1898 3320 1932 3357 eu
1941 3321 2023 3374 gene

1220 3395 1251 3433 ra
1263 3379 1382 3431 arietum
1393 3378 1513 3430 maxime
1524 3382 1686 3445 spectantur
1696 3393 1759 3428 ora:
1782 3376 1848 3443 quia
1858 3375 1936 3428 cuius
1947 3375 2022 3426 colo·

1220 3449 1260 3500 rls
1271 3451 1321 3501 sub
1334 3449 1430 3514 lingon
1440 3445 1561 3501 habuere
1573 3462 1669 3509 veum,
1690 3448 1752 3499 eius
1762 3453 1790 3498 et
1799 3445 1930 3497 lanicium
1942 3454 1984 3494 est
1993 3447 2021 3494 in

1221 3518 1313 3571 foetu:
1334 3521 1506 3584 variumque,
1515 3518 1539 3567 si
1552 3516 1646 3583 plures
1656 3515 1749 3570 fuere:
1767 3521 1795 3568 et
1805 3514 1923 3567 mutatrb
1934 3527 2021 3579 aqua-

1221 3604 1282 3640 rum
1304 3594 1441 3654 potusque
1461 3586 1558 3637 ramat.
1595 3585 1694 3637 Ovium
1715 3600 1823 3637 summa
1843 3581 2022 3652 geueraduo,

1222 3664 1324 3709 tectum
1347 3666 1375 3709 et
1397 3656 1553 3708 colonicam
1567 3672 1574 3705 ι
1595 3654 1666 3705 illud
1678 3655 1798 3717 mollius,
1816 3653 1868 3706 hoc
1880 3655 1908 3704 in
1920 3666 2021 3718 pascuo

1223 3725 1378 3788 delicatius,
1393 3726 1495 3792 quippe
1506 3739 1568 3775 cum
1579 3729 1688 3775 tectum
1696 3726 1773 3776 rubis
1784 3729 1922 3777 vescatur.
1951 3720 2022 3786 ope·

1223 3799 1343 3848 rimeata
1353 3796 1379 3846 ei
1391 3810 1425 3846 ex
1435 3794 1561 3846 Arabicis
1571 3793 1727 3860 praecipua.

1257 3864 1382 3916 Llllllll.
1401 3863 1481 3915 Lana
1490 3870 1585 3914 autem
1596 3863 1793 3915 laudatissima
1802 3863 1901 3929 Apula,
1913 3868 1941 3911 et
1949 3875 2022 3926 quae

1223 3935 1250 3986 in
1271 3933 1353 3984 ltalia
1373 3932 1475 3985 Graeci
1500 3931 1607 3998 pecoris
1630 3933 1802 3999 appellatur,
1824 3933 1891 3985 alibi
1914 3929 2021 3981 italica.

1222 4006 1351 4056 Tertium
1361 4002 1451 4053 locum
1465 4001 1593 4054 Milesiae
1604 4017 1671 4053 oves
1681 4002 1818 4054 obtinent.
1846 4000 1950 4067 Apulae
1960 3997 2024 4051 bre·

1221 4090 1269 4127 ves
1281 4072 1358 4133 rillo,
1379 4087 1429 4123 nee
1448 4071 1502 4123 nisi
1520 4071 1645 4138 paenulis
1656 4073 1787 4124 celebres.
1825 4071 1906 4122 Circa
1915 4071 2021 4121 Torea-

1221 4152 1280 4197 tum
1293 4141 1497 4207 Canusiumque
1511 4156 1645 4193 sunrnram
1657 4142 1832 4195 nobilitatem
1844 4138 1954 4191 babent.
1990 4137 2022 4188 ln

1222 4214 1287 4266 lisia
1302 4225 1369 4264 vero
1388 4212 1485 4263 eodem
1522 4226 1604 4263 caere
1618 4209 1785 4264 Laodiceae.
1821 4210 1893 4261 stoa
1904 4207 2023 4259 Circum·

1222 4283 1338 4349 padanis
1349 4281 1426 4332 nulla
1438 4227 1605 4347 praedentur,
1615 4296 1666 4332 nec
1675 4281 1747 4332 libra
1756 4287 1887 4331 centenos
1897 4290 2023 4328 nummos

1223 4351 1257 4402 ad
1269 4351 1323 4402 huc
1334 4352 1395 4402 aevi
1408 4351 1529 4402 excessit
1539 4350 1607 4401 ulla.
1643 4351 1716 4403 Oves
1728 4365 1783 4401 non
1796 4348 1897 4414 ubique
1909 4344 2024 4397 tonden-

1224 4429 1287 4471 tur:
1307 4419 1390 4471 durat
1411 4421 1574 4485 quibusdam
1594 4423 1620 4470 in
1632 4419 1702 4470 locis
1713 4416 1833 4470 vellendi
1853 4432 1926 4467 mos:
1945 4413 2022 4465 colo·

1223 4505 1283 4541 rum
1297 4489 1379 4556 plura
1388 4504 1503 4556 genera:
1526 4490 1627 4557 quippe
1639 4503 1700 4541 oum
1712 4488 1802 4539 desint
1813 4485 1897 4536 etiarn
1909 4481 2024 4534 nomina

1223 4561 1272 4613 eis.
1291 4558 1367 4621 Quas
1377 4561 1484 4609 nativas
1492 4559 1640 4624 appellant,
1652 4557 1760 4624 aliquot
1770 4552 1860 4605 modis
1870 4551 2024 4616 Hispania.

1224 4630 1295 4697 nigri
1307 4628 1418 4680 velleris
1427 4629 1589 4692 praecipuas
1599 4625 1684 4678 habet
1692 4624 1828 4676 Pollentia
1839 4621 1918 4669 iuxta
1924 4619 2024 4685 Alpes:

1224 4699 1278 4749 iam
1288 4698 1354 4749 lisia
1366 4694 1453 4753 rutili,
1466 4710 1532 4759 quas
1544 4692 1718 4760 Erythraeae
1727 4696 1841 4741 vocante
1852 4689 1920 4739 item
1929 4688 2024 4742 Baeti·

1223 4782 1268 4817 ca:
1293 4764 1442 4816 Canusium
1459 4761 1543 4812 lulri:
1567 4764 1719 4812 'l'areutum
1736 4766 1765 4812 et
1780 4771 1848 4810 suae
1869 4757 2022 4825 pulliginia.

1224 4834 1351 4887 Succidis
1372 4830 1498 4881 omnibus
1510 4830 1709 4882 medicatoris.
1745 4827 1846 4880 herlae
1857 4826 2022 4879 Liburniae·

1223 4918 1277 4969 que
1289 4902 1346 4966 pilo
1356 4899 1484 5021 propior,
1501 4914 1581 4966 qoam
1593 4900 1684 4961 lanae,
1699 4899 1777 4965 pexis
1789 4896 1881 4949 aliena
1890 4896 2015 4949 restibus

1224 4979 1252 5024 et
1263 4985 1344 5037 quam
1376 4969 1466 5019 alacia
1476 4969 1616 5020 scutulato
1626 4975 1705 5021 textu
1716 4966 1893 5019 comarendat
1903 4966 1931 5017 in
1942 4965 2024 5017 Lusi-

1223 5039 1310 5091 tanis.
1336 5037 1443 5090 Similis
1464 5038 1540 5090 cirea
1551 5037 1679 5091 Piscenae
1688 5036 1848 5106 provinciae
1858 5034 2021 5088 Narbonen-

1223 5110 1262 5160 sis
1273 5126 1279 5158 ε
1300 5107 1401 5159 similis
1411 5114 1440 5158 et
1450 5106 1479 5157 in
1487 5109 1630 5176 Aegypto,
1648 5123 1681 5160 ex
1693 5123 1748 5175 qaa
1758 5107 1847 5158 restis
1856 5105 1962 5157 detrita
1970 5118 2026 5154 usu

1223 5179 1355 5247 pingitur,
1376 5191 1528 5243 rursusque
1542 5191 1610 5229 aero
1629 5176 1721 5229 durat.
1757 5176 1809 5228 Est
1821 5181 1851 5227 et
1861 5174 1953 5227 hirtas
1964 5171 2024 5240 pilo

1223 5262 1317 5300 masso
1328 5247 1357 5298 io
1367 5246 1470 5313 tapetis
1485 5245 1677 5313 antiquissima
1688 5246 1795 5314 gratia:
1817 5247 1873 5297 iam
1883 5249 1959 5297 certe
1970 5242 2025 5307 pri-

1223 5333 1284 5368 seos
1297 5317 1417 5377 iisusos,
1439 5315 1579 5366 Homerus
1590 5323 1748 5369 auctorest.
1770 5314 1859 5368 Aliter
1867 5312 1937 5366 haec
1947 5308 2025 5361 Galli

1224 5388 1352 5455 pingunt,
1366 5385 1449 5436 aliter
1460 5382 1625 5437 Parthorum
1647 5394 1752 5454 gentes.
1790 5385 1883 5438 unae
1894 5393 1924 5435 et
1932 5396 1983 5448 per
1992 5395 2024 5429 sn

1223 5463 1347 5510 coactam
1358 5460 1462 5505 restem
1474 5453 1594 5506 iaciunt:
1607 5462 1636 5507 et
1644 5457 1668 5508 si
1680 5454 1801 5507 addatur
1811 5450 2023 5513 acetum,etiam

1223 5526 1298 5579 terro
1310 5525 1458 5577 resistunt:
1480 5524 1565 5575 immo
1576 5539 1643 5577 nero
1656 5527 1739 5578 etiam
1749 5523 1862 5591 ignibus
1871 5517 2022 5573 norissima

1223 5593 2024 5663 soipurgameato;quippaahenispolieatiumestroctae,
