4356 6014
270 338 286 373 ⁸
328 362 360 422 c.
396 356 549 436 rurum
585 354 792 421 saeuum
826 359 992 423 sarua.
1026 361 1215 426 uranon.
1250 362 1339 424 nra.
1362 363 1438 426 xv.
1467 363 1558 426 cnr.
1580 368 1608 424 ι.
1630 369 1660 425 2.

164 532 200 571 ac
210 511 329 567 bibendi
337 511 422 563 etiam
434 523 521 562 causa
529 522 636 562 venena
648 508 844 575 coniiciuntur,
856 510 921 564 aliis
933 512 974 565 ci·

165 593 260 639 cutam
279 581 528 651 praesumentibus,
547 586 579 631 ut
595 579 689 632 bibere
705 593 782 631 mors
793 590 890 651 eogat3
910 582 975 635 aliis

166 654 287 725 pumicis
307 651 441 712 farinam,
464 655 493 702 et
512 662 582 770 quae
603 646 749 701 referendo
766 651 853 716 pudet
864 652 975 706 doecre.

166 722 351 779 eratissimos
374 734 409 774 en
425 719 468 771 his
488 719 526 772 ba
538 718 610 771 ineis
630 717 713 785 coqui
722 717 860 786 ridemus,
880 723 975 775 eruni-

165 791 397 863 mesqucell'errl.
433 789 492 842 lam
511 803 577 842 rero
594 787 666 840 alios
686 787 789 840 lectum
812 799 975 858 exspectare

166 880 224 919 non
239 876 329 931 posse,
351 863 435 912 inrnro
445 873 576 911 veronen
588 861 719 920 tunicam,
738 855 828 912 nudos
839 860 878 912 ibi
888 860 975 929 proti·

165 950 219 986 nus
230 931 347 985 anhelos
358 930 483 998 ingentia
493 943 560 980 rasa
572 927 728 995 corripere,
747 926 871 982 velutad
884 938 975 983 osten·

165 1004 304 1057 tationem
315 1002 426 1062 sirium,
448 1013 480 1050 ae
492 998 573 1066 plene
585 996 742 1059 infundere,
761 1006 795 1049 ut
810 1001 904 1052 statim
923 1014 972 1051 ro·

166 1077 255 1135 mant,
266 1084 419 1138 rursusque
431 1067 570 1129 hauriant,
581 1064 664 1133 idque
676 1067 779 1119 iterum
791 1071 905 1121 tertium
926 1084 974 1121 ue:

166 1153 301 1210 tanquam
316 1138 352 1192 ιιι
363 1137 506 1207 perdenda
515 1137 580 1187 rina
590 1134 687 1203 geniti,
705 1142 733 1188 et
744 1142 875 1205 tanquam
886 1085 973 1192 elian-

153 1212 198 1265 .di
214 1212 266 1264 illa
282 1225 338 1264 uon
360 1208 478 1277 possint,
497 1205 550 1258 nisi
561 1220 610 1272 per
621 1204 771 1259 humanum
787 1223 897 1275 corpus.
931 1207 974 1260 nd

167 1280 223 1335 boc
234 1281 375 1350 pertinent
386 1276 551 1347 peregrinae
574 1274 803 1341 exercitationes,
824 1285 853 1331 et
864 1278 975 1329 voluta·

166 1354 208 1404 tio
228 1351 259 1403 in
279 1363 377 1412 coeno,
399 1362 432 1399 sc
443 1353 591 1413 pectorosa
602 1342 718 1397 cervicis
729 1346 871 1414 repandae
882 1355 974 1400 osten·

166 1420 249 1474 tatio.
273 1417 327 1471 Per
337 1418 430 1471 omnio
440 1415 509 1469 haec
521 1413 700 1482 praedicatur
711 1417 773 1468 sitis
785 1419 890 1485 quaeri.
913 1419 972 1470 lam

167 1505 235 1544 reru
247 1503 321 1557 quae
331 1502 399 1540 vasa
418 1484 565 1537 adulteriis
580 1484 709 1538 caelarat
729 1491 862 1553 tanquam
878 1502 928 1555 per
943 1502 973 1539 se

166 1573 265 1627 parum
276 1558 378 1610 doceat
389 1555 521 1608 libidines
531 1554 702 1608 temulentia.
732 1557 777 1607 lta
789 1556 851 1608 rina
861 1572 895 1609 er
907 1556 971 1609 libi·

167 1632 231 1682 dine
241 1625 505 1692 hauriuntur,atque
514 1623 600 1677 etiam
611 1624 973 1695 praemioinritaturebrie·

166 1707 222 1761 tas,
233 1703 272 1759 et,
283 1698 308 1747 si
319 1696 373 1747 diis
384 1694 483 1762 placet,
495 1696 606 1747 entitur.
641 1694 729 1757 illius,
749 1703 781 1747 ut
791 1703 921 1762 quantum
933 1695 973 1746 bi·

166 1767 241 1821 berit
252 1772 361 1817 tuntum
373 1762 449 1826 edat,
464 1763 585 1830 pretium
604 1763 775 1817 rinolentiae
787 1764 850 1832 lege
860 1765 972 1831 accipit.

166 1838 245 1890 Alius
258 1840 392 1905 quantum
403 1834 467 1885 alea
478 1833 640 1899 quaesierit,
657 1839 768 1885 tantum
779 1835 858 1886 bibit.
895 1836 974 1886 'l‘une

166 1904 243 1959 aridi
254 1911 409 1957 matronam
429 1902 506 1954 oculi
517 1902 648 1966 licentur,
669 1917 771 1971 graves
782 1903 902 1970 produnt
915 1919 972 1955 ma·

166 1974 237 2029 rito:
250 1980 317 2025 tunc
328 1972 414 2025 animi
425 1977 537 2024 secreta
549 1971 737 2041 proferuntur.
757 1973 811 2026 niti
822 1980 972 2026 testamen·

166 2052 198 2098 ta
208 2058 259 2095 sua
269 2048 441 2109 nuncupant:
463 2041 514 2092 alii
524 2042 672 2094 mortifera
685 2042 845 2104 loquuntur,
866 2042 972 2093 reditu.

165 2129 214 2167 ras
234 2127 270 2165 ue
279 2126 328 2180 per
336 2110 460 2177 iugulum
467 2122 550 2159 voces
561 2121 615 2158 non
628 2106 972 2174 eontinent,quammultis

165 2183 209 2236 ita
220 2178 385 2233 interemtis.
417 2176 565 2243 vulgoque
574 2177 679 2230 veritas
689 2175 744 2228 iam
757 2178 895 2229 attributa
906 2178 971 2228 vino

167 2258 222 2306 est.
256 2250 366 2301 interca
377 2252 409 2299 ut
430 2247 536 2329 optime
551 2245 642 2307 cedat,
663 2242 757 2298 Solem
769 2246 905 2299 orientem
917 2261 971 2298 non

166 2320 271 2381 rident,
283 2334 316 2372 ac
327 2317 418 2369 minus
429 2315 478 2368 dru
487 2317 594 2368 vivunt.
630 2315 707 2367 ilinc
723 2315 823 2382 pallor,
844 2323 872 2370 ιι
884 2330 971 2383 genae

187 2390 315 2452 endulue,
325 2386 471 2441 oculorum
482 2384 606 2448 hulcera,
616 2385 754 2438 tremulae
765 2401 873 2448 munus,
884 2383 972 2437 elion·

166 2405 265 2514 flentes
279 2459 361 2526 plena
375 2470 451 2519 vass,
471 2462 500 2508 et
516 2459 599 2523 (quae
610 2454 647 2506 sit
660 2469 751 2522 poena
761 2458 905 2523 praesens)
926 2453 970 2505 lu·

163 2530 251 2583 riales
259 2527 361 2592 sonrni,
370 2524 518 2591 etinquies
529 2526 890 2592 noctumu,pruemiumque
900 2537 973 2574 sum·

1767 369 1824 429 181

1028 513 1125 568 didere
1141 514 1175 568 L.
1186 514 1317 568 Pisonem
1335 514 1418 568 Urbis
1439 515 1544 570 Romae
1565 530 1647 570 curae
1664 518 1699 570 ab
1711 531 1744 570 eo
1756 515 1830 571 dele·

1029 591 1114 649 ctum,
1134 586 1207 652 quod
1228 584 1313 639 biduo
1332 585 1496 653 duabusque
1515 587 1827 654 noctibusperpotatio·

1028 668 1091 706 nem
1102 653 1291 707 continuasset
1310 656 1383 723 apud
1405 656 1495 723 ipsum
1507 655 1562 706 inm
1576 657 1739 723 principem.
1769 655 1829 708 Nec

1028 722 1086 776 alio
1098 722 1187 790 magls
1200 722 1306 775 [irrisus
1316 726 1419 777 Cacsar·
1429 739 1610 792 regenerasse
1620 732 1728 792 patrem
1740 726 1827 778 'l'ibe-

1027 792 1099 845 rium
1122 791 1273 844 terebatur.
1310 794 1453 861 Torquato
1474 793 1829 862 1·aragloria(quandoct

1027 860 1096 914 haee
1107 875 1153 913 ars
1163 862 1222 912 suis
1232 860 1342 929 legibus
1363 869 1484 926 constat)
1505 878 1559 915 non
1570 863 1680 916 labasse
1691 878 1827 927 sermone,

1026 946 1082 983 non
1102 930 1224 984 leuatum
1247 931 1408 994 vomitione,
1428 947 1485 982 non
1500 933 1592 984 altera
1603 932 1728 999 corporis
1738 941 1828 1001 parte,

1027 999 1093 1051 dum
1114 1000 1235 1053 biberet:
1258 1001 1411 1052 matutinas
1424 1000 1517 1054 obisse
1537 1002 1657 1070 vigilias,
1678 1001 1828 1069 plurimum

1026 1069 1155 1123 hausisse
1165 1086 1221 1123 uno
1233 1079 1316 1137 potu:
1337 1069 1486 1136 plurimum
1507 1080 1652 1138 praeterea
1662 1073 1726 1124 aliis
1738 1072 1826 1123 mino-

1025 1140 1104 1192 ribus
1115 1139 1270 1192 addidisse:
1290 1141 1396 1207 optima
1415 1138 1470 1191 lide
1488 1155 1542 1191 non
1553 1142 1706 1208 respirasse
1717 1141 1745 1192 in
1756 1140 1827 1193 hau·

1026 1209 1135 1273 riendo,
1156 1224 1245 1276 neque
1258 1210 1419 1277 exspuisse:
1440 1207 1564 1277 nihilque
1584 1211 1788 1263 ad‘elidendum
1799 1210 1828 1262 in

1064 1280 1192 1332 rinrentis
1202 1294 1301 1330 sonum
1314 1294 1348 1331 ex
1360 1281 1423 1330 rino
1434 1278 1594 1345 reliquisse,
1617 1278 1743 1349 diligenti
1754 1280 1827 1332 scito

1014 1294 1118 1469 ἶξςιιιιι
1136 1356 1234 1399 contra
1252 1348 1364 1400 bibendi
1384 1345 1524 1399 fallacias.
1559 1349 1688 1416 'tergilla
1699 1349 1828 1402 Ciceroni

1058 1454 1065 1467 .
1077 1417 1107 1469 F.
1118 1419 1198 1469 binos
1210 1418 1324 1484 congios
1335 1418 1419 1470 sinrul
1438 1415 1552 1469 haurire
1563 1416 1676 1469 solitum
1688 1418 1743 1538 ipsi
1755 1420 1825 1472 obii·

1026 1489 1077 1539 eit:
1099 1488 1253 1556 Marcoque
1263 1488 1399 1554 norippne
1420 1502 1438 1539 a
1458 1486 1610 1537 temulento
1627 1502 1695 1554 scyp
1716 1504 1761 1539 um
1779 1490 1828 1540 inr-

1026 1562 1147 1623 pactum.
1173 1528 1363 1609 Etenimlraec
1375 1564 1439 1607 sunt
1451 1556 1597 1609 ebrietatis
1608 1571 1702 1622 opera.
1721 1556 1776 1609 Sed
1787 1561 1828 1610 ni·

1026 1626 1124 1677 mirum
1138 1625 1207 1677 hane
1236 1626 1333 1677 loriam
1346 1625 1457 1678 aulerre
1467 1627 1564 1678 Cicero
1572 1624 1829 1679 roluitinterlecto·

1025 1695 1051 1746 ιι
1063 1695 1206 1762 patrissui
1249 1734 1255 1747 .
1267 1697 1397 1748 Antonio.
1431 1697 1457 1747 ls
1468 1695 1541 1748 enim
1551 1701 1617 1747 ante
1627 1709 1690 1748 cunr
1702 1695 1828 1748 aridissi-

1025 1778 1069 1816 me
1079 1763 1303 1832 apprehenderat
1318 1764 1389 1817 hanc
1400 1766 1530 1831 palmam,
1553 1764 1629 1816 edito
1649 1765 1735 1817 etiam
1751 1763 1829 1816 rolu-

1024 1831 1099 1886 mlne
1111 1834 1208 1886 desua
1220 1835 1372 1887 ebrietate:
1396 1848 1450 1900 quo
1471 1834 1644 1902 patrocinari
1663 1833 1717 1886 sibl
1738 1848 1829 1896 ausus,

1025 1904 1194 1970 approbarit
1204 1905 1286 1971 plane
1297 1904 1345 1974 (ut
1355 1903 1483 1972 equidem
1496 1903 1629 1967 arbitror)
1639 1910 1743 1971 quanta
1754 1903 1829 1955 naula

1025 1986 1075 2039 per
1095 1975 1287 2026 temulentiam
1310 1982 1448 2025 terrarum
1459 1974 1520 2025 orbi
1530 1974 1682 2026 intulisset.
1718 1974 1828 2043 Exiguo

1025 2048 1153 2103 tempora
1173 2050 1239 2092 anta
1262 2044 1402 2103 proellum
1416 2043 1561 2094 Actiacum
1577 2043 1606 2095 id
1622 2043 1752 2098 rolumen
1765 2059 1829 2096 ero-

1025 2108 1109 2158 muit:
1125 2122 1180 2174 quo
1193 2106 1276 2159 facile
1287 2107 1463 2176 intelligatur
1474 2110 1566 2162 ebrius
1579 2110 1635 2162 iam
1646 2111 1781 2180 sanguine
1793 2116 1830 2165 ci·

1026 2176 1110 2239 rium,
1127 2181 1156 2228 et
1166 2182 1246 2228 tanto
1257 2178 1346 2246 magis
1359 2192 1421 2230 eum
1437 2178 1546 2231 sitiens.
1582 2180 1709 2250 Namque
1721 2190 1748 2235 et
1761 2182 1829 2235 haec

1024 2245 1180 2298 necessitas
1191 2248 1290 2298 sitium
1301 2247 1460 2311 comitatur,
1480 2255 1511 2299 ut
1530 2247 1644 2301 bibendi
1655 2252 1836 2315 consuetudo,

1024 2323 1129 2383 augeat
1139 2316 1312 2369 ariditatem.
1349 2316 1509 2385 Scitumquc
1520 2324 1563 2370 ιιι
1574 2318 1740 2385 Scytharum
1753 2322 1829 2391 lega·

1024 2385 1058 2449 ti,
1069 2393 1174 2453 quanto
1185 2385 1248 2452 plus
1258 2385 1389 2448 biberint,
1410 2394 1492 2439 tanto
1504 2388 1593 2456 iringis
1603 2389 1684 2443 sitire
1695 2390 1825 2444 Parthos.

1062 2455 1164 2508 xxm.
1175 2456 1228 2508 Est
1239 2456 1434 2508 et⁰eeidentis
1445 2457 1555 2523 populis
1566 2472 1618 2508 sua
1629 2458 1759 2523 ebrietas,
1774 2460 1829 2511 iru-

1025 2541 1060 2596 ge
1070 2523 1196 2576 madida:
1216 2524 1343 2590 pluribus
1365 2525 1454 2577 nrodis
1476 2541 1525 2592 per
1544 2524 1827 2595 Galliasliispsnins·

163 2615 240 2651 rarum
253 2596 400 2651 ebrietatis
418 2593 505 2644 libido
526 2598 698 2659 portentosa,
717 2606 751 2644 ac
762 2593 912 2645 iucundum
924 2606 971 2643 ne·

163 2667 217 2721 las.
255 2668 374 2719 Postera
383 2662 430 2713 die
442 2676 476 2712 cx
488 2675 537 2712 ore
550 2660 657 2712 balitus
668 2658 741 2724 cadi,
762 2676 796 2714 sc
806 2660 866 2715 fere
876 2674 969 2713 rerum

163 2737 290 2791 oninium
302 2729 418 2794 oblivio,
433 2743 561 2797 morsque
574 2728 734 2783 memoriae.
771 2731 919 2798 Raperese
930 2730 972 2782 ita

162 2808 250 2858 sitam
263 2800 438 2868 praedicunt,
458 2814 520 2850 cum
542 2801 664 2867 priorem
685 2799 759 2854 diem
771 2800 895 2869 quotidie
908 2814 969 2868 per·
1024 2804 1158 2870 nullaque
1168 2801 1197 2853 ln
1208 2804 1288 2868 parte
1299 2798 1392 2851 mundi
1404 2807 1496 2853 cessat
1506 2800 1641 2853 ebrietas:
1653 2807 1829 2874 merosquip·

164 2876 244 2937 dunt,
263 2869 307 2923 illi
318 2884 385 2922 vtro
399 2876 427 2920 tl
439 2869 603 2922 venientem·
1025 2890 1060 2942 pe
1071 2871 1202 2924 hauriunt
1214 2869 1286 2923 tales
1296 2885 1403 2934 succos,
1413 2885 1464 2923 nec
1476 2869 1619 2935 diluendo,
1631 2878 1664 2925 ut
1674 2874 1747 2938 rina,
1757 2875 1829 2927 miti·

199 2941 315 2997 Tiberio
327 2936 443 2991 Claudio
455 2938 580 3007 principe
593 2936 719 2991 nottho!
731 2950 820 2990 11111108
833 2936 882 2988 XL
892 2936 971 2989 intll-
1024 2949 1103 3013 gant.
1137 2945 1174 2994 lit
1184 2939 1312 2994 hercules
1326 2940 1386 2992 illie
1400 2939 1486 2991 telius
1495 2939 1592 3009 fruges
1603 2955 1702 3009 parere
1715 2944 1827 2999 rideba-

164 3019 267 3076 tutum,
282 3016 314 3063 ut
323 3008 411 3062 ieiuni
421 3007 559 3072 biberent,
573 3013 712 3076 potusque
721 3007 780 3059 rini
791 3006 971 3059 antecederet
1024 3020 1080 3065 tur.
1115 3012 1197 3072 ileu,
1228 3010 1300 3062 mira
1322 3010 1452 3061 vitiorum
1471 3009 1601 3062 solertia!
1626 3011 1766 3067 inventum
1786 3023 1829 3067 est

167 3078 393 3138 ciboszexternis
404 3074 497 3129 ethoc
507 3078 662 3140 artibus,ac
673 3075 845 3128 medicorum
859 3075 972 3143 placitis
1024 3078 1256 3148 quemadmodum
1278 3095 1351 3146 aqua
1371 3093 1480 3147 quoque
1490 3078 1651 3133 inebriaret.
1687 3082 1830 3136 nunaunt

166 3152 294 3207 novitate
304 3148 400 3215 aliqua
410 3162 473 3201 sese
484 3144 749 3200 commendantium.
779 3144 905 3197 Gloriam
919 3145 972 3197 hnc
1024 3151 1148 3217 liquores
1159 3148 1324 3216 corporibus
1345 3146 1474 3200 humanis
1490 3148 1655 3218 gratissimi,
1676 3151 1751 3204 intus
1763 3155 1829 3215 sini,

165 3224 272 3275 virtute
283 3217 379 3271 Parthi
388 3223 535 3284 quaerunt,
555 3217 658 3268 ronam
679 3214 752 3284 apud
764 3214 970 3268 Graecoshlci·
1023 3218 1095 3272 ioris
1117 3218 1184 3281 olei,
1206 3219 1336 3270 arborum
1357 3232 1372 3270 e
1390 3232 1491 3285 genere
1510 3218 1594 3270 sorbo
1606 3221 1757 3288 praecipui,
1777 3218 1841 3275 sed*

166 3289 264 3345 biades
275 3290 388 3349 meruit,
409 3285 483 3353 apud
498 3301 549 3339 nos
560 3299 715 3354 cognomen
726 3286 812 3338 etiarn
825 3284 971 3337 Novellius
1024 3287 1275 3341 oleinecessarius.
1305 3286 1498 3354 Neescgniter
1509 3287 1608 3342 vitain
1619 3303 1652 3342 eo
1663 3290 1827 3344 elaborarit.

166 3362 328 3428 Torquatus
339 3355 567 3417 ltlediolnnensls,
589 3354 625 3407 ad
636 3354 862 3422 proconsulatum
883 3369 972 3422 usque
1024 3362 1136 3423 Quanto
1147 3359 1278 3409 tamenin
1290 3356 1546 3425 potu-ingeniosior
1563 3360 1717 3424 apparebit,
1739 3360 1774 3412 ad
1786 3360 1827 3412 bi·

167 3424 491 3498 sprueturahonoribus
502 3425 600 3492 gestis,
622 3424 710 3476 tribus
723 3423 831 3492 congiis
847 3424 972 3487 (undeet
1024 3426 1145 3482 bendum
1165 3428 1313 3496 generibus
1335 3432 1448 3479 centum
1467 3427 1623 3497 nonaginta
1643 3432 1765 3497 quinque
1787 3430 1827 3491 (si

167 3513 321 3567 cognomen
333 3494 378 3546 illi
394 3493 459 3550 luit)
470 3494 561 3560 epotis
573 3508 628 3546 uno
640 3495 755 3562 impetu,
766 3499 912 3560 spectante
923 3494 973 3546 mi·
1024 3497 1133 3566 species
1144 3510 1211 3550 rero
1224 3497 1417 3558 aestimentur,
1428 3509 1515 3561 paene
1524 3495 1629 3563 duplici
1641 3498 1767 3561 numero)
1778 3514 1825 3551 er·

166 3568 257 3623 raculi
275 3566 370 3637 gratia
383 3564 428 3615 Ti.
441 3563 560 3616 Claudio
580 3563 714 3632 principe,
735 3564 766 3615 in
788 3570 901 3617 senecta
915 3567 971 3617 iam
1024 3566 1167 3643 cogitatis,
1186 3571 1320 3633 tantoque
1341 3564 1519 3634 paucioribus
1539 3565 1609 3620 olei:
1630 3565 1665 3619 de
1681 3583 1735 3634 qno
1748 3569 1828 3621 inse·

167 3651 275 3700 serere,
285 3644 369 3704 atque
383 3634 468 3686 ctiam
481 3648 565 3686 suero
577 3633 662 3686 alias:
681 3632 731 3686 sed
742 3636 803 3699 ipsa
812 3633 927 3686 iuventa
936 3632 972 3685 ad
1025 3635 1121 3706 quenti
1130 3634 1270 3689 rolumiuc
1283 3635 1416 3689 dicemus.

166 3721 276 3765 ιιιιιιι
286 3706 402 3776 pronior
411 3703 512 3757 luerat.
548 3703 645 3771 anue
664 3699 904 3756 commendatione
915 3717 973 3757 cre·

1025 2611 1087 2664 que,
1098 2593 1254 2645 nominibus
1264 2593 1337 2655 aliis,
1348 2593 1398 2645 sed
1409 2596 1517 2647 ratione
1527 2593 1634 2646 eadem.
1671 2596 1828 2665 Hispaniae

1024 2664 1081 2717 lam
1093 2668 1123 2717 ct
1133 2667 1300 2714 vetustatem
1313 2660 1388 2713 ferre
1399 2677 1434 2715 ea
1443 2676 1547 2731 genera
1559 2661 1721 2717 docuerunt.
1740 2667 1830 2734 Aegy.

1025 2741 1091 2804 ptus
1110 2745 1219 2801 quoque
1231 2746 1246 2782 e
1257 2730 1337 2799 lrugs
1356 2730 1411 2783 sibi
1422 2737 1504 2797 potus
1515 2730 1622 2783 similes
1642 2737 1828 2803 excogitavit:

340 3883 1463 3918 .....--..----—-———--—
1488 3896 1638 3906 ----

601 4028 650 4116 C.
709 4026 981 4112 PLlNll
1038 4027 1392 4115 SECUNDI

216 4205 949 4312 narniensis
1053 4207 1775 4311 Hlsrottrnu

762 4412 1044 4486 LIBER
1118 4412 1225 4488 XV.

877 4605 1124 4623 ῃ

167 4732 188 4786 l.
209 4696 329 4785 Ossan
344 4727 557 4797 Theophrastus
572 4725 972 4781 eceleberrimisGrsecorum
1025 4731 1145 4785 misisse.
1183 4728 1322 4783 llesiodus
1341 4741 1451 4798 quoque
1471 4728 1500 4782 in
1519 4726 1617 4796 primis
1628 4725 1733 4780 cultum
1745 4740 1825 4797 agro·

167 4800 431 4863 cenomannensis
445 4801 550 4853 Romae
560 4811 633 4850 anno
644 4797 915 4861 crrnserccccxu,
927 4815 973 4851 ne·
1024 4817 1085 4854 rum
1097 4801 1249 4855 docendam
1261 4800 1415 4853 arbitratus
1427 4800 1523 4863 vitam,
1533 4798 1647 4867 negarit
1658 4797 1737 4850 oleae
1748 4803 1824 4848 sato-
1886 4860 1891 4871 .

168 4873 247 4939 gavit
257 4873 311 4924 nisi
322 4872 397 4923 intra
408 4868 459 4924 XL
470 4869 560 4921 millis
573 4883 701 4935 omnum
713 4866 807 4920 amari
817 4868 910 4921 nasci:
921 4867 973 4921 Fe·
1024 4886 1085 4926 rem
1096 4870 1217 4925 tractum
1229 4886 1264 4924 cs
1277 4886 1311 4924 es
1321 4870 1484 4939 percepisse
1496 4882 1665 4937 quenquam:
1678 4865 1826 4919 tanrtarda

168 4941 288 4994 nestclla
305 4938 657 5003 rcroomninononluisse
673 4937 805 5000 initalia,
823 4937 971 5006 Hispania,
1023 4946 1091 4995 tunc
1111 4958 1157 4996 m
1177 4947 1248 4996 erar.
1283 4941 1319 4993 At
1339 4955 1412 4994 nunc
1433 4944 1517 4993 etiarn
1528 4940 1556 4991 in
1567 4938 1714 5007 plantariis
1723 4944 1827 4995 serunt,

169 5018 252 5081 atque
262 5011 366 5072 Africa,
385 5010 444 5062 Tar
463 5009 542 5061 uinio
553 5007 650 5061 l'risco
666 5012 812 5074 regnante,
832 5007 868 5059 ab
888 5008 972 5060 annis
1023 5012 1278 5078 translatarumque
1289 5010 1379 5063 altero
1389 5024 1462 5062 anno
1473 5010 1658 5074 decerpuntur
1667 5008 1779 5059 baccae.

168 5080 264 5149 populi
275 5078 394 5132 Romani
403 5025 552 5141 enititur,
572 5092 643 5147 quae
661 5093 734 5129 nunc
752 5076 879 5145 pervenit
889 5084 970 5131 trans
1061 5080 1095 5132 ll.
1113 5081 1253 5133 Fabianus
1265 5085 1350 5161 negat
1360 5080 1506 5147 prorenire
1516 5077 1544 5128 in
1561 5075 1754 5145 frigidissimis
1766 5073 1823 5156 ole-

169 5151 252 5218 Alpes
273 5163 395 5219 quoque,
414 5154 443 5202 et
463 5148 492 5200 in
504 5147 614 5200 Gallias
625 5146 834 5215 Hispaniasque
852 5148 969 5200 medias.
1024 5164 1079 5211 sm,
1099 5164 1188 5215 neque
1199 5149 1226 5200 ln
1237 5148 1420 5200 calidissimis.
1453 5148 1565 5201 Genera
1580 5160 1674 5198 earum
1688 5147 1743 5196 tria
1753 5141 1826 5193 desit

168 5216 971 5288 Urbisquidemannoquingentesimoquinto,rlppioClau·
1022 5216 1170 5285 Virgilius,
1181 5215 1312 5279 orchites,
1324 5223 1353 5270 et
1363 5216 1468 5279 radios,
1479 5223 1507 5268 et
1516 5214 1643 5282 pausias:
1653 5229 1704 5267 nec
1714 5208 1823 5287 deside·

169 5286 305 5343 diocseci
315 5294 427 5355 nepote,
437 5287 469 5339 L.
479 5287 559 5339 lunio
571 5288 649 5338 coss.
659 5285 714 5338 olei
726 5286 816 5338 librae
826 5285 971 5337 duodcrms
1022 5301 1086 5338 rare
1096 5292 1211 5347 rastros,
1222 5291 1272 5337 aut
1281 5285 1510 5349 falcesgullamre
1520 5298 1623 5337 euram.
1660 5283 1727 5336 Sine
1738 5278 1823 5331 dubw

168 5359 279 5411 assibus
288 5358 411 5411 veniere.
434 5356 472 5407 Et
482 5371 547 5408 mor
558 5370 630 5408 anno
640 5355 843 5409 sexcentesimo
854 5361 969 5421 octoga-
1023 5355 1092 5411 etin
1104 5355 1140 5406 iis
1151 5354 1241 5407 solum
1254 5357 1382 5418 maxime,
1398 5353 1561 5422 caelumque
1572 5351 1669 5405 refert.
1705 5349 1822 5401 Verum·

169 5426 240 5480 slmo
252 5429 293 5480 Μ.
303 5427 386 5481 Seius
396 5424 428 5476 ιι.
440 5424 472 5477 F.
482 5424 591 5478 Aedilis
601 5426 706 5478 curulis
718 5425 774 5479 olei
786 5425 872 5477 denas
883 5424 969 5476 libras
1022 5430 1116 5476 tamen
1126 5430 1155 5477 et
1166 5422 1329 5489 tondentur,
1349 5439 1411 5477 cum
1422 5430 1451 5477 et
1461 5423 1547 5477 vites:
1569 5428 1655 5488 atque
1675 5416 1758 5471 etism
1780 5412 1822 5463 in·

169 5496 285 5566 singulis
295 5497 405 5550 assibus
416 5496 558 5563 praestitit
568 5495 671 5562 populo
680 5497 806 5548 Romano
818 5508 867 5562 per
876 5498 968 5544 totam
1022 5490 1128 5547 terradi
1138 5492 1268 5563 gaudent.
1773 5551 1780 5563 ι

168 5578 280 5619 annum.
297 5565 391 5619 Minus
402 5578 436 5617 ea
446 5564 571 5625 miretur,
582 5566 628 5632 qui
638 5564 709 5616 sciat
720 5571 784 5631 post
794 5578 881 5615 annos
889 5560 969 5613 xxii
1057 5563 1234 5634 consequens
1244 5575 1340 5617 earum
1350 5560 1493 5613 vindemia
1502 5563 1605 5621 cst,ars
1645 5550 1715 5606 erel
1726 5565 1824 5611 maror,

169 5633 355 5708 cn.l’ompcli
371 5634 411 5688 1ss
431 5633 577 5689 cunsrdstu
595 5630 968 5704 oleumprorineitsltaliam
1022 5629 1079 5689 olei
1088 5639 1303 5702 nnsurenper
1550 5638 1591 5692 't
1621 5636 1675 5692 Ριθ
1685 5619 1760 5675 011ῖῦ
1770 5620 1823 5675 Μ·
