4340 6018
271 314 306 374 C.
340 310 489 377 cernit
530 310 736 383 sacuam
770 311 947 379 ‚narba
992 312 1182 377 Histoe.
1229 311 1396 375 timim
1432 312 1676 385 “PM-bd·
1744 318 1809 383 120

142 463 317 527 dumibus,
332 461 456 525 smihm,
477 461 708 530 capimtotoqus
718 459 953 529 eorporoalsui·

142 538 188 595 sis
197 536 279 593 iuxta
288 532 410 600 virisque
420 538 605 657 metarentur.
631 530 705 595 enta
716 532 860 587 maricam
869 530 953 587 :aaa

143 606 215 663 hnsl
236 603 312 668 Quid
328 603 409 657 undis
463 603 609 669 cribusque
620 617 682 655 oum
693 599 818 655 velleret
838 599 953 655 Nonne·

144 686 189 731 ote
200 673 305 741 recipit
314 671 383 727 haec
392 688 442 725 nos
452 688 546 725 rerum
557 680 667 735 natura,
677 670 731 723 nisi
743 669 842 725 nudos.
875 670 953 734 litto,

142 749 183 800 sit
193 749 275 798 tanta
284 744 375 795 ventri
385 758 446 795 cum
457 758 491 795 eo
500 742 632 803 ιιιιιιιι,
644 741 710 808 quid
717 738 841 811 tergori!
850 738 953 793 Parum

143 824 196 879 nst,
217 814 274 866 nisi
295 813 344 880 qui
363 814 502 864 vescimur
521 811 664 879 periculis,
685 810 772 863 ιιιιιι
792 811 952 865 vestiamur.

143 886 221 941 Adeo
234 898 285 952 per
296 889 388 934 totum
398 896 509 948 corpus,
519 882 615 937 anima
625 881 744 933 hominis
755 881 887 948 quaesita
895 895 954 933 ma·

143 957 218 1013 xime
248 954 352 1005 lacent.

180 1025 214 1077 bl
246 1060 253 1075 .
271 1018 441 1088 Principium
457 1034 524 1089 ergo
541 1019 706 1087 culmenque
722 1019 847 1071 omnium
860 1033 953 1073 rerum

144 1097 238 1163 pretii,
253 1091 424 1159 margaritae
436 1095 541 1144 tenent.
576 1089 688 1142 lndicus
698 1090 819 1143 maxime
829 1086 880 1142 has
890 1091 954 1141 mit·

143 1166 178 1218 tit
191 1177 323 1224 oceanus,
342 1162 418 1214 inter
427 1160 492 1212 illas
501 1159 609 1213 belluas
619 1160 690 1213 tales
702 1165 865 1228 tantasque,
883 1174 953 1227 quas

144 1229 953 1299 dirimanpertotmariarenientes,tamiongoterrarum

145 1309 247 1365 tractu,
268 1300 384 1354 stantis
395 1299 470 1352 Solis
480 1298 641 1353 ardoribus:
657 1306 742 1368 atquc
753 1299 832 1355 indis
843 1313 953 1367 quoque

144 1377 171 1426 in
182 1371 291 1425 insulas
302 1364 444 1438 petuntur,
456 1376 486 1422 et
496 1368 647 1421 admodum
657 1384 769 1436 paucas.
797 1368 952 1423 Fertiiissi·

145 1459 190 1497 ma
200 1446 245 1495 ιιι
256 1440 426 1508 Taprobane
436 1445 467 1493 et
479 1437 602 1503 Stoidis,
621 1445 653 1493 at
663 1440 784 1493 diximus
794 1439 824 1492 in
835 1438 954 1492 circuitu

144 1513 256 1568 mundi:
266 1512 337 1563 item
348 1509 489 1565 Perimula
499 1511 725 1577 promontorium
734 1509 839 1563 indiae.
868 1509 952 1562 Prae·

146 1584 224 1650 cipue
237 1586 330 1701 autgm
340 1578 491 1633 laudantur
500 1578 717 1635 circaArahism
725 1579 756 1633 in
766 1578 879 1637 Persico
890 1578 954 1631 sinu

145 1651 233 1705 muris
243 1651 284 1703 llu
305 1650 340 1701 ri.

181 1721 270 1789 Origo
290 1726 376 1788 atque
397 1719 529 1788 genitura
544 1721 668 1776 conchae
686 1725 731 1774 est
748 1718 822 1772 haud
833 1718 952 1771 muitum

146 1796 302 1843 ostrearum
314 1788 429 1841 conchis
440 1789 581 1845 differens.
611 1793 672 1845 Has
684 1791 733 1843 ubi
744 1788 875 1858 genitalis
887 1789 955 1839 anni

145 1860 333 1913 stimulaverit
342 1856 420 1921 hora,
440 1860 595 1927 pandentes
605 1877 668 1914 sese
678 1861 799 1927 quadam
812 1858 954 1910 oscitatio·

145 1946 188 1993 ne,
198 1929 309 1996 implori
320 1928 431 1982 roscido
442 1937 579 1998 conceptu
589 1930 715 1994 tradant,
733 1927 866 1999 gravidas
878 1933 953 1994 post-

146 2016 179 2051 ea
203 1999 268 2060 niti,
298 2006 463 2066 partumque
491 1999 660 2053 concharum
685 2014 748 2053 asse
777 1998 954 2067 margaritas,

145 2084 194 2191 gro
207 2068 343 2137 qualitate
352 2070 425 2121 roris
437 2072 562 2138 accepti:
581 2073 605 2123 si
618 2085 704 2137 purus
713 2069 869 2131 induxerit,
889 2083 953 2120 can·

164 2153 242 2191 orem
254 2138 392 2204 conspici:
413 2139 516 2192 sivero
534 2140 677 2204 turbidus,
697 2147 726 2193 et
739 2138 848 2192 loetum
860 2138 954 2190 sorde·

146 2223 236 2261 scere:
248 2208 365 2260 eundern
374 2209 490 2277 pallere,
502 2210 580 2262 caelo
592 2211 717 2263 minante
728 2216 907 2276 conceptuum
920 2220 954 2258 ex

145 2293 179 2330 eo
189 2280 294 2348 quippe
305 2287 444 2343 constare,
457 2280 582 2347 caelique
593 2280 633 2333 eis
644 2279 779 2332 maiorem
789 2277 953 2330 societatem

145 2364 216 2412 esse,
236 2363 317 2415 quam
328 2349 429 2401 maris:
451 2348 516 2401 inde
528 2349 654 2402 nubilum
666 2348 741 2401 trahi
751 2348 884 2409 colorem,
905 2350 955 2399 aut

143 2432 195 2484 pro
208 2417 340 2471 claritate
357 2418 496 2471 matutina
511 2435 650 2472 serenum.
687 2419 716 2471 si
734 2420 897 2485 tempestive
908 2431 951 2466 sa·

144 2487 262 2551 tientur,
272 2487 457 2556 grandescere
468 2496 497 2540 ct
507 2497 614 2556 partus.
626 2488 656 2540 Si
668 2484 954 2556 fulguret,comprinri

144 2554 281 2620 conchas,
302 2573 334 2608 ac
345 2572 394 2622 pro
406 2557 505 2608 ieiunii
521 2556 605 2607 modo
617 2558 714 2608 minui.
751 2557 782 2607 Si
792 2571 857 2607 rero
868 2556 953 2606 ctiam

144 2629 282 2688 tonuerit,
301 2626 418 2690 pavidas
433 2638 466 2674 sc
481 2632 595 2691 repente
616 2639 804 2691 compressas,
824 2638 895 2689 quae
908 2638 955 2671 rn-

145 2702 210 2747 cant
221 2693 388 2760 physemata
401 2688 524 2756 allicere,
546 2694 666 2758 speciem
681 2691 765 2745 modo
780 2691 858 2743 inani
874 2690 954 2741 iniia-

144 2772 202 2816 tam
215 2762 277 2811 sinc
289 2774 418 2825 corpore:
431 2759 481 2811 hos
492 2776 551 2814 esse
563 2761 730 2814 concharum
740 2760 866 2813 ubertus.
889 2758 956 2811 Sani

142 2830 260 2899 quidem
273 2835 368 2894 partus
380 2830 529 2895 multiplici
545 2837 675 2883 constant
692 2836 769 2893 cute,
789 2845 844 2881 non
855 2829 955 2894 impro·

139 2903 207 2968 prie
223 2896 324 2949 callum
344 2903 376 2949 ut
387 2900 539 2951 existimari
557 2901 684 2968 corporis
695 2900 799 2967 possit:
820 2900 915 2966 itaquo
926 2904 955 2950 et

143 2971 301 3036 purgantur
320 2981 338 3017 a
357 2966 467 3032 peritis.
503 2970 595 3021 Miror
611 2971 673 3037 ipso
691 2977 799 3021 tantum
816 2968 954 3021 cascaelo

144 3037 279 3106 gaudere,
300 3034 367 3088 Sole
377 3039 539 3102 rubescere,
562 3039 768 3105 candoremque
781 3037 905 3104 perdere,
923 3043 955 3088 ut

143 3121 246 3175 corpus
259 3103 418 3160 humanum.
436 3109 530 3171 Quare
540 3110 722 3177 praecipuum
734 3107 896 3158 custodiunt
906 3121 953 3173 pe·

144 3178 248 3244 lagiae,
261 3175 347 3228 altius
358 3192 475 3240 mersae,
486 3192 568 3244 quam
581 3184 612 3229 ut
624 3183 771 3246 penetrent
780 3176 863 3228 radii.
890 3176 954 3227 Fla·

144 3251 259 3299 rescunt
270 3250 367 3298 tamen
377 3252 406 3299 et
417 3248 485 3299 illae
495 3254 617 3311 senecta,
632 3249 762 3316 rugisque
777 3254 953 3312 torpescunt:

145 3329 196 3368 nec
205 3312 261 3365 nisi
272 3314 302 3366 in
313 3314 427 3367 iuventa
436 3324 547 3368 constat
558 3317 615 3380 ille,
636 3321 681 3384 qui
692 3317 846 3384 quaeritur,
866 3314 954 3382 vigor.

146 3383 327 3436 crassescunt
345 3384 430 3436 etiam
451 3385 480 3434 in
494 3394 619 3448 senecta,
644 3386 809 3454 conchisque
823 3385 955 3438 adhaere·

146 3460 241 3505 scunt:
264 3468 316 3504 nec
327 3450 371 3503 his
383 3451 467 3505 avelli
479 3463 592 3519 queunt,
604 3454 656 3506 nisi
668 3455 743 3506 lima.
781 3456 889 3516 Quibus
901 3469 956 3505 una

147 3529 254 3573 tantum
266 3528 311 3574 ιιι
322 3519 421 3587 facies,
440 3528 468 3573 et
479 3523 515 3574 ab
527 3538 562 3575 ea
572 3524 740 3585 rotunditas,
751 3521 857 3573 aversis
868 3522 955 3587 plani·

148 3592 209 3654 ties,
219 3592 255 3644 ob
267 3591 294 3642 id
308 3593 455 3659 tympania
465 3594 651 3645 nominantur.
682 3590 869 3645 cohaerentes
881 3589 953 3642 ridi·

149 3676 207 3713 mus
218 3661 249 3713 in
259 3661 382 3726 conchis,
394 3661 446 3714 hac
457 3661 522 3715 dote
533 3667 675 3731 unguenta
685 3660 954 3714 circumferentibus.

148 3731 249 3783 Cetera
269 3732 298 3785 in
320 3747 392 3800 aqua
407 3733 501 3785 mollis
518 3732 594 3795 nnio,
615 3740 742 3785 exemtus
756 3733 883 3797 protinus
906 3729 956 3780 da·

147 3801 239 3853 rescit.

180 3869 240 3924 LV·
256 3871 443 3939 consumpse
454 3887 635 3925 cummanum
647 3870 731 3935 videt,
741 3870 900 3937 comprimit
910 3885 955 3922 se·

148 3953 186 4000 se,
204 3940 355 4007 operitque
368 3957 434 4007 opes
445 3957 520 4002 suas,
540 3957 627 4009 gnara
639 3948 753 4009 propter
764 3940 827 3992 illas
836 3957 868 3992 se
883 3940 953 4009 peti:

148 4022 312 4076 manumque
322 4010 346 4060 si
358 4011 526 4078 praeveniat,
534 4012 594 4064 acie
606 4027 659 4063 ιιι
669 4010 817 4071 abscindit,
827 4010 904 4067 nulla
915 4010 955 4060 iu·

147 4078 233 4129 stiore
246 4093 349 4145 poena:
372 4087 400 4133 et
411 4079 590 4133 aliismunita
601 4081 757 4148 suppliciis:
770 4082 871 4148 quippe
881 4081 955 4132 inter

147 4148 278 4214 scopulos
298 4148 393 4201 maior
411 4164 475 4215 pars
490 4151 641 4203 invenitur:
662 4151 713 4205 sed
728 4153 757 4204 in
771 4150 832 4203 alto
844 4164 954 4217 quoque

147 4216 319 4269 comitantur
329 4218 445 4271 marinis
464 4220 592 4272 canibus:
614 4230 772 4284 nectamcn
782 4236 863 4272 aures
877 4220 954 4272 ιἰιιί·

145 4299 248 4335 narum
260 4294 394 4338 arcentur,
431 4288 548 4350 Quidam
560 4290 688 4353 tradunt,
707 4291 780 4341 sicut
792 4290 900 4355 apibus,
913 4290 954 4340 ita

147 4350 320 4404 concharum
338 4358 510 4411 examinibus
527 4360 651 4425 singulas
669 4360 860 4428 magnitudine
871 4365 954 4410 etre-

146 4427 257 4475 tustate
267 4425 438 4491 praecipuas,
460 4445 520 4481 esse
536 4429 623 4481 veluti
636 4428 738 4491 duces,
761 4428 849 4479 mirae
861 4428 896 4478 ad
909 4442 953 4479 ca-

146 4492 269 4551 rendum
280 4493 424 4549 solertiae:
437 4496 485 4549 has
498 4499 668 4550 urinantium
679 4512 746 4549 cura
756 4500 826 4564 peti:
838 4496 895 4547 illis
906 4512 951 4547 ca·

146 4562 211 4627 ptis,
233 4562 319 4616 facile
330 4573 438 4620 ceteras
451 4568 578 4635 palantes
591 4570 698 4619 retibus
707 4565 823 4619 includi.
860 4565 953 4617 Multo

147 4629 247 4685 deinde
267 4633 377 4687 obrutis
399 4637 458 4689 sale
479 4644 508 4689 in
526 4639 601 4689 rasis
617 4637 757 4700 fictilibus,
778 4651 952 4688 erosacarne

147 4702 231 4763 omni,
251 4704 366 4757 nucleos
378 4707 513 4772 quosdam
524 4723 680 4775 corporum,
702 4704 754 4759 hoc
765 4712 817 4769 est,
834 4705 952 4757 uniones

147 4766 393 4827 decidereinima.

181 4839 254 4895 LVI.
273 4842 330 4894 Usu
342 4847 426 4897 atteri
438 4862 492 4898 non
504 4845 616 4898 dubium
628 4854 678 4912 ιιι,
696 4846 873 4913 coloremque
885 4845 954 4897 indi·

147 4908 268 4977 ligentia
278 4920 397 4967 mutare.
436 4914 494 4968 Dos
506 4917 594 4968 omnis
605 4917 633 4968 in
645 4917 775 4978 candore,
786 4916 953 4983 magnitudi-

146 4993 189 5041 no,
200 4982 277 5042 orbe,
288 4980 413 5047 laevore,
431 4984 563 5051 pondere,
587 4985 661 5039 haud
674 4986 793 5053 promtis
806 4986 907 5049 rebus:
924 4988 952 5037 in

145 5052 254 5102 tantum
266 5058 298 5103 ut
309 5052 380 5105 nulli
392 5052 448 5107 duo
458 5056 632 5121 reperiantur
643 5056 802 5109 indiscreti:
819 5057 892 5108 unde
902 5071 952 5108 no·

144 5132 208 5170 men
225 5120 361 5174 unionum
377 5123 519 5177 Romanae
541 5126 649 5179 scilicet
659 5127 817 5193 imposuere
828 5124 953 5179 deliciae.

143 5185 216 5241 Nam
226 5189 257 5243 id
268 5191 345 5258 apud
353 5193 478 5247 Graecos
488 5209 542 5245 non
555 5201 608 5260 ιιι,
619 5212 653 5249 ne
664 5195 735 5262 apud
742 5194 884 5249 Barbaros
895 5195 955 5263 qui·

143 5255 206 5309 dem
219 5260 382 5317 inventores
395 5267 454 5316 eius
466 5263 551 5327 aliud,
573 5280 653 5333 quam
665 5266 845 5334 margaritae.
881 5266 917 5317 Et
927 5267 955 5317 in

143 5329 266 5383 madore
289 5334 350 5400 ipso
372 5349 398 5385 m
439 5350 475 5386 na
496 5332 668 5387 differentia:
690 5334 794 5388 clarior
813 5335 843 5386 in
857 5333 953 5386 Rubro

145 5400 218 5452 mari
228 5403 363 5467 repertis:
380 5402 412 5455 ln
433 5406 490 5456 icos
501 5404 688 5470 specularium
698 5404 822 5472 lapidum
837 5418 955 5471 squama

140 5468 301 5534 ιιιίιιιιιιι,
312 5471 384 5525 alias
394 5472 588 5541 magnitudine
600 5474 811 5543 praecellentes.
841 5471 953 5527 Summa

139 5535 206 5590 laus
219 5540 325 5593 coloris
337 5550 381 5595 cst
393 5542 599 5599 exaluminatos
610 5545 714 5598 vocari.
742 5544 780 5595 Et
790 5541 954 5611 proceriori·

139 5605 432 5681 bussusgratiaest:
455 5612 586 5668 elenchos
596 5615 741 5685 appellent
749 5611 886 5684 fastigata
894 5611 953 5667 lon·

176 5670 274 5735 Pars.
292 5680 391 5737 llisr.
412 5696 532 5737 sirum

1087 463 1140 527 ἰι,
1161 463 1370 521 mineorum
1389 463 1481 532 ligura
1495 462 1525 515 in
1541 463 1698 531 pleniorum
1715 465 1811 531 urban

1056 532 1063 544 ”
1085 540 1172 589 cales·
1207 535 1270 586 iios
1279 534 1378 603 digitis
1387 533 1566 601 suspendere,
1582 540 1611 585 et
1620 534 1703 586 binos
1713 550 1747 589 ac
1758 543 1813 591 ter·

1004 616 1055 657 nos
1064 601 1190 666 auribus,
1201 601 1366 657 feminarum
1377 604 1529 672 gloriaest.
1547 600 1674 655 Subeunt
1683 603 1811 661 luxurias
1873 644 1876 655 .

1004 673 1199 734 eiusuomina,
1218 679 1247 725 et
1259 674 1368 736 taedia,
1388 670 1649 739 exquisitaperdito
1662 682 1810 740 nepotata:
1832 683 1836 692 '

1003 741 1143 810 siquidem
1155 756 1217 794 cum
1228 742 1256 793 id
1265 742 1368 806 iecere,
1388 740 1508 795 crotalia
1519 742 1672 809 appeliant,
1681 759 1732 797 ceu
1740 759 1811 799 sono

1006 826 1116 881 quoque
1127 810 1278 880 gaudeant,
1289 820 1318 865 et
1328 812 1427 865 ιιιιιιι
1437 813 1500 880 ipso
1510 814 1737 882 margaritarum.
1763 811 1810 866 Al·

1005 885 1168 949 leetantqae
1178 881 1236 933 iam
1246 888 1277 935 et
1289 896 1437 948 pauperes,
1454 883 1585 939 lictorem
1593 883 1714 937 laminae
1724 884 1754 936 in
1765 899 1813 951 pu·

1007 952 1080 1005 blico
1093 952 1226 1019 unionem
1236 966 1298 1003 esse
1307 951 1476 1005 dictitantes.
1500 955 1575 1018 Quin
1587 953 1750 1021 etpedibus,
1762 969 1813 1006 nec

1006 1038 1054 1077 cre
1073 1020 1180 1073 idarum
1200 1028 1310 1073 tantum
1330 1021 1511 1089 obstragulis,
1531 1024 1580 1077 sed
1602 1023 1670 1077 totis
1691 1023 1811 1076 socculis

1004 1036 1124 1146 adibunt.
1159 1090 1256 1159 Neque
1266 1091 1340 1143 enim
1353 1096 1464 1158 gestare
1480 1094 1535 1144 iam
1548 1093 1735 1160 margaritas,
1756 1093 1812 1147 nisi

1006 1163 1126 1226 calcent,
1136 1176 1169 1214 ac
1180 1176 1229 1229 per
1239 1160 1357 1213 uniones
1367 1160 1452 1212 etiam
1463 1161 1614 1226 ambtdent,
1624 1164 1694 1214 satis
1705 1169 1758 1216 est.

1041 1233 1073 1284 ln
1087 1238 1186 1285 nostro
1201 1232 1274 1284 mari
1290 1230 1412 1297 reperiri
1427 1230 1574 1294 solebant,
1596 1232 1721 1285 crebrius
1737 1234 1812 1285 circa

1005 1300 1183 1370 Bosphorum
1194 1300 1354 1363 Thracium,
1368 1300 1421 1352 ruli
1433 1315 1465 1352 ιι
1476 1302 1555 1367 parri
1566 1303 1593 1352 in
1605 1299 1725 1364 conchis,
1742 1316 1812 1371 quas

1007 1388 1087 1440 myas
1100 1372 1253 1440 appellant.
1288 1372 1324 1424 At
1337 1372 1368 1423 in
1379 1369 1533 1424 Acarnania
1543 1384 1616 1435 quae
1626 1378 1742 1423 romtur
1751 1374 1811 1439 pin-

1006 1458 1044 1497 ne
1058 1442 1158 1509 gignit.
1195 1443 1257 1505 Quo
1276 1447 1394 1508 apparet
1414 1455 1470 1495 non
1492 1454 1548 1491 uno
1568 1437 1690 1493 conchae
1710 1455 1813 1507 genere

1006 1515 1093 1567 nasci.
1112 1512 1238 1580 Namque
1250 1517 1279 1564 ιι
1289 1511 1358 1565 iuba
1369 1510 1465 1572 tradit,
1486 1508 1615 1563 Arabicis
1626 1508 1759 1561 concham
1771 1526 1813 1567 es·

1006 1598 1038 1636 se
1048 1580 1170 1635 similem
1181 1582 1288 1648 pectini
1299 1582 1416 1644 insecta,
1433 1577 1571 1633 hirsutam
1581 1577 1744 1631 echinorum
1755 1593 1812 1633 mo·

1007 1653 1058 1717 du,
1069 1652 1160 1719 ipsunt
1171 1652 1302 1704 unionem
1312 1652 1341 1705 in
1352 1665 1443 1712 carne,
1455 1648 1585 1717 grandini
1595 1647 1726 1699 similem.
1744 1649 1813 1699 Con·

1007 1722 1076 1777 chae
1088 1738 1143 1775 non
1154 1720 1226 1775 tales
1237 1722 1273 1773 ad
1286 1738 1336 1773 nos
1347 1719 1511 1775 afferuntur.
1547 1717 1607 1771 Nec
1616 1716 1645 1768 in
1658 1717 1814 1770 Acarnania

1006 1800 1100 1846 autern
1110 1792 1219 1844 laudati
1229 1791 1418 1857 reperiuntur,
1430 1803 1558 1839 enormes
1569 1795 1598 1839 et
1609 1784 1672 1848 ieri,
1693 1785 1814 1838 coloris-

1007 1876 1060 1928 que
1070 1861 1228 1912 marnrorei.
1258 1859 1391 1911 Meliores
1403 1858 1479 1911 circs
1488 1857 1606 1917 Actium,
1616 1855 1665 1906 sed
1677 1860 1706 1906 ιι
1717 1854 1745 1907 hi
1754 1869 1815 1922 par·

1006 1931 1047 1982 vi:
1066 1936 1094 1982 et
1104 1930 1134 1980 in
1144 1928 1334 1980 Mauritaniae
1345 1926 1503 1979 maritimis.
1532 1921 1691 1978 Alexander
1700 1923 1815 1991 Polyhi·

1006 2007 1068 2053 stor
1079 2005 1108 2052 ot
1120 1996 1239 2052 Sudines
1248 2012 1393 2052 senescere
1404 2012 1453 2051 eos
1464 1993 1815 2063 putant,coloremquecx·

1006 2086 1020 2121 s
1041 2084 1124 2122 trare.

1021 2085 1128 2192 l'hl'lh
1140 2137 1245 2190 Eorum
1257 2151 1358 2205 corpus
1368 2136 1488 2189 solidum
1501 2149 1563 2187 esse
1572 2132 1754 2188 manifestam
1763 2142 1815 2200 est,

1007 2208 1083 2277 quod
1094 2207 1172 2259 nulio
1184 2207 1266 2275 lapsu
1277 2207 1452 2275 franguntur.
1481 2204 1545 2258 Non
1556 2211 1651 2257 autem
1662 2219 1774 2273 semper
1784 2206 1815 2259 in

1006 2277 1099 2332 media
1113 2292 1197 2330 carno
1217 2277 1405 2345 reperiuntur,
1426 2274 1476 2329 sed
1488 2274 1553 2327 aliis
1563 2281 1648 2341 atque
1659 2274 1723 2326 aliis
1734 2275 1813 2329 locis.

1008 2347 1190 2414 vidimusque
1200 2346 1257 2399 iam
1269 2349 1298 2399 in
1310 2346 1444 2400 extremis
1456 2345 1542 2397 etiam
1554 2344 1725 2413 marginibus
1735 2347 1815 2398 velut

1007 2417 1114 2470 concha
1134 2422 1290 2470 excuntes:
1313 2422 1341 2469 et
1359 2417 1389 2468 in
1409 2413 1575 2483 quibusdan:
1588 2422 1740 2482 quaternos
1751 2415 1813 2482 qui·

1006 2501 1121 2553 ιοιιιι.
1151 2484 1263 2539 Pondus
1275 2485 1311 2538 ad
1322 2483 1375 2538 hoc
1386 2486 1450 2537 aevi
1459 2484 1618 2537 semunciae
1630 2484 1709 2552 pauci
1720 2483 1814 2552 singu·

1006 2556 1042 2607 lis
1063 2557 1202 2622 scrupulis
1221 2569 1376 2608 excessere.
1405 2555 1434 2606 ln
1447 2553 1596 2605 Britannia
1616 2560 1814 2633 parvosetque

1008 2623 1154 2676 decolores
1175 2622 1252 2674 nasci
1273 2629 1378 2675 certum
1400 2628 1458 2674 est:
1482 2623 1611 2687 quonism
1623 2621 1813 2673 Divusiulrus

1007 2691 1160 2755 thoracem,
1182 2707 1263 2759 quem
1275 2689 1379 2744 Veneri
1388 2689 1525 2742 Genitrici
1542 2690 1571 2740 in
1587 2689 1691 2755 templo
1703 2690 1763 2741 cius
1775 2689 1814 2742 di·

1008 2761 1091 2822 cavit,
1115 2774 1150 2812 ex
1161 2761 1333 2813 Britannicis
1349 2758 1510 2827 margaritis
1520 2758 1629 2811 iactum
1640 2758 1763 2813 voluerit
1773 2760 1814 2813 in·

1007 2831 1067 2884 telli
1089 2831 1108 2882 i.

1041 2846 1141 2953 abui.
1158 2899 1283 2953 Lolliam
1293 2898 1449 2962 Paulinam,
1461 2913 1534 2966 quae
1546 2895 1599 2948 luis
1609 2896 1671 2951 caii
1680 2896 1813 2966 principis

1007 2978 1144 3033 matrona,
1163 2974 1283 3023 neserlo
1295 2968 1416 3035 quidem,
1437 2976 1486 3020 aut
1497 2968 1614 3020 solemni
1630 2969 1812 3023 caerimonia·

1006 3055 1067 3091 rum
1079 3040 1174 3107 aliquo
1187 3046 1332 3106 apparata,
1343 3037 1392 3089 sed
1404 3035 1585 3088 mediocrium
1597 3037 1682 3089 etiam
1695 3052 1812 3103 sponsu·

1006 3110 1075 3161 lium
1088 3125 1191 3170 coena,
1212 3108 1269 3159 vidi
1280 3107 1436 3175 smaragdis
1448 3105 1665 3173 margaritisque
1676 3115 1813 3172 opertam,

1007 3178 1117 3231 alterno
1128 3184 1207 3232 textu
1220 3176 1402 3244 fulgentibus,
1411 3182 1474 3227 toto
1485 3175 1586 3241 capite,
1608 3172 1739 3238 crinibus,
1757 3178 1812 3243 spi·

1007 3263 1048 3310 ra,
1059 3248 1184 3310 auribus,
1196 3246 1280 3309 collo,
1292 3245 1450 3307 monilibus,
1471 3243 1637 3311 digitisque:
1658 3258 1729 3310 quae
1739 3260 1812 3296 sunr-

1008 3332 1054 3368 ma
1064 3317 1292 3385 quadringenties
1303 3315 1393 3369 H-S.
1406 3314 1568 3380 colligebat:
1589 3312 1652 3377 ipsa
1663 3313 1811 3366 confestim

1009 3393 1108 3455 parata
1127 3385 1369 3450 mancupationem
1381 3382 1486 3436 tabulis
1507 3382 1633 3447 probare.
1669 3381 1813 3435 Necdonn

1009 3453 1120 3520 prodigi
1133 3452 1266 3519 principis
1277 3452 1398 3515 fuerant,
1406 3451 1455 3503 sed
1468 3452 1561 3501 aritae
1573 3464 1648 3516 opes,
1659 3452 1814 3516 provincia·

1007 3538 1068 3574 rum
1079 3522 1190 3574 scilicet
1200 3523 1298 3588 spoliis
1311 3528 1416 3587 partae.
1453 3521 1508 3571 iiic
1519 3526 1562 3571 est
1577 3520 1739 3586 rapinarum
1751 3522 1811 3574 exi·

1008 3599 1067 3644 tus:
1089 3590 1142 3643 hoc
1152 3592 1206 3644 luit
1216 3607 1301 3659 quare
1311 3591 1350 3641 M.
1362 3589 1472 3642 Lollius
1483 3588 1635 3641 infamatus
1646 3604 1743 3657 regum
1756 3606 1814 3643 nru-

1008 3662 1161 3715 neribusin
1174 3668 1237 3714 toto
1249 3663 1372 3722 oriente,
1392 3658 1543 3711 interdicta
1563 3658 1691 3711 amicitia
1710 3675 1728 3711 a
1744 3661 1812 3713 Caio

1008 3734 1127 3784 Caesare
1137 3730 1253 3799 Augusti
1264 3732 1322 3783 lilio
1333 3744 1466 3782 venenum
1478 3728 1597 3792 biberet,
1609 3734 1639 3780 ut
1649 3728 1741 3796 neptis
1750 3731 1812 3783 eius

1008 3799 1330 3868 quadringentiesll-S.
1338 3805 1437 3867 operta
1445 3800 1665 3863 spectareturad
1674 3802 1812 3853 lucernas.

1008 3873 1157 3937 Computet
1168 3886 1240 3923 nunc
1251 3858 1352 3937 dliquis
1364 3883 1398 3923 ex
1410 3870 1500 3921 altera
1512 3877 1600 3938 parte,
1612 3876 1746 3939 quantum
1758 3874 1812 3924 cu·

1007 3941 1066 3993 rius
1079 3947 1127 3993 aut
1137 3940 1282 3993 Fabricius
1293 3941 1322 3991 in
1335 3938 1483 4006 triumphis
1493 3939 1624 3992 tulerint:
1636 3941 1811 4009 imaginetur

1006 4011 1121 4063 illorum
1142 4009 1263 4073 fercula3
1284 4017 1313 4062 ιι
1329 4025 1364 4061 ex
1375 4009 1466 4061 altera
1484 4017 1564 4075 parte
1576 4008 1709 4073 Lolliam,
1728 4025 1810 4063 unam

1007 4080 1118 4148 imperii
1137 4080 1329 4133 mulierculam
1352 4079 1551 4131 accubantem:
1572 4094 1627 4130 nun
1648 4080 1714 4131 ilios
1728 4093 1811 4130 curru

1007 4150 1160 4213 detractos,
1172 4166 1253 4219 quam
1265 4150 1294 4201 in
1305 4147 1358 4201 hoc
1369 4149 1471 4200 vicisse
1484 4147 1563 4199 malit
1574 4148 1585 4198 l

1042 4220 1101 4273 Nec
1123 4219 1192 4272 haec
1211 4234 1320 4271 summa
1338 4218 1468 4270 luxuriae
1487 4215 1617 4281 exempla
1636 4224 1710 4268 sunt.
1747 4214 1811 4267 Duo

1006 4289 1084 4341 luera
1100 4289 1215 4341 maximi
1235 4292 1350 4341 uniones
1366 4301 1415 4353 per
1428 4301 1510 4339 omne
1528 4299 1642 4337 aerum:
1662 4293 1811 4354 utrumque

1006 4358 1131 4426 possedit
1141 4360 1308 4424 Cleopatra,
1329 4358 1446 4424 Aegypti
1469 4354 1630 4421 reginarum
1650 4356 1811 4417 norissima,

1006 4443 1056 4494 per
1068 4443 1166 4478 manus
1178 4427 1299 4479 Orientis
1309 4439 1406 4491 regum
1417 4424 1473 4477 sibi
1484 4423 1613 4477 traditos.
1648 4427 1738 4492 ilaec,
1749 4441 1811 4481 cum

1006 4496 1153 4563 exquisitis
1166 4496 1290 4565 quotidie
1300 4495 1435 4548 Antonius
1447 4494 1625 4563 saginaretur
1645 4498 1745 4566 epulis,
1767 4511 1812 4549 su·

1006 4565 1092 4634 perbo
1114 4564 1196 4617 simul
1217 4581 1250 4618 sc
1269 4565 1381 4633 procaci
1402 4563 1487 4629 fastu,
1510 4570 1650 4637 utregina
1668 4569 1812 4629 meretrix,
1886 4608 1893 4619 .

1006 4636 1145 4688 lautitiam
1168 4637 1227 4688 eius
1258 4650 1369 4688 onmem
1390 4644 1612 4705 apparatumque
1634 4637 1811 4699 obtrectans,

1006 4711 1157 4774 quaerente
1167 4720 1200 4757 eo
1212 4706 1277 4773 quid
1287 4705 1398 4758 adstrui
1410 4710 1632 4775 magnificentiae
1642 4717 1747 4777 posset,
1767 4724 1810 4760 ιι-

1005 4775 1134 4844 spondit,
1155 4790 1213 4827 una
1230 4792 1262 4829 se
1282 4792 1369 4829 coena
1387 4780 1493 4831 ιιιιιιι
1509 4778 1602 4831 H-S.
1614 4780 1811 4832 absumturam.

1006 4845 1144 4912 Cupiebat
1164 4844 1271 4900 discere
1281 4846 1425 4912 Antonius,
1446 4848 1496 4901 sed
1507 4849 1568 4900 lieri
1580 4863 1662 4915 posse
1671 4864 1725 4902 non
1736 4847 1810 4902 arbi·

1005 4918 1142 4969 trabatur.
1180 4916 1256 4985 Ergo
1266 4917 1462 4986 sponsionibus
1473 4918 1564 4981 lactis,
1575 4927 1689 4986 postero
1702 4919 1746 4970 die
1757 4934 1810 4985 qun

1005 4982 1137 5039 iudicium
1185 4989 1291 5047 absim,
1302 4988 1479 5056 magnificam
1490 4989 1561 5041 alias
1572 5004 1696 5052 coenam,
1707 5004 1741 5041 ne
1753 4987 1812 5039 dies

1005 5059 1119 5124 periret,
1130 5001 1184 5109 sib
1191 5058 1384 5124 quotidianam
1395 5059 1515 5111 Antonio
1528 5061 1672 5125 apposuit,
1693 5057 1812 5111 irriden-

1006 5128 1038 5188 ti,
1050 5127 1343 5195 computationemqne
1359 5128 1560 5194 expostulanti.
1589 5130 1623 5180 At
1634 5128 1684 5179 ills
1694 5126 1811 5179 corolla·

1006 5198 1077 5249 rium
1088 5195 1116 5247 id
1129 5211 1199 5259 esse,
1221 5203 1466 5252 etconsumturam
1485 5211 1547 5251 eam
1565 5211 1679 5251 coenam
1690 5195 1811 5249 taxatio·

1007 5281 1068 5319 nem
1080 5265 1255 5331 confirmans,
1279 5267 1424 5334 solamque
1442 5282 1472 5318 se
1483 5266 1588 5317 centies
1609 5264 1810 5317 ll-S.coene·

1007 5343 1108 5396 turam,
1119 5334 1220 5387 inferri
1231 5351 1354 5390 mensam
1366 5335 1515 5388 secundam
1524 5335 1614 5387 iussit.
1649 5335 1691 5385 Ex
1701 5342 1812 5395 pratee·

1006 5411 1054 5472 pto
1066 5404 1188 5456 ministri
1199 5421 1282 5458 unum
1292 5412 1401 5459 tantum
1412 5420 1462 5459 vus
1472 5408 1607 5457 antaeum
1620 5412 1736 5467 posuero
1747 5409 1811 5449 ace·

1006 5474 1038 5537 ti,
1058 5473 1137 5526 culus
1146 5476 1284 5542 asperitas
1293 5475 1390 5528 ιίιιιι
1402 5475 1429 5525 in
1440 5474 1532 5525 tabem
1545 5466 1711 5535 margaritas
1724 5465 1812 5519 resol-

1006 5544 1055 5596 vit,
1091 5542 1216 5599 Gerebat
1235 5560 1274 5597 gp<
1509 5537 1563 5589 ἰιι
1576 5532 1719 5601 singulare
1729 5533 1820 5600 illud,

1007 5620 1034 5667 et
1045 5629 1110 5671 rere
1119 5615 1254 5669 ιιιιιιιι
1558 5618 1563 5623 “
1578 5605 1815 5667 “sublimim-
