4374 6014
325 215 389 278 406
441 208 473 270 C.
500 207 657 272 PLlNll
687 204 902 268 SECUNDI
928 199 1102 263 NATUR.
1129 194 1630 260 111sroabla.xxxvi.
1664 199 1761 259 CAl’.
1783 200 1878 262 8-14.

326 364 451 419 lumnam
461 360 601 425 habuisse,
617 365 713 412 omnes
723 350 830 409 solidas
842 369 857 406 e
869 351 1000 421 Carystio
1010 356 1060 404 aut
1069 350 1125 404 Lu·

330 437 439 558 neNd‘il.
459 495 636 565 M.Lepidus,
644 491 736 546 Catuli
746 491 775 542 in
788 490 931 543 consulatu
944 490 1062 557 collega,
1071 488 1127 555 pri·

332 590 394 627 mus
405 569 527 624 omnium
540 566 680 620 liminaea
693 560 839 613 Numidico
851 574 989 612 marmore
1005 561 1033 609 in
1044 559 1127 610 domo

332 642 427 712 posuit
447 652 546 705 magna
567 631 790 700 reprehensione.
826 632 852 681 ls
873 630 927 681 luit
943 628 1126 681 consulauno

332 711 415 764 Urbis
436 704 609 759 nebxxvl.
647 703 710 753 tloc
732 700 850 767 primum
872 699 974 750 invecti
990 697 1129 750 Numidici

320 775 480 834 marmoris
491 773 638 841 vestigium
652 770 770 831 inrenio,
782 783 836 820 non
850 769 877 819 in
890 769 1024 820 columnis
1036 774 1128 818 tamea

331 848 474 906 crustisre,
485 849 612 909 utsupra
624 840 760 906 Carystii:
779 838 828 890 sed
840 838 867 889 in
879 852 971 889 massa
982 853 1014 888 ac
1025 836 1127 887 vilissi-

333 934 378 970 mo
389 913 525 964 -liminum
548 927 609 962 usu.
646 910 712 960 Post
730 906 803 959 hunc
815 907 949 974 Lepidum
965 906 1052 958 ferme
1064 922 1130 973 qua·

331 982 457 1038 drienoio
468 982 500 1034 1..
512 980 646 1034 Lucullus
657 978 754 1031 consul
765 978 834 1039 luit,
857 977 904 1044 qui
916 991 1014 1028 nonren
1028 980 1072 1043 (ut
1084 991 1130 1042 ap·

350 1060 410 1107 aret
421 1055 510 1113 exre)
528 1051 662 1103 Luculleo
676 1047 808 1099 marmori
819 1045 907 1108 dedit,
924 1044 1072 1097 admodum
1085 1045 1131 1095 de·

330 1070 450 1178 iactatus
475 1121 539 1173 illo:
564 1120 725 1187 primusque
746 1116 862 1167 Romam
887 1114 1010 1177 invexit,
1038 1120 1131 1165 atrum

331 1193 454 1261 alioqui,
476 1206 535 1243 cum
549 1198 643 1242 cetera
654 1186 770 1237 maculis
783 1191 831 1236 aut
843 1184 982 1236 coloribus
995 1199 1131 1235 comnren·

331 1263 442 1315 dentur.
459 1260 590 1312 Nascitur
599 1265 691 1310 autem
703 1255 793 1307 inNili
804 1253 903 1316 insula,
914 1254 1059 1321 solumque
1069 1268 1132 1319 pac·

334 1348 368 1384 ne
390 1331 487 1382 horum
507 1342 676 1381 marmorum
699 1325 733 1377 ab
753 1329 879 1375 curatore
898 1337 998 1375 nomen
1014 1324 1130 1388 accepit.

329 1403 407 1455 luter
417 1399 469 1452 hos
481 1399 614 1466 primum,
635 1402 667 1448 ut
679 1394 807 1455 arbitror,
829 1406 999 1445 marmoreos
1009 1393 1131 1459 parietes

331 1470 430 1523 habuit
442 1485 526 1521 scena
538 1469 576 1519 Μ.
587 1467 693 1528 Scauri,
715 1479 770 1516 non
790 1463 875 1515 facile
895 1462 1013 1515 dixerim
1033 1470 1132 1525 sectos,

332 1556 367 1594 au
387 1538 486 1592 solidis
505 1538 596 1607 glebis
613 1535 726 1602 positos,
746 1534 830 1586 sicuti
842 1531 1062 1585 esthodielovis
1074 1532 1131 1582 To-

334 1610 428 1663 nantis
439 1605 523 1660 aedes
535 1608 564 1658 in
573 1606 722 1672 Capitolio.
749 1602 881 1656 Nondum
892 1603 967 1657 euim
978 1602 1046 1655 secti
1059 1615 1132 1653 mar·

333 1679 420 1732 moris
430 1676 552 1747 uestigia
562 1677 707 1728 inuenerat
719 1674 809 1726 ltalia.
842 1731 847 1741 ,

367 1749 415 1802 lx.
427 1746 482 1799 Sed
492 1747 615 1815 quisquis
626 1748 742 1813 primum
755 1744 860 1795 inuenit
869 1756 974 1804 secare,
985 1739 1134 1793 luxuriam·

333 1834 387 1889 que
398 1815 530 1878 (lividere,
550 1816 701 1883 importuni
712 1814 817 1882 ingenii
829 1812 891 1863 tuit.
928 1813 1018 1864 Arena
1029 1808 1081 1860 hoc
1093 1810 1133 1871 lit,

334 1899 363 1942 et
385 1887 459 1940 l'erro
478 1885 590 1938 videtur
609 1885 677 1947 lieri,
697 1899 775 1937 serra
789 1885 820 1933 iu
830 1883 974 1949 praetenui
987 1880 1060 1931 linea
1072 1894 1132 1945 prc-

335 1963 430 2009 meute
450 1970 559 2017 arenas,
583 1953 791 2019 versandoque,
815 1957 908 2004 tractu
927 1952 989 2017 ipso
1011 1955 1133 2001 secante.

333 2024 497 2091 Aethiopica
508 2026 543 2076 ad
554 2023 623 2075 haee
633 2023 754 2074 maxime
766 2022 908 2088 probatur.
943 2019 1013 2072 Nam
1025 2018 1051 2070 id
1064 2033 1132 2085 quo-

334 2110 386 2162 quc
396 2094 520 2154 accessit,
540 2097 573 2143 ut
583 2092 618 2144 ad
629 2090 779 2157 Aethiopas
791 2105 877 2156 usque
888 2094 1039 2156 peteretur,
1059 2086 1133 2156 quod

334 2164 441 2216 faceret
451 2176 602 2213 marmora:
614 2162 699 2210 immo
710 2175 776 2211 aero
787 2159 816 2210 io
828 2159 917 2220 lodus,
932 2172 986 2226 quo
998 2157 1135 2225 margori-

334 2243 378 2285 tus
400 2245 510 2299 quoquo
535 2230 594 2297 peti
622 2232 726 2281 severis
748 2230 870 2280 moribus
898 2227 1041 2295 indignum
1064 2231 1133 2277 erat.

334 2302 413 2353 Haec
437 2302 561 2368 proxime
583 2299 724 2352 laudatur.
762 2298 875 2349 Mollior
885 2302 987 2357 tamen,
1007 2295 1136 2362 quaeAe·

336 2370 469 2436 thiupicu.
490 2370 560 2421 ‘illa
569 2369 645 2419 nulla
654 2366 787 2419 scabritie
797 2371 882 2418 secat.
920 2365 1015 2415 ludica
1026 2380 1079 2415 asin
1091 2377 1135 2415 ae·

355 2456 388 2491 ue
409 2438 544 2506 laevigat:
567 2437 617 2490 sed
639 2451 674 2489 eu
692 2436 836 2488 combusta
846 2435 984 2502 polientes
997 2447 1136 2484 marmora

335 2458 439 2563 Nicone
450 2509 588 2560 iubentur.
611 2505 708 2558 Simile
719 2513 747 2558 et
758 2505 865 2557 Naxiae
875 2505 973 2556 sitium
986 2510 1036 2566 est,
1046 2509 1075 2555 et
1085 2503 1135 2553 Co·

334 2578 415 2648 ptidi,
436 2593 506 2646 quae
524 2577 796 2643 vocaturAegyptia.
832 2575 912 2626 Haec
931 2572 1137 2639 luereantiqua

336 2662 440 2718 genera
458 2646 642 2699 marmoribus
664 2643 801 2697 secandis.
838 2643 939 2696 Postea
960 2648 1074 2709 reperta
1093 2648 1136 2694 est

335 2733 420 2770 arena
431 2731 485 2768 non
497 2716 587 2768 nriuus
598 2715 749 2784 probanda,
761 2730 794 2766 ex
806 2713 926 2779 quodam
935 2712 1070 2764 Adriatici
1081 2725 1137 2762 ma·

333 2788 374 2838 ris
385 2785 470 2849 rado,
478 2792 558 2837 aestu
569 2786 699 2846 nudante,
711 2784 905 2836 obseruatione
916 2798 970 2834 non
982 2782 1069 2834 facili.
1079 2781 1137 2831 lam

335 2857 445 2923 quidem
460 2870 623 2921 quacunque
644 2869 728 2904 arena
752 2867 847 2905 secare
869 2869 884 2905 e
904 2851 1137 2904 fluviisomoibus

334 2924 413 2977 lruus
424 2923 563 2976 artificum
575 2939 643 2975 ausa
653 2929 707 2973 est:
719 2923 794 2988 quod
805 2921 980 2989 dispendium
988 2920 1136 2972 admodum

333 2996 416 3061 pauci
437 2991 605 3059 intelligunt.
642 2992 771 3044 Crassior
791 2994 864 3042 enim
884 2990 1136 3043 arenaiaxioribus

337 3061 489 3129 segmentis
502 3064 577 3123 terit,
598 3067 627 3112 et
638 3060 700 3127 plus
712 3058 802 3111 erodit
814 3060 971 3122 marmoris,
991 3060 1136 3126 maiusque

338 3129 552 3198 opusscabrltia
569 3130 708 3196 politurae
729 3129 870 3195 relinquit.
908 3131 1055 3180 ltasectae
1068 3134 1137 3180 atte-

337 3207 460 3255 nuantur
470 3205 589 3252 crustae.
626 3199 787 3266 Rursusque
798 3196 942 3250 Thebaica
953 3197 1082 3265 polituris
1093 3212 1137 3248 ac·

338 3270 541 3333 commodatur,
553 3277 581 3322 et
589 3283 660 3338 quae
671 3270 701 3320 lit
712 3285 727 3322 e
738 3283 806 3336 poro
817 3267 921 3336 lapide,
933 3274 982 3319 aut
993 3283 1008 3320 e
1019 3269 1135 3335 pumice.

370 3342 405 3393 X.
426 3340 518 3407 Signis
530 3356 545 3392 e
557 3354 694 3393 marmore
704 3339 851 3406 poliendis,
865 3336 1039 3407 gemmisque
1051 3338 1136 3390 etiam

336 3409 505 3476 sculpendis,
523 3415 608 3475 utque
622 3407 760 3470 limandis,
771 3408 891 3461 Naxium
901 3407 947 3459 diu
959 3408 1063 3475 placuit
1073 3413 1137 3459 ante

1179 350 1367 418 quantislibet
1387 347 1509 401 molibus
1529 347 1677 402 caedendis
1692 349 1837 403 sufficiunt
1855 350 1985 420 lapicidi-

1180 438 1241 474 nae.
1270 420 1387 472 Statuas
1399 434 1434 472 ex
1445 434 1479 472 eo
1489 418 1606 471 Claudio
1618 420 1731 470 Caesari
1744 429 1913 487 procurator
1922 423 1984 475 eius

1180 494 1206 543 in
1218 492 1312 544 urbem
1326 505 1361 542 ex
1371 491 1500 556 Aegypto
1524 487 1785 541 adrexitllitrasius
1795 490 1904 554 Pollio,
1926 506 1985 543 non

1181 561 1329 613 admodum
1341 560 1461 627 probata
1472 557 1606 608 novitate.
1625 555 1710 608 Neruo
1722 566 1798 610 cer-tc
1810 568 1911 625 postea
1920 561 1985 612 imi·

1180 635 1320 683 tatusest.
1356 628 1468 679 irruenit
1490 626 1588 678 eadem
1609 626 1751 693 Aegyptus
1770 628 1799 679 iu
1821 629 1985 697 Aethiopia,

1181 714 1263 768 quens
1275 704 1377 751 rocam
1388 696 1527 756 basaltes,
1548 696 1631 747 ferrei
1642 695 1744 747 coloris
1754 704 1839 763 atque
1849 698 1985 753 duritiae.

1182 769 1258 822 Unde
1270 776 1298 824 et
1309 782 1410 819 uonren
1421 767 1447 817 ei
1459 764 1545 818 dedit
1570 763 1717 831 Nunquam
1731 764 1775 817 hie
1785 769 1873 821 uraior
1885 780 1995 836 reperi

1181 848 1227 892 tus
1239 845 1292 903 est,
1306 852 1387 907 quam
1399 837 1427 887 in
1440 835 1542 901 templo
1555 833 1637 886 Pacis
1648 835 1683 885 ah
1695 836 1865 902 imperatore
1877 840 1989 906 Vespa·

1182 911 1263 963 siano
1275 912 1399 976 Augusto
1410 905 1529 957 dicatus:
1552 909 1720 972 argumento
1731 905 1798 967 Nili,
1810 904 1861 957 XV
1863 908 1875 957 l
1885 907 1988 959 liboris

1183 981 1259 1032 circa
1269 976 1439 1036 ludentibus,
1450 989 1499 1041 per
1511 989 1582 1043 quos
1593 972 1711 1025 totidem
1725 975 1820 1027 cubita
1831 977 1929 1028 summi
1941 978 1985 1030 in·

1185 1050 1318 1102 crenreoti
1340 1048 1469 1112 augentis
1480 1060 1510 1096 ae
1522 1044 1612 1095 amnis
1626 1042 1828 1109 intelliguntur.
1866 1045 1927 1098 Noa
1938 1048 1985 1099 ah·

1184 1118 1285 1172 similis
1306 1115 1349 1167 illi
1371 1119 1502 1166 narratur
1522 1113 1550 1164 in
1562 1111 1667 1165 'l'hehis
1681 1112 1798 1166 delubro
1808 1114 1930 1183 Serapis,
1951 1122 1986 1168 ut

1204 1192 1283 1239 utant
1294 1185 1449 1237 Memnonis
1460 1191 1570 1236 statuae
1585 1183 1706 1235 dicatus:
1727 1199 1808 1252 quens
1820 1185 1983 1251 quotidiano

1184 1203 1259 1309 Nolis
1270 1262 1334 1307 ortu
1346 1259 1506 1306 contactum
1521 1254 1606 1305 radiis
1618 1268 1732 1321 crepare
1744 1254 1849 1307 dieunt.

1219 1324 1279 1377 Xll.
1302 1322 1445 1391 onychem
1467 1324 1551 1375 etiam
1571 1331 1630 1375 tum
1648 1323 1677 1375 in
1695 1325 1814 1377 Arabiae
1832 1318 1983 1389 montibus,

1184 1392 1983 1529 tit.lzl⁰latllilr²⁸t0llrt‘tllrtttitt‘lz

1184 1535 1277 1595 lactis,
1296 1533 1361 1583 deiu
1373 1531 1490 1597 pedibus
1500 1531 1635 1583 lectorum
1649 1530 1796 1597 sellisque:
1816 1532 1910 1600 Nepos
1920 1535 1984 1585 Cor·

1185 1604 1276 1658 neilus
1287 1601 1377 1653 tradit
1387 1616 1487 1722 ιιιειὶηο
1497 1599 1584 1653 luisse
1594 1601 1746 1663 miraculo,
1768 1617 1829 1653 cum
1841 1601 1871 1653 P.
1882 1603 1984 1655 Lentu·

1184 1674 1352 1740 lusSpinter
1372 1686 1434 1737 amp
1457 1686 1520 1723 oras
1542 1684 1575 1721 ex
1596 1668 1771 1723 eoChiorum
1791 1673 1983 1739 magnitudine

1186 1744 1318 1797 cadorum
1330 1739 1516 1795 ostendisset:
1528 1746 1592 1806 post
1603 1742 1817 1807 quinquennium
1830 1742 1984 1795 deiudetri·

1187 1814 1265 1881 ginta
1275 1812 1393 1863 duorum
1416 1810 1517 1876 pedum
1528 1809 1704 1877 longitudine
1726 1810 1869 1862 columnas
1880 1812 1983 1863 uidisse

1186 1900 1225 1936 se.
1262 1880 1409 1932 variatum
1432 1881 1460 1930 in
1481 1878 1534 1930 hoc
1554 1879 1646 1947 lapide
1663 1887 1820 1946 posteaest.
1856 1880 1984 1947 Namque

1187 1968 1235 2021 pro
1246 1949 1382 2003 miraculo
1395 1948 1633 2016 insigni,quatuor
1644 1950 1764 2000 orodieas
1774 1949 1799 1999 in
1811 1947 1922 2000 theatro
1929 1965 1983 2000 suu

1187 2020 1333 2074 Cornelius
1345 2019 1450 2070 Balbus
1462 2019 1565 2085 posuit
1592 2019 1649 2070 Nos
1659 2019 1806 2085 ampliores
1817 2018 1935 2087 triginta
1945 2019 1985 2070 ri·

1187 2093 1276 2143 diosus
1287 2090 1315 2140 in
1329 2089 1504 2150 coenatione,
1528 2103 1609 2155 quam
1621 2088 1754 2140 Callistus
1766 2089 1893 2140 Caesaris
1903 2089 1984 2141 Clau·

1186 2162 1227 2212 dii
1249 2160 1414 2212 libertorum
1436 2159 1563 2224 potentia
1583 2164 1664 2210 notos
1679 2158 1733 2210 sibi
1745 2157 1986 2211 exaedificaverat.

1187 2229 1270 2279 Hunc
1281 2227 1370 2296 aliqui
1380 2227 1499 2293 lapidem
1518 2227 1701 2279 alabastriten
1712 2234 1830 2291 vocant,
1850 2242 1930 2294 quent
1942 2244 1987 2279 cs·

1186 2305 1252 2349 rant
1271 2294 1306 2347 ad
1324 2300 1595 2366 rasaunguentaria,
1616 2299 1742 2363 quoniam
1754 2298 1859 2363 optime
1870 2312 1987 2349 serrare

1186 2370 1349 2432 incorrupta
1359 2364 1470 2418 dicitur.
1507 2367 1582 2420 idem
1593 2373 1703 2419 exustus
1715 2366 1873 2433 emplastris
1884 2379 1987 2419 conve·

1188 2440 1238 2489 ait.
1255 2435 1386 2487 Nascitur
1398 2435 1475 2487 eirea
1483 2436 1594 2489 Thebas
1604 2437 1766 2505 Aegyptias,
1776 2442 1805 2486 et
1815 2435 1986 2487 Damascum

1188 2507 1297 2575 Syriae.
1333 2505 1389 2556 Hie
1399 2506 1500 2558 ceteris
1519 2504 1676 2558 candidior:
1699 2505 1908 2573 probatissimus
1917 2519 1986 2557 vero

1188 2578 1215 2627 in
1228 2575 1384 2635 Carmania,
1405 2590 1469 2627 mox
1480 2575 1508 2626 io
1520 2576 1610 2628 ludia:
1633 2576 1688 2627 iam
1700 2573 1810 2642 quidem
1823 2582 1852 2627 et
1862 2575 1891 2625 in
1902 2573 1988 2641 Syria
2065 2626 2069 2635 ,

1188 2646 1318 2713 Asiaque.
1355 2643 1513 2696 vilissimus
1536 2653 1630 2698 autem
1652 2653 1681 2698 et
1700 2649 1760 2697 sine
1777 2645 1835 2696 ullo
1854 2645 1986 2697 nitorein

1190 2713 1372 2783 Cappadocia.
1409 2713 1567 2768 Probantur
1582 2730 1663 2782 quam
1675 2715 1794 2769 maxime
1805 2713 1898 2766 mellei
1910 2713 1985 2765 colo·

1190 2786 1237 2847 ris,
1248 2788 1276 2836 iu
1288 2783 1407 2836 vertices
1419 2784 1553 2836 maculosi
1563 2794 1648 2852 atque
1659 2799 1713 2836 non
1726 2782 1900 2836 translucidi.
1912 2782 1987 2835 Vitia

1188 2856 1216 2907 in
1227 2855 1272 2918 iis,
1283 2868 1398 2907 corneus
1411 2854 1489 2906 color
1498 2859 1547 2904 aut
1559 2854 1703 2918 candidus,
1713 2859 1741 2906 et
1751 2853 1885 2922 quidquid
1895 2852 1986 2905 simile

1188 2926 1259 2976 vitro
1272 2930 1324 2975 est.
1636 2964 1641 2973 .

1222 2993 1295 3045 Xlll.
1313 2990 1427 3043 Paulum
1451 2990 1556 3045 distare
1578 2990 1613 3043 ab
1630 3006 1664 3044 eo
1675 2994 1703 3043 in
1714 2999 1919 3060 unguentorum
1930 2990 1984 3044 Ado

1189 3063 1270 3115 multi
1281 3061 1443 3115 existimant
1451 3060 1598 3130 Lygdinos
1611 3065 1639 3115 in
1651 3063 1723 3115 Paro
1734 3068 1875 3132 repertos:
1888 3060 1982 3128 ampli-

1189 3134 1293 3195 tudine,
1314 3147 1370 3199 qua
1379 3131 1474 3184 lances
1486 3141 1664 3200 craterasque
1675 3148 1730 3185 uon
1743 3133 1889 3195 excedant,
1905 3140 1986 3185 autea

1189 3219 1225 3255 ex
1234 3202 1336 3256 Arabia
1346 3208 1454 3253 tantum
1466 3201 1567 3254 advehi
1578 3203 1687 3265 solitos,
1703 3203 1835 3256 candoris
1847 3201 1950 3255 eximii.

1223 3273 1342 3340 Magnus
1353 3278 1382 3324 et
1392 3271 1499 3323 duobus
1510 3273 1669 3326 contrariae
1687 3273 1762 3325 inter
1772 3288 1802 3326 se
1812 3277 1927 3325 naturae
1938 3270 1986 3324 ho·

1189 3357 1257 3394 nos:
1279 3342 1433 3394 coralitico
1444 3342 1472 3394 iu
1483 3344 1548 3394 Asia
1558 3350 1680 3410 reperto,
1691 3358 1836 3397 mensurae
1846 3357 1902 3395 non
1912 3341 1987 3393 ultra

1188 3413 1256 3464 bina
1266 3411 1369 3473 cubita,
1390 3411 1511 3463 madore
1524 3415 1651 3479 proximo
1664 3413 1758 3477 ebori,
1779 3419 1807 3466 et
1819 3413 1937 3482 quadam
1948 3410 1985 3463 si·

336 3480 405 3529 alia:
414 3480 456 3530 ita
465 3485 601 3530 vocantur
612 3483 689 3530 cotes
702 3479 729 3527 in
741 3480 835 3545 Cypro
847 3479 939 3529 insula
948 3479 1068 3548 genitae.
1088 3477 1137 3529 Vi·
1189 3480 1355 3533 militudinc.
1392 3483 1415 3533 E
1428 3480 1539 3534 diverso
1555 3483 1635 3551 niger
1645 3489 1688 3534 est
1698 3483 1885 3535 Alabandicus
1895 3489 1986 3534 terrae

336 3562 400 3600 cere
410 3554 509 3616 postea
519 3562 553 3598 ex
565 3549 693 3600 Armenia
704 3553 808 3600 rectae.
1189 3567 1257 3604 suae
1271 3551 1394 3613 nourine,
1416 3565 1573 3618 quanquam
1586 3559 1615 3604 et
1626 3552 1718 3605 Mileti
1731 3568 1857 3616 nascens,
1879 3552 1913 3604 ad
1924 3565 1987 3618 pur·

370 3615 420 3667 xl.
437 3615 609 3667 hlarmorunr
620 3632 726 3684 genera
745 3623 773 3668 et
793 3617 903 3670 colores
914 3632 969 3667 uon
981 3617 1084 3668 attinet
1096 3614 1137 3667 di·
1190 3636 1285 3688 puram
1307 3620 1630 3688 tamenruagisaspectu
1651 3620 1817 3673 declinante.
1854 3620 2003 3688 idemque·

337 3697 400 3735 cere
420 3682 450 3732 in
472 3687 552 3762 tanta
561 3685 680 3763 notitia:
702 3700 752 3737 uec
772 3685 854 3737 facile
875 3691 918 3737 est
935 3700 1097 3737 enumerare
1107 3686 1136 3735 in
1189 3691 1312 3758 liquatur
1324 3690 1392 3756 igni,
1403 3704 1437 3741 ae
1449 3687 1576 3743 funditur
1586 3690 1619 3742 ad
1630 3705 1708 3741 usum
1720 3691 1794 3741 vitri.
1828 3687 1986 3740 Thebaicus

335 3755 416 3804 tanta
426 3749 613 3831 multitudine.
627 3755 721 3815 Quoto
732 3753 831 3819 cuique
842 3754 914 3803 enim
927 3754 1135 3805 loconousuum
1188 3758 1378 3812 interstinctus
1390 3761 1482 3810 aureis
1494 3761 1589 3826 guttis,
1599 3759 1737 3810 inuenitur
1747 3759 1775 3809 in
1785 3755 1897 3809 Africae
1923 3763 1987 3810 arte

335 3820 623 3873 marmorinrenrturl
640 3823 779 3872 littamen
793 3820 965 3872 celeberrimi
976 3824 1086 3889 generis
1097 3822 1137 3872 di·
1188 3829 1318 3896 Aegypto
1340 3825 1507 3893 adscriptae,
1530 3828 1656 3880 coticulis
1677 3827 1713 3878 ad
1734 3825 1849 3880 terenda
1864 3826 1908 3878 col
1920 3826 1989 3894 yria

336 3897 383 3944 cta
393 3898 457 3942 suut
467 3888 494 3940 in
505 3887 613 3939 ambitu
625 3898 763 3942 terrarum
775 3904 836 3941 cum
847 3890 974 3955 gentihus
986 3892 1052 3940 suis.
1075 3891 1136 3942 Nou
1188 3897 1306 3965 quadam
1318 3895 1442 3949 utilitate
1454 3899 1577 3950 naturali
1588 3897 1762 3950 conveniens.

336 3959 432 4015 omnia
450 3965 544 4012 tamen
563 3958 592 4010 in
605 3959 760 4028 lapicidinis
771 3960 930 4028 gignuntur,
950 3960 1000 4012 sed
1011 3959 1099 4011 multa
1109 3966 1137 4012 et
1224 3968 1305 4018 Circa
1317 3963 1427 4032 Syenen
1437 3981 1503 4017 vero
1514 3967 1667 4021 Thebaidis
1678 3966 1818 4036 Syenites,
1829 3977 1911 4033 quern
1922 3970 1988 4018 ante

335 4032 386 4085 sub
408 4037 601 4097 terrasparsa.
638 4030 839 4082 Pretiosissinri
861 4028 996 4098 quaedam
1016 4032 1136 4099 generis,
1190 4035 1547 4104 pyropoeeilonrocahant.

335 4103 421 4154 sicuti
433 4100 685 4153 Lacedaemonium
705 4099 805 4163 viride,
828 4103 987 4167 cunctisque
998 4097 1136 4153 hilarius.
1224 4105 1295 4157 le.
1315 4105 1422 4158 Trabes
1432 4120 1466 4157 ex
1477 4120 1511 4157 eo
1523 4105 1616 4162 iecere
1637 4122 1718 4176 reges
1728 4104 1846 4174 quodam
1858 4106 1973 4157 certami

335 4171 383 4223 Sic
403 4176 433 4223 et
443 4171 607 4238 Augustum,
628 4186 660 4222 ac
682 4168 780 4222 deinde
793 4170 947 4233 Tiberium,
968 4172 996 4220 in
1007 4169 1136 4240 Aegypto
1189 4191 1233 4238 ne,
1257 4174 1396 4227 obeliscos
1408 4181 1546 4239 recantes,
1565 4176 1640 4231 Solis
1652 4178 1900 4229 numinisacratos.
1936 4174 1988 4225 lta·

335 4240 453 4308 Augusti
462 4255 495 4292 oc
506 4241 612 4293 'liberii
623 4242 741 4307 primurn
751 4241 906 4310 principatu
918 4244 1039 4306 reperta.
1077 4239 1137 4292 Dif-
1190 4246 1299 4297 diorum
1310 4246 1371 4298 eius
1382 4251 1575 4312 argumentum
1598 4246 1628 4299 iu
1639 4246 1732 4316 effigie
1743 4252 1795 4311 est,
1815 4252 1843 4298 et
1854 4247 1896 4297 ita
1904 4242 1988 4311 sigui·

335 4308 510 4376 terentioque
522 4324 617 4361 eorum
631 4317 675 4362 est
692 4309 727 4361 ab
751 4309 855 4378 ophite,
877 4325 939 4362 cum
952 4309 989 4361 sit
999 4310 1068 4362 illud
1080 4325 1137 4363 ser·
1189 4317 1288 4368 licetur
1298 4317 1408 4367 nomine
1416 4315 1564 4382 Aegyptio.
1699 4334 1715 4351 ‘-

335 4378 1137 4497 pentiummaculissinrile,uude·etnomeoaccepit:quod
1224 4382 1248 4436 1.
1269 4383 1380 4437 Primus
1391 4386 1512 4437 omnium
1524 4384 1551 4434 id
1561 4384 1686 4437 instituit
1697 4384 1827 4447 Mestres,
1842 4383 1890 4452 qui
1900 4385 1928 4434 in
1939 4379 1987 4432 So·
2026 4380 2063 4449 θ’
2113 4404 2118 4413 «

358 4461 407 4529 aete
420 4447 542 4529 maculas
553 4449 664 4530 direrso
675 4449 759 4501 modo
770 4451 1073 4518 eolligunt,Augusturu
1086 4466 1137 4503 un·
1188 4455 1224 4507 lis
1235 4454 1304 4508 urbe
1316 4456 1459 4522 regnabat,
1470 4454 1581 4506 somnio
1592 4455 1703 4506 iussus:
1728 4453 1782 4507 hoc
1791 4456 1882 4523 ipsum
1894 4448 1987 4503 inscri-

338 4514 425 4566 datrm
448 4529 567 4583 crispum
589 4533 618 4569 m
638 4519 769 4582 vertices,
789 4520 933 4572 Tiberium
954 4534 1061 4586 sparsa,
1082 4534 1135 4571 noo
1187 4532 1265 4592 ptum
1277 4527 1304 4575 in
1318 4539 1366 4577 sn:
1379 4527 1481 4575 etenim
1492 4523 1651 4591 scalpturas
1664 4525 1732 4577 illae
1744 4524 1911 4592 effigiesque,
1920 4532 1988 4588 quas

337 4583 487 4635 convoluta
500 4587 608 4639 canitie.
1187 4594 1323 4655 maenius,
1335 4595 1490 4661 Aegyptiae
1501 4601 1566 4646 sunt
1576 4595 1686 4646 literae.

373 4652 471 4718 Neque
482 4666 517 4704 ex
529 4653 624 4721 ophite
637 4657 790 4718 columnae,
801 4656 854 4709 nisi
866 4672 967 4724 parrae
978 4656 1136 4719 admodum,
1223 4663 1249 4715 2
1267 4661 1371 4715 Postea
1382 4670 1411 4715 et
1427 4663 1582 4731 allisegum
1604 4663 1633 4713 in
1644 4674 1730 4727 supra
1747 4658 1823 4711 dicta
1832 4659 1917 4719 urbe,
1939 4655 1990 4723 So·

337 4721 522 4801 inceniuntur.
565 4723 625 4776 Duo
636 4728 695 4778 eius
705 4741 823 4795 genera:
836 4727 920 4780 molle
932 4726 1086 4789 candidum,
1095 4726 1138 4776 ¹¹1·
1189 4731 1243 4784 this
1256 4739 1375 4800 quatuor
1384 4748 1508 4790 numero.
1517 4732 1725 4798 quadragenum
1736 4730 1865 4779 octoudm
1877 4728 1989 4780 cubito·

338 4804 449 4858 micant
463 4789 571 4875 dutum.
609 4794 750 4847 Dicuntur
765 4796 956 4863 amhocapitis
969 4795 1136 4848 doloresse·
1189 4818 1250 4855 rum
1271 4799 1461 4867 longitudine:
1480 4799 1609 4861 Bantises
1630 4798 1767 4859 autemis,
1786 4804 1990 4865 quoregnauts

338 4857 891 4943 difpfdflihgsslbetterlienliumiclus·
928 4862 1137 4931 Quidumphre·
1188 4866 1824 4935 lliumcaptumest,quadragintacubitorurn.
1860 4867 1991 4919 idemdi-

337 4933 437 4982 netscss
448 4942 481 4979 ac
490 4928 654 4998 lethargicis
665 4933 810 5004 adalligari
822 4936 918 4987 iubent
935 4934 1137 4987 candicantem.
1189 4954 1301 5009 gressus
1312 4937 1385 5000 inde,
1403 4937 1450 4989 ubi
1463 4937 1516 4989 luit
1527 4935 1665 4989 Moeridis
1676 4935 1767 5004 regia,
1789 4938 1884 5003 posuit
1894 4937 1990 4999 alium,

339 5000 699 5081 Ceutratttpentesautem
716 5005 908 5070 aquibusdam
920 5004 1138 5072 laudaturprae·
1189 5008 1364 5077 longitudine
1386 5006 1537 5060 undecenis
1556 5006 1689 5075 pedihus,
1710 5018 1760 5072 per
1779 5005 1872 5060 latera
1890 5006 1991 5059 cubitis

339 5084 419 5151 cipue
431 5065 526 5130 exors,
546 5082 627 5133 quam
639 5069 776 5134 tephrian
796 5075 947 5141 appellant.
968 5073 1139 5126 aculoreci·
1189 5087 1318 5149 quatuor.
1354 5076 1430 5144 Opas
1448 5076 1478 5128 id
1499 5077 1600 5129 fecisse
1616 5075 1748 5128 dicontur
1760 5076 1836 5129 cxx
1846 5078 1885 5129 Μ.
1902 5075 1991 5128 homi·

338 5154 424 5191 ”⁰¹¹⁸-
451 5136 572 5217 V⁰⁰Pd¹¹f
582 5143 611 5188 θ(
622 5138 788 5220 Mfflnl’hlfiffl
800 5159 816 5194 ἃ
828 5146 898 5206 ¹0⁰⁰,
911 5144 1077 5211 gemuli·
1088 5158 1137 5195 Μ·
1188 5166 1263 5202 num.
1286 5148 1348 5215 lpse
1361 5162 1420 5210 rex,
1432 5162 1492 5200 cum
1504 5147 1685 5201 subnecturus
1695 5152 1780 5210 esset,
1791 5153 1991 5214 verereturqus

337 5215 428 5259 tum·
464 5207 555 5259 ΗΜ
566 5222 633 5259 *¹⁸⁰⁸
644 5213 757 5289 ⁰⁰¹Jlffl¹3
780 5219 808 5261 tl
819 5213 862 5273 55⁸,
883 5228 954 5281 quae
965 5214 1070 5267 urenda
1081 5213 1138 5265 sini
1190 5235 1225 5272 ne
1238 5218 1382 5271 machinae
1393 5216 1509 5285 ponderi
1520 5231 1575 5269 ison
1587 5216 1757 5280 sufficerent,
1779 5232 1835 5285 quo
1845 5216 1934 5269 maius
1944 5229 1990 5282 pe-

339 5282 388 5339 lffli
402 5277 531 5358 Madd&
543 5274 762 5360 eiattwllllut·
783 5280 963 5348 obstupescit
974 5285 1016 5336 ita
1027 5297 1138 5350 corpus,
1189 5288 1308 5339 riculum
1331 5303 1413 5339 curae
1433 5287 1570 5339 artificum
1592 5287 1779 5349 denuntiaret,
1800 5286 1889 5339 tilium
1911 5298 1990 5336 suum

334 5353 673 5427 necsentstcrucsatunm
1189 5356 1353 5425 adalligavit
1375 5355 1522 5419 cacumini,
1539 5364 1570 5407 ut
1589 5357 1665 5409 salus
1683 5357 1745 5410 eius
1755 5354 1829 5422 apud
1840 5353 1989 5405 molientes

358 5413 461 5496 ,RQ
473 5416 651 5501 l³⁰lldjyf55⁰⁸
664 5430 693 5466 ¹¹¹
715 5400 810 5497 emim
822 5418 964 5483 dediliffl
986 5435 1020 5472 0¹
1030 5435 1064 5472 00
1075 5436 1138 5473 cto·
1189 5426 1337 5493 prodesset
1358 5434 1387 5478 et
1409 5424 1504 5491 lapidi.
1540 5426 1603 5480 liae
1620 5425 1807 5479 admiratione
1818 5423 1911 5491 operis
1923 5419 1989 5473 elie·

336 5480 409 5533 drdls
420 5490 669 5543 intervenientibus
674 5494 785 5555 punctus
793 5484 1005 5554 leptopsephos
1012 5496 1136 5544 vocatur.
1189 5502 1264 5549 ctum
1274 5502 1327 5560 est,
1345 5501 1378 5548 ut
1390 5509 1450 5547 cum
1469 5495 1600 5566 oppidum
1612 5496 1641 5550 id
1653 5498 1827 5567 expugnaret
1838 5490 1990 5562 Cambyses

904 5726 924 5757 Χ
