4356 6014
340 350 403 407 210

506 344 538 403 C.
568 339 710 404 PLlNll
733 332 938 401 SECUNDI
976 331 1141 398 Neruii.
1179 330 1365 395 lllSl'Oll.
1402 332 1487 394 itii.
1513 331 1634 397 XVll.
1674 331 1840 394 caret.

343 498 465 551 annone
485 495 593 550 caedua
611 493 656 546 rel
675 490 761 543 salice
779 486 893 542 laetior.
928 488 1047 554 Quaerit
1065 488 1159 542 solum
1199 488 1273 557 quud
1284 489 1407 558 sagittae
1425 494 1567 551 vocantur,
1583 502 1646 542 cum
1660 488 1759 540 intorti
1770 494 1946 556 panguntur:
1969 491 2005 541 ii-

342 568 437 630 facile,
457 582 510 620 aec
530 572 623 618 tamen
638 573 800 613 meantum:
818 559 997 628 maximeque
1016 559 1147 613 sabulum

343 636 496 699 humidum,
516 639 565 687 aut
576 628 783 691 carbunculum,
802 629 848 682 rel
859 630 909 681 toli
921 632 1006 683 etiarn
1017 628 1148 693 farinam,

343 707 500 774 quamlibet
516 714 612 769 opaco,
633 698 914 767 septentrionalique
930 706 960 752 et
975 697 1147 768 praefrigido

342 777 410 838 situ,
430 775 475 827 rel
494 772 579 824 cunm
602 768 711 821 declivi.
750 767 874 822 Recusat
893 768 989 822 cadent
1015 770 1149 837 glaream,

343 846 491 903 rubricam,
503 846 620 901 cretam,
641 853 805 906 omnemque
814 846 908 892 terrae
920 839 1147 892 foecunditatem.

343 912 484 966 Serinucc
494 908 628 960 diximus:
646 908 697 959 sed
712 909 769 959 nisi
788 924 824 961 ex
841 909 969 961 maximis
981 922 1037 959 nnn
1051 923 1149 976 prore·

342 982 392 1043 nit,
415 995 466 1032 nec
483 980 537 1030 uisi
553 978 647 1046 quinis
664 978 820 1029 acervatim
837 979 914 1030 satia
950 977 1147 1046 Perfringisn·

343 1052 399 1103 lum
410 1049 493 1101 debet
504 1063 598 1115 sopra,
610 1062 645 1099 ea
653 1048 803 1100 Novembri
814 1062 908 1100 mense
918 1048 947 1099 in
955 1047 1147 1100 Februarium:

343 1133 396 1186 qun
412 1117 521 1171 solutam
532 1123 631 1185 sponte
648 1118 750 1169 cadunt
766 1132 801 1169 ex
817 1118 927 1180 arbore,
948 1121 1032 1184 atque
1048 1118 1148 1170 subna-

340 1194 464 1243 scuntur.
500 1186 653 1241 intervalla
663 1188 721 1238 sint
732 1186 992 1254 pedaliarnndiqne
1007 1186 1086 1239 sulco
1097 1186 1146 1238 do·

343 1257 473 1310 drautnli.
510 1259 555 1310 Ex
565 1257 619 1308 hnc
630 1256 780 1309 seminario
801 1256 1010 1309 transferuntur
1021 1259 1048 1308 in
1060 1255 1147 1319 aliud,

340 1326 466 1395 bipedali
482 1325 642 1388 intervallo,
661 1327 724 1392 plus
736 1326 857 1378 biennio.
893 1326 965 1379 Sunt
975 1331 1003 1379 et
1014 1328 1145 1394 propagi-

341 1413 400 1461 nes,
422 1395 495 1449 nulli
513 1396 625 1465 quidem
640 1394 791 1449 faciliores.
827 1393 941 1447 Nudata
956 1398 1030 1448 enim
1042 1396 1147 1460 radice,

334 1473 404 1520 tuta
414 1467 444 1518 in
454 1466 534 1518 sulen
546 1469 741 1533 prosternitur.
778 1467 849 1517 'l'um
860 1479 897 1518 ex
907 1466 1051 1518 cacumine
1062 1481 1147 1533 supra

341 1543 447 1592 terram
466 1535 566 1589 relicto
588 1538 756 1600 renascitur,
777 1539 806 1587 et
827 1534 884 1586 alia
897 1535 933 1587 ab
948 1536 1052 1588 radice.
1090 1536 1145 1589 Sed

341 1607 480 1660 manslata
492 1607 580 1658 nescit
591 1604 736 1671 hospitari,
756 1610 891 1672 pavetque
903 1606 1065 1658 novitatem.
1101 1606 1148 1658 Bi·

341 1677 424 1728 ennio
445 1675 505 1728 fere
526 1680 625 1742 pastea
646 1672 766 1739 prosilit.
819 1673 886 1726 lden
908 1677 1023 1727 nucibus
1043 1674 1147 1743 potius,

340 1761 423 1813 quam
441 1742 659 1805 viviradicibus,
695 1743 836 1809 plantaria
861 1743 966 1796 caedua
985 1744 1146 1813 implentur.

341 1812 600 1875 Culturanonalia,
621 1824 705 1893 quatu
717 1826 804 1879 supra
821 1811 912 1877 dictis,
931 1814 1073 1868 fodiendis
1083 1830 1147 1882 sup-

338 1882 525 1953 [tutandisque
541 1897 592 1950 per
608 1881 750 1933 biennium
767 1897 901 1949 sequens:
923 1884 958 1937 de
979 1890 1073 1937 cetero
1084 1885 1147 1950 ipsa

338 1970 371 2007 se
382 1953 459 2015 colit,
469 1951 568 2004 umbra
577 1953 702 2004 stolones
713 1967 901 2019 supervincunt
912 1960 1055 2006 enecante.
1076 1955 1146 2006 Cae·

340 2024 417 2076 ditur
427 2025 503 2074 intra
512 2022 659 2089 septimum
671 2037 781 2073 annum.
819 2020 966 2074 Sufficiunt
979 2023 1147 2090 pedamenta

338 2093 433 2161 iugeri
442 2092 521 2142 unius
532 2092 639 2142 vicenis
649 2091 792 2143 vinearum
803 2092 964 2159 iugeribus,
983 2092 1093 2160 quando
1104 2102 1145 2145 ct·

338 2164 395 2213 iam
408 2176 441 2213 eu
455 2160 543 2212 bifida
559 2161 646 2228 stirpe
659 2161 746 2213 dunt:
766 2159 924 2228 durantque
942 2161 1019 2215 ultra
1028 2162 1146 2215 alteram

339 2232 427 2283 silvae
444 2246 513 2284 suae
524 2245 675 2282 caesuram.

374 2301 492 2353 Erculus
513 2300 645 2353 similiter
664 2299 803 2368 provenit,
824 2315 941 2354 caesura
960 2300 1082 2354 triennio
1101 2316 1144 2354 sc·

337 2370 417 2432 nior,
438 2370 531 2422 minue
544 2384 657 2422 morosa
673 2373 758 2422 nasci.
793 2371 827 2423 ln
843 2385 1005 2439 quacunque
1017 2379 1094 2424 terra
1104 2386 1147 2423 se·

338 2443 421 2501 ritur,
434 2440 563 2491 nascitur
572 2455 588 2492 c
598 2440 711 2501 balano,
732 2438 782 2491 scd
793 2454 848 2490 nnn
859 2440 912 2491 uisi
924 2440 1027 2493 csculi:
1047 2441 1146 2493 scrobe

340 2508 513 2571 dodrantali,
524 2508 682 2561 intervallis
696 2508 816 2559 duorum
827 2508 943 2576 pedam:
964 2509 1067 2563 seritur
1078 2510 1147 2562 levi·

338 2585 495 2647 terqnater
510 2592 591 2629 anno.
629 2578 691 2630 tlnc
708 2577 904 2645 pedamentum
921 2579 1033 2633 minime
1050 2586 1146 2646 putre·

340 2649 415 2712 scit,
437 2662 604 2714 caesumque
625 2647 747 2700 maxime
768 2648 891 2699 fruticat.
934 2647 1050 2702 Praeter
1070 2648 1147 2712 baec,

340 2724 406 2771 sunt
416 2718 522 2770 caedua
532 2732 603 2783 quac
614 2716 744 2778 diximus,
761 2716 898 2781 fraxinus,
909 2717 1015 2782 laurus,
1023 2717 1146 2779 Persica,

340 2788 464 2856 cnryltts,
486 2787 584 2848 malus,
604 2786 655 2838 sed
670 2787 780 2839 tardius
796 2794 965 2839 nascuntur:
985 2794 1146 2854 terramque

340 2854 955 2919 detixarixtulerant,uuunrndnhumorem.
992 2857 1146 2911 Sumbncus

342 2927 613 2981 contrafirmissima
630 2927 664 2979 ad
683 2927 777 2993 palum
794 2927 876 2978 taleis
886 2928 1000 2991 seritur,
1018 2935 1050 2978 ut
1060 2941 1147 2995 popu·

341 2998 403 3051 lust
423 3014 486 3050 nam
501 2998 535 3049 de
548 3011 679 3064 cupresso
691 2997 761 3047 satis
772 2996 901 3047 diximus.

377 3065 493 3119 xxxV.
513 3068 549 3116 Et
560 3064 710 3133 praedietis
720 3066 795 3117 relut
802 3066 982 3119 armamentis
992 3066 1146 3129 tinearum,

341 3142 433 3189 restat
444 3136 567 3202 ipsarum
579 3147 688 3197 nature,
699 3137 849 3203 praecipua
859 3135 996 3188 tradenda
1008 3150 1085 3188 cura.

377 3203 402 3256 1.
421 3204 528 3258 Vitium
544 3205 674 3268 surculis,
693 3210 720 3256 et
732 3205 903 3273 quarundam
920 3207 1062 3268 arborum,
1084 3203 1144 3273 qui-

341 3278 395 3329 bus
406 3274 552 3343 firngosinr
561 3274 636 3326 intus
647 3278 746 3325 natura
757 3281 814 3338 est,
835 3274 988 3343 geniculati
1000 3289 1145 3343 scaporutn

342 3344 411 3397 nodi
428 3345 612 3412 intersepiant
627 3343 786 3398 medullam.
823 3344 943 3399 Ferulae
955 3346 1034 3413 ipsae
1048 3347 1146 3398 breves

343 3414 416 3468 etad
428 3430 536 3467 summu
551 3415 703 3477 breviores,
726 3413 854 3468 articulis
870 3416 967 3483 utique
986 3415 1096 3467 duobus
1106 3414 1148 3465 iu·

341 3484 474 3537 ternodia
483 3484 635 3535 includunt.
672 3485 807 3549 Medulla,
818 3486 879 3538 sire
890 3485 941 3538 illa
952 3486 1045 3538 vitalis
1055 3485 1148 3537 anima

303 3586 307 3593 ·
343 3561 396 3616 cst,
406 3562 514 3606 antone
525 3553 614 3606 tendit
624 3554 827 3621 longitudinem
839 3556 995 3621 impellens,
1016 3554 1148 3622 quamdiu

341 3625 409 3675 nodi
421 3624 516 3690 pervia
524 3624 710 3690 patettlstula.
728 3625 796 3677 Cum
808 3640 874 3678 rero
884 3624 1008 3677 concreti
1019 3623 1148 3677 ademere

342 3694 503 3754 transitum,
528 3707 692 3760 repercussa
715 3696 843 3763 erumpit,
863 3697 898 3747 ab
918 3697 975 3745 irna
994 3697 1037 3746 sui
1058 3702 1148 3761 parte,

341 3762 423 3815 iuxta
433 3762 552 3829 priorem
564 3764 665 3815 undum
680 3764 796 3816 alteruis
807 3765 925 3817 laterum
939 3778 1050 3831 semper
1060 3763 1148 3831 ingui-

342 3832 433 3896 nibus,
453 3838 486 3884 ut
496 3832 600 3885 dictum
612 3839 655 3885 est
669 3833 698 3883 in
711 3832 892 3886 arundineae
904 3833 1009 3886 ferula:
1029 3847 1146 3902 quorum

344 3902 471 3957 dextrum
484 3902 519 3953 ab
533 3902 589 3953 into
600 3900 773 3966 intelligitur
782 3903 911 3964 articulo,
923 3903 1032 3955 laevum
1043 3903 1070 3954 in
1081 3917 1146 3969 prn-

342 3974 430 4036 ximn‚
441 3977 525 4039 atque
537 3972 577 4020 lta
587 3984 636 4035 per
648 3969 733 4019 rices.
769 3970 833 4022 linc
843 3980 960 4025 vocatur
970 3975 998 4025 in
1008 3973 1064 4025 rite
1073 3987 1149 4039 gent·

342 4060 398 4104 rna,
418 4057 480 4092 cum
491 4040 531 4090 ibi
543 4040 677 4103 cespitem
688 4036 765 4091 fecit.
801 4041 872 4093 riute
882 4057 948 4095 reto
960 4058 1041 4111 quam
1053 4042 1149 4103 faciat,

342 4114 373 4163 in
384 4122 505 4161 concavo
516 4107 628 4159 oculus:
647 4112 676 4159 et
687 4108 716 4157 iu
728 4111 871 4165 cacumine
881 4112 950 4180 ipso,
960 4128 1081 4195 germen.
1102 4111 1149 4163 Sic

342 4178 484 4247 palmites,
505 4184 631 4246 nepotes,
649 4192 729 4241 urae,
750 4179 831 4244 fulin,
851 4185 974 4250 pampini
985 4185 1144 4251 gignuntur.

342 4249 510 4316 llliruntque,
521 4248 646 4301 firmiora
657 4264 719 4301 esse
729 4250 756 4301 in
769 4250 871 4304 dextra
881 4260 961 4319 parte
972 4253 1077 4321 genita.

378 4318 405 4367 2.
425 4319 485 4370 line
497 4334 563 4389 ergo
574 4320 603 4371 in
613 4320 733 4372 surculis
744 4320 842 4384 nodos,
866 4337 928 4373 curn
941 4329 1080 4383 seruntur,
1090 4336 1147 4374 rne-

344 4387 407 4437 dins
420 4403 516 4441 secate
527 4395 649 4457 oportet,
669 4390 710 4441 ita
723 4406 758 4443 ne
772 4390 894 4457 profluat
905 4391 1035 4443 medulla.
1074 4393 1109 4443 tit
1119 4391 1148 4441 in

344 4458 398 4508 ficti
410 4457 520 4523 quidem
531 4459 711 4511 dodrantales
719 4460 821 4527 paxilli
830 4460 891 4512 snln
898 4459 1041 4529 patefacto
1053 4475 1149 4513 serun-

342 4532 399 4589 tur,
422 4528 462 4576 sic
473 4534 505 4577 ut
518 4528 688 4580 descendant
704 4544 775 4595 quae
791 4532 921 4598 proxima
932 4531 1027 4582 arbori
1036 4528 1149 4593 fuermt,

345 4597 400 4649 dun
416 4596 491 4646 oculi
508 4602 587 4648 extra
601 4605 705 4650 terram
723 4600 871 4654 emineant.
908 4598 990 4653 Oculi
1007 4606 1101 4651 autem
1117 4600 1148 4650 in

343 4666 474 4717 arborum
485 4667 602 4717 surculis
614 4668 726 4734 proprie
735 4677 880 4733 vocantur,
896 4670 971 4723 unde
982 4671 1147 4739 germinant.

342 4737 405 4788 linc
418 4735 453 4787 de
462 4750 546 4786 causa
556 4743 584 4785 et
599 4736 627 4785 in
638 4736 785 4802 plantariis
801 4739 955 4808 aliquando
965 4741 1063 4794 eodem
1075 4753 1148 4792 anno

342 4804 457 4867 ferunt,
477 4819 546 4871 quos
568 4804 647 4856 fuere
666 4804 752 4856 laturi
772 4807 879 4860 fructus
901 4810 931 4861 in
951 4810 1064 4862 arbore:
1086 4824 1147 4862 eunt

341 4875 508 4940 tempestive
530 4873 585 4923 sntl
623 4880 810 4942 raeguantes,
830 4877 977 4930 inchoatos
998 4887 1148 4945 conceptus

343 4944 432 4996 aliubi
445 4943 565 5010 pariunt.
602 4890 645 4993 fta
655 4948 733 4994 satas
744 4944 822 5009 ticos,
833 4950 919 5000 tertio
929 4963 1002 4999 anno
1013 4948 1147 5001 transfer·

342 5030 375 5067 re
386 5013 478 5066 facile.
515 5012 579 5063 llnc
588 5025 640 5078 pro
651 5015 813 5065 senescendi
825 5017 970 5071 celeritate
983 5017 1149 5070 attributum

342 5082 408 5137 huic
419 5082 524 5143 arbori,
539 5089 569 5133 ut
581 5080 715 5133 citissima
725 5087 880 5148 preveniat

378 5153 404 5206 3.
423 5151 532 5203 Vitium
554 5149 728 5201 numerosior
748 5156 835 5204 satus.
882 5154 1005 5208 Primum
1026 5156 1149 5209 omnium

343 5222 414 5275 nibil
426 5222 529 5275 seritur
539 5235 572 5272 et
583 5219 634 5280 bis,
645 5219 697 5270 nisi
706 5220 816 5283 inutile,
837 5228 866 5275 et
877 5223 1040 5293 deputatum
1052 5228 1080 5277 in
1091 5241 1149 5277 sar·

344 5299 450 5347 mento.
487 5293 644 5358 0ppntntur
665 5295 759 5342 autem
781 5292 914 5360 quidquid
936 5297 1063 5362 proxime
1082 5296 1151 5348 tulit

344 5363 476 5417 fructum.
513 5360 626 5413 Solebat
640 5359 811 5426 capitulatus
826 5363 955 5431 utrinque
973 5381 989 5419 e
1004 5368 1075 5420 duro
1092 5381 1151 5418 sur·

345 5434 424 5486 culus
435 5433 507 5487 scri:
528 5444 615 5497 enque
632 5436 797 5497 argumento
813 5432 962 5485 malleolus
978 5442 1095 5489 vocatur
1106 5442 1149 5489 et·

342 5505 398 5555 ium
411 5520 491 5556 nunc.
528 5500 632 5553 Postea
642 5498 725 5551 avelli
741 5514 803 5551 eum
815 5515 866 5551 sua
882 5502 957 5554 ealce
968 5513 1083 5573 coeptus
1096 5512 1149 5567 est,

342 5580 375 5623 ut
386 5574 416 5625 in
429 5575 495 5626 fico:
514 5586 603 5640 neque
613 5577 656 5623 est
668 5568 744 5621 aliud
752 5570 887 5623 vivacius.
922 5572 1051 5626 Tertium
1062 5590 1150 5643 genus

343 5640 483 5695 adiectum
505 5644 656 5697 etiamnum
676 5638 835 5710 expeditius
851 5640 912 5698 siae
929 5641 1015 5708 culce,
1033 5652 1151 5713 propter

1199 560 1262 612 dem
1273 574 1335 611 eunt
1347 558 1430 612 recisi
1444 573 1495 611 nec
1511 561 1619 622 intorti,
1638 560 1809 626 trigemmes.
1848 556 1947 610 Plures
1960 573 2006 611 au·

1199 634 1256 681 tem
1275 642 1310 681 ex
1328 628 1427 681 endem
1446 627 1559 679 surculo
1580 628 1635 681 hnc
1655 627 1741 679 mndn
1763 628 1842 680 liunt.
1879 626 2006 682 Sererec

1199 698 1379 767 pampinariis
1399 698 1495 751 sterile
1516 703 1568 761 est,
1586 713 1638 750 nee
1657 697 1713 749 uisi
1730 694 1869 749 foecundo
1887 704 2005 764 oportet.

1199 769 1279 832 Quae
1293 782 1373 821 raros
1389 765 1473 820 habet
1487 767 1586 832 nudos,
1604 766 1776 822 infoecunda
1786 766 1936 820 iudicatur.
1971 772 2007 821 At

1200 838 1323 890 densitas
1333 851 1513 906 gemmarum,
1534 837 1693 891 fertilitatis
1703 837 1837 890 iudicium
1847 844 1899 890 est.
1936 835 2005 899 ent·

1200 905 1263 958 dam
1282 908 1339 959 seri
1359 913 1466 970 retunt,
1487 907 1541 958 nisi
1560 910 1673 976 eosqui
1692 907 1845 970 duruerint,
1867 906 2007 960 surculos.

1199 976 1323 1044 Sagittae
1333 991 1427 1029 serere
1438 978 1527 1028 minus
1538 976 1616 1042 utile,
1627 978 1759 1045 quoniam
1769 977 1796 1028 iu
1806 975 2005 1029 transferendo

1199 1046 1282 1098 facile
1291 1047 1429 1113 rumpitur
1438 1047 1512 1114 quod
1526 1048 1660 1099 intortum
1671 1046 1733 1099 fuit.
1769 1045 1905 1098 Seruatur
1915 1044 2003 1114 pedu·

1198 1115 1230 1179 li,
1251 1130 1307 1168 ann
1318 1116 1471 1179 breuiores,
1489 1116 1674 1183 longitudine,
1694 1115 1814 1184 quinque
1824 1130 1907 1168 serre
1917 1115 2007 1169 andn-

1199 1198 1270 1237 rutn.
1306 1185 1457 1238 Paucinres
1472 1187 1561 1238 tribus
1572 1186 1689 1252 gemmis
1700 1186 1729 1237 in
1741 1185 1794 1237 hac
1802 1199 1933 1238 mensura
1943 1200 2005 1240 esst

1198 1269 1254 1307 nnn
1274 1259 1414 1322 poterunt.
1450 1256 1538 1309 laseri
1558 1256 1656 1308 endem
1675 1254 1729 1319 die,
1749 1270 1804 1322 qun
1826 1253 2004 1324 deputentur,

1198 1323 1386 1377 utilissimum.
1423 1324 1452 1377 Si
1464 1326 1551 1377 multo
1562 1331 1662 1392 postea
1676 1339 1791 1378 necesse
1805 1324 1845 1376 sit
1855 1340 1948 1379 serere
1959 1340 2005 1378 cu·

1198 1393 1329 1457 stoditns,
1350 1396 1394 1446 uti
1413 1396 1611 1462 praecepimus,
1629 1395 1724 1448 careri
1738 1394 1846 1462 utiquc,
1867 1410 1902 1447 ue
1924 1401 2004 1447 extra

1198 1471 1303 1516 terram
1318 1465 1404 1531 positi
1421 1464 1487 1517 Sole
1505 1466 1671 1530 inarescant,
1691 1468 1812 1517 ventove
1831 1470 1881 1515 aut
1897 1463 2004 1534 frigore

1198 1531 1372 1587 hebetentur.
1400 1534 1570 1597 Quidiutius
1581 1536 1695 1587 insieco
1707 1533 1822 1597 fuerint,
1830 1534 1910 1601 prius
1920 1549 2002 1604 quatu

1199 1610 1337 1668 serantur,
1346 1605 1377 1655 in
1388 1619 1459 1671 aqua
1470 1604 1595 1672 pluribus
1606 1604 1704 1658 diebus
1716 1606 1897 1657 revirescant.

1232 1674 1259 1726 4.
1278 1672 1374 1727 Solum
1385 1674 1510 1740 apricum
1526 1683 1555 1728 et
1566 1689 1647 1744 quam
1664 1674 1866 1743 amplissimum
1881 1677 1912 1727 in
1922 1676 2001 1729 semi·

1198 1742 1289 1806 nario,
1308 1744 1366 1795 sire
1377 1743 1405 1794 in
1417 1744 1510 1807 cinea,
1529 1744 1643 1798 bidente
1660 1745 1795 1812 pastinari
1813 1746 1897 1798 debet
1907 1751 2003 1797 ternos

1198 1811 1283 1880 pedes
1293 1812 1399 1879 bipalio
1419 1813 1491 1866 alto:
1513 1829 1607 1866 rnarra
1622 1814 1703 1867 reiici
1719 1818 1884 1882 quaternum
1901 1816 2001 1882 pedum

1199 1881 1346 1946 fermento,
1368 1883 1410 1935 ita
1421 1891 1452 1934 ut
1462 1885 1492 1935 iu
1503 1885 1587 1951 pedes
1599 1886 1678 1938 binos
1690 1884 1766 1936 fossa
1778 1884 1919 1952 procedat.
1938 1885 2004 1937 Fos-

1199 1967 1260 2003 sum
1280 1952 1406 2021 purgari,
1429 1959 1458 2006 et
1479 1954 1601 2019 extendi,
1621 1970 1655 2006 ue
1678 1955 1793 2007 crudum
1813 1954 2004 2021 relinquatur:

1199 2036 1293 2074 rerum
1313 2030 1342 2073 et
1360 2023 1435 2091 erigi
1451 2039 1590 2076 mensura.
1626 2024 1702 2079 ltlale
1719 2026 1888 2092 pastinatum
1908 2023 2005 2091 depre-

1199 2089 1325 2143 henduut
1344 2106 1458 2145 scamna
1479 2093 1650 2163 inaequalia.
1692 2093 1839 2147 Metieuda
1858 2097 1902 2147 est
1921 2099 1950 2146 et
1972 2108 2006 2146 ea

1199 2175 1274 2227 pars,
1296 2175 1368 2229 quac
1383 2163 1534 2216 interiacet
1550 2164 1664 2231 pulvini.
1701 2162 1812 2216 Surculi
1828 2170 1962 2215 seruntur
1977 2169 2005 2215 et

1200 2230 1229 2281 in
1240 2233 1339 2283 scrobe
1351 2240 1379 2283 et
1392 2233 1420 2283 in
1431 2233 1509 2284 sulen
1520 2233 1657 2302 longiore,
1679 2248 1763 2300 super
1775 2248 1845 2303 quus
1855 2233 2005 2286 tenerrima

1200 2300 1338 2367 ingeritur
1357 2308 1443 2353 terra.
1479 2301 1534 2354 Sed
1553 2304 1583 2354 in
1603 2302 1703 2371 gracili
1722 2305 1784 2355 solu
1806 2301 1931 2365 frustra,
1950 2302 2005 2353 uisi

1199 2371 1343 2421 substrato
1361 2370 1518 2438 pinguiore.
1553 2372 1613 2425 Nec
1630 2375 1720 2424 minus
1736 2386 1818 2442 quarn
1836 2373 1907 2424 dune
1916 2371 2005 2439 integi

1200 2445 1321 2506 oportet,
1332 2445 1361 2491 et
1371 2443 1525 2508 proximam
1536 2442 1638 2511 attingi
1650 2450 1768 2495 terram:
1789 2443 1887 2495 eodem
1897 2441 2005 2510 paxillo

1200 2509 1317 2576 deprimi
1334 2516 1363 2562 et
1382 2510 1505 2578 spissari.
1540 2512 1679 2565 interesse
1697 2516 1726 2565 in
1743 2512 1883 2581 plantario
1899 2510 2005 2578 sesqui·

1200 2579 1285 2645 pedes
1299 2580 1374 2631 inter
1389 2581 1613 2643 binascminnin
1633 2582 1820 2645 latitudinem,
1842 2580 2005 2650 lnlnngitu·

1199 2650 1291 2701 dinem
1302 2650 1443 2703 semisses.
1479 2652 1525 2704 lta
1533 2658 1610 2705 satos
1622 2653 1769 2707 malleolos
1783 2658 1882 2719 quarto
1893 2657 1921 2704 et
1931 2650 2005 2701 rice·

1200 2718 1272 2770 simo
1293 2714 1385 2774 merise
1405 2720 1530 2774 recidere
1547 2721 1582 2773 ad
1597 2725 1683 2774 inrum
1701 2721 1860 2783 articulum,
1881 2720 1934 2772 uisi
1950 2718 2006 2785 ipsi

1200 2794 1338 2854 parcatur.
1375 2790 1525 2841 Oculorum
1539 2791 1606 2845 inde
1619 2794 1739 2845 materia
1750 2793 1861 2857 emicat,
1879 2804 1939 2843 cum
1951 2802 2008 2855 qua

1199 2868 1280 2910 sexto
1294 2873 1327 2909 uc
1338 2859 1480 2911 tricesimo
1491 2875 1584 2913 urenae
1598 2862 1738 2914 viviradix
1750 2863 1928 2915 transfertur.

1234 2926 1260 2979 b.
1279 2929 1332 2978 Est
1343 2934 1370 2979 et
1379 2928 1525 2981 luxuriosa
1535 2930 1608 2980 ratio
1619 2930 1689 2982 nites
1699 2931 1822 2996 serendi,
1843 2938 1876 2982 ut
1885 2934 2008 2998 quatuor

1198 2995 1323 3048 malleoli
1334 2994 1491 3049 vehementi
1500 2998 1610 3050 vinculo
1619 2999 1789 3066 colligentur
1798 3001 1827 3050 in
1837 2998 2009 3066 purteluxu·

1197 3064 1289 3115 mosa:
1308 3071 1391 3131 atque
1407 3067 1449 3116 ita
1466 3068 1511 3118 rel
1529 3083 1579 3135 per
1595 3082 1660 3119 nasa
1671 3067 1766 3120 bubuli
1778 3072 1874 3129 cruris,
1896 3069 1941 3121 rel
1954 3082 2009 3134 per

1198 3134 1272 3186 enlin
1291 3135 1390 3185 fictilia
1410 3136 1529 3198 traiecti,
1548 3138 1704 3189 obruantur
1722 3137 1796 3187 binis
1816 3137 2009 3189 eminentibus

1197 3203 1322 3273 gemmis.
1357 3204 1531 3257 Humescunt
1542 3203 1595 3258 hnc
1608 3206 1700 3270 ntudn,
1711 3206 1849 3273 recisique
1860 3205 2009 3273 palmitem

1198 3274 1340 3327 emittunt.
1377 3274 1481 3327 l’nstea
1500 3275 1596 3327 fistula
1613 3276 1704 3328 fracta
1722 3276 1806 3327 radix
1822 3276 1911 3328 libere
1931 3275 2010 3342 capit

1198 3346 1280 3407 vires,
1291 3358 1399 3411 uvaque
1410 3344 1466 3397 fert
1477 3347 1599 3397 omniurn
1612 3360 1760 3414 corporum
1771 3359 1884 3397 snorum
1898 3346 2005 3398 acinos.

1198 3416 1230 3467 ln
1250 3415 1306 3466 alio
1328 3430 1431 3482 genere
1449 3415 1565 3467 inventu
1586 3416 1691 3468 novitio
1710 3416 1827 3468 finditur
1847 3413 2008 3475 malleolus,

1200 3482 1378 3551 medullaque
1390 3500 1481 3549 crasa,
1501 3484 1529 3536 in
1541 3501 1572 3537 ac
1584 3486 1755 3555 colligantur
1771 3486 1825 3553 ipsi
1839 3483 1943 3546 caules,
1963 3486 2010 3534 ita

1199 3560 1232 3605 ut
1242 3556 1361 3622 gemmis
1373 3562 1504 3622 parcatur
1515 3556 1592 3607 nmtri
1602 3557 1695 3608 niodo.
1731 3557 1803 3607 'l'um
1814 3552 1962 3605 malleolus
1975 3552 2008 3604 in

1199 3632 1276 3675 terra
1297 3625 1362 3675 limo
1383 3626 1472 3676 mitta
1488 3625 1607 3687 seritur,
1627 3632 1657 3677 ct
1677 3640 1738 3677 cum
1757 3637 1891 3692 spargere
1913 3622 2009 3689 coepit

1201 3693 1306 3756 caules,
1329 3692 1476 3756 deciditur,
1496 3694 1660 3760 foditurque
1675 3694 1796 3760 saepius.
1833 3692 1914 3745 Talis
1932 3706 2008 3745 urae

1200 3766 1296 3815 acinus
1314 3760 1385 3812 nihil
1396 3763 1472 3813 intus
1482 3763 1551 3829 ligni
1565 3759 1711 3815 babituros
1722 3761 1877 3815 Columella
1885 3762 2008 3829 promit-

1200 3835 1249 3885 tit:
1272 3844 1333 3881 cum
1354 3830 1448 3882 virere
1468 3831 1576 3883 semina
1594 3833 1657 3899 ipsa
1676 3845 1812 3899 perquam
1833 3833 1936 3882 mirum
1956 3829 2009 3896 sit,

1200 3899 1323 3953 medulla
1334 3899 1457 3952 ademta
1493 3900 1578 3953 Nasci
1588 3901 1716 3954 surculos
1726 3901 1821 3965 etiam,
1837 3901 1938 3970 quibus
1950 3913 2010 3952 nou

1200 3972 1238 4023 sit
1259 3970 1420 4021 articulatio
1448 3970 1576 4034 arboris,
1607 3987 1662 4025 non
1681 3972 1868 4026 omittendum
1886 3970 2008 4023 videon.

1201 4041 1327 4106 Namque
1341 4040 1409 4091 buxi
1426 4041 1600 4092 tenuissimis
1622 4043 1714 4110 quinis
1730 4046 1839 4095 senisve
1861 4040 2009 4107 colligatis

1200 4110 1310 4177 depacti
1322 4110 1497 4177 proveniunt.
1533 4110 1681 4174 Quondam
1689 4111 1716 4164 in
1728 4113 1923 4166 observatione
1933 4116 2010 4172 erat,

1200 4188 1231 4232 ut
1251 4176 1475 4247 defringerentur
1489 4196 1524 4233 ex
1541 4182 1681 4248 imputata
1702 4183 1792 4246 burn,
1810 4181 1896 4234 aliter
1909 4179 2010 4232 vivere

1200 4264 1254 4302 ann
1267 4248 1381 4302 crediti:
1402 4250 1550 4304 detraxere
1561 4251 1614 4304 hnc
1623 4255 1822 4321 experimenta.

1233 4318 1259 4371 d.
1270 4318 1421 4372 Seminatii
1433 4336 1526 4375 curam
1538 4322 1664 4391 sequitur
1673 4325 1815 4375 tinearum
1825 4321 1911 4374 ratio.
1921 4318 2011 4384 Quiu-

1201 4404 1253 4458 que
1271 4404 1404 4458 generum
1425 4390 1492 4444 haer
1514 4392 1624 4461 Sparsis
1640 4409 1691 4462 per
1711 4399 1815 4445 terram
1836 4390 2012 4459 palmitibus,

1201 4465 1250 4511 unt
1265 4474 1317 4527 per
1333 4476 1363 4513 se
1378 4462 1435 4515 vite
1457 4464 1597 4527 subrecta,
1616 4463 1661 4514 rel
1682 4478 1743 4514 cnm
1764 4459 1932 4512 adminiculo
1945 4458 2011 4511 siue

1200 4530 1276 4598 iugo,
1297 4537 1348 4582 aut
1358 4532 1478 4599 pedatae
1499 4532 1618 4601 simplici
1638 4532 1713 4599 iugo,
1734 4537 1783 4581 ant
1799 4527 2042 4592 complurintac·

1201 4598 1386 4668 quadruplici.
1422 4604 1500 4665 Quae
1511 4604 1629 4671 pedatae
1641 4602 1714 4651 ratio
1726 4599 1790 4658 erit,
1814 4594 1910 4646 eadem
1922 4593 2014 4651 intel·

1201 4670 1299 4739 ligitur
1309 4671 1370 4724 eius
1382 4685 1500 4739 quoquc,
1521 4672 1549 4721 in
1561 4685 1616 4738 qna
1626 4669 1687 4719 sine
1699 4663 1868 4717 adminiculo
1879 4663 1944 4715 ritis
1955 4680 2013 4733 per

1200 4740 1342 4791 restabit
1379 4738 1411 4790 ld
1427 4741 1501 4792 enim
1520 4753 1576 4790 nnn
1597 4739 1636 4799 ut,
1657 4737 1710 4786 nisi
1725 4734 1887 4801 pedamenti
1902 4732 2013 4803 inopia.

1200 4808 1325 4875 Simplici
1335 4808 1403 4875 ingo
1425 4814 1536 4860 constat
1549 4812 1678 4874 porrecto
1690 4804 1796 4866 ordine,
1817 4818 1898 4869 quern
1910 4811 2011 4858 cante·

1200 4879 1271 4931 rium
1293 4878 1443 4944 appellant.
1481 4876 1584 4928 Melior
1599 4876 1726 4939 mnino,
1745 4873 1855 4944 quando
1871 4872 1924 4926 sibi
1945 4877 2013 4942 ipsa

1200 4964 1254 5000 non
1266 4947 1425 5010 obumbrat,
1435 4946 1605 5013 assiduoque
1615 4945 1682 4999 Sole
1691 4947 1829 5013 coquitur,
1841 4950 1870 4996 et
1880 4942 2012 4996 allintum

1204 5018 1293 5084 magis
1309 5015 1406 5079 sentit,
1429 5024 1458 5069 et
1472 5015 1590 5068 celerius
1604 5030 1696 5069 rnretn
1711 5015 1841 5069 dimittit:
1863 5015 2011 5084 pampina-

1200 5086 1272 5138 tioni
1292 5100 1403 5154 qunque
1423 5093 1451 5139 et
1472 5084 1612 5138 occationi
1636 5086 1764 5154 omnique
1786 5086 1866 5152 operi
1887 5085 2015 5138 facilior.

1202 5155 1291 5227 Super
1302 5161 1397 5207 cetera
1414 5156 1575 5208 deflorescit
1591 5155 1698 5207 utilius.
1734 5155 1830 5223 iugum
1847 5156 2012 5224 fitpertica,

1202 5224 1403 5289 autarundinc,
1423 5234 1473 5277 aut
1489 5228 1573 5288 crine,
1587 5225 1757 5289 funiculnre,
1779 5232 1811 5277 ut
1820 5227 1849 5278 in
1860 5225 2012 5293 Hispania,

1202 5295 1416 5363 Brundusiiquc.
1453 5295 1799 5364 Compluriatacnpinsinr
1817 5296 1943 5356 tinnest,
1964 5293 2013 5345 dl·

1203 5373 1248 5418 cta
1259 5380 1276 5417 a
1287 5366 1362 5417 catis
1371 5366 1482 5417 aedium
1493 5366 1667 5432 compluriis.
1702 5364 1848 5417 Dividitur
1858 5363 1885 5415 iu
1897 5368 2016 5431 quater·

1204 5451 1253 5488 nas
1264 5441 1358 5505 partes
1369 5436 1487 5488 totidem
1499 5436 1580 5505 iugis.
1616 5436 1709 5489 liuius
1725 5434 1836 5488 serendi
1846 5434 1921 5486 ratio
1932 5431 2014 5485 dice-

1203 5514 1256 5571 tur,
1277 5506 1373 5559 eadem
1385 5504 1506 5558 valitura
1517 5508 1546 5558 iu
1558 5508 1632 5559 omni
1642 5522 1754 5577 genere,
1773 5506 1803 5558 in
1814 5504 1867 5559 bne
1877 5515 1943 5556 vern
1954 5516 2011 5553 uu-

1203 5574 1465 5629 ntetnsinrtantum.

1238 5647 1264 5698 ⁷.
1283 5646 1336 5699 llis
1352 5662 1419 5702 tero
1436 5648 1526 5701 tribus
1541 5648 1645 5702 seritur
1661 5645 1767 5702 modis:
1789 5644 1900 5714 Optime
1910 5642 1939 5695 iu
1954 5655 2011 5710 pa·
