4340 6018
261 332 292 392 c.
325 306 473 392 rainu
508 330 714 391 saeuum
746 327 916 391 nurus.
950 330 1140 396 nrsron.
1176 334 1261 396 arr.
1285 335 1385 397 vui.
1426 337 1516 398 cnr.
1540 340 1660 399 ‹rs-co.
1736 344 1796 400 us

135 484 317 559 praesagiunt
328 497 462 551 pugnam,
474 489 504 534 et
513 483 630 533 amians
642 483 742 550 lugent
753 480 889 543 dominns,
901 482 941 532 la·

136 558 290 622 edmasque
308 554 446 605 interdum
463 552 602 603 desiderio
620 550 759 602 fundunt·
792 549 940 603 intellecto

137 623 288 681 Nicomede
300 638 366 692 rege
377 636 464 690 equas
475 625 534 673 eins
543 620 639 673 inedia
649 621 735 672 uitam
748 622 845 672 linivit.
868 619 941 688 Phy-

137 695 246 749 larcbas
255 693 353 756 relert,
362 694 540 744 centaretum
552 707 567 743 e
579 690 700 753 Galatis,
710 692 739 741 iu
750 689 859 757 proelio
871 690 942 742 occi·

136 780 166 820 so
177 765 324 826 Antiocho,
346 763 465 830 politum
477 776 547 827 equo
567 761 628 811 eius
646 759 839 813 conscendisse
858 774 941 810 ovan-

137 844 200 890 tem.
215 833 343 885 Atilium
354 831 550 898 indignatione
561 844 706 882 accensum
718 829 834 881 domitis
845 828 942 892 irenis,

136 921 170 958 ue
181 904 242 973 regi
254 910 356 971 posset,
368 902 549 969 praecipitent
559 901 586 950 iu
599 901 720 966 abrupta
729 901 794 962 isse,
802 898 942 951 exanima·

135 984 247 1042 tamque
269 987 333 1023 una.
387 970 540 1031 Philistus,
567 985 584 1020 a
601 972 739 1037 Dionysio
760 969 889 1021 relictum
912 969 942 1019 ia

136 1059 220 1097 coeno
233 1042 401 1104 haerentem,
413 1049 514 1092 atsere
527 1039 677 1102 evellisset,
690 1045 812 1091 secutam
823 1039 943 1106 vestigia

136 1113 255 1175 domini,
280 1112 407 1164 euunrine
431 1124 513 1178 apum
535 1110 618 1162 iubae
649 1109 826 1161 inhaerente:
853 1120 942 1177 eoque

135 1189 246 1237 ostento
257 1181 436 1250 tyrannidem
446 1196 464 1230 a
475 1179 613 1246 Dionysio
625 1185 798 1245 occupatam.

167 1254 256 1305 LXV.
273 1247 942 1319 lugeuiaeoruminenarrabiliaiaculantesobse·

136 1324 198 1391 qaio
209 1323 407 1388 experiuntur,
425 1318 555 1371 diliiciles
568 1326 685 1370 conatus
696 1331 814 1385 corpore
830 1318 891 1385 ipso
902 1317 942 1367 ui·

135 1407 225 1459 xuqne
244 1390 429 1442 invitantium.
466 1388 523 1439 iam
540 1389 598 1439 tela
617 1387 695 1439 hami
716 1388 836 1439 collecta
854 1386 941 1454 equiti

135 1463 286 1531 porrigant.
324 1460 393 1511 Nam
407 1461 434 1509 in
445 1459 524 1509 Circo
537 1457 571 1508 ad
590 1470 689 1509 currus
705 1457 806 1520 lancti,
821 1471 877 1507 uon
893 1456 941 1507 da·

136 1535 179 1584 bie
201 1530 373 1582 intellectum
394 1527 601 1580 adhortationis
622 1535 651 1578 ιι
677 1527 785 1595 gloriae
805 1526 940 1578 fatentur.

135 1600 242 1653 Claudii
260 1599 388 1651 Caesaris
407 1597 573 1649 secularium
599 1597 728 1647 ludorum
755 1595 941 1659 Circensibus,

136 1683 251 1722 excusso
261 1670 289 1719 iu
301 1669 457 1720 carceribus
468 1668 567 1734 auriga
578 1665 679 1716 Albuto
690 1666 810 1726 Corace,
826 1679 940 1730 occupa·

134 1754 201 1792 vere
211 1741 312 1805 prima:
324 1746 383 1788 tum
395 1737 550 1796 obtinuere,
562 1738 742 1802 opponerltes,
755 1734 940 1797 effundentes,

135 1809 282 1874 omniaque
295 1814 394 1858 corrtra
405 1805 539 1866 aemulos,
551 1819 622 1871 qnae
632 1804 793 1856 debuissent
805 1804 940 1870 peritissi-

134 1877 455 1945 moaurigainsistente,
476 1873 625 1926 iacientes:
648 1888 710 1924 cum
723 1872 841 1940 puderet
853 1871 940 1923 homi·

135 1962 198 2000 num
211 1954 299 1998 artem
312 1948 347 1997 ab
358 1946 439 2014 equis
461 1944 549 2005 vinci,
571 1949 685 2011 peracto
706 1943 833 2011 legitimo
856 1956 939 1993 eursu

136 2016 171 2070 ad
181 2025 285 2069 cretam
307 2022 421 2067 stetere.
452 2014 544 2065 Maius
566 2014 713 2081 augurium
730 2011 804 2080 apud
826 2012 940 2079 priscos,

137 2085 253 2154 plebeiis
264 2084 438 2138 Circensibus
449 2096 569 2136 excusso
590 2083 698 2152 auriga,
711 2083 753 2134 ita
765 2082 830 2133 atsi
842 2089 938 2143 staret,

136 2157 163 2207 iu
179 2156 350 2223 capitolium
372 2154 528 2206 cucurrisse
550 2167 645 2220 equos,
668 2152 819 2219 aedemque
840 2152 938 2203 terlu-

136 2232 257 2278 strasse:
277 2224 428 2276 maximnm
443 2239 521 2287 vern,
533 2223 629 2275 eodem
641 2223 802 2290 pervenisse
813 2221 848 2271 ab
863 2221 939 2275 Veiis

137 2310 197 2347 cum
208 2295 303 2364 palma
315 2300 343 2345 ιι
354 2308 466 2356 corona,
479 2293 570 2345 eiiuso
585 2294 750 2355 liatnmenu,
762 2292 809 2358 qni
819 2289 859 2340 ibi
869 2290 940 2342 rice·

136 2373 196 2417 ret:
217 2364 291 2416 unde
303 2372 403 2432 postea
414 2377 514 2415 nomen
527 2370 625 2430 portae
636 2370 687 2414 est.

168 2433 314 2487 Sarmatae
325 2435 474 2502 longinqua
489 2434 594 2483 itinera
616 2431 715 2494 neutri,
736 2428 830 2482 inedia
849 2428 940 2497 pridie

136 2512 302 2571 praeparant
322 2519 380 2566 eos,
400 2510 496 2569 potam
519 2503 649 2567 exiguum
671 2501 875 2565 impertientes:
898 2507 940 2548 at·

136 2587 187 2638 que
197 2574 238 2625 ita
249 2589 298 2641 per
308 2580 425 2623 centena
441 2569 531 2619 millia
549 2578 577 2619 et
592 2569 791 2634 quinquaginta
805 2569 939 2617 contiuuo

135 2656 217 2693 cumn
227 2642 359 2693 euntibus
370 2638 501 2688 insident.
526 2636 632 2688 Vivant
643 2637 722 2685 annis
734 2634 845 2700 qnidam
859 2635 939 2702 quiu-

135 2713 285 2779 quagenis:
298 2707 420 2756 leminae
432 2705 539 2755 minora
548 2703 654 2768 spatio:
669 2702 780 2754 eaedem
790 2702 940 2770 quinquen·

132 2783 176 2830 uio
186 2782 274 2829 linem
286 2771 427 2824 crescendi
439 2771 561 2839 capiunt,
572 2786 741 2823 maresanno
752 2772 857 2822 addito.
869 2770 939 2821 For·

130 2862 177 2899 ua
190 2857 341 2912 equorum,
354 2843 448 2907 quales
461 2842 580 2893 maxime
592 2842 648 2909 legi
660 2847 803 2907 oporteat,
816 2838 941 2908 pulcher·

130 2919 204 2968 rlme
215 2912 327 2981 quidem
339 2911 462 2980 Virgilio
474 2918 538 2963 rate
552 2912 682 2962 absolata
694 2917 743 2961 est.
774 2910 828 2962 Sed
845 2919 874 2962 et
890 2924 940 2961 uos

132 2986 255 3038 diximus
267 2983 294 3030 in
306 2981 378 3031 libro
390 2982 425 3031 de
435 2980 603 3031 iaculatione
623 2981 745 3048 equestri
765 2979 890 3032 condito:
912 2986 941 3031 et

131 3056 193 3108 iere
205 3053 387 3103 interamnae
397 3054 526 3100 constare
537 3047 628 3099 video.
648 3049 767 3100 Diversa
778 3054 870 3099 nutem
882 3048 940 3099 Cir·

133 3138 167 3174 co
181 3121 254 3172 ratio
267 3119 418 3187 quaeritur.
448 3119 615 3184 ltaquecum
625 3117 694 3167 binii
705 3117 734 3165 iu
746 3116 802 3167 alin
813 3117 941 3184 subigan-

133 3204 181 3244 tur
192 3191 318 3258 imperio,
338 3202 391 3239 non
412 3196 478 3241 uate
490 3185 679 3253 quinquennes
690 3184 730 3235 ibi
741 3191 881 3237 certamen
892 3199 939 3235 ac·

135 3261 211 3330 cipit.
288 3300 292 3307 .

170 3326 270 3383 LXVl.
289 3326 404 3379 Partum
419 3327 448 3378 iu
459 3341 493 3379 eo
504 3340 607 3394 genere
617 3324 736 3377 undenis
748 3323 888 3377 mensibus
900 3322 940 3375 le·

135 3406 208 3461 runt,
219 3396 384 3449 duodecimo
397 3397 523 3464 gignunt.
544 3396 735 3447 Coitnsrerno
752 3394 939 3460 aequinoctio,

135 3471 212 3523 himo
222 3469 361 3544 agrisque,
383 3466 521 3532 vulgaris:
543 3465 591 3516 sed
603 3478 620 3515 a
630 3466 745 3515 trimatu
758 3463 865 3515 tirmior
875 3476 940 3529 par-

137 3549 192 3590 tus.
210 3537 335 3589 denerat
345 3550 405 3585 mas
417 3536 452 3586 ad
463 3548 549 3586 annos
559 3535 678 3600 triginta
688 3540 756 3593 tres,
769 3539 867 3598 utpote
879 3546 940 3583 curu

137 3608 243 3659 sciren
259 3610 324 3672 post
344 3605 508 3656 vicesimum
530 3619 631 3655 annam
653 3603 800 3653 mittantur
809 3602 844 3652 ad
855 3602 940 3653 sobo-

137 3679 199 3729 leun
223 3676 335 3741 Opunte
347 3684 376 3727 et
386 3674 421 3724 ad
432 3673 620 3741 quadraginta
630 3672 745 3723 durasse
756 3672 880 3735 tradunt,
890 3669 939 3721 ad-

136 3749 222 3798 iutum
235 3743 319 3796 modo
328 3745 356 3795 in
368 3744 523 3796 attollenda
533 3744 626 3809 priore
637 3747 717 3809 parte
728 3741 861 3808 corporis.
886 3739 939 3792 Sed

136 3815 171 3868 ad
183 3812 371 3884 generandam
394 3814 490 3880 paucis
509 3812 670 3863 animalium
688 3811 780 3862 minor
791 3810 938 3863 fertilitas:

137 3901 191 3953 qna
203 3886 237 3937 de
252 3899 337 3936 causa
347 3898 398 3951 per
409 3882 558 3934 intervalla
570 3881 742 3933 admissurae
752 3879 866 3931 dantur:
888 3895 940 3930 nee

136 3965 230 4006 umen
250 3955 404 4022 quindecim
416 3952 501 4003 initus
512 3951 634 4003 eiusdem
646 3951 711 4001 anui
722 3950 797 4003 valet
808 3950 937 4001 tolerare.

136 4024 276 4091 Equorum
299 4023 386 4073 libido
408 4023 595 4088 exstinguitur
606 4022 671 4072 iuba
683 4026 774 4071 tonsa.
813 4019 938 4088 Gignunt

137 4095 216 4145 annis
237 4093 366 4145 omuibus
381 4091 416 4143 ad
428 4090 678 4158 quadragesimum.
715 4089 826 4144 vixisse
837 4104 938 4156 equum

135 4162 315 4230 septuaginta
326 4163 447 4229 quinque
457 4177 543 4212 anuos
556 4160 694 4227 proditur.
730 4161 762 4212 ln
774 4158 827 4211 hoc
837 4172 939 4227 genere

134 4232 253 4299 gravida
265 4240 341 4281 stans
356 4232 437 4296 parit,
458 4238 623 4297 praeterque
634 4238 741 4281 ceteras
753 4230 858 4281 loetum
871 4229 934 4280 dili-

132 4301 186 4368 git.
207 4300 244 4349 iit
255 4314 322 4349 saue
333 4303 408 4365 equis
418 4300 522 4350 auroris
533 4301 638 4350 innasci
649 4300 821 4359 venalicium,
843 4297 938 4363 hippo·

132 4382 235 4421 manes
257 4367 434 4432 appeliatum,
453 4370 481 4419 in
498 4370 598 4430 lrnnte,
620 4371 728 4420 caricae
738 4367 937 4435 magnitudine,

132 4438 235 4490 colore
246 4436 345 4502 nigro:
361 4438 434 4504 quod
451 4440 547 4489 statim
559 4437 635 4489 edito
647 4444 728 4505 parta
746 4437 861 4489 devorat
878 4436 937 4487 ine·

132 4515 175 4567 ta,
188 4511 358 4572 autpertum
370 4506 404 4556 ad
415 4507 500 4558 ubera
512 4522 566 4557 uon
577 4507 710 4558 admittit.
745 4504 845 4571 Siquis
857 4519 937 4572 prae·

133 4581 243 4641 replum
268 4573 383 4638 habeat,
405 4575 511 4627 olineto
532 4577 560 4626 in
581 4576 685 4628 rabiem
697 4574 726 4626 id
737 4590 823 4643 genus
835 4575 937 4641 agitur.

132 4645 242 4696 Amissa
252 4646 403 4711 parenteia
410 4656 495 4713 grege
502 4646 631 4707 armenti,
642 4647 765 4712 reliquae
774 4644 868 4696 foetae
876 4643 939 4695 edn-

132 4719 200 4764 cant
211 4714 319 4765 orbum.
356 4715 474 4766 Terram
488 4716 628 4783 attingere
640 4729 689 4767 ore
700 4713 794 4765 triduo
805 4716 939 4779 proximo,

132 4786 263 4848 quamsit
273 4783 394 4852 genitus,
405 4792 508 4853 negant
519 4796 609 4852 posse.
647 4784 709 4846 Quo
720 4783 782 4851 quis
793 4783 893 4843 aerior,
911 4782 938 4832 iu

131 4852 255 4904 bibendo
266 4852 431 4919 profundius
443 4870 523 4906 nares
532 4854 645 4920 mergit.
681 4852 804 4920 Scythae
823 4851 940 4918 perbel·

128 4920 286 4973 laieminis
299 4923 341 4973 nti
353 4924 474 4987 malunt,
497 4927 626 4992 quoniam
646 4925 756 4975 urinam
777 4936 860 4974 cursu
882 4936 937 4973 non

130 4991 273 5058 impedito
284 4992 411 5044 reddant.

164 5060 282 5113 valt.
301 5063 420 5115 Constat
431 5062 611 5115 inLnsitnnia
623 5063 697 5113 circa
707 5061 879 5127 Olisiponem
892 5075 939 5127 op·

127 5130 226 5199 pidum
238 5141 269 5182 et
278 5132 388 5197 Tagum
399 5146 507 5185 amnem
519 5147 604 5199 equas
613 5132 734 5183 Fauonio
746 5131 830 5182 dante
842 5131 938 5182 obrer·

125 5216 176 5253 sas
187 5200 340 5252 animalem
351 5203 498 5269 concipere
507 5202 645 5269 spiritum,
653 5202 737 5268 idque
749 5207 857 5267 partum
869 5200 939 5262 lieri,

125 5279 155 5323 et
165 5270 250 5391 gigni
262 5272 485 5337 pernicissimum
496 5273 552 5323 itu:
574 5270 623 5322 sed
641 5271 786 5322 triennium
796 5270 871 5322 ritae
884 5283 938 5320 non

124 5355 197 5393 esce
219 5356 275 5392 ere.
305 5341 334 5390 ln
356 5340 453 5393 eadem
467 5343 604 5408 Hispania
615 5339 742 5392 Gallaica
755 5353 822 5407 geas
836 5345 887 5400 est,
910 5344 940 5390 et

123 5410 279 5463 Asturica:
301 5411 394 5477 equini
416 5414 538 5479 generis,
560 5409 601 5469 (hi
620 5416 684 5461 snut
701 5425 769 5477 quos
782 5407 939 5460 thieldones

122 5494 281 5543 sommus,
302 5480 403 5531 minori
422 5481 513 5532 forma
534 5479 690 5547 appellatos
707 5477 878 5539 asturcones)
901 5476 940 5544 gi·

120 5557 228 5616 gaunt,
240 5549 342 5616 quibos
354 5566 409 5601 non
421 5549 547 5617 uulgaris
557 5550 587 5599 iu
599 5562 678 5600 cursu
690 5548 803 5617 gradus,
812 5547 860 5598 sed
873 5546 940 5597 niol-

118 5616 157 5671 lis
170 5619 291 5672 alterno
302 5632 413 5673 erorum
426 5620 569 5688 explicata
580 5617 760 5684 muneratio:
777 5616 850 5670 ande
861 5617 939 5686 equis

993 482 1107 535 tolutim
1119 500 1232 554 carpere
1252 488 1513 541 incursnstraditur
1525 495 1595 542 arte.
1631 486 1710 558 Eqnd
1730 490 1799 555 iere,

996 552 1045 620 qui
1064 552 1171 606 bonrini
1190 558 1291 620 morbi,
1312 565 1489 627 praeterque,
1508 559 1619 612 vesicae
1645 562 1800 624 conversio,

996 622 1069 673 sicut
1081 625 1207 675 omnibns
1218 626 1246 675 in
1258 634 1359 693 genere
1369 628 1503 680 veterino.

1030 690 1156 743 varn.
1176 694 1290 745 Asinum
1307 697 1396 749 0000
1408 698 1530 750 millibus
1541 704 1681 751 numurdm
1694 707 1797 751 emtum

996 762 1030 825 q.
1042 761 1113 811 Axio
1124 763 1256 824 senatori,
1276 771 1376 817 auctor
1386 774 1430 818 ιιι
1439 768 1478 818 Μ.
1490 766 1590 830 Varro,
1609 769 1683 821 haud
1693 771 1752 821 scio
1763 786 1797 821 an

996 830 1120 882 ninnium
1141 835 1232 897 pretio
1249 834 1412 885 animalium
1423 837 1506 889 ricto.
1542 839 1702 905 Operasiue
1714 840 1798 890 dubio

996 900 1091 968 generi
1112 901 1235 963 mirifica,
1258 904 1362 953 arando
1382 920 1503 974 qnoque,
1521 907 1570 959 sed
1587 909 1722 959 ulularum
1740 924 1796 960 ura·

994 971 1068 1021 aiore
1099 972 1321 1038 regeneratione.
1351 971 1446 1027 Patria
1457 976 1540 1027 etiam
1552 985 1696 1043 spectatur
1707 980 1734 1029 in
1747 976 1798 1041 his,

994 1041 1066 1092 Arca
1086 1040 1138 1090 icis
1153 1042 1180 1090 in
1198 1039 1310 1102 Achaia,
1330 1040 1358 1090 iu
1371 1042 1455 1095 ltalia
1465 1044 1599 1097 Reatinis.
1636 1048 1726 1116 lpsum
1739 1050 1798 1098 ani·
1879 1053 1883 1062 '

995 1110 1051 1161 mal
1062 1108 1177 1177 irigoris
1194 1111 1313 1162 maxime
1324 1110 1487 1177 impatiensr
1508 1114 1572 1166 ideo
1584 1123 1798 1184 congereretur

995 1181 1022 1231 in
1034 1179 1139 1231 Ponto:
1161 1195 1211 1232 nec
1227 1180 1403 1247 aequinoctio
1425 1197 1526 1244 vernn,
1546 1191 1578 1234 ut
1597 1193 1691 1238 cetera
1702 1201 1797 1253 pecua,

996 1249 1163 1311 admittitur,
1184 1249 1233 1301 sed
1245 1248 1377 1301 solstitio.
1414 1250 1509 1303 Mares
1522 1253 1549 1302 in
1560 1258 1724 1307 remissione
1734 1270 1796 1322 ope·

996 1318 1034 1371 ris
1044 1318 1207 1371 deteriores.
1244 1318 1343 1371 l’artns
1354 1336 1371 1371 a
1383 1322 1524 1375 tricesimo
1538 1337 1631 1374 ntensc
1642 1324 1796 1386 ocissimus,

994 1388 1042 1439 sed
1053 1404 1069 1439 a
1079 1388 1194 1439 trimatu
1206 1387 1362 1456 legitimus:
1379 1390 1508 1451 totidem,
1520 1400 1589 1456 quot
1600 1406 1696 1457 equae,
1706 1403 1734 1446 et
1746 1395 1797 1445 eis·

995 1458 1056 1509 dem
1069 1458 1219 1519 mensibus,
1231 1465 1259 1509 ιι
1270 1458 1356 1510 simili
1370 1460 1460 1511 modo.
1486 1458 1540 1512 Sed
1552 1459 1725 1513 incontinens
1737 1469 1797 1514 ute·

992 1542 1042 1577 rus
1053 1530 1159 1579 nunant
1170 1527 1323 1595 genitalem
1337 1529 1438 1593 reddit,
1459 1532 1487 1580 ni
1504 1537 1621 1598 cogatur
1640 1530 1668 1580 in
1678 1534 1796 1583 bursam

994 1598 1158 1649 verberibus
1174 1598 1288 1648 acoitn.
1325 1598 1398 1650 Raro
1416 1602 1543 1668 geminos
1566 1601 1651 1667 parit:
1674 1600 1797 1666 paritura

995 1667 1084 1718 lucem
1098 1665 1181 1733 lugit,
1193 1673 1221 1718 et
1233 1669 1361 1720 tenebras
1375 1671 1492 1737 quaerit,
1514 1684 1548 1720 ne
1565 1668 1752 1736 conspiciatur
1762 1671 1796 1721 ab

994 1736 1113 1787 hunnine.
1142 1735 1240 1802 Gignit
1251 1743 1312 1789 tota
1322 1739 1390 1801 rita,
1401 1754 1471 1806 qnae
1484 1746 1526 1790 ιιι
1537 1738 1562 1790 ei
1576 1739 1611 1791 ad
1624 1738 1797 1806 trigesimum

993 1821 1103 1857 annum.
1121 1804 1221 1855 Partus
1233 1809 1333 1857 caritas
1345 1823 1462 1872 austrina,
1472 1807 1662 1876 sedequarnm
1674 1809 1797 1861 taedium

993 1877 1091 1926 mains.
1129 1873 1181 1925 Per
1191 1879 1271 1942 ignes
1283 1876 1318 1927 ad
1334 1876 1427 1929 foetus
1437 1878 1567 1930 tendunt:
1590 1878 1713 1940 eaedem,
1724 1882 1747 1929 si
1763 1879 1797 1929 ri·

992 1960 1044 1994 rus
1064 1944 1194 1995 minimus
1210 1946 1330 2005 intersit,
1351 1947 1526 2010 horrentita,
1549 1949 1672 2014 nipedes
1686 1948 1796 2000 nurnine

993 2020 1109 2064 careant
1130 2013 1246 2082 tingere.
1283 2015 1343 2066 Nec
1359 2017 1413 2067 nisi
1434 2024 1673 2083 assuetospntaut
1694 2018 1798 2077 sorites,

993 2096 1064 2149 quae
1075 2088 1139 2133 snut
1151 2083 1179 2133 in
1190 2084 1337 2151 pecuariis,
1359 2093 1441 2153 atque
1457 2086 1497 2139 ita
1507 2093 1538 2137 nt
1550 2087 1623 2137 sicco
1637 2088 1749 2137 tramite
1762 2086 1797 2135 ad

993 2159 1089 2218 potum
1101 2159 1179 2203 eant:
1198 2169 1247 2204 nec
1261 2162 1359 2220 pontes
1373 2162 1525 2217 nauseant,
1539 2171 1589 2223 per
1601 2157 1742 2207 raritatem
1755 2172 1797 2205 cu·

993 2237 1053 2272 rum
1071 2223 1304 2275 translucentibus
1316 2222 1417 2276 lluriis.
1452 2225 1611 2291 Mirnmqne
1630 2226 1716 2286 dictu,
1736 2227 1796 2274 siti·

993 2295 1057 2341 unt:
1079 2297 1106 2340 ιι
1123 2291 1146 2341 si
1164 2291 1346 2345 immutentur
1362 2308 1465 2360 aquae,
1487 2303 1519 2345 ut
1536 2295 1635 2346 bibant
1657 2294 1798 2363 engenulae

993 2359 1186 2413 exorandaeve
1208 2370 1282 2412 sunt.
1319 2363 1378 2415 Nec
1390 2365 1444 2415 nisi
1456 2367 1578 2431 spatiosa
1588 2363 1745 2415 incubitant
1756 2364 1796 2413 la·

992 2433 1095 2481 ritater
1106 2430 1183 2482 raria
1195 2447 1312 2499 naurqne
1323 2447 1421 2482 sonrno
1435 2433 1490 2483 risa
1502 2434 1669 2498 concipiunt,
1686 2433 1742 2482 ictu
1755 2448 1797 2498 pe·

993 2498 1058 2548 dum
1084 2501 1196 2564 crebr03
1217 2503 1263 2567 qui
1286 2500 1340 2550 nisi
1354 2515 1404 2566 per
1420 2501 1502 2552 inane
1513 2502 1666 2564 emicuerit,
1685 2503 1797 2567 repulsu

993 2566 1114 2617 durioris
1135 2571 1271 2620 materiae
1288 2569 1471 2620 clauditatem
1486 2570 1563 2622 illico
1576 2569 1668 2621 aliert.
1704 2570 1796 2630 Quae·

992 2642 1054 2686 stus
1066 2648 1101 2685 ex
1112 2635 1148 2685 iis
1166 2638 1258 2703 opima
1274 2635 1390 2703 praedia
1408 2647 1585 2703 exsuperant.
1621 2638 1727 2689 Notum
1745 2648 1813 2701 est„

992 2702 1021 2754 in
1030 2703 1181 2755 Celtiberia
1191 2705 1316 2772 singulas
1326 2705 1565 2773 quadringentena
1575 2705 1666 2757 millia
1675 2721 1797 2757 numuru-

992 2787 1055 2826 rum
1072 2772 1178 2824 enixus.
1214 2774 1254 2826 Ad
1268 2774 1402 2825 mularum
1422 2777 1542 2827 maxime
1560 2786 1665 2842 partus,
1687 2776 1797 2827 aurium

992 2842 1099 2894 referre
1110 2842 1137 2892 in
1149 2840 1192 2893 his
1203 2851 1231 2895 et
1251 2843 1445 2911 palpebrarum
1459 2846 1530 2910 pilns
1541 2845 1626 2895 aiunt.
1664 2845 1797 2906 Quamuis

994 2912 1066 2965 enim
1078 2912 1204 2963 unicolor
1214 2913 1320 2979 reliquo
1338 2928 1464 2980 corpure,
1486 2915 1602 2966 totidem
1614 2922 1707 2965 tamen
1720 2916 1795 2965 culo·

993 2996 1048 3041 res,
1071 2988 1138 3045 quot
1149 2983 1187 3031 ibi
1206 2981 1293 3043 inere,
1317 2982 1418 3033 reddit.
1455 2981 1552 3033 Pullos
1573 2998 1666 3034 earum
1688 2983 1798 3049 epulari

995 3053 1142 3101 Maecenas
1156 3049 1292 3112 institnit,
1316 3051 1430 3101 maltum
1454 3066 1487 3102 co
1509 3059 1634 3117 tempore
1655 3051 1797 3117 praelatos

994 3116 1107 3184 onagris
1119 3135 1125 3166 ε
1147 3124 1285 3185 postcunt
1301 3119 1409 3169 interiit
1420 3123 1572 3172 auctoritas
1583 3121 1699 3185 saporis.
1735 3119 1794 3171 Asi·

993 3202 1029 3238 no
1042 3185 1177 3237 moriente
1190 3186 1261 3248 riso,
1273 3188 1418 3241 celerrime
1430 3188 1457 3239 id
1469 3202 1556 3255 genus
1568 3189 1669 3241 delicit.

1017 3254 1128 3306 LXIX.
1148 3254 1190 3306 Ex
1200 3256 1279 3307 asino
1291 3265 1319 3308 ιι
1329 3272 1400 3323 equa
1412 3258 1487 3309 maia
1498 3246 1726 3326 gignitnriuense
1737 3267 1792 3310 ter·

993 3326 1035 3376 tio
1047 3323 1164 3387 decimo,
1185 3320 1288 3376 aninial
1300 3326 1407 3378 viribus
1418 3328 1448 3377 iu
1461 3326 1571 3377 labores
1582 3327 1723 3379 esinrium.
1753 3327 1795 3378 Ad

992 3394 1065 3446 tales
1077 3400 1174 3460 partus
1185 3410 1269 3462 equas
1281 3410 1369 3462 neque
1387 3394 1538 3462 quadrimis
1554 3397 1684 3459 nrinores,
1706 3412 1795 3465 neque

994 3462 1162 3515 decennibus
1174 3465 1294 3517 uraiores
1305 3465 1416 3533 legunt:
1433 3465 1577 3531 arcerique
1588 3473 1735 3532 utrumqne
1747 3481 1796 3535 ga·

993 3549 1044 3584 nus
1054 3533 1089 3583 ab
1110 3531 1199 3585 altero
1217 3542 1340 3597 narrant,
1360 3534 1412 3584 nisi
1434 3534 1462 3584 in
1474 3533 1593 3586 infautia
1605 3536 1664 3586 eins
1676 3537 1796 3602 generis,

993 3602 1067 3673 quod
1078 3604 1164 3664 ineat,
1175 3602 1248 3655 lacte
1259 3602 1370 3655 hausto.
1394 3605 1570 3670 Quapropter
1580 3615 1724 3671 surreptas
1737 3605 1796 3672 pul·

992 3675 1035 3724 los
1045 3676 1072 3723 in
1085 3673 1206 3724 tenebris
1217 3688 1350 3740 equarum
1361 3672 1448 3737 uberi,
1467 3673 1651 3737 asinarumve,
1663 3675 1795 3741 equuleos

992 3740 1149 3794 admovent.
1186 3743 1318 3811 Gignitnr
1333 3750 1425 3796 nutem
1448 3744 1525 3796 mnia
1539 3759 1572 3797 ex
1584 3758 1655 3811 equo
1668 3754 1696 3795 ct
1706 3745 1794 3805 asina,

991 3813 1040 3863 sed
1052 3812 1174 3873 effrenis,
1194 3820 1223 3864 et
1235 3813 1378 3865 tarditatis
1394 3814 1557 3866 indomitae.
1594 3814 1684 3865 Lenta
1703 3817 1795 3864 urania

992 3882 1042 3945 eis,
1065 3890 1095 3932 nt
1113 3882 1222 3932 vetulis.
1259 3884 1427 3952 conceptum
1440 3899 1474 3936 ex
1492 3898 1571 3951 equo,
1592 3891 1703 3934 secutus
1724 3884 1793 3934 asini

992 3950 1093 4015 coitus,
1110 3950 1210 4002 abortu
1223 3954 1348 4019 perimit:
1366 3968 1420 4004 nnn
1430 3956 1496 4005 item
1509 3968 1544 4004 ex
1555 3952 1631 4004 asino
1645 3954 1716 4020 eqni.
1744 3952 1794 4001 Fe-

992 4021 1080 4072 minas
1092 4035 1108 4072 a
1118 4029 1200 4088 partu
1211 4023 1314 4088 optime
1325 4023 1444 4089 septimo
1457 4022 1503 4074 die
1524 4022 1645 4087 impleri,
1667 4022 1794 4070 observa·

991 4098 1049 4142 tum
1062 4096 1118 4142 est:
1135 4105 1225 4142 mares
1237 4092 1373 4159 fatigatos
1384 4092 1483 4144 melina
1494 4091 1618 4157 implere.
1648 4088 1727 4150 Quae
1737 4102 1793 4137 non

991 4161 1078 4228 prins,
1099 4174 1178 4227 quam
1191 4160 1298 4225 dentes,
1318 4177 1387 4229 quos
1399 4162 1516 4229 pullinos
1527 4158 1677 4224 appellant,
1698 4155 1794 4217 initiat,

991 4231 1159 4295 cotrcepcrit,
1179 4230 1287 4281 sterilis
1308 4230 1489 4297 intelligitur,
1508 4234 1539 4279 el·
1552 4242 1623 4291 quae
1639 4241 1692 4274 nou
1704 4225 1793 4290 primo

991 4298 1061 4349 initu
1073 4313 1207 4364 generare
1220 4300 1350 4365 coeperit.
1387 4299 1467 4367 Equo
1489 4301 1517 4347 ιι
1529 4298 1605 4345 asina
1616 4294 1725 4362 genitos
1739 4308 1793 4347 ma·

991 4382 1044 4428 res,
1056 4365 1155 4417 hiunns
1165 4368 1273 4435 antiqui
1283 4368 1433 4423 uocabant:
1451 4374 1601 4431 contraque
1613 4364 1712 4427 binius,
1724 4378 1792 4430 qnos

991 4437 1061 4487 asini
1074 4441 1103 4485 et
1120 4450 1206 4501 equae
1227 4442 1401 4504 generarent.
1439 4437 1632 4497 Observatum,
1654 4433 1794 4486 ednnbns

991 4505 1110 4556 dirersis
1121 4505 1267 4572 genetibus
1279 4511 1353 4568 nata,
1370 4505 1447 4556 tertii
1460 4504 1570 4572 generis
1580 4505 1650 4566 lieri,
1663 4513 1691 4556 et
1702 4504 1792 4555 neutri

991 4580 1137 4642 parentum
1152 4589 1213 4625 esse
1223 4574 1340 4625 similia:
1359 4590 1446 4641 eaque
1458 4574 1527 4641 ipsa,
1540 4589 1609 4641 quac
1621 4582 1684 4624 sunt
1695 4575 1736 4624 ita
1747 4589 1792 4626 na·

991 4653 1029 4707 ta,
1040 4659 1093 4694 non
1104 4644 1236 4711 gignere,
1254 4644 1282 4694 in
1293 4645 1367 4696 auriti
1380 4644 1540 4695 animalium
1554 4659 1668 4712 genere:
1687 4644 1792 4695 idcirco

992 4714 1081 4765 ninias
1094 4727 1146 4763 nou
1160 4726 1266 4778 parere.
1302 4715 1354 4765 Est
1369 4715 1397 4764 in
1409 4714 1559 4765 Annalibus
1575 4717 1688 4776 nostris,
1710 4727 1790 4779 pepe-

991 4785 1062 4836 risse
1074 4797 1171 4851 saepe:
1193 4797 1287 4835 reram
1308 4782 1429 4851 prodigii
1445 4784 1510 4835 loco
1526 4781 1662 4834 habitum.
1698 4780 1791 4833 Theo·

990 4853 1120 4922 phrastus
1131 4851 1215 4921 uulgo
1226 4867 1324 4919 parere
1336 4853 1362 4904 in
1374 4853 1549 4921 Cappadocia
1558 4853 1658 4904 tradit:
1671 4851 1719 4903 sed
1733 4866 1793 4902 esse

991 4922 1020 4975 id
1033 4923 1135 4973 animal
1146 4921 1185 4973 ibi
1197 4924 1239 4973 sui
1251 4924 1371 4990 generis.
1408 4924 1502 4975 lllnlae
1515 4923 1677 4973 calcitratus
1687 4918 1794 4973 inhibe·

991 5000 1039 5043 tur
1055 4993 1107 5041 riui
1125 4991 1264 5044 crebriore
1284 5000 1361 5059 potu.
1391 4996 1419 5045 lu
1431 4993 1553 5060 plurium
1566 4990 1737 5042 Graecorum
1751 4997 1792 5040 est

993 5062 1185 5121 monumentis,
1206 5076 1266 5112 cunr
1278 5078 1348 5128 equa
1359 5061 1426 5112 ntuli
1439 5062 1514 5113 coitu
1526 5068 1630 5120 natant,
1652 5074 1730 5126 quem
1743 5074 1792 5107 rn-

991 5133 1118 5182 careriut
1128 5129 1248 5199 gignimur,
1263 5131 1292 5181 id
1305 5138 1356 5193 est,
1376 5146 1487 5198 parsum
1504 5130 1616 5181 arulum.
1653 5131 1795 5180 Generan·

991 5207 1037 5252 tur
1047 5214 1080 5252 cr
1090 5214 1161 5265 equa
1172 5207 1200 5250 et
1208 5201 1320 5268 onagris
1332 5200 1528 5251 mansuefactis
1540 5200 1631 5250 titulae
1644 5198 1753 5248 veloces
1764 5197 1793 5246 in

992 5284 1083 5329 cursu,
1096 5267 1202 5319 duritia
1214 5270 1316 5320 eximia
1326 5268 1434 5336 pedum,
1454 5284 1549 5320 verum
1561 5268 1682 5335 strigoso
1696 5278 1792 5329 corpo·

992 5354 1031 5401 re,
1049 5337 1186 5389 indomito
1198 5339 1299 5391 animo.
1338 5338 1391 5391 Sed
1403 5345 1563 5406 generator,
1584 5353 1638 5388 ona
1674 5350 1689 5385 o
1702 5342 1728 5383 ιι
1740 5332 1791 5379 asi-

993 5424 1029 5459 na
1040 5407 1157 5475 genitus,
1169 5420 1265 5460 onrues
1278 5408 1429 5460 antecellit.
1467 5408 1570 5476 Ouagri
1591 5409 1618 5457 in
1630 5352 1753 5465 lflrsrygib
1764 5402 1793 5449 tl

992 5477 1135 5546 Lycaonia
1145 5477 1294 5546 praecipui.
1333 5476 1421 5528 Pullis
1438 5492 1542 5537 eornm,
1564 5490 1613 5527 ceu
1629 5467 1793 5536 praestanti·

991 5549 1043 5598 bus
1054 5561 1163 5616 sapore,
1184 5547 1277 5598 Airita
1318 5546 1446 5610 laniatur,
1467 5561 1536 5612 quos
1547 5540 1688 5594 lalisiones
1699 5535 1792 5618 appel.

992 5616 1060 5671 lant.
1096 5617 1204 5669 Malam
1223 5614 1302 5668 Lxx
1350 5618 1427 5666 annis
1450 5604 1792 5674 vernantissimum·
