4356 6014
329 261 393 319 246
505 259 537 317 C.
567 255 711 316 PblNll
749 248 954 311 SECUNDl
989 248 1153 309 NATUlb
1192 250 1378 313 hastoit
1409 251 1489 313 LlB.
1513 249 1590 311 XX.
1626 249 1718 309 car.
1741 252 1844 310 9-17.

332 409 471 470 dicuntur,
490 420 560 474 quas
572 404 672 459 Graeci
694 397 850 469 periodicas
870 403 979 450 secant.
990 378 1127 450 “Satisne

333 492 442 546 quoque
463 491 543 527 resae
564 489 660 527 succus
681 467 836 535 tepefactus
858 467 974 531 nuribus
991 466 1127 518 medetur.

334 551 405 600 caro
417 548 476 599 eius
486 544 605 595 interior
616 542 674 589 sine
683 538 798 598 semine,
808 536 895 587 cleris
906 536 1015 601 pedum,
1025 542 1055 587 et
1065 551 1128 603 sup·

311 662 318 673 ,
335 614 535 684 purationibus,
548 624 616 677 quac
628 607 728 658 Graeci
738 613 837 657 vocant
847 610 1032 681 apostemata.
1068 605 1126 656 lie·

335 692 430 737 coctae
441 688 532 732 antem
545 677 686 727 universae
697 690 803 738 succus,
824 672 948 725 dentium
967 680 1059 724 motus
1069 681 1126 725 sta·

335 753 405 813 bilit,
415 759 443 803 et
453 749 563 799 dolores
575 742 688 794 inhibet.
708 743 810 795 Vinum
820 758 880 795 cum
892 758 925 794 ea
935 742 1128 804 fervefactum,

1180 399 1249 453 baec
1257 415 1375 468 coquere
1387 416 1435 455 eos
1446 400 1474 451 in
1483 400 1545 452 luto
1556 398 1677 451 malunt:
1688 398 1728 450 sir.
1739 404 1767 451 et
1778 374 1973 466 feminas'pur-

1199 470 1250 520 ari.
1285 473 1328 522 Ex
1338 477 1417 521 aceio
1431 477 1458 521 et
1469 469 1551 520 melle
1564 470 1658 529 sunrti,
1669 470 1864 520 intestinorum
1876 471 1978 521 aninra-

1180 485 1219 588 fia
1230 536 1402 591 detrahunt·
1424 541 1492 591 ltem
1505 537 1540 588 ad
1557 539 1658 589 tertias
1674 536 1791 588 decocto
1803 551 1897 587 eorum
1909 548 1976 605 poto

1181 623 1242 658 cunr
1254 609 1325 658 sino.
1361 606 1533 658 Enterocelis
1546 612 1675 674 prosunt:
1692 604 1855 671 sanguinem
1868 621 1976 674 quoquc

1180 678 1305 729 inutilem
1320 676 1362 727 sic
1380 673 1537 728 extrahunt.
1573 673 1682 725 Medius
1700 672 1735 722 ad
1747 672 1815 725 haec
1826 681 1853 725 et
1864 677 1974 744 sangui·

1179 760 1242 797 nem
1264 744 1472 797 exscreantibus
1488 748 1583 795 coctos
1598 742 1658 793 dori
1673 742 1762 795 iubet:
1785 749 1813 794 et
1831 749 1977 811 puerperis

335 822 476 873 oculorum
487 815 571 866 etiam
581 813 710 878 impetus.
734 814 816 864 Folia
826 811 886 862 eius
897 826 956 861 curn
969 812 1128 862 recentibus
1176 815 1214 864 ad
1225 814 1309 864 lactis
1320 812 1426 878 copiam
1438 806 1600 878 augendam.
1612 812 1796 878 Hippocrates
1806 815 1905 879 capitis
1918 829 1977 867 mu·

335 885 465 953 cupressi,
482 891 608 946 contusa,
619 890 648 935 et
659 882 801 949 imposita:
824 883 884 946 ipse
894 893 1003 946 quoque
1015 885 1091 930 tosta
1100 880 1128 930 in

334 955 441 1020 argilla,
452 968 484 1004 ae
495 952 565 1004 trita
574 968 636 1003 eum
648 951 730 1017 adipe
741 950 855 1011 anseris,
866 948 1028 999 vulneribus
1038 947 1128 999 mede·

333 1034 386 1074 tur.
423 1022 481 1073 Nec
499 1035 553 1072 non
568 1022 701 1072 ramentis
716 1020 826 1071 corticis
838 1022 963 1070 recentes
975 1016 1128 1084 prodagras

333 1092 530 1157 relegasset
542 1091 656 1141 ardores
666 1092 774 1156 capitis,
786 1086 932 1138 infantium
945 1087 1071 1137 maxime.
1089 1086 1127 1136 Et

332 1166 410 1230 ignes
420 1173 530 1219 sacros,
551 1157 585 1210 de
595 1159 781 1225 strigmentis,
801 1157 843 1207 vel
856 1155 899 1206 his
910 1154 1065 1219 impositis,
1085 1153 1129 1206 rel

332 1228 494 1281 seminibus.
523 1226 627 1279 Succos
638 1243 672 1279 ex
684 1225 866 1294 strigmentis,
876 1224 966 1275 illitus
978 1236 1038 1274 cunr
1051 1236 1127 1273 resa·

335 1314 384 1350 ceo
395 1295 525 1358 et‘nceto,
538 1294 655 1347 febrium
666 1298 780 1347 ardores
792 1294 946 1361 refrigerat.
981 1289 1081 1343 Aridae
1092 1291 1128 1342 ci·

332 1369 375 1418 nis
386 1366 530 1431 impositus
542 1365 612 1421 mire
622 1367 766 1416 combusta
775 1368 864 1414 sanat.
890 1358 1059 1427 Chrysippus
1069 1375 1127 1412 nse·

333 1435 410 1487 dicus
421 1434 568 1485 damnabat
579 1450 626 1485 eas
638 1435 665 1485 in
677 1435 754 1485 cibis.
792 1431 847 1484 Sed
858 1432 979 1483 omnium
992 1443 1128 1481 consensu

332 1502 476 1557 stomacho
497 1502 660 1559 utilissimae
680 1503 856 1565 iudicantur,
875 1506 905 1553 et
923 1500 1128 1553 interaneorum

333 1573 541 1638 vesicarumque
554 1571 834 1624 exhulcerationihus.

366 1643 415 1695 rx.
433 1643 484 1694 Est
495 1650 524 1695 et
535 1657 601 1709 rapo
613 1643 655 1691 sis
667 1641 782 1693 modica.
793 1639 945 1691 Perniunes
957 1636 1066 1689 ferrens
1075 1637 1127 1687 im·

332 1711 453 1779 positum
464 1719 552 1763 sanat.
588 1710 655 1763 ltem
668 1708 756 1777 frigus
768 1708 846 1776 pellit
863 1723 878 1759 e
891 1706 1014 1773 pedibus.
1050 1707 1129 1772 Aqua

337 1780 445 1833 decocti
466 1780 525 1831 eius
543 1778 653 1832 ferrens
668 1779 799 1847 podagris
812 1778 896 1829 etiam
914 1776 1022 1843 frigidis
1036 1775 1127 1827 orode·

332 1857 393 1900 tur:
408 1856 437 1901 et
448 1847 561 1899 crudum
574 1856 663 1899 tusum
677 1865 737 1900 cum
750 1848 817 1908 sale,
837 1846 988 1911 cuicunque
999 1845 1068 1894 sitio
1080 1858 1127 1909 pe·

334 1918 407 1969 dum.
435 1916 542 1979 ,Selenen
554 1917 655 1968 illitum
673 1926 701 1969 et
713 1926 806 1983 potum
823 1914 853 1965 in
865 1916 942 1975 vino,
963 1922 1061 1963 contra
1072 1927 1130 1963 ser·

335 1992 432 2053 pentes
453 1994 482 2037 et
503 1990 595 2038 toxica
608 1987 730 2038 salutare
747 2000 807 2036 esse
825 1983 959 2050 proditur.
993 1983 1017 2032 Δ
1032 1980 1128 2032 multis

332 2071 397 2108 sero
408 2054 529 2107 antidoti
538 2056 591 2106 xviri
605 2052 705 2107 habere
720 2054 748 2105 in
759 2054 824 2103 tino
836 2060 865 2103 et
877 2050 950 2102 oleo.
987 2051 1129 2102 Democri·

335 2133 381 2177 tus
391 2125 419 2176 in
430 2131 521 2176 totum
534 2140 566 2175 ca
576 2123 717 2177 abdicarit
734 2125 762 2173 in
775 2121 861 2181 cibis,
884 2126 998 2186 propter
1010 2119 1130 2171 inflatio-

333 2211 391 2247 nes.
426 2192 543 2247 Diocles
551 2193 656 2259 maguis
667 2188 796 2243 laudibus
808 2190 881 2251 tulit,
895 2188 979 2239 etiam
994 2187 1128 2241 Venerem

333 2263 471 2315 stimulari
483 2263 517 2313 ob
534 2263 574 2315 eis
586 2260 739 2327 professus:
759 2260 827 2310 item
841 2258 1007 2333 Dionysius:
1029 2259 1130 2325 magis·

334 2346 401 2397 que,
425 2331 448 2381 si
460 2346 543 2383 eruca
553 2331 739 2382 condirentur.
776 2330 866 2382 Testa
877 2341 985 2395 quoque
996 2329 1128 2381 articulo·

332 2414 393 2451 runs
405 2399 497 2451 dolori
508 2415 569 2451 cuur
581 2399 662 2466 adipe
673 2400 813 2468 prodesse.

99 2456 106 2461 “
203 2468 215 2472 -
285 2474 308 2479 -
367 2468 775 2525 x.fian·smaru1nrjnarsis
786 2467 905 2520 unanime
918 2467 1053 2528 nascitur,
1070 2464 1128 2518 fru-

334 2522 461 2583 ticosum,
472 2526 578 2577 semine
588 2526 717 2586 candido,
730 2528 815 2594 dnpln
829 2538 941 2587 uiatore,
950 2552 1031 2595 quem
1044 2551 1127 2596 papa.

334 2592 416 2645 reris.
452 2591 558 2645 Hocad
571 2594 764 2661 instigandam
776 2603 866 2648 cutem
878 2596 906 2646 in
918 2595 997 2658 facie,
1014 2604 1128 2665 totoque

334 2674 460 2725 corpore,
480 2667 605 2721 utuntur,
626 2666 715 2715 nrirta
726 2661 823 2725 farina,
844 2665 903 2731 pari
914 2679 1051 2726 memora,
1062 2667 1128 2730 et't'i,

337 2726 442 2790 hordei,
451 2728 546 2791 tritici,
559 2738 587 2783 et
598 2731 694 2797 lupini.
730 2732 818 2784 liadix
831 2733 865 2784 ad
875 2735 967 2786 oninia
976 2735 1093 2787 inutilis.

368 2798 415 2850 XJ.
440 2798 581 2865 Naporum
608 2799 676 2852 duas
696 2798 870 2854 differentias
893 2809 921 2853 et
942 2803 970 2853 in
992 2804 1129 2855 medicina

333 2864 562 2920 Graeciserrant.
584 2868 731 2936 rlugulosis
744 2870 877 2922 foliorum
890 2872 1014 2923 caulibus
1027 2874 1127 2925 floreu-

331 2934 377 2998 tls,
397 2934 470 3003 quod
482 2938 584 3007 brierion
595 2949 709 3001 vocant,
728 2942 941 3009 purgationibus
953 2942 1127 3005 sentinarum,

334 3012 364 3055 et
374 3006 482 3055 vesicae
494 3014 521 3057 et
532 3004 628 3059 urinae
638 3009 708 3059 utile
726 3010 883 3071 decoctum,
903 3018 998 3077 potum
1010 3027 1043 3063 ex
1051 3026 1127 3079 aqua

329 3073 434 3134 mulsa,
456 3073 583 3128 relsucci
595 3076 734 3129 drachma.
771 3081 870 3132 Sennea
888 3080 1074 3147 dysentericis
1086 3090 1127 3132 to·

333 3148 420 3201 stum,
433 3141 590 3221 ¹tritumque
601 3146 630 3197 in
641 3162 713 3213 aqua
725 3146 829 3209 calida,
849 3166 864 3200 e
881 3148 988 3216 cyathis
999 3156 1128 3223 quatuor.

331 3207 387 3262 neo
398 3224 503 3263 urinam
517 3211 642 3275 inhibet,
666 3215 691 3266 si
706 3230 760 3267 non
779 3218 931 3270 linisemen
943 3233 997 3269 una
1007 3220 1127 3271 bibatur.

329 3278 453 3331 Alterum
464 3294 552 3348 genus
563 3282 682 3337 buniada
693 3287 849 3351 appellant,
870 3294 899 3339 et
909 3285 1031 3353 raphano
1044 3296 1072 3340 et
1083 3303 1126 3341 ra·

326 3362 366 3417 po
377 3348 477 3413 simile,
493 3352 605 3405 seminis
618 3355 757 3418 praeclari
766 3362 863 3409 contra
873 3370 994 3409 venena:
1013 3359 1047 3409 ob
1058 3356 1086 3408 id
1098 3364 1126 3411 et

327 3418 359 3469 in
369 3418 504 3471 antidotis
516 3428 631 3473 utuntur
639 3423 698 3474 illu.

363 3486 424 3567 illl.
444 3482 607 3556 Raphonuux
617 3501 646 3544 et
656 3492 810 3545 silvestrem
824 3508 885 3545 esse
897 3491 1026 3545 diximus.
1054 3495 1125 3546 liau-

330 3555 491 3608 datrssimus
507 3558 535 3609 in
544 3560 677 3612 Arcadias
700 3578 853 3629 quanquam
871 3571 900 3613 et
915 3563 982 3613 alibi
994 3565 1125 3623 nascitur,

329 3624 426 3676 utilior
436 3626 532 3680 urinae
545 3627 689 3681 dumtaxat
699 3631 819 3684 ciendae.
832 3631 932 3683 Cetero
943 3634 1048 3683 aestino
1060 3649 1126 3685 usus

329 3693 356 3744 iu
367 3694 455 3758 ltalia,
466 3702 494 3748 et
504 3700 687 3751 armoraciam
698 3708 806 3751 secant.

367 3760 441 3814 xtrt.
462 3766 499 3817 lit
509 3767 593 3818 satiri
604 3784 679 3830 sero,
695 3777 806 3834 practer
818 3782 932 3836 eaquae
945 3769 1019 3821 circa
1029 3785 1076 3822 eos
1086 3770 1126 3822 di·

331 3838 464 3895 ctasunt,
484 3834 656 3887 stomachum
669 3851 720 3901 pur
741 3844 801 3896 ant,
821 3837 949 3901 pituitam
966 3845 1125 3902 extenuant,

331 3901 438 3951 urirram
450 3903 602 3966 concitant,
613 3906 697 3958 bilem
729 3903 866 3958 errabunt.
904 3905 1123 3959 Praetereacor·

327 3972 395 4020 tices
410 3970 439 4021 in
455 3969 519 4021 sino
531 3971 654 4035 decocti,
676 3988 757 4025 mane
777 3972 835 4040 poti
847 3972 882 4025 ad
895 3982 989 4027 ternos
1000 3977 1124 4043 cyathos,

331 4040 520 4091 comminuunt
532 4047 561 4092 et
571 4041 686 4094 eliciunt
698 4042 828 4094 calculos.
846 4041 932 4093 lidem
943 4042 971 4094 in
982 4059 1066 4111 posca
1076 4048 1123 4099 de·

332 4109 404 4159 cocti
415 4116 513 4161 contra
522 4111 690 4178 serpentium
701 4125 810 4163 morsus
828 4110 982 4169 illinuntur.
1017 4114 1059 4165 nd
1068 4124 1124 4167 tus·

327 4180 378 4229 sim
391 4181 474 4231 etiarn
486 4193 566 4230 mane
576 4180 676 4233 ieiunis
687 4179 828 4246 raphanus
839 4181 952 4247 prodest
960 4198 1021 4234 cunr
1028 4185 1123 4237 melle:

327 4261 420 4299 semen
436 4262 532 4300 eorum
547 4255 671 4313 tostum,
691 4253 836 4318 ipsumque
854 4252 1123 4318 commanducatum,

328 4313 363 4364 ad
375 4315 580 4384 lagonopouon:
602 4335 701 4386 nquam
722 4319 797 4373 foliis
814 4319 873 4371 cius
885 4319 1123 4387 decoctisbibere,

246 4404 252 4412 ·
327 4380 373 4431 rel
388 4397 496 4437 succum
517 4387 604 4454 ipsius
619 4389 727 4456 cyathis
743 4390 815 4442 binis
830 4397 931 4441 contra
942 4389 1122 4457 phthiriases:

328 4446 508 4531 phlegmonae
519 4455 594 4522 ipsos
605 4458 717 4512 illinere
728 4465 819 4521 tusos,
841 4458 928 4510 livori
939 4476 1004 4512 vero
1015 4462 1123 4515 receuti

329 4523 459 4569 corticem
469 4534 530 4572 cum
541 4526 636 4578 melle:
655 4530 808 4581 veternosis
818 4536 913 4580 autem
925 4545 1006 4596 quam
1022 4532 1123 4583 acerri-

327 4599 388 4636 mos
399 4586 541 4673 manderet:
553 4608 700 4665 sennenque
712 4597 895 4662 tostum,dein
906 4602 1054 4650 contritum
1060 4616 1122 4669 cum

327 4654 601 4737 mellessuspirrosis.
638 4667 724 4720 lidem
736 4677 765 4720 et
775 4677 874 4720 contra
884 4684 988 4720 venena
998 4674 1121 4735 prosunt.

328 4723 449 4774 cerastes
461 4734 489 4776 et
499 4732 689 4796 scorpionibus
699 4736 875 4788 adversatur:
893 4737 936 4789 rel
948 4738 1017 4805 ipso,
1028 4738 1070 4789 vel
1080 4754 1121 4789 se·

326 4793 403 4845 nrine
417 4791 529 4848 infectis
546 4802 670 4855 manibus
685 4805 797 4871 impune
815 4805 961 4857 tractabis:
980 4807 1131 4873 imposito-⁴

331 4875 384 4928 que
394 4862 516 4929 raphano
527 4870 687 4934 scorpiones
699 4874 860 4925 moriuntur.
872 4872 1015 4928 Salutares
1023 4883 1051 4929 et
1059 4892 1122 4928 con·

326 4936 372 4980 tra
382 4928 528 5012 fungorum
547 4942 595 4987 aut
615 4936 780 5007 hyoscyami
794 4958 899 4995 venena
916 4960 1012 5012 aeque,
1031 4951 1061 4996 ut
1073 4944 1121 4997 Ni-

327 4998 427 5080 cander
438 5000 530 5081 tradit.
552 5002 586 5054 Et
598 5016 695 5058 contra
705 5008 809 5061 niseum
822 5026 930 5078 quoque
941 5013 1002 5064 dari
1013 5014 1122 5080 Apollo·

331 5066 392 5117 dors
404 5066 459 5119 duo
469 5070 579 5123 rubent:
601 5076 649 5126 aed
662 5075 868 5129 cistersienses
888 5095 921 5131 cx
933 5097 1005 5147 aqua
1016 5085 1122 5145 tritum,

326 5134 495 5189 'ferentinus
507 5154 625 5191 succum.
662 5142 776 5199 Lienem
794 5146 860 5199 item
872 5155 1034 5203 extenuant:
1055 5151 1122 5203 ioci·

326 5205 385 5258 neri
396 5215 526 5273 prosunt,
547 5214 575 5261 ct
592 5208 747 5263 luneborum
761 5212 912 5269 doloribus.
949 5218 1122 5287 Hydropiris

326 5288 436 5395 proque
455 5292 490 5329 ex
510 5282 590 5360 aceto
612 5284 661 5358 aut
680 5280 769 5346 sinapi
789 5286 882 5347 sumti,
903 5297 931 5339 et
952 5286 1120 5359 lethargicis.

350 5359 500 5415 raxagoras
511 5352 542 5401 et
558 5347 648 5399 rlsosrs
664 5346 770 5399 dandos
787 5361 891 5404 censet:
915 5354 1082 5409 Plistonicus
1094 5365 1123 5409 et

326 5412 464 5467 coeliacis.
476 5415 674 5468 intestinorum
685 5416 908 5472 hulcerasanant:
932 5439 964 5475 ac
975 5426 1122 5492 purulenta

320 5485 566 5550 praecordiorum,
587 5484 612 5538 si
623 5501 683 5539 cunr
695 5487 776 5540 nselle
787 5486 910 5543 edantur.
949 5493 1072 5555 Quidam
1085 5494 1121 5550 ad

1180 883 1278 935 lienum
1290 881 1408 933 defluria
1419 880 1512 931 fricari
1525 878 1666 948 raphanis:
1683 887 1711 933 et
1721 897 1803 947 super
1813 884 1973 935 umbilicum

1180 951 1286 1019 imponi
1299 957 1398 1001 contra
1410 957 1550 1002 tormenta
1561 948 1668 1003 rulrae.
1705 951 1846 1001 ilesiucunt
1861 959 1890 1002 et
1903 954 1977 1004 cica-

1179 1022 1276 1071 tricem
1289 1018 1324 1068 ad
1335 1019 1465 1069 colorem.
1502 1016 1600 1069 Sernen
1612 1033 1720 1084 qnoque
1735 1033 1768 1069 ex
1784 1032 1855 1086 aqua
1864 1022 1977 1088 imposi-

1179 1096 1248 1149 turo,
1257 1087 1333 1137 sistit
1345 1085 1466 1147 hulcern,
1489 1101 1560 1153 quae
1571 1084 1763 1153 phagedaenas
1773 1096 1880 1140 vocant.
1917 1092 1973 1143 De-

1179 1158 1313 1209 mocritus
1324 1153 1458 1207 Venerem
1476 1153 1529 1206 hoc
1546 1155 1608 1206 cibo
1625 1156 1763 1207 stimulari
1782 1164 1877 1222 putat:
1899 1161 1934 1211 ob
1947 1160 1975 1212 id

1179 1224 1310 1279 fortassis
1320 1224 1383 1274 roci
1396 1239 1494 1277 nocere
1506 1224 1593 1290 aliqui
1603 1225 1789 1277 tradiderunt.
1811 1226 1892 1278 Folia
1903 1244 1975 1296 quae

1180 1297 1209 1346 in
1220 1295 1347 1360 oblongis
1358 1291 1503 1344 dumtaxat
1516 1302 1674 1355 naseuntur,
1695 1294 1819 1346 excitare
1831 1298 1973 1350 oculorum

1181 1364 1267 1415 aciem
1284 1363 1421 1413 dicuntur.
1458 1362 1509 1413 Ubi
1527 1377 1591 1413 vero
1607 1363 1698 1413 aerior
1713 1361 1827 1431 raphani
1839 1366 1974 1419 medicina

1180 1432 1293 1485 admota
1304 1431 1349 1493 sit,
1360 1429 1511 1499 hyssopum
1525 1428 1585 1481 dari
1597 1433 1723 1497 protinus
1735 1432 1882 1498 imperant.
1896 1438 1974 1488 llaec

1180 1500 1337 1568 antipathia
1348 1508 1400 1551 est.
1428 1502 1464 1552 nt
1474 1502 1579 1551 aurium
1591 1501 1724 1566 gravitati
1732 1517 1846 1555 succum
1857 1504 1975 1571 raphani

1179 1570 1327 1622 instillant.
1356 1569 1427 1621 Nam
1438 1569 1581 1640 vomituris
1591 1585 1698 1631 sunrnro
1709 1570 1771 1624 cibo
1783 1587 1844 1627 esse
1854 1589 1911 1637 eos,
1920 1575 1976 1627 uti-

1178 1640 1314 1691 lissimum
1327 1644 1379 1690 est.

1216 1706 1288 1760 xrv.
1307 1706 1468 1759 Pastinacae
1478 1706 1569 1761 simile
1580 1707 1726 1771 hibiscum,
1737 1709 1817 1776 ‚quod
1828 1709 1975 1767 molochen
1983 1734 2003 1775 t·

1180 1779 1286 1853 agriam
1306 1784 1418 1841 vocant,
1439 1784 1469 1829 at
1487 1778 1575 1844 aliqui
1591 1777 1795 1845 pistolochiam,
1815 1778 1974 1834 hulceribus

1180 1846 1352 1912 cartilaginis
1362 1855 1391 1899 et
1402 1847 1510 1898 ossibus
1523 1846 1619 1899 fractis
1630 1845 1765 1900 medetur.
1777 1848 1857 1901 Folia
1867 1851 1927 1903 eius
1937 1866 1973 1903 ex

1180 1932 1252 1985 aqua
1261 1923 1328 1982 pota
1338 1916 1430 1967 airum
1442 1914 1562 1977 solvunt,
1572 1925 1715 1983 serpentes
1725 1916 1849 1984 abigunt.
1875 1921 1974 1984 Apum,

1181 2000 1334 2052 uesperum,
1346 1987 1509 2036 crabronum
1521 1985 1622 2036 ictibus
1633 1985 1706 2036 illita
1716 1985 1868 2038 rnedentur.
1888 1987 1972 2038 liadi-

1180 2072 1237 2107 ccm
1251 2059 1308 2106 eius
1320 2064 1383 2107 ante
1392 2054 1466 2106 Solis
1478 2062 1568 2105 ortum
1581 2062 1687 2106 erutam
1698 2055 1842 2107 involvunt
1853 2055 1917 2107 lana
1929 2072 1975 2109 eo.

1179 2120 1257 2185 loris,
1279 2126 1491 2191 quemnatirum
1502 2131 1612 2185 vocant,
1629 2126 1974 2192 praetereaosisquaefe·

1179 2194 1283 2244 nrinam
1295 2192 1414 2260 peperit,
1433 2193 1601 2259 strumisque
1622 2194 1664 2243 ref
1676 2194 1836 2260 suppuratis
1848 2194 1974 2262 alligant.

1181 2262 1298 2324 Quidam
1320 2263 1354 2313 ad
1377 2261 1450 2313 hunc
1465 2277 1543 2312 usum
1558 2277 1625 2312 auro
1641 2261 1825 2314 effodiendam
1847 2270 1973 2316 censent:

1182 2331 1386 2398 cavendumque
1405 2347 1440 2383 ne
1454 2339 1557 2383 terram
1574 2336 1702 2397 attingat.
1738 2332 1835 2383 Celsus
1848 2340 1876 2383 et
1888 2332 1974 2399 poda·
1991 2346 2019 2395 ,a

1177 2402 1238 2468 gris
1251 2416 1321 2468 quae
1333 2402 1392 2452 sine
1404 2407 1513 2453 tumore
1524 2401 1588 2465 sint,
1599 2401 1719 2453 radicem
1731 2396 1791 2452 eius
1802 2416 1837 2453 ex
1847 2401 1912 2453 sino
1924 2401 1972 2452 de·

1180 2480 1287 2522 coctam
1299 2469 1402 2536 imponi
1411 2470 1497 2522 iubet.

1215 2537 1276 2590 XV.
1294 2539 1419 2590 alterum
1428 2551 1516 2604 genus
1532 2545 1574 2589 est
1590 2538 1778 2606 staphylipns,
1798 2539 1871 2605 quod
1887 2541 1974 2605 pasti·

1180 2618 1276 2655 nacanr
1287 2612 1395 2657 vocant.
1430 2604 1499 2657 Eius
1510 2622 1603 2659 semen
1616 2610 1765 2660 contritum
1777 2615 1805 2661 et
1815 2611 1843 2659 in
1853 2608 1915 2658 rino
1926 2622 1975 2673 po·

1181 2679 1248 2733 tum,
1267 2679 1418 2727 tumentem
1438 2674 1541 2738 airuns,
1562 2683 1591 2727 et
1611 2676 1808 2730 suffocationes
1819 2675 1974 2735 mulierum,

1180 2740 1346 2810 doloresque
1358 2744 1425 2795 lenit
1437 2744 1465 2795 in
1477 2752 1593 2806 tantum,
1613 2754 1644 2796 ut
1654 2747 1749 2797 vulsas
1762 2746 1897 2811 corrigat:
1918 2744 1973 2796 illi·

1183 2816 1239 2860 tum
1252 2826 1362 2878 quoque
1377 2828 1392 2864 e
1404 2827 1485 2879 passo
1496 2816 1584 2865 nentri
1599 2829 1693 2866 earum
1704 2817 1805 2883 prosit:
1828 2816 1895 2865 siris
1906 2828 1971 2866 xero

1180 2881 1310 2944 prodest,
1331 2896 1393 2934 cunr
1405 2882 1483 2947 panis
1494 2882 1622 2947 portione
1632 2898 1722 2947 aequa
1735 2885 1845 2945 tritum,
1865 2898 1899 2935 cx
1911 2884 1972 2934 rino

1179 2956 1274 3015 potum
1288 2951 1495 3002 contraveneris
1508 2950 1627 3001 dolores.
1663 2949 1746 3002 Pellit
1762 2959 1791 3003 et
1802 2952 1923 3002 urinam:
1945 2956 1974 3002 et

1179 3016 1371 3085 phagedaenas
1382 3014 1522 3069 hulcerunr
1541 3018 1618 3069 sistit
1636 3033 1731 3069 recens
1750 3035 1810 3070 cum
1829 3020 1912 3072 melle
1924 3020 1974 3071 irn-

1178 3084 1975 3205 ppsitum,selaridumfarinainspersum.Radicemeius
2012 3120 2017 3131 ι
2071 3130 2079 3139 .
2127 3130 2132 3139 .

1206 3155 1315 3207 ieuches
1327 3163 1423 3205 contra
1435 3155 1577 3216 iocineris,
1600 3154 1734 3217 aelionis,
1754 3155 1846 3217 ilium,
1866 3155 1975 3207 lumbo·

1178 3240 1247 3286 rum,
1259 3218 1391 3276 et'rcnum
1403 3224 1482 3285 sitia,
1492 3236 1527 3276 ex
1537 3239 1609 3291 aqua
1619 3224 1710 3275 nrulsa
1720 3224 1779 3276 dari
1791 3225 1876 3277 iubet.
1895 3225 1974 3289 0⁰2⁰:
2035 3238 2041 3251 ⁴
2057 3210 2073 3225 ⁴
2096 3210 2101 3223 ¹

1179 3292 1690 3361 pitantiisetdy'serrtericisveteribus.
1726 3290 1873 3357 Philistipn
1894 3293 1971 3345 inla-
2002 3294 2011 3303 ”
2051 3312 2061 3321 ·
2084 3306 2108 3321 ·“

1179 3372 1222 3416 cte
1235 3365 1338 3429 coquit,
1351 3370 1379 3413 et
1389 3362 1423 3415 ad
1435 3361 1619 3427 stranguriam
1632 3363 1678 3413 dat
1690 3362 1791 3413 radicis
1803 3363 1896 3413 uncias
1907 3377 1974 3428 qua·

1179 3440 1253 3481 tuor:
1267 3447 1300 3481 es
1311 3446 1383 3496 aqua
1394 3430 1563 3498 hydropicis,
1571 3430 1699 3483 similiter
1711 3437 1740 3483 et
1751 3428 1972 3498 opisthotonicis,

1178 3507 1206 3550 et
1218 3500 1383 3565 pleuriticis,
1395 3508 1424 3551 et
1435 3500 1633 3553 coniitialibus.
1669 3501 1811 3553 flabeutes
1822 3514 1882 3550 eam
1895 3496 1971 3550 feriri

1178 3584 1196 3619 a
1212 3569 1386 3633 serpentibus
1406 3577 1558 3637 negantum
1577 3576 1627 3620 aut
1643 3569 1688 3636 qui
1704 3576 1769 3621 ante
1789 3567 1971 3636 gustaverint,

1178 3652 1232 3687 non
1246 3636 1329 3687 laedi.
1352 3635 1494 3688 Percussis
1507 3638 1661 3704 imponitur
1671 3654 1731 3688 cum
1740 3637 1870 3704 axungia.
1892 3635 1971 3687 Folia

1178 3713 1275 3756 contra
1287 3704 1439 3757 cruditates
1451 3705 1624 3757 manduntur.
1660 3705 1786 3774 Orpbeus
1802 3703 1971 3757 amatorium

1176 3775 1269 3826 inesse
1279 3780 1323 3824 sta
1342 3771 1438 3839 hyiino
1449 3775 1533 3836 dixit,
1554 3774 1681 3825 fortassis
1691 3777 1821 3841 quoniam
1832 3771 1970 3824 Venerem

1177 3840 1317 3893 stimulari
1324 3790 1378 3891 Kos
1390 3842 1453 3893 cibo
1465 3851 1569 3893 certum
1581 3850 1634 3893 est:
1655 3842 1721 3895 ideo
1739 3849 1887 3909 conceptus
1897 3841 1972 3893 adiu·

1177 3914 1236 3962 rari
1248 3909 1334 3975 aliqui
1347 3909 1535 3976 prodiderunt.
1564 3911 1606 3963 ild
1616 3912 1723 3978 reliqua
1734 3920 1763 3964 et
1774 3912 1863 3962 satira
1875 3911 1970 3977 pollet.

1177 3978 1325 4032 Efficacior
1337 3986 1430 4030 tamea
1440 3979 1588 4043 silvestris,
1603 3981 1747 4047 nrugisque
1758 3980 1784 4031 in
1797 3982 1915 4048 petrosis
1926 3993 1971 4031 na·

1177 4056 1214 4099 ta.
1244 4047 1344 4099 Senren
1354 4047 1461 4101 satirae
1473 4064 1581 4119 quoque
1591 4058 1690 4101 contra
1699 4050 1875 4117 scorpionum
1889 4048 1970 4111 ictus,

1177 4132 1212 4169 ex
1222 4118 1287 4169 rino
1299 4124 1348 4168 aut
1359 4132 1448 4183 posca,
1459 4120 1582 4173 salutare
1594 4127 1645 4171 est.
1668 4119 1772 4174 Radice
1783 4120 1841 4173 eius
1853 4119 1969 4171 cucum-

1176 4185 1276 4252 scalpti
1287 4185 1392 4247 dentes,
1405 4185 1503 4241 dolore
1513 4188 1677 4243 liberantur.

1212 4254 1286 4310 XVl.
1306 4255 1390 4325 Syria
1410 4257 1438 4307 in
1462 4255 1551 4310 hortis
1572 4258 1835 4324 operosissimaest:
1854 4254 1971 4321 indeque

1175 4326 1352 4390 proverbium
1364 4326 1494 4380 Graecis:
1506 4325 1598 4379 lllults
1608 4326 1741 4395 Syrorum
1754 4329 1840 4381 olera.
1876 4323 1971 4377 Simil-

1176 4394 1271 4447 liniam
1283 4394 1445 4463 staphylino
1457 4396 1571 4450 herbam
1582 4398 1661 4459 serit,
1677 4412 1757 4463 quam
1769 4398 1818 4449 aiii
1830 4392 1972 4467 gingidion

1175 4472 1287 4527 vocant,
1306 4466 1418 4516 tenuius
1430 4471 1538 4519 tantum
1552 4472 1580 4518 et
1591 4466 1721 4528 amorius,
1742 4466 1919 4532 eiusdemque
1932 4460 1971 4514 ef·

1176 4530 1273 4583 fectus.
1310 4536 1395 4587 listun-
1414 4542 1522 4587 coctum
1541 4535 1708 4603 crudumque
1724 4534 1973 4598 stomachimagna
2099 4548 2119 4569 ..

1175 4602 1309 4657 utilitate.
1346 4602 1438 4656 Siccat
1450 4606 1522 4656 enim
1541 4620 1573 4655 es
1586 4604 1645 4654 alto
1658 4619 1752 4653 omncs
1763 4604 1823 4653 eius
1835 4601 1972 4651 humores.

1208 4669 1295 4723 xvir.
1315 4670 1392 4723 Siser
1408 4674 1556 4724 erraticum
1568 4672 1657 4722 satiso
1672 4670 1763 4721 sinrile
1782 4674 1852 4729 est,
1862 4674 1890 4716 et
1903 4668 1970 4721 effe·

1174 4742 1233 4790 ctu:
1245 4738 1416 4791 stnnraehum
1427 4745 1542 4803 excitat,
1554 4740 1696 4790 fastidium
1709 4736 1858 4799 absterget,
1866 4748 1900 4785 ex
1911 4750 1974 4789 ace·

1173 4813 1204 4858 to
1214 4806 1389 4873 laserpitiato
1400 4816 1536 4868 sumtum,
1558 4815 1607 4857 aut
1617 4823 1652 4859 ex
1663 4807 1756 4873 pipere
1768 4811 1796 4856 et
1807 4803 1905 4867 rrrulso,
1926 4804 1972 4859 rel

1174 4890 1296 4943 exgaro.
1333 4872 1988 4941 Urinamciet,ut0pioncredit,etVenerem..
2052 4914 2057 4921 .
2102 4884 2130 4909 ··
2173 4878 2176 4889 '

1172 4944 1204 4995 lu
1216 4943 1311 4996 cadesa
1322 4945 1461 4996 sententia
1480 4952 1522 4996 est
1534 4950 1561 4995 et
1572 4938 1693 4997 Diocles.
1730 4942 1881 4995 Praeterea
1892 4943 1971 4995 cordi
2068 4958 2074 4965 ·
2091 4940 2099 4947 '

1173 5013 1319 5065 convenire
1341 5013 1603 5074 convalescentium,
1625 5020 1674 5064 aut
1694 5016 1757 5080 post
1767 5014 1870 5064 multas
1881 5012 1969 5063 romi·

1173 5082 1264 5133 tiones
1275 5096 1405 5147 perquam
1418 5081 1497 5134 utile.
1533 5081 1696 5147 lleraclidcs
1714 5088 1814 5134 contra
1824 5088 1971 5149 argentum

1174 5151 1266 5201 risum
1278 5149 1367 5213 dedit,
1377 5156 1405 5202 et
1418 5149 1522 5204 Veneri
1531 5150 1646 5203 subinde
1659 5148 1969 5217 offensanti,aegrisquo

1173 5235 1203 5272 se
1215 5218 1451 5286 recolligentibus.
1484 5218 1611 5272 llicesius
1622 5220 1687 5275 ideo
1699 5220 1843 5273 stomacho
1853 5219 1920 5271 utile
1931 5219 1971 5268 si-

1174 5287 1234 5341 deri
1244 5288 1329 5349 dixit,
1350 5291 1480 5358 quoniam
1492 5304 1573 5342 nenio
1585 5294 1641 5343 tres
1652 5291 1752 5344 siseres
1763 5288 1871 5343 edendo
1882 5286 1971 5338 conti·

1174 5365 1286 5410 nunret:
1306 5374 1366 5411 esse
1377 5366 1468 5412 tamen
1481 5359 1551 5411 utile
1561 5359 1819 5413 concalescentibus
1830 5355 1865 5409 ad
1876 5355 1970 5406 vinum

1175 5426 1390 5481 transeuntibus.
1424 5427 1513 5481 Satiri
1523 5430 1651 5496 privatim
1661 5445 1759 5485 succus
1770 5443 1832 5483 cunr
1840 5426 1913 5481 lacte
1925 5438 1970 5476 ca·

1174 5498 1252 5565 prino
1263 5505 1345 5565 potus
1356 5497 1431 5551 sistit
1441 5494 1541 5553 alvum.

2164 700 2173 769 l
