4374 6014
290 296 323 360 C.
350 293 498 359 PblNll
524 290 738 359 secedat
762 290 933 357 NATUR.
953 294 1148 359 lllSTOR.
1183 295 1265 361 LIB.
1287 240 1457 363 XXXIV.
1485 300 1579 367 CAl'·
1601 306 1727 371 te-so.
1782 313 1850 377 889

187 450 249 505 neri
260 467 268 503 r
289 448 365 503 circu
375 448 447 501 huuc
458 463 506 501 aes
518 446 637 513 ferrem,
648 447 738 516 ipsum
749 463 817 504 sero
828 465 887 503 noa
897 463 994 518 pereo·

188 522 246 593 qui,
257 520 312 572 nisi
323 519 486 571 annulatum
498 521 526 572 in
538 520 608 571 alias
619 519 758 582 tornacen,
776 526 805 571 et
816 535 878 573 esse
889 521 992 572 nodum

189 589 325 660 quendam
338 590 481 642 materiae.
517 590 549 641 ld
565 587 638 657 quod
653 604 689 641 ex
704 596 784 641 coeto
800 591 932 657 supersit,
953 590 994 643 di·

188 661 313 732 phryges
326 662 431 713 vocari.
468 659 549 712 ilatio
560 659 619 712 eius
636 659 666 710 in
681 659 821 713 medicina
831 660 934 712 similis
944 676 992 713 su·

188 747 242 802 pra
262 730 358 783 dictis:
383 729 505 793 siccare,
524 735 553 782 et
571 730 763 783 excrescentia
774 744 946 793 consumere,
963 738 993 783 et

152 806 157 811 '
189 815 370 871 perpurgare.
406 799 546 851 Probatur
559 799 670 868 lingua,
691 806 722 852 ut
737 813 799 866 earn
809 800 896 853 siccet
914 806 993 852 tactu

189 874 295 934 statim,
307 883 492 938 saporemque
502 872 576 923 emis
587 869 697 923 reddat.

224 938 380 995 xxxvia.
393 939 483 992 Unum
499 943 650 993 etiamnum
669 939 745 991 aeris
761 939 926 992 miraculum
938 953 992 990 non

189 1014 362 1066 omittemus.
398 1010 517 1064 Servilia
527 1009 635 1062 familia
645 1008 763 1061 illustris
775 1009 804 1061 ia
814 1010 922 1072 Fastis,
945 1007 994 1062 tri·

190 1091 283 1139 eutem
295 1096 407 1135 aereum
418 1083 509 1146 pascit
521 1097 590 1133 auro
603 1086 630 1132 et
642 1088 771 1148 argento,
786 1086 992 1132 consumentem

191 1160 346 1220 utrumque.
384 1151 470 1218 Origo
481 1156 564 1218 atquo
585 1157 685 1202 natura
695 1149 755 1202 eius
766 1149 940 1216 incomperta
951 1155 994 1203 est

187 1223 267 1279 mihi.
308 1219 400 1273 Verba
416 1221 477 1286 ipsa
494 1221 528 1273 de
547 1236 580 1273 ea
591 1236 622 1272 re
633 1220 773 1272 Messalae
788 1221 865 1272 senis
878 1234 993 1287 porram:

189 1289 373 1348 Serviliorum
384 1288 493 1342 ianrilia
505 1289 589 1343 habet
601 1290 729 1342 trientem
740 1304 859 1352 sacrant,
867 1290 912 1341 cui
922 1305 995 1341 sam·

189 1379 239 1417 arn
254 1374 315 1413 cum
333 1375 400 1413 eura
416 1361 679 1429 rrragnilicentiaqoe
695 1375 776 1411 sacre
791 1361 940 1426 quotannis
955 1359 995 1411 ia·

189 1434 284 1488 ciunt:
306 1445 388 1498 quern
408 1427 504 1481 lerunt
521 1430 592 1483 alias
602 1432 731 1492 crevisse,
751 1429 822 1481 alias
839 1429 994 1481 decrevisse

190 1502 287 1564 rideri,
309 1506 383 1552 etex
395 1514 429 1551 eo
446 1507 496 1552 aut
511 1501 645 1555 honorem
662 1505 712 1551 aut
728 1497 941 1553 diminutionem
956 1499 997 1552 fa·

190 1572 285 1625 miliae
296 1568 459 1637 significari.

224 1640 354 1693 XXXiX.
366 1638 497 1692 Proxime
517 1635 637 1691 indicari
657 1637 762 1691 debeat
784 1637 899 1692 metalla
919 1636 1017 1701 leni,'

93 1768 100 1777 ,
190 1711 296 1779 optimo
319 1711 495 1777 pessimoque
517 1707 591 1763 ritas
606 1710 809 1762 instrumento.
853 1707 997 1775 Siquidem

189 1779 244 1832 hoc
259 1780 389 1833 tellurem
405 1778 567 1844 scindimus,
588 1779 707 1832 serimus
723 1778 849 1841 arbusta,
869 1780 997 1844 ponimus

182 1852 339 1920 'pontaria,
357 1849 429 1902 sites
441 1848 573 1916 squalore
582 1848 676 1919 deciso
688 1852 768 1901 annis
782 1848 909 1901 ommbus
921 1848 996 1914 cogi·

186 1936 251 1973 mus
262 1922 448 1971 iuvenescere.
484 1918 548 1970 Hoc
565 1920 735 1971 exstruimus
751 1926 836 1981 tecta,
857 1916 997 1968 caedimus

189 2004 279 2052 sara,
302 2002 453 2055 omnesque
471 1985 508 2039 sd
526 1988 598 2040 alios
613 2003 683 2040 usus
700 1987 776 2040 ferro
792 1985 905 2039 utimur.
942 1984 996 2037 Sed

188 2059 289 2113 eodem
301 2056 337 2109 ad
348 2056 432 2120 bellu,
456 2056 564 2121 caedes,
575 2059 733 2121 latrocinia,
752 2072 805 2109 nou
818 2058 944 2109 cominus
954 2070 998 2106 so-

183 2131 257 2192 lum,
279 2129 331 2195 sed
345 2129 432 2182 etiam
447 2128 549 2179 missili
564 2128 738 2196 volucrique,
758 2142 831 2179 nunc
847 2125 997 2178 tormentis

190 2214 317 2260 excusso,
338 2214 410 2250 nune
431 2198 553 2261 lacertis,
573 2213 646 2248 nune
664 2212 730 2249 vero
748 2202 891 2263 pennatos
915 2209 997 2262 quarn

190 2268 437 2323 sceleratissimam
454 2264 571 2335 humani
590 2267 694 2334 ingenii
716 2265 842 2317 fraudem
865 2264 997 2317 arbitror.

191 2338 344 2408 Siquidem,
355 2346 384 2390 ιιι
395 2336 474 2389 ocius
484 2352 560 2389 mors
570 2335 730 2404 perveniret
741 2334 777 2386 ad
787 2332 936 2397 hominem,
949 2333 999 2385 ali·

190 2416 247 2463 tem
262 2410 336 2462 illam
350 2407 477 2469 lecimus,
487 2421 647 2475 pennasque
658 2403 734 2456 ferro
747 2403 881 2457 dedimus.
894 2404 998 2467 Quam·

193 2481 291 2532 obrem
303 2478 384 2544 culpa
396 2479 457 2529 eius
469 2493 524 2527 non
535 2482 652 2529 naturae
664 2474 714 2525 liat
725 2481 849 2540 accepta.
885 2473 1000 2540 Aliquot

192 2546 391 2615 experimentis
403 2547 549 2613 probatum
560 2551 613 2607 est,
634 2559 716 2610 posse
728 2545 862 2594 innocens
874 2556 934 2594 esse
946 2540 1000 2593 ier·

190 2633 264 2669 rum.
298 2614 331 2667 lu
344 2613 467 2675 loedere,
488 2615 562 2685 quod
574 2612 697 2680 expulsis
710 2611 822 2679 regibus
834 2611 936 2678 populo
947 2610 1000 2661 Ro·

192 2700 278 2738 nrarro
301 2673 559 2746 dedifl’o'rsemra',
582 2678 745 2734 nostrinostri
771 2680 1000 2749 comprehensum

191 2742 516 2814 lureninrusffler'r'b
537 2752 590 2805 nisi
610 2754 638 2803 in
650 2751 823 2820 agricultura
845 2758 999 2802 uterentur.

190 2826 231 2878 lit
243 2823 309 2875 stilo
325 2823 448 2874 scribere
463 2821 600 2885 intutum,
629 2830 660 2873 ut
675 2820 858 2873 vetustissimi
871 2828 1000 2872 auctores

190 2893 387 2963 prodiderunt.
433 2891 530 2961 Magni
550 2892 680 2960 Pompeii
698 2892 727 2943 in
749 2892 832 2943 tertio
855 2888 1000 2943 consulatu

192 2970 288 3017 exstat
308 2961 441 3025 edictum,
460 2962 488 3013 in
501 2962 622 3015 tumultu
639 2962 714 3017 necis
725 2960 888 3024 clodianae,
907 2957 1000 3028 prohi-

188 3033 285 3087 bentis
298 3034 384 3086 ullum
396 3033 482 3085 telum
495 3048 556 3085 esse
569 3032 601 3084 in
612 3033 696 3085 Urbe.

227 3102 289 3157 xi..
308 3103 347 3155 Et
366 3109 460 3155 taurea
476 3102 533 3155 rita
548 3104 609 3171 ipsa
625 3117 680 3153 non
698 3100 788 3153 deluit
800 3098 933 3151 honorem
947 3097 999 3150 mi·

190 3174 296 3227 tiorcm
318 3171 421 3224 bebere
443 3172 519 3224 ferro
539 3187 659 3240 quoque.
696 3170 873 3223 Aristonidas
895 3168 999 3221 artilex

191 3258 257 3297 cum
269 3243 428 3308 exprimere
438 3241 524 3294 vellet
536 3239 714 3294 Athamantis
734 3240 859 3292 sororem
871 3238 999 3293 Learcho

193 3313 255 3367 lilio
278 3313 463 3379 praecipitato
481 3310 649 3363 residentem
668 3310 859 3377 poenitentia,
879 3324 926 3361 aes
945 3308 999 3360 ler-

182 3394 310 3449 ‘rumque
322 3381 454 3440 miscuit,
474 3387 507 3429 ut
520 3379 649 3447 rubigine
664 3381 723 3431 eius
736 3396 785 3446 per
795 3381 913 3431 nitorem
926 3379 999 3431 aeris

193 3453 350 3512 relucente,
361 3451 566 3516 exprimeretur
577 3449 762 3517 uerecundiae
774 3449 867 3500 rubor.
889 3449 952 3500 Hoc
962 3449 999 3500 si·

190 3535 279 3591 gnum
292 3526 384 3572 exstat
394 3519 498 3571 Thebis
510 3516 644 3571 hodierno
657 3519 709 3571 die.
742 3519 793 3569 Est
803 3521 831 3569 in
843 3518 940 3570 eadem
952 3533 999 3568 nr-

190 3591 229 3644 be
251 3595 280 3640 et
295 3589 402 3641 ferreus
414 3588 560 3652 Hercules,
582 3604 662 3656 qoem
674 3589 742 3641 lecit
754 3590 850 3649 Alcon,
871 3588 999 3639 laborum

192 3658 240 3713 ilci
254 3659 391 3727 pudentia
403 3658 543 3709 inductos.
571 3658 707 3711 Videmus
721 3666 750 3708 et
762 3659 866 3709 llomae
878 3657 999 3723 scyphos

192 3746 208 3783 e
221 3728 296 3781 terro
310 3727 419 3780 dicatos
432 3729 460 3779 in
473 3729 576 3794 templo
587 3726 689 3779 Martis
699 3726 813 3778 Ultoris.
828 3726 946 3777 Obstitit
957 3739 1001 3776 ea·

192 3798 257 3852 dem
269 3806 387 3851 naturae
398 3798 569 3866 benignitas,
590 3795 729 3866 exigentis
741 3812 758 3847 a
771 3796 845 3848 ferro
857 3796 918 3863 ipso
931 3811 997 3862 poe·

192 3886 246 3922 nas
258 3870 401 3937 rubigine,
422 3868 575 3935 eademque
599 3866 777 3934 providentia
794 3864 863 3917 nihil
876 3867 903 3917 in
917 3866 999 3917 rebus

191 3940 362 3993 mortalibus
373 3939 504 4003 iaciente,
527 3953 609 4006 quam
622 3937 694 4004 quod
705 3936 917 3988 infestissimum
927 3950 1001 3986 uror·

191 4010 312 4062 talitati.

229 4078 303 4132 XLl.
321 4076 403 4128 Ferri
416 4075 533 4128 metalla
543 4073 852 4142 obiqoepropemndom
859 4073 1001 4140 reperiun-

191 4156 251 4209 tur,
274 4145 375 4212 quippe
392 4145 483 4195 insula
501 4144 584 4195 etiam
599 4143 698 4194 ltaliae
714 4144 772 4194 lira
782 4141 928 4208 gignente:
949 4140 1001 4190 mi·

193 4220 327 4280 ninraque
340 4212 507 4265 dillicoltate
519 4218 745 4279 cognoscuntur,
765 4211 826 4277 ipso
842 4209 936 4260 colore
947 4214 1001 4258 ter·

191 4302 244 4342 rae
258 4282 416 4335 manifesto.
453 4282 507 4334 Sed
522 4282 592 4333 ratio
606 4280 702 4331 eadem
716 4278 903 4346 excoquendis
914 4277 1002 4328 renis.

189 4359 225 4411 ln
240 4352 419 4419 Cappadocia
430 4358 538 4404 tantum
552 4350 679 4419 quaestio
693 4355 746 4411 est,
758 4364 846 4415 aquae
859 4364 893 4400 an
908 4355 1000 4399 terrae

190 4427 246 4478 ilat
257 4424 546 4489 acceptum,quoniam
559 4420 671 4486 perlusa
682 4430 760 4473 certo
771 4418 855 4470 florio
864 4424 1000 4476 terrane-

193 4510 250 4564 que
260 4492 355 4555 aliter,
366 4490 470 4543 terrum
482 4507 497 4543 e
509 4492 669 4542 fornacibus
682 4488 783 4540 reddit.

234 4560 400 4615 Differentla
412 4559 479 4611 lerri
491 4572 648 4611 numerosa.
684 4556 778 4609 Prima
793 4555 822 4607 io
832 4568 934 4623 paese
944 4559 1000 4606 ter-

194 4649 246 4687 rae
259 4632 374 4685 caelico.
410 4630 489 4683 Aliae
510 4628 598 4680 nrolle
618 4634 734 4690 tantum,
756 4625 924 4692 plumboque
935 4622 1001 4674 rici·

195 4707 259 4756 nius
270 4700 494 4754 subministrant:
512 4698 589 4762 ,aliae
602 4696 702 4765 fragile
724 4702 751 4749 et
762 4710 903 4758 aerosum,
922 4699 999 4744 rota-

195 4788 312 4840 rumque
323 4770 420 4822 umbus
432 4776 460 4823 et
471 4764 914 4834 ciarismaximelugicadom,eui
924 4764 1001 4829 prior

193 4843 274 4897 ratio
285 4840 422 4893 convenit.
459 4838 543 4891 Aliud
553 4837 692 4889 brevitate
702 4837 763 4887 sola
775 4836 876 4901 placet,
897 4834 998 4885 elaris-

195 4928 252 4983 qne
263 4912 408 4980 caligariis
417 4927 424 4962 ι
434 4909 513 4960 aliod
526 4907 680 4976 rubiginem
693 4906 812 4960 celerius
822 4905 916 4956 sentit.
932 4902 1001 4954 Stri-

195 4990 295 5036 cturae
306 4987 443 5033 vocantur
454 4978 507 5032 hee
519 4993 623 5037 earnes.
635 4976 708 5044 quod
721 4990 774 5026 non
786 4975 816 5025 in
827 4974 891 5026 aliis
902 4972 1000 5024 metui«
1016 5016 1019 5035 ,

193 5054 244 5116 lis,
256 5067 273 5103 a
284 5049 448 5119 stringenda
458 5051 518 5102 acie
531 5046 668 5100 vocabulo
679 5046 820 5112 imposito.
858 5046 893 5096 lilt
903 5042 999 5094 stirne¹

195 5136 261 5175 cum
272 5123 394 5175 maxims
405 5118 566 5172 differentia
575 5123 628 5170 est:
648 5115 817 5182 nucleusque
827 5113 936 5181 quidem
949 5112 1002 5164 ler-

196 5192 224 5246 ri
235 5195 400 5260 excoquitur
421 5191 448 5241 in
460 5189 503 5242 his
516 5188 551 5241 ad
572 5186 754 5239 indurandam
765 5186 867 5237 aciem:
889 5182 1003 5249 aliquae

195 5262 284 5316 modo
307 5263 341 5314 ad
364 5261 520 5311 densandas
537 5258 661 5321 incudes,
683 5256 879 5308 naellenrumre
899 5258 1000 5304 rostra.

195 5333 314 5385 Summa
332 5335 427 5381 notem
448 5329 608 5381 diderentia
627 5327 656 5378 in
669 5330 805 5392 squaest,
826 5322 871 5375 coi
882 5321 1001 5375 subinde

196 5400 323 5453 candens
334 5398 517 5464 immergitur.
553 5397 634 5449 llaec
645 5397 713 5448 alibi
729 5402 812 5461 atque
822 5393 891 5445 alibi
903 5393 1003 5445 utilior

194 5467 361 5523 nobilitavit
373 5466 438 5517 loca
449 5465 540 5532 gloria
551 5465 633 5528 ferri,
651 5467 723 5519 sieut
733 5462 851 5518 Bilbilin
862 5462 889 5514 in
901 5463 1003 5529 Hispa·

195 5541 247 5593 nie
257 5545 286 5591 et
298 5537 509 5597 Turiassonem,
532 5537 646 5588 Comum
657 5539 687 5588 in
698 5535 788 5595 ltalia,
808 5549 869 5585 corn
883 5532 1003 5586 ferraria

193 5608 316 5664 metalla
325 5609 356 5662 ia
366 5604 412 5661 bis
420 5605 493 5660 locis
503 5620 560 5662 uon
570 5606 636 5658 siut.
653 5608 697 5660 lis
707 5605 837 5660 carnibus
848 5610 940 5659 autem
951 5620 1000 5676 ge·

1046 449 1159 509 neribus
1180 450 1275 534 palera
1284 448 1383 507 Sedes
1398 452 1474 507 ferro
1486 459 1539 510 est.
1575 453 1720 515 Sereshoc
1731 476 1792 515 eam
1806 479 1851 519 re·

1045 522 1137 573 stibus
1148 537 1207 573 surr
1216 521 1394 589 pellibusque
1406 525 1528 577 nrdtunt.
1563 525 1693 583 Secunda
1703 530 1850 587 Parthico:

1048 607 1136 658 neque
1157 591 1214 642 alia
1233 607 1338 660 genera
1355 591 1425 645 ferri
1436 610 1471 646 ex
1483 610 1560 647 orere
1570 600 1630 650 acie
1642 605 1850 667 temperanturz

1046 661 1149 714 ceteris
1161 661 1233 712 enim
1245 660 1416 715 admiscetur
1426 665 1538 717 mollior
1548 666 1719 735 complexus.
1756 672 1787 725 ln
1797 688 1849 725 no·

1046 737 1105 783 stro
1119 731 1187 793 orbe
1197 731 1286 784 aliubi
1296 749 1368 785 reon
1380 732 1535 787 bonitatem
1548 734 1619 789 hanc
1630 746 1762 804 praestat,
1778 748 1809 796 ut
1821 743 1850 797 in

1045 800 1169 853 Noricis:
1191 801 1277 852 aliubi
1289 799 1409 865 lactura,
1427 804 1602 859 utSulmone
1620 822 1700 874 equs,
1720 811 1762 863 uti
1781 812 1851 865 diri-

1046 886 1115 923 mas.
1143 872 1216 937 Quip
1236 887 1324 925 ecum
1335 873 1364 923 iu
1376 875 1536 929 exacuendo
1548 876 1658 929 oleares
1680 886 1756 932 cotes
1768 897 1851 950 aqua·

1046 941 1161 1006 riaeque
1175 939 1204 991 di
1228 948 1317 1005 erant,
1339 949 1367 995 et
1378 942 1443 997 oleo
1455 944 1603 999 delicatior
1613 947 1664 1000 fiat
1675 949 1760 1002 scies.
1796 952 1852 1004 roi-

1045 1024 1170 1076 rumque‚
1190 1026 1250 1063 cum
1273 1020 1531 1079 excoquatureena,
1552 1032 1642 1085 aquae
1654 1018 1737 1073 ruodo
1749 1020 1851 1086 liquari

1046 1081 1161 1145 ferrum,
1172 1086 1273 1146 postea
1284 1082 1312 1133 in
1322 1083 1456 1150 spongias
1466 1083 1569 1153 frangi.
1606 1089 1750 1142 'tenuiora
1761 1089 1850 1142 ier-ra·

1047 1157 1143 1203 ursata
1163 1150 1227 1203 oleo
1249 1153 1386 1219 restingui
1398 1168 1457 1206 aros
1468 1162 1521 1216 est,
1541 1170 1576 1207 ne
1587 1171 1659 1223 aqna
1672 1158 1699 1208 io
1709 1157 1849 1227 fragilita.

1048 1228 1105 1274 tem
1116 1220 1261 1273 durentur.
1296 1223 1318 1274 A
1331 1221 1406 1275 lerro
1416 1224 1530 1290 sanguis
1552 1223 1687 1278 hortanus
1696 1243 1728 1280 se
1740 1229 1851 1283 mouci-

1047 1298 1103 1373 tur.
1140 1291 1307 1410 coniectum
1318 1307 1436 1360 namque
1447 1308 1492 1357 eo,
1514 1295 1634 1348 celerius
1642 1295 1761 1351 subinde
1773 1300 1849 1351 ruhi·

1048 1365 1375 1501 wlffiltfalldtmagnete
1387 1432 1481 1499 lapide
1492 1449 1543 1485 suo
1555 1434 1618 1486 loco
1627 1434 1766 1499 dicemus,
1787 1454 1853 1489 con·

1049 1499 1197 1566 cordisque
1209 1517 1289 1569 quam
1302 1517 1365 1554 eum
1375 1501 1451 1555 lerro
1463 1501 1556 1556 hebet.
1574 1502 1642 1557 Sola
1650 1503 1720 1558 lmee
1731 1507 1851 1561 materia

1048 1569 1123 1620 rires
1134 1571 1168 1621 ab
1180 1586 1214 1623 eo
1223 1571 1319 1639 lapide
1329 1573 1608 1641 accipit,retioetque
1618 1575 1702 1644 longo
1714 1584 1850 1645 tempore,

1048 1638 1125 1690 aliud
1135 1638 1343 1708 apprehendens
1354 1642 1468 1705 ferrum,
1479 1649 1510 1695 ut
1522 1644 1667 1697 anulorum
1679 1654 1780 1699 catena
1790 1662 1851 1714 spe·

1049 1715 1140 1761 ctetru
1159 1710 1312 1765 interdum:
1334 1713 1409 1778 quod
1432 1713 1593 1779 imperitum
1607 1715 1705 1781 volgus
1725 1717 1852 1784 appellet

1049 1777 1153 1831 ferrum
1165 1781 1270 1843 uirum,
1284 1781 1454 1849 vulneraque
1464 1783 1517 1835 tali
1527 1786 1668 1850 asperiora
1681 1785 1760 1837 dunt.
1795 1787 1852 1839 Lu·

1051 1848 1094 1915 pis
1105 1847 1149 1900 hic
1160 1851 1224 1901 etin
1237 1851 1533 1913 Cantabrieaascitur,
1556 1870 1610 1906 non
1623 1854 1671 1906 ille
1683 1869 1796 1921 stragem
1806 1870 1853 1909 re·

1049 1933 1097 1969 rus
1108 1925 1189 1970 caute
1201 1921 1343 1983 continua,
1349 1923 1400 1974 sed
1411 1936 1510 1988 sparsa
1520 1922 1684 1985 bullatione,
1700 1925 1744 1976 ita
1753 1924 1848 1993 appel-

1049 1987 1124 2039 lant:
1147 1989 1242 2040 nescio
1254 2004 1288 2059 un
1299 1991 1372 2043 ritro
1388 1990 1529 2044 fundendo
1545 1993 1664 2067 perinde
1674 1995 1764 2045 utilis:
1786 2008 1853 2047 non·

1050 2056 1115 2107 duur
1127 2057 1203 2109 eninr
1215 2065 1347 2124 expertos
1359 2067 1400 2111 est
1411 2061 1570 2127 quisquam:
1592 2061 1696 2115 ferrum
1708 2063 1853 2128 utiqueiu·

1050 2125 1110 2178 licit
1120 2124 1219 2179 eadem
1233 2129 1266 2179 ri.
1301 2128 1436 2196 Magnete
1445 2129 1539 2196 letalde
1552 2129 1724 2185 Dinochares
1733 2131 1852 2186 archite-

1050 2202 1112 2247 ctus
1121 2195 1307 2251 Alexandriae
1318 2200 1449 2252 mances
1461 2198 1594 2265 templum
1605 2205 1802 2255 concamerata
1812 2202 1853 2253 in·

1051 2263 1209 2327 ehoarcrat,
1230 2272 1261 2316 ut
1271 2266 1300 2318 iu
1312 2282 1345 2320 eo
1357 2268 1537 2321 desuluerunt
1546 2270 1606 2321 eius
1617 2284 1633 2321 e
1643 2268 1719 2323 deero
1731 2271 1854 2338 pendere

1051 2336 1079 2385 in
1089 2348 1155 2386 nere
1166 2334 1317 2389 rideretur.
1354 2336 1515 2391 intercessit
1526 2354 1602 2391 nrm
1613 2346 1641 2391 et
1652 2340 1738 2406 ipsius
1751 2347 1780 2395 et
1788 2341 1853 2395 Pte·

1051 2404 1161 2466 lomaei,
1174 2405 1221 2470 qui
1233 2404 1261 2455 id
1270 2408 1363 2459 sorori
1372 2422 1443 2459 suae
1451 2408 1573 2461 iusserat
1585 2409 1654 2460 lieri.

1087 2472 1185 2525 Xidll.
1203 2473 1385 2529 Metellorum
1395 2478 1519 2529 amulum
1532 2492 1601 2529 rena
1612 2477 1680 2529 terri
1690 2478 1854 2546 largissima

1053 2548 1106 2594 est.
1133 2542 1299 2603 Cantabriae
1311 2544 1469 2597 maritimae
1481 2551 1569 2611 parte,
1580 2561 1664 2611 qoem
1676 2549 1804 2599 Oceanus
1813 2549 1854 2602 ul·

1051 2611 1116 2673 luit,
1137 2625 1216 2665 mons
1227 2619 1378 2678 praerupte
1388 2614 1472 2675 altus,
1492 2614 1658 2667 incredibile
1668 2615 1757 2678 duta,
1775 2627 1854 2669 totus

1052 2696 1087 2734 ex
1108 2695 1142 2732 ee
1164 2681 1282 2733 oratorie
1302 2690 1353 2744 est,
1374 2689 1405 2734 ut
1428 2683 1456 2736 in
1478 2684 1586 2735 anubim
1603 2685 1706 2737 Oceani
1721 2686 1853 2739 diximus.

1052 2750 1166 2802 Ferrum
1179 2765 1324 2805 accensum
1336 2752 1404 2819 igni,
1416 2753 1469 2803 nisi
1480 2754 1597 2805 duretur
1608 2754 1719 2815 ictibus,
1731 2770 1853 2807 corrum-

1052 2820 1139 2888 pitur.
1168 2819 1281 2873 Robens
1291 2837 1346 2873 nun
1357 2833 1402 2875 est
1412 2822 1502 2875 habile
1515 2821 1666 2885 tondendo,
1677 2839 1766 2891 neque
1777 2831 1855 2879 unm·

1052 2905 1133 2957 qoam
1146 2890 1287 2945 albescere
1298 2891 1424 2957 incipiat.
1459 2894 1544 2944 Aceto
1555 2899 1606 2944 sut
1616 2892 1853 2947 alumineiiiituur

1051 2962 1084 3011 tit
1094 2959 1154 3011 aeri
1164 2960 1268 3013 siarile.
1288 2961 1451 3028 Arubigioe
1461 2961 1620 3013 vindicatur
1632 2978 1752 3024 cerussa.
1762 2970 1791 3016 et
1803 2980 1854 3031 gy·

1054 3043 1114 3095 pso,
1125 3035 1154 3082 et
1165 3029 1272 3097 liquida
1283 3031 1353 3099 pice.
1389 3033 1469 3087 llaec
1481 3040 1523 3083 est
1536 3039 1726 3100 temperatura
1735 3047 1752 3084 a
1762 3033 1853 3084 Grae·

1054 3099 1094 3150 cis
1114 3099 1270 3168 antipathia
1290 3100 1375 3152 dicta.
1411 3101 1516 3152 Ferunt
1538 3102 1649 3167 quidam
1669 3107 1699 3149 et
1714 3099 1853 3167 religione

1052 3168 1173 3235 quadum
1190 3169 1220 3220 id
1232 3169 1302 3224 deri.
1338 3172 1375 3225 itt
1387 3177 1498 3225 exstare
1511 3169 1627 3221 latreum
1635 3174 1766 3225 entonam
1778 3167 1853 3236 apud

1052 3236 1224 3305 Euphratem
1245 3255 1365 3301 earnem,
1384 3241 1415 3293 iu
1433 3238 1852 3305 urbequaezeogmaappella·

1053 3315 1108 3371 tur,
1118 3324 1171 3376 que
1181 3309 1339 3363 Alexander
1350 3308 1469 3374 Magnus
1477 3305 1516 3357 ibi
1526 3308 1653 3359 iurrxornt
1665 3315 1787 3372 pontem,
1808 3324 1854 3361 cu·

1052 3377 1095 3429 ius
1105 3379 1211 3442 arrulos,
1222 3381 1267 3446 qui
1278 3373 1377 3427 reiecti
1386 3382 1461 3440 sust,
1470 3375 1747 3442 commeruimus,
1758 3393 1854 3432 euren-

1052 3447 1127 3500 tibos
1138 3463 1171 3501 ea
1181 3445 1330 3512 prioribus.

1089 3514 1186 3567 del'.
1204 3515 1346 3567 Medicina
1358 3532 1373 3566 e
1384 3513 1459 3567 ferro
1471 3522 1514 3567 est
1525 3519 1554 3568 et
1565 3514 1631 3578 slis.
1639 3531 1720 3582 quem
1731 3517 1853 3569 secandi.

1052 3584 1177 3651 Namque
1188 3584 1377 3636 circumscribi
1387 3584 1502 3645 circulo,
1522 3590 1599 3637 terre
1612 3585 1776 3639 circumlato
1788 3600 1849 3637 nru-

1053 3668 1147 3716 crone,
1169 3660 1198 3706 et
1209 3652 1313 3706 adultis
1326 3654 1519 3707 etinlantibus
1536 3654 1650 3722 prodest
1661 3662 1759 3709 contra
1768 3659 1854 3706 noxia
1933 3662 1940 3671 '

1053 3722 1267 3776 medicamenta:
1294 3730 1323 3776 et
1341 3726 1502 3790 praefixisse
1523 3725 1551 3775 ia
1570 3724 1665 3776 limine
1687 3739 1703 3775 e
1722 3723 1852 3789 sepulum

1053 3793 1163 3844 evulsos
1190 3794 1285 3845 claros
1309 3793 1442 3845 adsersus
1462 3800 1612 3846 nemorose
1637 3792 1853 3860 lymphationes.

1052 3862 1196 3930 Pangique
1209 3863 1311 3915 leriter
1321 3878 1466 3923 mucrone,
1488 3875 1542 3927 quo
1554 3876 1701 3927 percussus
1713 3861 1795 3915 homo
1806 3863 1853 3924 sit,

1053 3939 1151 3985 eontra
1171 3932 1283 3985 dolores
1305 3933 1422 3983 laterum
1446 3939 1648 3998 pectorumque
1666 3931 1784 3993 subitos,
1806 3931 1854 3998 qui

1053 4005 1231 4068 punctionem
1253 4003 1380 4054 afferant.
1417 4000 1560 4060 Quaedam
1584 4001 1853 4051 ustionesasarsturs

1054 4073 1182 4138 prirutim
1203 4084 1268 4122 sero
1290 4070 1367 4119 cenis
1386 4068 1478 4120 rabidi
1493 4084 1610 4121 morsos.
1646 4068 1755 4132 Quippe
1766 4068 1854 4119 etiam

1053 4140 1229 4203 praevalente
1249 4138 1355 4198 ororbo,
1373 4145 1643 4203 expavescentesque
1660 4142 1770 4200 putum,
1789 4143 1855 4189 usta

1054 4208 1136 4272 plaga
1149 4205 1226 4255 illico
1238 4205 1400 4258 liberantur.
1425 4205 1525 4259 celem
1536 4204 1621 4256 etiem
1633 4204 1708 4255 ferro
1719 4202 1854 4259 condemn

1053 4287 1133 4337 equa,
1143 4271 1170 4323 in
1182 4272 1277 4323 antitis
1288 4273 1374 4335 vitiis,
1393 4274 1522 4339 prirutim
1534 4288 1600 4324 rero
1612 4269 1807 4340 dysentericis.

1088 4340 1174 4394 XLV.
1192 4343 1243 4392 Est
1255 4347 1283 4393 et
1294 4342 1393 4409 rubigo
1405 4343 1466 4409 ipsa
1477 4346 1503 4393 in
1517 4342 1658 4405 remediis,
1682 4349 1711 4395 et
1720 4343 1762 4395 sic
1771 4343 1856 4398 Tele·

1052 4408 1135 4478 phuur
1149 4411 1278 4477 proditur
1287 4427 1402 4465 sanasse
1413 4411 1547 4473 Achilles,
1567 4412 1627 4465 sive
1637 4412 1666 4464 id
1676 4427 1774 4476 aerea,
1792 4414 1853 4467 sire

1053 4481 1145 4533 terrra
1167 4482 1279 4548 cuspide
1299 4481 1376 4533 lecit.
1413 4482 1453 4533 lta
1469 4490 1545 4535 certe
1558 4482 1683 4550 pingitur
1694 4498 1755 4536 eam
1769 4484 1851 4536 decu·

1052 4553 1125 4602 tiens
1136 4550 1239 4619 gladio.
1259 4551 1316 4603 Sed
1328 4551 1427 4618 rubigo
1439 4550 1507 4605 lerri
1520 4551 1664 4604 deraditur
1675 4549 1790 4606 humido
1801 4555 1854 4606 ler-

1050 4636 1084 4673 ro
1096 4621 1182 4673 elaris
1193 4622 1341 4673 ueteribus.
1367 4621 1495 4674 Potentia
1507 4624 1566 4673 eius
1576 4622 1679 4690 ligare,
1687 4624 1804 4687 siccare,
1813 4624 1852 4676 si·

1051 4698 1135 4743 sture.
1171 4691 1310 4743 Emendat
1322 4692 1463 4757 alopecias
1474 4692 1557 4743 illita.
1576 4692 1697 4744 Utuntur
1706 4698 1735 4745 et
1747 4693 1782 4744 ad
1794 4710 1854 4747 sca·

1051 4761 1150 4815 britias
1160 4776 1304 4830 genarum,
1315 4760 1483 4829 pusulasque
1494 4762 1583 4814 totius
1592 4762 1796 4829 corperis,cum
1810 4780 1855 4815 ce·

1053 4847 1085 4883 ra
1104 4838 1134 4885 et
1155 4832 1220 4884 oleo
1241 4838 1366 4899 myrteo:
1389 4831 1424 4883 ad
1435 4832 1517 4951 ipses
1528 4846 1593 4882 vero
1604 4847 1699 4884 sacros
1710 4848 1744 4887 ex
1756 4840 1852 4884 aceto:

1052 4903 1119 4954 item
1131 4902 1165 4954 ad
1175 4903 1305 4963 scabiem,
1325 4917 1449 4968 parosye
1460 4902 1506 4962 ria,
1526 4901 1696 4954 isliatsolis.
1732 4901 1814 4955 Sistit
1825 4910 1854 4953 et

1053 4971 1218 5024 leoninarum
1240 4971 1377 5038 prolluria
1396 4971 1527 5037 imposita
1552 4972 1712 5024 velleribus.
1759 4971 1853 5035 Plagis

1053 5057 1166 5110 quoque
1175 5040 1334 5095 recentibus
1346 5043 1410 5092 rino
1420 5040 1519 5104 diluta,
1539 5046 1640 5095 etcum
1651 5040 1763 5109 myrrha
1771 5039 1854 5091 subn·

1054 5118 1107 5174 eta,
1129 5118 1157 5164 et
1178 5111 1387 5179 condylomatis
1405 5125 1441 5164 ex
1455 5117 1535 5164 sueto
1546 5111 1671 5178 prodest.
1708 5108 1854 5173 Podagras

1053 5197 1162 5249 quoque
1173 5182 1248 5233 illita
1259 5181 1336 5235 lenit.
1441 5226 1445 5231 .

1087 5249 1186 5303 XLVl.
1205 5249 1327 5317 Squama
1345 5264 1455 5319 queque
1474 5252 1546 5305 ier-ri
1564 5250 1593 5303 in
1613 5245 1853 5305 anectensis,

1053 5326 1102 5373 aut
1113 5321 1303 5383 mucronibus,
1312 5321 1431 5375 maxime
1441 5319 1592 5383 simili,sed
1603 5317 1712 5372 acriore
1723 5314 1760 5376 ri,
1771 5328 1853 5381 qnam

1054 5392 1167 5459 rubigo:
1190 5391 1368 5459 quamobrem
1388 5399 1418 5445 et
1436 5400 1534 5445 eontra
1549 5385 1695 5454 epiphoras
1707 5382 1854 5435 oculorum

1054 5460 1213 5513 assumitur.
1250 5460 1475 5529 Sangurnnmmm
1487 5459 1569 5496 ,rare
1593 5469 1654 5507 cum
1665 5451 1782 5505 vulnera
1793 5470 1853 5507 ¹1¹⁸·

1053 5530 1303 5584 sineterroharrt.
1328 5529 1359 5582 Si
1615 5521 1780 5585 profluvia.
1802 5524 1855 5576 lm·

1054 5601 1168 5672 ponitur
1177 5609 1207 5659 ct
1218 5601 1335 5659 mntrs'
1658 5589 1855 5653 -totdaseou
