4374 6014
248 450 252 459 '
295 357 932 428 c.ruirl11sacuuo11iaruo.
957 366 1149 432 HISTOR.
1186 371 1272 434 ΗΒ.
1298 373 1469 439 XXXVI.
1502 378 1592 443 CAP.
1622 385 1740 451 loos.
1781 392 1845 455 407

190 515 422 578 maerentemque
430 518 505 563 esset
515 510 642 565 incendio
653 511 689 565 ad
699 515 855 583 crepidines
866 517 990 584 obelisci,

190 581 329 648 exsangui
345 583 435 647 ignem
445 580 557 634 iuberet
566 583 651 635 molis
662 588 832 651 reverentia,
854 589 901 655 qui
913 590 990 641 urbis

191 651 295 702 nullam
307 648 449 701 habuerat.

225 719 251 772 ³.
263 718 333 770 Sunt
343 725 371 771 et
387 719 435 770 alii
447 717 512 781 duo,
523 733 592 770 unus
603 719 739 776 asmarre
748 724 866 791 positus,
875 725 947 778 alter
955 727 989 779 ab

191 787 328 855 llraphio,
344 788 405 839 sine
415 791 505 851 notis,
523 789 729 859 quadragenum
742 798 872 846 amanum
885 796 991 848 corbito-

190 873 260 910 rum.
272 856 457 910 Alexandriae
468 858 569 910 statuit
581 874 665 911 unum
678 863 823 929 octoginta
833 864 990 918 cubitorum

190 926 368 979 Ptolemaeus
380 924 592 994 Philadelphus,
611 943 692 995 quem
706 933 848 984 exciderat
859 935 991 988 Nectabis

190 1011 239 1049 rer
251 1010 365 1062 purum:
383 999 530 1064 maiusque
542 1012 612 1065 opus
622 997 677 1051 luit
688 1000 715 1051 in
728 994 890 1055 devehendo
902 1011 991 1057 statu·

191 1065 298 1120 endere
310 1066 408 1127 multo,
418 1081 500 1132 quam
511 1067 540 1117 in
550 1068 715 1121 excidendo.
726 1072 749 1123 A
760 1071 861 1139 Satyro
874 1073 992 1126 archite-

190 1141 237 1187 cto
258 1135 345 1201 aliqui
365 1133 509 1187 devectum
533 1135 646 1190 tradunt
667 1146 741 1191 rate:
767 1141 953 1195 Callisthenes
975 1158 992 1195 a

189 1202 340 1265 Phoenice,
363 1203 439 1256 iosaa
450 1206 728 1277 perductausquead
753 1212 888 1263 iacentem
900 1214 990 1265 obeli·

189 1289 267 1326 scum
279 1289 296 1325 e
306 1273 381 1326 Nilo.
406 1275 551 1342 Nereaque
561 1276 629 1327 duas
641 1280 669 1329 in
680 1278 858 1333 latitudinem
872 1283 990 1348 patulas,

187 1342 336 1413 pedalibus
347 1358 381 1397 es
390 1344 488 1397 eodem
499 1346 594 1412 lapide
604 1346 639 1397 ad
649 1349 784 1402 rationem
796 1351 932 1419 geminati
942 1368 992 1419 per

188 1412 330 1480 duplicem
344 1428 498 1467 mensuram
510 1415 640 1482 ponderis
656 1425 802 1482 oneratas,
822 1423 862 1472 ita
874 1428 906 1471 ut
915 1423 991 1474 subi·

187 1492 252 1538 rent
263 1483 415 1537 obeliscum
427 1484 594 1551 pendentem
604 1489 831 1542 extremitatibus
846 1491 904 1541 suis
914 1493 942 1543 in
954 1493 991 1543 ri·

187 1554 382 1623 pisutrinquer
405 1560 504 1621 postea
516 1556 621 1624 egestis
642 1557 787 1611 laterculis
797 1560 934 1612 alleratas
945 1577 992 1613 na·

187 1639 238 1678 res
249 1623 392 1691 excepisse
404 1639 475 1676 onus
484 1632 631 1678 statutum.
660 1627 777 1681 Excisos
788 1639 881 1683 autem
891 1646 940 1681 sex
952 1639 990 1683 ta·

187 1692 230 1746 les
250 1695 280 1745 ia
300 1701 395 1746 monte
406 1695 514 1757 eodem,
536 1702 565 1748 et
583 1697 719 1748 artificem
731 1698 866 1750 donatum
878 1702 990 1753 talentis

187 1763 397 1830 quinquaginta.
445 1764 501 1816 Hic
516 1762 571 1815 tuit
588 1766 618 1815 ln
628 1767 762 1819 Arsinoeo
775 1769 884 1834 positus
895 1785 912 1820 a
923 1786 990 1839 rege

186 1846 272 1900 supra
283 1831 369 1894 dicto,
388 1846 488 1884 munus
498 1833 603 1885 amoris
614 1834 642 1885 in
655 1836 801 1905 coniugem
817 1839 989 1906 eandemque

186 1914 323 1964 sororem,
343 1901 485 1955 Araino'e‘a.
522 1901 588 1954 inde
600 1919 662 1955 eum
677 1907 822 1958 navalibus
834 1909 988 1959 incommo-

186 1969 251 2021 dum
262 1970 404 2021 Maximus
414 1969 526 2037 quidam
539 1972 698 2038 praelectus
708 1976 828 2043 Aegypti
844 1978 989 2029 transtulit

185 2039 215 2090 iu
226 2039 328 2102 iorum,
339 2039 431 2092 reciso
442 2044 592 2103 cacumine,
606 2042 671 2092 dom
684 2043 742 2095 ruit
753 2045 896 2113 lastigium
906 2046 989 2099 adde·

130 2132 138 2143 ·
185 2123 218 2162 re
230 2117 371 2172 auratum,
380 2109 453 2176 quod
466 2120 564 2177 postea
574 2113 678 2162 omisit.

219 2179 247 2231 4.
268 2181 304 2231 lit
316 2177 365 2230 alii
374 2178 430 2232 duo
440 2180 699 2234 auntAlexaadriae
712 2181 745 2234 ad
757 2192 875 2250 portum,
886 2184 914 2235 in
922 2185 989 2237 Cae·

164 2249 260 2305 ·.saris
270 2247 386 2314 templo,
397 2263 466 2315 quoa
478 2250 709 2302 exciditMestres
720 2268 770 2303 rer
782 2253 987 2321 quadragenum

184 2320 281 2371 binum
294 2316 458 2369 cubitorum.
495 2316 585 2386 Super
596 2322 691 2371 omnia
709 2323 827 2373 accessit
840 2323 989 2374 difficultas

185 2388 260 2441 mari
271 2388 388 2439 Romam
411 2385 574 2451 devehendi,
594 2390 729 2456 spectatis
750 2390 898 2442 admodum
914 2393 989 2442 narl-

185 2458 248 2510 bus.
283 2456 371 2508 Divus
380 2458 522 2525 Augustus
535 2459 656 2526 priorem
670 2458 830 2522 advexerat,
846 2460 987 2512 miraculi·

185 2541 242 2596 qua
251 2528 344 2592 gutia
354 2525 481 2579 Puteolis
503 2529 648 2581 navalibus
671 2528 812 2594 perpetuis
833 2528 987 2581 dicaverat:

186 2596 236 2649 sed
249 2593 378 2674 incendio
390 2603 538 2647 consumta
548 2604 599 2649 est.
636 2597 725 2649 Divus
736 2597 869 2650 Claudius
879 2600 988 2667 aliquot

185 2667 989 2800 lii,illidito:i..liiiiiih‘it‘tiifiitz

184 2805 327 2864 hiliorem,
343 2801 466 2852 turribus
478 2800 632 2854 Puteolano
648 2816 682 2855 ex
694 2807 808 2868 pulvere
820 2807 987 2855 exaedifica-

184 2877 235 2934 tis,
247 2870 407 2939 perductam
424 2870 541 2932 Ostiam,
552 2878 649 2937 portus
660 2872 754 2940 gratia
765 2874 874 2924 mersit:
886 2873 944 2924 alia
953 2887 987 2924 ea

183 2942 241 2996 hoc
251 2955 319 2994 cura
329 2941 452 3003 narium,
473 2955 545 3006 quae
557 2941 654 2994 Tiberi
670 2940 832 2995 subvehant.
869 2942 930 3004 Quo
942 2958 988 2994 ea·

182 3012 339 3081 perimente
352 3009 452 3079 patuit,
468 3025 525 3063 nou
536 3011 626 3062 minus
637 3024 773 3079 aquaram
784 3011 849 3064 huic
858 3015 932 3064 amni
942 3027 986 3065 es»

183 3098 225 3147 aa,
246 3094 328 3148 quam
340 3079 414 3132 Nilo.

220 3150 245 3205 b.
262 3152 291 3203 is
307 3154 402 3203 autam
423 3145 569 3213 obeliscus,
584 3165 664 3217 quem
686 3150 775 3203 Divus
795 3153 937 3219 Augustos
959 3152 988 3202 in

183 3222 268 3276 circo
279 3233 379 3287 magno
391 3218 513 3281 statuit,
534 3221 642 3271 excisus
658 3228 701 3271 est
716 3236 733 3272 a
750 3236 815 3287 rege
826 3220 986 3285 Semneser·

181 3297 244 3355 teo,
256 3303 311 3357 quo
321 3293 457 3356 regnante
467 3285 643 3356 Pythagoras
654 3291 682 3341 in
694 3292 824 3358 Aegypto
837 3291 900 3352 fuit,
921 3308 986 3344 ceo·

181 3357 473 3427 tumrigintiquinque
483 3356 594 3423 pedum,
604 3364 633 3410 et
644 3359 797 3423 dodrantis,
816 3365 928 3427 praeter
938 3362 986 3412 ba·

183 3432 238 3484 sim
250 3426 372 3481 eiusdem
383 3425 503 3492 lapidis:
522 3425 632 3490 isrero,
643 3429 689 3495 qui
702 3436 746 3480 est
757 3428 784 3479 in
797 3430 901 3496 Campo
913 3431 986 3481 Mar·

180 3501 237 3559 tio,
257 3510 355 3548 noram
373 3495 490 3563 pedibus
506 3495 604 3557 nrinor,
624 3512 642 3548 a
653 3498 821 3557 Sesostride.
857 3500 987 3566 inscripti

181 3569 268 3622 ambo
279 3581 372 3620 rerum
383 3571 500 3617 naturae
514 3564 774 3632 interpretationem
785 3569 985 3635 Aegyptiorum
1020 3605 1033 3618 .

180 3634 365 3708 philosophia
378 3634 529 3687 conuscat.

217 3705 280 3759 XV.
298 3706 324 3758 o.
336 3705 381 3768 Ei,
401 3705 448 3773 qui
460 3709 503 3757 est
515 3703 543 3755 in
555 3706 668 3771 Campo,
687 3703 778 3757 Divus
789 3707 930 3773 Augustus
939 3704 985 3757 ad

180 3775 257 3832 didit
268 3774 424 3827 mirabilem
436 3789 525 3835 usum,
538 3773 574 3824 ad
585 3772 831 3841 deprehendendas
843 3774 916 3826 Solis
928 3788 986 3825 unr-

179 3847 257 3910 bras,
279 3846 444 3911 dierumque
454 3860 488 3896 ac
499 3843 622 3895 noctium
637 3843 678 3895 ita
688 3844 902 3912 magnitudines,
915 3852 985 3896 stra·

178 3922 212 3968 to
236 3916 328 3982 lapide
349 3916 384 3967 ad
405 3912 622 3981 magnitudinem
634 3913 761 3976 obelisci,
781 3916 827 3966 coi
839 3929 888 3981 par
907 3916 986 3967 deret

178 3986 289 4045 umbra,
310 3987 425 4036 brumae
437 3980 582 4034 conlectae
594 3981 648 4043 dle,
659 3990 740 4035 serta
749 3982 828 4047 hora,
840 3984 985 4050 paulatim·

179 4052 986 4188 stoliditatibustiiitlltliiiii

179 4196 264 4261 gnita
284 4204 329 4240 res
346 4195 375 4240 et
392 4154 664 4256 ingenimioecundo
677 4187 879 4240 mathematici.
907 4188 985 4254 Apici

179 4266 310 4315 auratam
322 4257 405 4323 pilam
416 4254 540 4317 addidit,
560 4254 637 4306 cuius
649 4257 746 4307 umbra
756 4259 861 4309 vertice
873 4256 986 4322 collige·

177 4327 302 4386 returin
313 4342 343 4379 ae
353 4327 423 4392 ipsa,
444 4325 516 4377 alias
527 4326 677 4376 enormiter
687 4326 824 4378 iaculante
834 4328 920 4393 apice,
944 4340 986 4376 ra-

178 4402 261 4454 tione
278 4400 322 4460 (ut
334 4395 440 4455 ierunt)
457 4394 577 4460 ecapite
587 4391 706 4446 hominia
717 4396 870 4448 intellecta.
907 4394 986 4446 llaec

179 4468 344 4523 observatio
355 4464 472 4532 triginta
482 4464 538 4516 iam
550 4461 611 4515 lere
620 4465 699 4516 annis
711 4480 766 4516 non
777 4466 916 4531 congruit,
927 4463 985 4516 sire

152 4538 259 4593 -Solis
278 4537 365 4604 ipsias
386 4535 498 4586 dissono
519 4540 649 4593 corruet
669 4535 738 4586 caeli
761 4535 857 4601 aliqua
877 4536 985 4587 ratione

179 4614 300 4670 mutato,
321 4609 378 4659 sire
399 4604 530 4656 universa
551 4602 798 4672 tellurealiquida
817 4611 915 4656 centro
934 4618 984 4656 ruo

180 4679 301 4741 dimota,
323 4682 355 4727 ut
366 4671 535 4741 deprehendi
547 4678 577 4724 et
587 4673 616 4723 is
628 4672 692 4723 aliis
701 4672 771 4725 loeis
783 4672 903 4739 accipio:
925 4676 985 4726 sire

179 4748 264 4801 Urbis
275 4745 453 4805 tremoribus,
464 4743 504 4794 lbi
516 4748 623 4793 tantum
635 4755 773 4808 gnomorm
786 4743 902 4804 intorto,
926 4744 985 4796 sire

179 4808 412 4869 inundationibus
421 4812 533 4865 'l'iberis
544 4810 702 4864 sedimento
709 4812 873 4865 molisiacto
883 4829 889 4863 r
900 4826 985 4879 quan·

181 4900 265 4955 quam
277 4886 311 4937 ad
323 4883 500 4937 altitudinem
516 4881 642 4950 impositi
661 4882 756 4935 anema
765 4885 794 4934 in
806 4889 908 4935 terram
920 4897 986 4949 quo·

181 4970 238 5022 que
250 4955 377 5007 dicantur
391 4960 455 5006 acta
465 4951 656 5003 fundamenta.

217 5026 243 5077 7.
262 5025 376 5077 Tertius
398 5020 503 5075 Romae
524 5023 553 5073 in
565 5020 708 5084 Vaticano,
732 5020 795 5072 Caii
814 5026 843 5074 et
865 5020 985 5075 Neronia

179 5094 338 5164 principum
345 5094 436 5155 circo,
447 5108 482 5146 ex
494 5091 624 5143 omnibus
635 5105 706 5142 unua
716 5091 829 5142 omnino
841 5090 931 5144 lactus
940 5098 984 5143 est

178 5166 337 5218 imitatione
346 5164 416 5225 elus,
439 5178 519 5231 quem
531 5160 638 5214 iecerat
648 5159 816 5212 Sesostridis
827 5161 901 5211 filios
911 5161 985 5212 Nun·

180 5248 292 5287 conus.
327 5232 459 5284 Eiusdem
476 5236 603 5283 remanet
618 5236 648 5282 et
664 5229 736 5281 alius
750 5236 863 5282 centum
879 5230 985 5282 cubito-

179 5320 252 5366 rum,
271 5318 352 5370 quam
365 5306 427 5366 post
437 5301 601 5353 caecitatem
612 5300 673 5352 risu
682 5299 804 5362 reddito,
823 5314 859 5352 es
870 5299 983 5352 oraculo

180 5373 242 5426 Soli
253 5370 383 5423 curavit.
593 5368 600 5378 “

1045 524 1211 646 praeberent
1222 562 1230 590 ,
1251 533 1302 581 sut
1312 543 1347 581 ne
1359 528 1436 597 plebs
1447 540 1521 587 esset
1532 534 1631 588 otiosa.
1667 538 1761 593 Multa
1772 541 1847 596 eirca

1066 609 1099 645 oc
1108 601 1218 647 vanitas
1227 597 1339 649 illorum
1352 596 1490 652 hominum
1502 603 1564 666 fuit,
1589 606 1759 675 vestigiaque
1770 625 1845 661 com·

1045 663 1163 732 plurium
1177 663 1369 719 inchoatarum
1385 677 1505 721 exstant.
1541 673 1601 724 Una
1612 683 1655 726 est
1665 678 1693 727 in
1704 679 1847 733 Arsinoite
1867 668 1873 673 ’

1045 748 1138 795 nonio,
1159 732 1232 786 duae
1253 736 1281 787 in
1301 735 1463 804 Memphite,
1484 754 1538 792 non
1560 744 1656 809 procul
1672 743 1844 813 labyrintho,

1045 802 1079 854 de
1091 817 1145 871 quo
1156 808 1186 855 et
1195 806 1257 871 ipso
1267 804 1399 858 dicemus.
1435 808 1575 874 'i‘otidem,
1588 812 1635 862 ubi
1647 812 1701 864 fnit
1710 815 1845 870 Moeridis

1044 873 1130 935 larus,
1152 870 1205 924 hoe
1224 880 1275 938 ast,
1290 874 1367 927 losse
1383 877 1507 944 grandis.
1542 880 1596 932 Sed
1609 883 1751 949 Aegyptus
1771 886 1846 938 inter

1045 944 1117 993 mira
1128 956 1162 994 ac
1179 940 1359 996 memoranda
1377 953 1474 998 narrat
1491 945 1586 1000 harum
1602 953 1846 1008 cacuminaextre-

1044 1026 1100 1072 ma,
1121 1026 1194 1079 quae
1214 1014 1336 1066 eminere
1357 1013 1496 1068 dicuntur.
1534 1018 1670 1087 Reliquae
1689 1026 1756 1086 tres,
1776 1038 1846 1089 quae

1045 1080 1141 1132 orbem
1158 1086 1294 1133 terrarum
1310 1083 1464 1149 implevere
1481 1084 1569 1151 lania,
1592 1105 1659 1141 sane
1677 1091 1845 1157 conspicuae

1044 1150 1164 1216 undique
1175 1150 1416 1220 adnavigantibus,
1436 1157 1508 1208 sitae
1518 1163 1583 1209 sunt
1593 1159 1622 1211 in
1633 1166 1713 1226 parte
1724 1160 1844 1226 Africae,

1044 1224 1140 1271 monte
1148 1233 1235 1272 saxeo
1245 1224 1398 1290 sterilique,
1410 1222 1484 1275 inter
1494 1226 1643 1293 Memphim
1655 1229 1795 1298 oppidum,
1816 1238 1846 1285 et

1045 1289 1117 1355 quod
1129 1291 1264 1355 appellari
1276 1290 1396 1343 diximus
1407 1292 1498 1356 Delta,
1520 1310 1537 1347 a
1548 1296 1612 1349 Nilo
1624 1298 1714 1350 minus
1725 1310 1846 1367 quatuor

1044 1358 1136 1410 millia
1146 1374 1285 1426 passuum,
1306 1376 1322 1412 a
1333 1362 1457 1429 Memphi
1468 1362 1527 1414 Vll.
1539 1365 1578 1418 M.
1589 1366 1625 1429 D,
1635 1368 1696 1420 rico
1707 1373 1845 1436 apposito,

1043 1442 1126 1549 qqem
1137 1437 1241 1483 nocant
1255 1431 1377 1495 Busirin,
1397 1433 1426 1483 in
1442 1448 1496 1501 quo
1512 1440 1577 1487 sunt
1591 1438 1698 1491 assueti
1709 1439 1844 1494 scandere

1078 1512 1117 1549 Ι*
1380 1530 1401 1570 s

1078 1582 1165 1638 xvii.
1176 1584 1202 1637 2.
1219 1584 1351 1639 Antehac
1363 1591 1408 1641 est
1417 1585 1525 1656 sphinx,
1540 1592 1585 1645 vel
1594 1593 1685 1660 magis
1696 1594 1844 1658 narranda,

1045 1655 1122 1720 quasi
1134 1654 1260 1708 silcestre
1276 1672 1375 1710 numen
1396 1659 1591 1713 accolentium.
1626 1665 1737 1715 Amasin
1749 1679 1843 1731 regem

1044 1724 1187 1789 potantia
1208 1739 1242 1776 ea
1256 1725 1408 1789 conditum,
1428 1735 1456 1781 et
1471 1730 1569 1782 volunt
1590 1731 1727 1785 invectam
1745 1733 1844 1785 rideri.

1045 1795 1094 1844 Est
1105 1801 1197 1845 autem
1210 1809 1278 1847 saxo
1290 1796 1412 1848 naturali
1422 1798 1581 1862 elaborata,
1602 1806 1632 1852 et
1643 1801 1758 1853 lubrica
1794 1804 1843 1855 Ca·

1044 1861 1110 1927 pitis
1125 1866 1242 1916 monstri
1254 1866 1374 1917 ambitus
1394 1881 1444 1933 per
1459 1868 1580 1920 frontem
1594 1876 1703 1921 centum
1716 1870 1786 1922 duos
1798 1886 1843 1938 pe·

1043 1930 1091 1981 des
1103 1931 1221 1996 colligit,
1231 1933 1375 2001 longitudo
1387 1936 1489 2003 pedam
1501 1937 1611 1990 CXLlli
1624 1946 1675 2000 eat,
1694 1938 1814 1994 altitudo
1825 1954 1844 1993 a

1043 2007 1139 2052 rantra
1149 2000 1184 2051 ad
1195 2017 1331 2054 sommum
1343 2005 1465 2071 apsidem
1481 2006 1510 2057 in
1523 2007 1623 2073 capite,
1635 2007 1721 2059 Llill.

1096 2084 1121 2139 3.
1141 2084 1270 2153 Pyramia
1290 2088 1463 2154 amplissima
1483 2105 1516 2142 ex
1536 2093 1662 2144 Arabicis
1684 2093 1843 2159 lapicidinis

1043 2159 1162 2208 coastat.
1198 2158 1337 2209 Trecenta
1349 2156 1436 2209 LXVi
1450 2157 1588 2210 hominum
1601 2161 1690 2212 millia
1701 2161 1779 2213 annis
1790 2163 1843 2215 XX

1044 2239 1104 2277 eam
1118 2226 1307 2278 construxisse
1325 2226 1487 2292 produntur.
1525 2229 1596 2281 Trea
1611 2245 1679 2283 vero
1691 2231 1783 2283 iactae
1793 2246 1841 2282 an·

1042 2293 1084 2344 ais
1096 2292 1247 2357 Lxxvur,
1268 2302 1297 2347 et
1313 2297 1450 2348 aiensibus
1464 2292 1512 2348 iv.
1548 2298 1603 2360 Qui
1618 2300 1653 2353 de
1669 2301 1705 2352 iis
1725 2301 1844 2368 scripse·

1042 2363 1110 2425 rint,
1129 2367 1195 2411 aurit
1215 2363 1392 2426 Herodotus,
1411 2363 1595 2430 Euhemerus,
1615 2368 1701 2422 Duris
1722 2370 1842 2431 Samius,

1041 2432 1239 2495 Aristagoras,
1260 2430 1433 2499 Dionysius,
1457 2436 1667 2501 Artemidorus,
1687 2438 1843 2490 Alexander
1925 2478 1929 2485 .
2028 2462 2036 2475 ·

1043 2496 1219 2565 Polyhistor,
1249 2499 1418 2563 Buterides,
1445 2502 1643 2569 Antisthenes,
1671 2506 1842 2569 Demetrius,

1042 2568 1211 2629 Damoteles,
1231 2570 1329 2634 Apion.
1366 2573 1441 2623 later
1458 2585 1552 2624 omnes
1571 2589 1619 2624 eos
1638 2589 1691 2625 non
1705 2582 1844 2628 coactata

1042 2638 1141 2706 quibus
1153 2635 1245 2690 iactae
1256 2638 1322 2700 sint,
1331 2637 1486 2691 iustissimo
1498 2655 1563 2695 casu
1575 2642 1734 2694 obliteratis
1746 2650 1843 2696 tantae

1042 2707 1174 2758 vanitatis
1193 2710 1361 2759 auctoribus.
1416 2707 1508 2775 Aliqui
1530 2725 1564 2762 ex
1585 2711 1627 2761 hla
1649 2711 1842 2779 prodiderunt,

1042 2776 1068 2827 in
1080 2776 1229 2843 raphanos,
1245 2784 1273 2829 et
1284 2778 1389 2839 allium,
1409 2792 1442 2829 ac
1453 2793 1564 2844 caepas,
1573 2779 1650 2832 mille
1659 2790 1792 2832 sexcenta
1803 2789 1843 2834 ta·

1041 2846 1117 2894 lanta
1129 2853 1253 2910 erogata
1288 2846 1467 2909 Amplissima
1483 2853 1547 2896 octo
1562 2847 1660 2915 iugera
1675 2850 1784 2902 oblinet
1797 2867 1842 2901 so-

1041 2912 1075 2975 li,
1090 2917 1210 2978 quatuor
1219 2913 1383 2979 angulorum
1395 2913 1506 2978 paribus
1517 2915 1681 2979 intervallis,
1693 2933 1742 2985 per
1752 2922 1841 2971 octin-

1040 2988 1140 3049 gentas
1150 2983 1295 3048 octoginta
1305 2988 1363 3034 tres
1374 2981 1458 3048 pedes
1468 2983 1639 3052 singulorum
1651 2986 1780 3051 laterum,
1802 2989 1842 3041 al·

1041 3049 1130 3101 titudo
1143 3051 1319 3112 aeacumine,
1334 3051 1419 3119 pedes
1429 3051 1492 3115 XV,
1502 3069 1525 3103 ε.
1561 3054 1683 3107 Alterius
1694 3057 1842 3110 intervalla

1040 3119 1151 3187 singula
1163 3135 1211 3187 per
1222 3128 1341 3187 quatuor
1351 3120 1469 3187 angulos
1480 3136 1573 3188 pares,
1590 3122 1799 3187 Dccxxxvu,
1818 3144 1842 3179 ε.

1041 3188 1288 3255 comprehendunt.
1324 3192 1423 3243 Tertia
1443 3191 1534 3242 nrinor
1549 3193 1659 3259 quidem
1681 3196 1842 3260 praedictis,

1041 3258 1090 3311 sed
1101 3259 1189 3310 multo
1200 3258 1363 3325 spectatior,
1373 3258 1545 3327 Aethiopicis
1555 3261 1702 3328 lapidibus,
1717 3267 1843 3333 assurgit

1041 3327 1196 3380 cccuxttl
1217 3329 1334 3395 pedibus
1355 3329 1565 3397 interangulos.
1603 3330 1731 3400 vestigia
1747 3336 1842 3386 aedili·

1040 3397 1183 3449 cationum
1203 3398 1279 3448 nulla
1296 3405 1416 3449 exstant.
1451 3400 1543 3452 Arena
1559 3398 1617 3451 late
1635 3416 1705 3468 pura
1725 3403 1840 3467 circum,

1040 3467 1123 3519 lentis
1139 3464 1331 3530 similitudine,
1353 3466 1443 3533 qualis
1465 3469 1493 3517 ia
1514 3469 1613 3520 maiori
1629 3471 1839 3537 parteAl'rirar.

1040 3537 1241 3598 Quaestionum
1252 3550 1361 3587 summa
1371 3543 1423 3597 est,
1442 3551 1560 3603 quanam
1571 3540 1681 3592 ratione
1693 3541 1720 3592 in
1733 3548 1840 3594 tantam

1041 3606 1218 3659 altitudinem
1234 3605 1368 3658 subrecta
1382 3607 1439 3655 sint
1455 3614 1607 3660 caementa.
1643 3609 1698 3662 Alii
1715 3611 1788 3662 enim
1802 3616 1841 3662 ni·

1040 3683 1085 3727 tro
1096 3691 1129 3727 ac
1138 3677 1197 3728 sale
1208 3676 1386 3742 adaggeratis
1398 3690 1459 3726 cum
1472 3684 1614 3747 crescente
1624 3692 1716 3743 opere,
1738 3695 1770 3730 ae
1781 3694 1841 3747 per·

1039 3751 1102 3796 acto
1114 3743 1236 3796 fluminis
1252 3744 1417 3813 irrigatione
1430 3744 1539 3796 dilutis:
1561 3746 1609 3796 alii
1626 3747 1761 3800 lateribus
1773 3765 1788 3800 e
1800 3748 1841 3799 lu·

1039 3820 1069 3866 to
1082 3811 1175 3875 lactis,
1187 3816 1214 3865 in
1228 3815 1351 3881 privatas
1363 3813 1461 3865 domos
1472 3814 1640 3867 distributis.
1660 3815 1752 3869 Nilum
1765 3818 1840 3869 enim

1038 3899 1092 3935 non
1105 3889 1202 3950 putant
1214 3884 1306 3950 rigere
1322 3884 1463 3951 potuisse,
1483 3884 1571 3936 multo
1588 3883 1772 3937 humiliorem.
1809 3886 1840 3936 ln

1039 3953 1186 4021 pyramide
1198 3954 1320 4004 maxima
1331 3962 1373 4005 est
1384 3954 1457 4004 intus
1468 3960 1566 4020 puteus
1578 3954 1722 4019 octoginta
1733 3968 1781 4004 ser
1793 3969 1839 4004 co·

1038 4023 1172 4085 bitorum,
1193 4022 1293 4074 hrrnren
1309 4022 1359 4073 ille
1375 4022 1524 4074 admissum
1544 4023 1726 4073 arbitrantur.
1762 4021 1840 4072 Men·

1038 4106 1130 4142 auram
1143 4090 1299 4143 altitudinis
1310 4106 1405 4143 earum
1417 4090 1731 4157 omniumquesimilionr
1743 4088 1839 4154 depre-

1038 4158 1159 4210 hendere
1171 4159 1277 4211 imdnit
1287 4156 1391 4209 Thales
1402 4159 1536 4220 Milesius,
1554 4157 1677 4208 umbram
1689 4157 1839 4221 irretiendo,

1039 4242 1093 4294 qua
1106 4226 1175 4277 hora
1187 4242 1238 4293 par
1249 4240 1309 4278 esse
1322 4226 1431 4291 corpori
1443 4225 1525 4277 solet.
1554 4226 1633 4278 llaec
1642 4233 1708 4276 sunt
1719 4230 1839 4292 pyrami·

1039 4297 1102 4347 dunt
1115 4295 1267 4346 miracula:
1290 4308 1503 4359 supremumque
1518 4293 1598 4355 illud,
1618 4310 1653 4345 ne
1671 4296 1731 4360 quis
1743 4309 1839 4361 regom

1039 4380 1116 4431 opus,
1126 4365 1242 4416 oriretur
1251 4363 1392 4414 minimam
1403 4377 1437 4414 es
1449 4361 1501 4427 his,
1511 4364 1560 4416 sed
1571 4362 1800 4426 laudatissimam,
1821 4381 1840 4417 a

1040 4433 1174 4501 Rhodope
1194 4432 1374 4485 meretricula
1394 4432 1506 4486 iactam.
1543 4433 1660 4498 Aesopi,
1681 4431 1837 4486 fabularum

1039 4501 1206 4571 philosophi,
1216 4518 1349 4555 conserva
1359 4501 1497 4569 quondam
1511 4508 1539 4555 et
1550 4502 1759 4554 contubernalis
1770 4502 1839 4556 haec

1039 4573 1101 4633 luit,
1125 4573 1229 4625 maiore
1252 4572 1386 4625 miraculo
1403 4577 1496 4624 tantas
1512 4587 1579 4639 opes
1597 4572 1756 4625 meretricio
1776 4588 1839 4627 esse

1039 4644 1210 4709 conquisitas
1222 4648 1347 4712 quaestu.

1074 4724 1172 4778 xviri.
1196 4727 1223 4779 A.
1241 4728 1438 4795 Magnificatur
1449 4732 1477 4779 et
1489 4726 1546 4779 alia
1557 4725 1643 4779 turris
1653 4741 1670 4777 a
1682 4739 1749 4793 rege
1761 4724 1838 4779 iacta

1037 4797 1066 4848 in
1090 4795 1183 4849 insola
1203 4795 1317 4859 Pharo,
1349 4804 1457 4863 portum
1480 4798 1623 4849 obtinente
1642 4795 1838 4860 Alexandriae,

1039 4880 1120 4933 quam
1132 4865 1463 4935 constitisseoctiagentis
1474 4867 1587 4919 talentis
1598 4863 1725 4919 tradunt:
1737 4880 1837 4934 magno

1039 4936 1141 4997 animo,
1162 4934 1274 5002 nequid
1294 4936 1466 4999 omittamus,
1490 4936 1640 4990 Ptolemaei
1656 4936 1740 5004 regis,
1763 4932 1836 5003 qood

1038 5006 1067 5057 in
1079 5020 1112 5058 ea
1123 5004 1280 5073 permiserit
1290 5004 1408 5058 Sostrati
1420 5005 1515 5057 Gnidii
1525 5005 1669 5060 architecti
1680 5010 1836 5057 structurae

1038 5075 1125 5142 ipsius
1139 5089 1238 5127 nomen
1250 5074 1374 5125 inscribi.
1409 5076 1481 5127 Usus
1493 5077 1561 5137 eius,
1578 5084 1712 5129 nocturno
1727 5074 1836 5124 narium

1038 5159 1121 5196 cursu
1131 5144 1209 5225 ignes
1221 5145 1377 5205 ostendere,
1398 5145 1432 5195 ad
1444 5145 1664 5211 praenuntianda
1676 5143 1754 5202 rada,
1773 5152 1837 5205 pot·-

1037 5221 1136 5280 tuaque
1147 5215 1290 5264 introitum
1301 5231 1309 5263 ι
1330 5214 1428 5279 quales
1438 5216 1492 5264 iam
1504 5214 1694 5280 compluribus
1705 5208 1773 5260 locis
1784 5205 1832 5256 lla·

1037 5290 1129 5351 grant,
1141 5288 1172 5334 ut
1182 5283 1286 5343 Ostiae,
1301 5296 1334 5333 ac
1344 5282 1497 5334 Ravennae.
1534 5282 1689 5336 l'erieolum
1709 5278 1736 5326 in
1747 5276 1835 5356 eonti-

1039 5351 1171 5404 nuatione
1187 5352 1303 5420 ignium,
1324 5366 1358 5402 ne
1374 5351 1450 5403 sidua
1470 5352 1656 5410 existimetur,
1677 5359 1835 5412 quoniame

216 5441 293 5494 XVl.
311 5440 448 5490 vocamur
464 5437 558 5490 obiter·
567 5443 596 5490 pe
606 5436 766 5505 pymmid„
778 5437 807 5488 in
818 5436 917 5490 endem
934 5438 985 5490 Δρ.
1036 5422 1082 5474 lon
1104 5424 1185 5488 'nquo
1196 5420 1296 5473 similis
1306 5418 1476 5472 llanmrarom
1488 5426 1616 5480 aspectus
1627 5421 1677 5466 est.
1696 5414 1751 5464 illc
1759 5414 1835 5465 idem

179 5514 282 5579 gypto,
302 5520 400 5574 regum
421 5505 554 5572 pecuniae
571 5508 663 5559 odeas
679 5523 713 5559 ac
724 5506 814 5558 stulta
823 5506 984 5559 ostentatio.
1037 5507 1084 5544 all
1104 5491 1321 5557 i²⁰0l¹¹⁸llll¹¹¹l¹⁸
1333 5491 1449 5542 ΟΜΝ

179 5582 293 5646 Quippe
301 5591 364 5628 cum
375 5574 498 5627 faciendi
509 5591 557 5627 aas
568 5590 656 5627 caasa
669 5577 837 5645 aplerisque
849 5574 985 5640 tradatur,

177 5664 215 5702 se
228 5649 371 5715 mmaiaar
383 5645 589 5701 saoeenoribus
600 5646 776 5701 autunnalis
787 5645 984 5701 insidiantibus

1660 5481 1835 5535 ‘trictionem

1037 5560 1121 5612 Gnidi
1133 5560 1231 5613 iecisse
1243 5559 1369 5611 traditur.

1070 5646 1144 5701 XlX.
1163 5645 1296 5707 Dictato-
1319 5649 1348 5672 ⁸‘
1365 5643 1381 5672 ¹¹
1749 5637 1835 5695 'sisai-
