4374 6014
123 5630 135 5659 ἱ

305 323 336 382 c.
373 320 524 383 rrrnrr
559 319 768 383 sacenae
804 286 1184 386 aaruatarsroa
1221 323 1302 385 cru.
1325 322 1443 399 aaa.
1477 326 1572 388 cur.
1599 282 1723 388 :aaa
1774 327 1831 389 aar

184 471 272 527 durio
283 469 332 534 sit,
342 469 446 524 addunt
458 472 582 525 acaciam
592 471 674 525 tabae
684 471 882 541 magnitudine.
899 472 983 530 Sene·

183 550 243 595 ctus
253 541 383 607 anguium
396 540 590 608 dysentericis,
598 550 626 594 et
638 545 927 597 tenesmisinstanueo
937 560 984 597 aa·

182 627 212 665 se
235 610 398 677 decoquitur
418 626 480 663 cum
502 626 626 664 rosaceo.
667 609 718 664 Vel
730 612 754 663 si
773 613 803 665 iu
824 613 899 675 alio,
921 629 983 667 cunr

183 687 283 734 stanno
293 679 420 730 illinitur.
458 681 503 731 tus
523 696 538 732 e
557 679 712 748 gallinaceo
722 681 823 735 iisdem
838 681 983 734 medetur:

183 750 233 804 sed
245 749 348 803 :eteris
360 748 512 816 gallinacei
523 748 711 801 vebanrentius
723 751 827 803 salsum
838 752 881 802 ius
892 752 983 802 airum

184 823 249 872 ciet.
282 818 446 870 Membrana
456 818 622 886 gallinarum
634 825 710 871 tosta
720 828 749 872 et
760 821 826 872 data
837 821 864 872 in
877 821 939 873 oleo
951 835 984 872 ac

183 889 251 951 sale,
263 888 449 939 coeliacorum
462 887 574 938 dolores
585 887 697 943 nrulcet.
732 890 873 943 Abstineri
890 898 983 943 autem

184 972 201 1008 u
211 957 337 1025 frugibus
348 963 413 1008 ante
424 966 453 1009 et
464 955 598 1024 gallinam
610 964 637 1008 et
648 955 788 1010 bominem
799 966 918 1025 oportet.
940 958 984 1009 Fi·

183 1042 256 1078 nrum
270 1025 457 1078 columbinum
470 1033 571 1076 testum
584 1032 744 1095 potumque.
780 1028 851 1078 Caro
862 1027 984 1094 palumbi

183 1096 210 1146 in
226 1101 306 1147 arceto
324 1095 438 1146 decocta
449 1092 638 1162 'dysentericis
655 1103 683 1148 et
700 1095 832 1147 coeliacis
851 1096 983 1148 irretietur.

182 1163 294 1217 'l'urdus
315 1164 458 1215 inassatus
477 1179 539 1214 cum
560 1163 645 1230 myrti
666 1164 760 1215 baccis
784 1163 985 1231 dysentericis:

182 1234 252 1355 {item
264 1231 395 1284 merulae.
433 1231 501 1296 Mel,
522 1234 555 1289 iu
571 1247 625 1300 quo
646 1232 705 1285 sint
725 1233 894 1287 immortuac
910 1250 985 1302 apes,

204 1308 337 1354 ecoctam.

220 1371 281 1422 XX.
300 1370 501 1422 Gravissimum
517 1370 613 1422 sitium
626 1370 698 1425 ileos
709 1373 876 1441 appellatur.
912 1373 987 1425 Huic

183 1439 278 1492 resisti
291 1442 368 1491 aiunt
380 1439 512 1507 discerpti
523 1437 730 1508 rudpertiliouis
740 1448 889 1512 sanguine:
902 1443 985 1495 etiam

181 1510 258 1561 illito
279 1515 375 1561 ventre
395 1510 546 1562 subreniri.
583 1510 664 1563 Sistit
683 1513 774 1565 alvum
799 1513 917 1580 priorum
939 1528 985 1564 co·

182 1577 276 1640 chlea,
287 1577 485 1630 sicutdisimus
497 1580 522 1630 in
536 1581 706 1647 suspiriosis,
718 1589 880 1649 temperata.
915 1582 984 1631 item

183 1648 255 1699 einis
266 1662 361 1700 eurum
371 1663 442 1713 quac
456 1649 532 1700 rivae
545 1658 682 1702 crematae
694 1653 761 1714 sint,
780 1661 862 1718 potus
875 1666 909 1702 ex
920 1650 984 1700 rino

182 1724 307 1769 austero.
344 1717 568 1769 Gallinaceorurn
582 1719 658 1770 iecur
668 1735 769 1782 ussurrr,
788 1729 836 1771 aut
848 1720 985 1771 verstricu·

105 1823 115 1832 .
180 1786 203 1836 li
217 1787 384 1846 membrana:
397 1802 467 1853 quae
480 1787 560 1837 obiici
573 1789 656 1851 solet,
678 1789 841 1851 inveterata,
859 1787 984 1840 admixto

181 1856 331 1922 papaveris
348 1870 439 1906 succo.
478 1855 531 1905 Alii
548 1864 686 1909 recentem
704 1864 855 1910 torrentes
868 1857 932 1905 virro
945 1857 984 1906 hi·

180 1924 311 1975 modam.
348 1925 393 1974 lus
407 1923 556 1991 perdicum,
578 1930 606 1976 et
624 1941 673 1993 per
688 1942 718 1978 so
736 1926 904 1978 ventriculus
922 1940 985 1975 cerr·

181 1994 270 2045 tritus
280 2007 313 2045 ex
325 1992 388 2043 rino
401 1995 490 2061 nigro.
528 1995 597 2045 ltcnr
610 1994 755 2060 palumbus
768 1995 851 2056 ferus,
875 2009 890 2044 e
903 2008 985 2060 posca

183 2062 324 2113 decoctus.
361 2061 429 2114 Lien
443 2063 556 2129 pecudis
569 2070 669 2127 tostus,
681 2071 709 2115 et
718 2064 746 2115 in
758 2067 820 2129 rino
831 2063 922 2114 tritus.
943 2060 985 2111 ti·

183 2147 260 2182 mum
273 2131 461 2183 columbinum
475 2149 536 2184 cunr
550 2132 631 2185 aselle
642 2133 752 2185 illitum.
772 2132 911 2197 ossifragi
923 2146 986 2182 ren·

180 2208 227 2251 ter
239 2198 379 2251 arefactus
391 2209 418 2251 et
434 2210 527 2267 potus,
549 2202 581 2252 iis
598 2203 645 2268 qui
660 2203 737 2253 cihos
754 2217 808 2252 nun
830 2200 986 2260 conficiunt,

181 2270 357 2331 utilissimus,
370 2271 411 2322 rel
423 2273 445 2321 si
458 2286 539 2321 :aranu
553 2276 660 2321 tantum
672 2276 786 2322 teneant
797 2271 940 2335 capientes
952 2269 987 2317 ci·

180 2338 259 2390 bum.
296 2338 414 2401 Quidam
429 2339 584 2405 adalligant
601 2353 636 2390 ex
654 2337 707 2389 hac
717 2352 818 2400 causa,
837 2338 886 2389 sed
899 2335 986 2387 conti·

180 2422 272 2460 nuarc
292 2422 346 2457 non
366 2407 482 2459 dehent:
507 2408 622 2457 nraciem
645 2407 716 2460 enim
739 2404 816 2456 fucit.
856 2404 938 2457 Sistit
957 2412 986 2455 et

180 2483 299 2530 anatum
320 2477 505 2527 orascuiarum
519 2476 641 2541 sanguis.
677 2474 851 2526 inflationem
872 2473 986 2524 discutit

181 2544 362 2599 cochlearum
375 2545 461 2596 cibus.
497 2545 631 2594 'l'ormiua
648 2543 703 2595 lieu
720 2543 812 2594 ovium
824 2546 923 2603 tostus,
946 2546 987 2592 at·

181 2629 239 2682 quc
251 2629 267 2665 e
277 2616 340 2665 vino
353 2618 448 2678 potus:
460 2612 606 2678 palumbus
617 2610 694 2665 ferus
705 2626 738 2664 cx
749 2625 836 2678 posca
845 2611 986 2663 decoctus:

181 2682 292 2751 apodes
308 2697 342 2734 ex
354 2682 433 2733 rino:
457 2681 530 2732 einis
552 2680 634 2731 ibidis
655 2682 714 2733 sine
733 2682 830 2748 pennis
847 2688 987 2731 crematae

179 2760 279 2822 potus.
316 2750 398 2815 Quod
410 2759 555 2818 praeterea
566 2751 725 2801 traditoria
737 2752 917 2810 torminibus,
939 2748 987 2798 mi·

179 2837 247 2875 runr
271 2828 327 2873 est:
347 2828 429 2872 anate
451 2821 580 2887 apposita
601 2821 690 2872 ventri
712 2821 831 2872 transire
852 2819 987 2879 morbum,

182 2896 355 2956 anatemque
372 2890 470 2941 autori.
506 2888 640 2940 Termino
655 2897 682 2941 et
700 2890 782 2943 aselle
795 2896 937 2951 curuantur,
960 2890 986 2937 iu

181 2975 242 3028 quo
254 2968 318 3010 sunt
329 2965 396 3026 apes
408 2958 584 3027 imlmortuae,
603 2959 726 3012 decocto.
766 2959 826 3010 Coti
838 2958 935 3009 vitium
948 2954 987 3008 ei-

180 3028 352 3082 iicacissime
363 3036 481 3080 sanatur
497 3043 547 3080 are
557 3028 677 3097 galerita
694 3043 758 3080 assu
769 3027 797 3079 in
813 3028 874 3081 cibo
887 3034 986 3079 sumta.

181 3097 307 3163 Quidam
320 3101 347 3149 in
359 3112 426 3151 vase
438 3112 508 3149 novo
521 3113 581 3150 cunr
597 3098 697 3164 plumis
708 3100 784 3153 exuri
797 3097 904 3161 iubent,
924 3111 987 3148 corr·

180 3169 296 3236 terique
316 3169 344 3219 in
368 3171 499 3229 cinerem,
519 3167 632 3235 hibique
654 3182 688 3218 cx
708 3165 988 3236 aqua·coeblearibus

181 3240 278 3291 ternis
290 3253 339 3305 per
355 3237 548 3305 quatriduum:
570 3236 681 3304 quidanr
699 3252 747 3288 cor
763 3236 822 3289 eius
838 3235 988 3303 adalligari

178 3307 298 3360 donnini:
321 3306 369 3358 alii
381 3321 477 3359 recens
489 3313 641 3374 tepensque
652 3305 742 3357 adhuc
754 3305 893 3358 devorari.
920 3307 990 3357 Con·

179 3378 289 3429 solaris
299 3377 481 3441 deprecatum
495 3375 593 3427 domus
605 3382 663 3437 est,
680 3376 709 3424 in
720 3390 774 3443 qua
785 3376 858 3427 alter
870 3391 884 3428 e
896 3374 990 3426 iratri-

178 3449 236 3500 bus
249 3445 313 3496 colo
324 3444 458 3497 liberatus
470 3451 523 3506 est,
532 3459 583 3496 are
595 3443 646 3496 hac
657 3443 685 3495 in
696 3445 757 3496 cibo
768 3450 868 3506 sumta,
890 3451 919 3497 et
931 3459 990 3496 cor-

179 3514 293 3567 deeius
313 3514 424 3566 armilla
439 3529 524 3565 aurea
545 3514 665 3566 incluso:
686 3515 759 3566 alter
775 3514 912 3566 sacriticio
924 3527 990 3580 quo·

179 3585 260 3645 dam,
282 3581 357 3634 iacto
370 3582 462 3634 crudis
480 3583 622 3635 laterculis
639 3583 674 3635 ad
685 3582 804 3637 soranam
816 3585 923 3645 camini,
945 3591 988 3634 at-

178 3669 237 3720 que
260 3659 293 3703 ut
311 3667 420 3703 sacrum
442 3661 586 3719 peractum
608 3663 687 3717 erat,
709 3654 853 3705 obstructo
875 3651 988 3704 sacello.

180 3723 278 3774 Unum
298 3726 342 3773 est
368 3720 505 3787 ossifrago
535 3725 697 3773 intestinum
727 3720 852 3774 nrirabili
879 3729 987 3782 natura,

180 3791 281 3844 onsnia
292 3789 426 3842 denerata
438 3790 605 3843 conficienti.
614 3793 705 3843 liuius
717 3798 822 3858 partem
835 3800 987 3844 extremam

179 3861 368 3927 adalligatam
391 3861 522 3926 prodesse
535 3866 633 3912 contra
651 3860 742 3912 colum
763 3867 880 3912 constat.
917 3859 989 3910 Sunt

180 3928 292 3983 occrrlti
302 3929 507 3982 interaneorum
519 3931 617 3993 morbi,
629 3929 662 3980 de
674 3931 771 3998 quihus
783 3931 882 3981 nrirunr
895 3928 989 3996 prodi·

179 4007 240 4051 tur.
280 3997 309 4051 Si
320 3997 416 4059 catuli,
440 3998 598 4064 priusquam
612 3998 732 4060 videant,
751 3998 927 4065 applicentur·
939 3999 989 4048 tri·

180 4068 242 4121 duo
255 4065 400 4117 stomacho
420 4066 541 4116 masinae
557 4082 590 4117 ac
606 4067 730 4133 pectori,
752 4074 829 4118 etex
846 4082 894 4119 ore
912 4068 989 4133 aegri

179 4144 299 4190 arictum
312 4133 393 4184 lactis
404 4135 552 4198 accipiant,
574 4135 693 4185 transire
705 4134 756 4184 rim
768 4133 867 4195 nrorbi,
879 4143 989 4199 postre-

178 4223 231 4259 mo
245 4203 410 4262 exanimari,
423 4201 606 4269 dissectisque
620 4202 712 4267 palam
725 4202 783 4251 tieri
794 4202 871 4268 aegri
883 4217 990 4252 causas.

178 4274 263 4327 Mori
274 4277 301 4323 et
314 4268 422 4321 hunrnri
435 4268 537 4322 dehere
548 4285 595 4321 eos
607 4271 720 4320 obrutos
733 4276 815 4320 terra.
845 4269 921 4335 Magi
934 4272 990 4333 qui·

179 4346 249 4398 dem
262 4338 469 4405 vespertilionis
481 4339 616 4406 sanguine
632 4343 761 4388 contacto
780 4342 886 4397 ventre,
908 4337 936 4386 in
948 4343 990 4385 to-

178 4425 245 4467 tum
263 4425 364 4462 annunt
377 4409 471 4460 careri
487 4406 612 4459 dolorem
630 4405 753 4457 tradunt:
775 4413 823 4455 aut
843 4404 991 4468 indolere,

178 4485 205 4535 si
220 4480 287 4549 quis
298 4493 396 4545 aquam
418 4491 467 4543 per
478 4476 562 4542 pedes
582 4476 711 4528 liuentem
722 4474 834 4526 haurire
846 4474 990 4525 sustineat.

219 4550 300 4603 XXI.
320 4548 432 4598 hiarino
455 4547 520 4596 timo
541 4553 640 4597 contra
661 4544 782 4596 calculos
804 4543 908 4595 illinire
929 4557 991 4594 ren-

182 4628 262 4673 trem
282 4616 404 4685 prodest.
459 4615 609 4667 Herinacei
631 4629 741 4666 carnem
762 4611 907 4664 iucundam
929 4626 991 4663 esse

181 4692 279 4749 aiunt,
291 4687 315 4738 si
329 4686 421 4752 capite
433 4699 563 4750 percusso
576 4698 629 4735 unu
641 4684 698 4734 ictu
710 4682 904 4742 interficiatur,
914 4681 990 4747 prius

182 4771 271 4827 quam
283 4756 311 4806 in
322 4771 351 4805 sn
363 4754 467 4805 urinam
486 4753 598 4805 reddat:
621 4767 669 4805 eos
685 4753 732 4818 qui
748 4765 856 4803 caraem
873 4750 990 4814 ederint,

181 4824 364 4891 stranguriae
377 4823 502 4873 morbum
515 4820 678 4876 contrahere
691 4820 802 4871 minime
814 4821 991 4886 possedisse

183 4909 255 4948 caro
264 4892 300 4945 ad
311 4891 499 4944 hrrncnsndum
510 4893 604 4953 occisi,
615 4889 893 4943 stillicidiainvesica
902 4904 992 4942 emen·

182 4967 252 5017 dat:
273 4963 340 5013 item
351 4961 458 5013 suffitus
475 4977 508 5015 en
525 4963 631 5014 eodem.
669 4960 751 5023 Quod
768 4961 791 5009 si
803 4960 911 5010 urinam
922 4963 991 5010 inse

181 5030 356 5094 reddiderit,
368 5033 471 5098 eosqui
483 5047 594 5083 carnem
606 5031 722 5091 ederint,
734 5028 909 5097 stranguriae
920 5042 990 5079 mor·

181 5108 252 5157 hum
267 5099 430 5153 contrahere
442 5102 572 5153 traditur.
609 5101 853 5151 lubentetrermes
865 5106 990 5151 terrenos

181 5174 246 5225 hihi
263 5186 298 5223 ex
316 5171 443 5221 rino-aut
459 5185 541 5236 passo
556 5169 592 5221 ad
609 5168 835 5221 comminuendos
847 5167 989 5219 calculosi

180 5243 228 5295 cel
255 5238 386 5292 cochleas
407 5238 545 5300 decoctas,
566 5248 598 5289 ut
619 5238 646 5289 in
662 5237 834 5305 suspiriosis.
871 5236 989 5288 Easdem

182 5302 316 5364 eiemtas
328 5307 408 5358 testis
420 5307 564 5376 tritasque,
574 5313 632 5357 tres
642 5307 669 5358 in
681 5307 738 5358 viiii
749 5304 851 5374 cyatho
863 5304 929 5366 bibi,
950 5318 991 5355 se·

183 5380 286 5447 (percuti
298 5376 342 5426 die
355 5375 432 5435 duas,
444 5376 528 5426 tertia
539 5374 584 5424 die
596 5391 676 5408 m...
705 5383 736 5416 ut
748 5373 920 5425 stillicidium
934 5373 990 5423 uri·

181 5466 239 5503 nac
251 5445 409 5501 emendent.
445 5443 520 5495 Testa
788 5460 809 5480 ἰ
823 5443 940 5494 cinerem
954 5441 989 5493 ad

181 5510 477 5580 calculospellendos.
832 5516 833 5519 ’
863 5512 991 5564 Ἦ’1οἰιιε·

180 5604 244 5641 rem
259 5584 437 5652 scorpionum
449 5581 476 5635 in
490 5596 496 5648 p
952 5597 990 5634 :u-

1036 483 1082 531 sta
1092 477 1160 531 edit.
1195 475 1320 545 Lapillos
1333 475 1379 543 qui
1390 475 1419 527 iu
1428 475 1645 544 gallinaceorum
1655 475 1765 540 resiea‘,
1784 484 1836 529 aut

1036 548 1063 598 in
1074 548 1244 615 palumbium
1254 545 1408 599 ventriculo
1420 546 1605 609 inveniuntur,
1627 547 1732 599 conteri
1744 550 1772 598 et
1783 559 1832 612 po·

1036 618 1107 668 tioni
1118 617 1250 684 inspergi.
1286 617 1356 667 ltenr
1368 614 1555 666 nranrbrananr
1567 630 1581 667 e
1592 616 1745 667 ventriculo
1757 615 1838 683 galli·

1036 689 1114 738 nacei
1125 684 1244 736 aridam:
1257 683 1333 735 celsi
1345 684 1496 746 recensuit,
1508 690 1618 735 tostam.
1654 685 1760 735 Fimuru
1772 699 1838 751 quo·

1055 770 1091 807 ue
1101 754 1288 821 palumbinum
1298 753 1326 802 in
1338 752 1480 805 tahasumi
1491 752 1715 804 contracalculus
1727 760 1755 804 et
1767 755 1838 807 alius

1035 771 1218 876 difficultates
1239 822 1355 874 vesicae.
1391 821 1525 875 Siudliter
1539 823 1696 889 plumarum
1716 822 1838 875 cinerem
1902 862 1909 883 .

1037 893 1207 961 palumbium
1224 891 1346 944 ferorum
1363 904 1396 942 cx
1413 898 1491 943 aceto
1508 893 1606 943 mulse-
1640 892 1676 943 lit
1692 889 1837 944 intestino.

1037 978 1097 1014 ruri:
1109 977 1144 1015 ex
1155 962 1198 1014 bis
1210 963 1328 1013 cinerem
1341 958 1531 1013 crrcbleurihus
1543 961 1640 1012 trihus.
1686 960 1710 1011 E
1722 958 1787 1011 nido
1799 959 1838 1012 ht·

1038 1031 1183 1083 ruudiaum
1195 1029 1335 1098 glebulam
1348 1028 1465 1083 dilutam
1481 1045 1553 1095 aqua
1564 1027 1665 1081 calida.
1701 1028 1837 1097 Ossitragi

1039 1108 1162 1154 ventrem
1174 1099 1336 1152 arefactum.
1372 1099 1603 1151 'l'urturisllarum
1614 1097 1643 1147 in
1655 1096 1744 1148 nrulso
1757 1097 1838 1150 dcco·

1038 1178 1122 1233 ctum,
1134 1170 1178 1221 rel
1189 1170 1275 1236 ipsius
1286 1169 1424 1220 discoctae
1435 1166 1489 1220 ius.
1524 1166 1635 1220 'l'urdos
1648 1180 1756 1233 quoque
1767 1166 1840 1219 edis·

1038 1239 1242 1290 secumhaccis
1261 1238 1346 1304 myrti
1364 1236 1477 1303 prodest
1494 1237 1606 1289 urinae:
1627 1234 1738 1287 cicadas
1749 1241 1838 1288 tostas

1040 1308 1068 1358 in
1089 1308 1219 1374 patellis:
1243 1306 1419 1373 millepedam
1436 1306 1549 1358 oniscon
1565 1305 1687 1356 bibisse:
1710 1310 1739 1357 et
1756 1304 1784 1356 in
1795 1321 1840 1359 ve·

1039 1379 1114 1429 sicae
1127 1376 1268 1428 doloribus
1279 1375 1420 1428 decoctum
1433 1375 1596 1442 agninorum
1608 1373 1719 1441 pedum.
1741 1372 1839 1426 dirum

1039 1446 1094 1498 ciet
1105 1447 1320 1514 gallinaceorum
1339 1444 1521 1496 discoctorum
1539 1444 1590 1505 ius,
1610 1451 1638 1495 et
1648 1445 1724 1494 acria
1738 1443 1837 1494 mollit.

1039 1516 1101 1568 Ciet
1113 1522 1141 1567 et
1153 1513 1328 1566 birrmdinnur
1341 1515 1442 1577 burum,
1454 1514 1563 1565 adiecto
1575 1512 1658 1564 melle
1669 1511 1818 1562 subditum.

1074 1585 1161 1637 xxti.
1180 1583 1262 1635 Sedis
1279 1583 1355 1634 vitiis
1372 1582 1562 1636 efficacissima
1580 1587 1663 1644 sunt,
1684 1595 1839 1649 oesypum:

1040 1654 1164 1720 (quidam
1181 1652 1316 1704 adiiciunt
1331 1651 1546 1721 pompholygem
1562 1658 1590 1703 et
1607 1653 1784 1712 rosaceum)
1795 1664 1839 1701 ca·

1041 1724 1097 1774 nini
1119 1723 1218 1789 capitis
1240 1722 1321 1775 ciuis:
1351 1729 1463 1772 senecta
1483 1720 1621 1788 serpentis
1644 1735 1678 1772 ex
1698 1726 1793 1772 aceto:
1814 1718 1840 1773 si

1040 1790 1174 1858 rhagades
1185 1791 1249 1852 sint,
1257 1790 1329 1842 cinis
1338 1790 1394 1840 tinri
1408 1791 1500 1840 canini
1510 1788 1622 1841 candidi
1634 1804 1694 1841 cunr
1707 1803 1822 1842 rosaceo
1834 1806 1842 1838 :

1039 1860 1173 1927 uiurrtquo
1186 1863 1325 1929 incentum
1336 1858 1570 1926 Aesculapiiesse‚
1579 1857 1730 1924 cedensque
1741 1864 1770 1910 et
1781 1871 1841 1909 rer·

1040 1944 1121 1981 rocas
1143 1928 1336 1981 efficacissime
1354 1926 1432 1979 tolli:
1455 1928 1557 1979 murini
1576 1928 1632 1978 tinri
1652 1927 1732 1989 ciuis,
1753 1925 1840 1992 adeps

1040 1999 1133 2065 cygni,
1144 2013 1238 2048 serum
1248 1997 1335 2049 horis.
1369 1996 1548 2049 Procidentia
1556 1997 1597 2048 ibi
1605 2011 1704 2048 succus
1714 1992 1841 2048 cochlea·

1039 2081 1098 2118 rum
1112 2067 1222 2133 punctis
1234 2072 1368 2118 erocatus
1379 2065 1453 2117 illitu
1464 2065 1586 2131 repellit.
1621 2064 1732 2117 Attritis
1745 2062 1838 2116 mede·

1039 2136 1167 2188 turcicis
1189 2135 1277 2186 ruuris
1296 2134 1418 2185 silvatici
1440 2149 1501 2185 cunr
1523 2133 1621 2186 melle:
1642 2132 1679 2185 iel
1691 2131 1841 2195 herinacei,

1039 2220 1100 2257 cum
1121 2204 1341 2272 vespertilionis.-
1363 2210 1392 2255 et
1411 2205 1557 2254 anserinus
1579 2216 1640 2253 cum
1660 2203 1791 2266 cerebro,
1812 2207 1841 2253 et

1038 2273 1168 2333 alumine,
1185 2279 1213 2323 et
1224 2286 1340 2338 oesypo.
1375 2271 1484 2321 Fimum
1497 2269 1686 2322 columbinum
1698 2285 1759 2322 cum
1772 2269 1840 2322 mcl-

1039 2342 1075 2393 le.
1114 2340 1326 2406 Condylomatis
1348 2340 1479 2403 privatim
1499 2352 1617 2405 araneus
1640 2338 1733 2390 demto
1749 2339 1841 2405 capite

1040 2408 1211 2476 pedibusque
1232 2407 1385 2458 intricatus.
1422 2405 1465 2456 Ne
1484 2409 1561 2457 acria
1583 2414 1734 2473 perurant,
1753 2407 1840 2472 adeps

1040 2477 1184 2528 anserinus
1196 2490 1256 2526 cunr
1270 2489 1332 2525 cera
1345 2473 1456 2534 Punica,
1468 2489 1588 2535 cerussa,
1600 2489 1732 2527 rosaceo:
1754 2475 1840 2540 adeps

1041 2545 1131 2613 cymi,
1180 2545 1259 2595 Haec
1280 2548 1307 2594 et
1328 2539 1557 2593 haenrorrboidus
1580 2536 1680 2594 sanare
1701 2541 1842 2594 dicuntur.

1040 2585 1204 2667 tsdniadicis
1219 2610 1347 2664 cochleas
1363 2610 1462 2661 crudas
1479 2610 1560 2661 tritas
1580 2625 1641 2662 cunr
1656 2609 1719 2662 sino
1736 2611 1839 2662 darsiri-

1041 2698 1093 2736 neo
1111 2691 1139 2735 et
1154 2682 1248 2749 pipere
1265 2686 1333 2747 potu
1350 2679 1482 2746 prodesse
1498 2678 1606 2730 dicunt:
1629 2677 1764 2731 lacertam
1777 2680 1842 2731 viri·

1041 2755 1102 2806 dem
1116 2754 1142 2805 in
1156 2752 1217 2803 cibo
1229 2749 1332 2801 ablatis
1344 2748 1469 2816 pedibus,
1480 2748 1642 2812 interaneis,
1658 2748 1758 2815 capite.
1795 2747 1841 2801 Sic

1041 2830 1069 2876 et
1080 2822 1246 2882 stellionem,
1266 2819 1384 2871 adiectis
1405 2813 1469 2870 huic
1487 2815 1634 2885 papaveris
1655 2817 1728 2885 nigri
1748 2816 1841 2869 obuiis

1043 2893 1138 2944 trihus.
1175 2890 1275 2957 Raptis
1286 2888 1426 2947 eonrulsis
1437 2886 1476 2939 fel
1487 2889 1578 2940 orium
1591 2902 1651 2939 cunr
1663 2887 1735 2939 lacte
1747 2888 1841 2940 naulic-

1043 2978 1111 3013 rum.
1140 2958 1329 3012 Verendurum
1344 2956 1586 3009 formicationibus
1597 2958 1774 3024 verrucisque
1787 2972 1842 3009 me·

1042 3031 1125 3083 detur
1136 3029 1248 3080 arietini
1259 3028 1398 3096 pulmonis
1419 3028 1535 3079 inassati
1546 3027 1646 3080 sanies.
1682 3027 1788 3079 Ceteris
1802 3026 1841 3075 ri·

1042 3103 1102 3163 tiis,
1120 3099 1254 3151 sellarum
1271 3100 1330 3149 eius
1349 3097 1394 3148 rei
1412 3095 1589 3150 sordidorum
1608 3097 1680 3146 cinis
1698 3110 1732 3147 ex
1750 3110 1840 3163 aqua:

1041 3185 1134 3222 servum
1147 3184 1181 3220 ex
1192 3174 1304 3221 onreuto
1316 3166 1439 3233 pecudis,
1457 3166 1606 3233 praecipue
1618 3180 1634 3216 a
1647 3164 1768 3229 renibus,
1789 3162 1837 3215 ad·

1043 3241 1129 3290 nrirto
1142 3239 1233 3290 cinere
1251 3237 1367 3303 pumicis
1380 3242 1408 3287 et
1419 3235 1490 3288 sale:
1513 3234 1578 3287 lana
1597 3234 1711 3287 succida
1721 3249 1755 3286 ex
1767 3248 1839 3352 aqua

1044 3308 1162 3375 frigida:
1183 3320 1280 3358 carnes
1292 3305 1404 3374 pecudis
1418 3306 1578 3356 combustae
1594 3319 1629 3356 ex
1640 3317 1723 3369 aqua:
1747 3319 1791 3353 mu
1806 3316 1838 3354 ac

1034 3378 1206 3446 ungularum
1218 3375 1302 3425 ciuis:
1321 3374 1415 3427 dentis
1431 3373 1563 3426 caballini
1575 3374 1684 3423 contusi
1694 3370 1784 3422 larino
1796 3374 1837 3420 in·

1042 3463 1147 3515 spensa.
1183 3445 1314 3497 Testihus
1324 3458 1401 3507 nero,
1423 3442 1514 3494 farina
1525 3457 1558 3494 ex
1571 3440 1680 3493 ossibus
1692 3441 1784 3492 canini
1797 3457 1841 3491 ra·

1043 3518 1109 3584 pitis
1120 3517 1180 3567 sine
1191 3514 1364 3568 caracteris.
1400 3511 1430 3564 Si
1443 3511 1554 3563 decidat
1566 3513 1677 3563 testium
1689 3510 1840 3574 altemspn·

1045 3602 1114 3639 nram
1127 3584 1304 3637 cochlearum
1314 3582 1415 3635 illitam
1426 3581 1549 3633 remedio
1560 3595 1620 3632 esse
1632 3579 1756 3631 tradunt.
1785 3580 1839 3630 'le-

1042 3657 1093 3708 tris
1105 3655 1143 3707 ihi
1154 3653 1322 3715 hulceribus,
1334 3659 1363 3704 et
1374 3649 1561 3711 nranantibus,
1569 3648 1739 3699 auxiliantur
1749 3644 1841 3699 canini

1043 3726 1141 3792 capitis
1154 3723 1273 3777 recentis
1284 3724 1403 3774 cineres:
1416 3717 1546 3770 cochleae
1558 3717 1640 3779 latae,
1652 3731 1764 3783 parrae,
1776 3730 1840 3767 con·

1043 3797 1127 3847 tritae
1139 3809 1173 3847 ex
1190 3798 1284 3845 aceto:
1306 3795 1434 3841 senectus
1445 3786 1574 3853 anguium
1586 3802 1621 3838 ex
1633 3792 1724 3848 aceto,
1745 3785 1788 3837 rel
1800 3784 1838 3835 ci·

1044 3865 1086 3917 nis
1098 3864 1172 3916 eius:
1193 3860 1256 3924 niel,
1278 3860 1307 3910 in
1319 3874 1372 3925 quo
1384 3870 1450 3922 apes
1461 3856 1516 3906 siut
1528 3856 1704 3913 immortuae,
1724 3869 1784 3904 cum
1797 3869 1840 3903 re·

1042 3938 1117 3986 sina:
1139 3930 1269 3985 cochleae
1282 3927 1378 3988 nudae,
1402 3939 1471 3992 quas
1481 3925 1509 3974 in
1519 3924 1614 3975 Africa
1623 3925 1698 3991 gigni
1711 3922 1839 3982 diximus,

1042 4004 1127 4055 tritae
1138 4016 1197 4053 cunr
1210 3998 1298 4050 thuris
1308 3996 1414 4062 polline
1426 3998 1453 4045 et
1462 3990 1578 4044 'ovorum
1591 3992 1668 4044 alho:
1688 3989 1840 4040 tricesimo-

1043 4088 1096 4139 que
1106 4071 1152 4122 die
1162 4069 1315 4119 resolvunt.
1349 4062 1442 4127 aliqui
1462 4075 1511 4127 pro
1527 4058 1609 4113 thure
1626 4059 1739 4112 bulhon:
1753 4056 1841 4106 admi·

1042 4144 1128 4190 ssent:
1164 4131 1359 4198 Hydroceiicis
1379 4130 1526 4181 stelliones
1546 4129 1615 4178 mire
1636 4124 1768 4193 prodesse
1780 4131 1838 4174 tro·

1043 4207 1122 4263 dunt,
1140 4205 1237 4265 capite,
1253 4200 1376 4265 pedihus,
1393 4195 1544 4247 interaneis
1556 4195 1681 4253 ademtis,
1702 4191 1838 4260 reliquum
1870 4214 1875 4223 ·

1044 4285 1143 4337 corpus
1162 4269 1332 4319 inassatum:
1351 4269 1378 4316 in
1397 4265 1459 4316 cibo
1476 4261 1506 4314 id
1520 4263 1631 4329 saepius
1645 4261 1745 4312 datur:
1768 4260 1841 4311 sicut

1044 4340 1079 4393 ad
1091 4340 1186 4390 urinae
1196 4334 1435 4394 incontinentiam,
1449 4332 1577 4383 caninum
1589 4331 1695 4397 adipem
1709 4344 1770 4381 cum
1781 4329 1839 4379 alu-

1043 4409 1117 4461 mine
1133 4406 1237 4467 scisso,
1258 4403 1339 4455 tabae
1358 4400 1554 4469 magnitudine.
1590 4398 1723 4452 cochleas
1735 4396 1839 4449 Africo·

1044 4493 1092 4529 aas
1103 4490 1162 4527 cunr
1175 4489 1226 4525 sua
1238 4488 1320 4525 carne
1330 4480 1358 4524 et
1367 4477 1440 4522 testa
1448 4477 1584 4521 crematas
1595 4477 1661 4536 poto
1672 4466 1772 4519 cinere.
1784 4467 1839 4519 dn·

1043 4561 1134 4598 serum
1147 4543 1231 4593 trium
1241 4542 1351 4610 linguas
1361 4541 1497 4591 inassatas
1509 4542 1536 4589 in
1549 4539 1625 4592 cibo:
1647 4535 1728 4587 huius
1738 4538 1778 4588 rei
1790 4549 1840 4587 au·

1044 4623 1106 4668 ctor
1128 4620 1171 4666 est
1181 4612 1339 4664 Anaxilaus.
1375 4608 1466 4660 Panos
1485 4610 1574 4675 aperit
1593 4621 1687 4659 serasar
1702 4604 1840 4672 pecudum

1044 4701 1104 4739 cum
1113 4682 1172 4735 sale
1183 4688 1269 4733 tosto.
1293 4679 1433 4731 Morinum
1443 4677 1535 4728 fimum
1547 4676 1670 4728 admixto
1682 4675 1772 4727 thuris
1783 4672 1842 4741 pol·

1034 4755 1109 4815 line,
1129 4758 1157 4805 ct
1166 4750 1320 4803 sandaraca
1335 4748 1458 4800 discutit.
1491 4745 1626 4798 Lacertae
1642 4746 1722 4806 cinis,
1743 4744 1842 4811 etipsa

1044 4823 1132 4875 diuisa
1143 4820 1287 4888 imposita:
1310 4819 1378 4872 item
1395 4814 1548 4882 multipeda
1563 4813 1693 4876 contrita,
1713 4813 1841 4864 admista

1043 4894 1136 4945 resina
1147 4888 1331 4943 terebinthina
1340 4902 1375 4941 ex
1386 4893 1466 4952 parte
1476 4886 1569 4939 tertia.
1599 4882 1718 4947 Quidam
1731 4890 1760 4933 et
1770 4884 1841 4931 sinri-

1043 4962 1134 5029 pidem
1152 4959 1305 5010 admiscent
1321 4954 1452 5009 cochleae
1469 4960 1612 5006 contusae.
1647 4952 1685 5002 Et
1700 4966 1750 5018 per
1761 4948 1840 5001 seci-

1042 5032 1085 5083 uis
1097 5030 1221 5082 inanium
1233 5026 1407 5080 cochlearum
1420 5039 1500 5076 cerae
1511 5023 1624 5083 mistus,
1642 5017 1839 5073 discussoriam

1042 5101 1095 5152 sim
1108 5099 1200 5151 babet.
1236 5097 1342 5148 Fimuur
1362 5094 1550 5145 columbarum
1563 5107 1613 5159 per
1623 5106 1704 5151 sese,
1722 5088 1765 5139 nel
1777 5099 1840 5165 cum

1041 5168 1136 5221 farina
1147 5166 1309 5225 hordeacea,
1320 5172 1367 5215 aut
1379 5176 1515 5214 avenacea
1525 5162 1637 5213 illitum.
1656 5152 1839 5233 Canthafrdes

1042 5239 1130 5291 mixta
1141 5237 1217 5289 calco
1269 5249 1319 5285 nos
1332 5230 1457 5299 scalpelli
1469 5231 1529 5283 rice
1539 5231 1677 5282 auterrmt.
1695 5225 1839 5301 inguinum

1043 5315 1177 5359 tumorem
1188 5250 1446 5356 cnehiesemmutns
1457 5315 1517 5352 cuns
1528 5298 1611 5352 melle
1624 5295 1713 5346 illitae
1725 5291 1840 5368 leniunt.
1878 5344 1884 5349 ,

1076 5376 1178 5429 xxia.
1194 5372 1310 5423 varices
1330 5387 1364 5423 ne
1382 5378 1540 5428 nascantur,
1560 5368 1682 5417 lacertae
1704 5371 1841 5423 unguine

1043 5447 1135 5513 pueris
1157 5457 1240 5494 crura
1260 5439 1492 5511 ieiunisaieiuno
1502 5436 1659 5487 illinuntur.
1697 5427 1840 5495 Podagras

1041 5514 1112 5568 lenit
1124 5526 1257 5579 oesypum
1271 5526 1332 5562 cunr
1345 5510 1419 5560 la'cte
1431 5503 1554 5557 mulieris
1565 5508 1592 5554 et
1604 5511 1731 5548 cerussa:
1743 5496 1838 5547 timum

1041 5582 1187 5653 pecudum,
1207 5579 1282 5651 qued
1298 5578 1432 5649 liquidum
1447 5573 1582 5628 reddunt:
1603 5565 1747 5635 pulmones
1759 5580 1840 5636 pecu·
