4374 6014
349 291 417 357 ara
471 289 503 349 c.
524 289 625 349 reru.
648 285 730 347 sse.
753 230 1394 344 nar,ursr.u1o.xxxrr.cne.er.
1433 276 1510 339 ιιι.
1534 276 1687 342 xxxur.
1716 277 1801 343 car.
1828 273 1913 345 r·4·
2014 339 2019 343 ,

351 445 500 504 virentem,
522 436 637 505 orphum
649 436 807 495 rubentem,
826 429 1026 499 rhacinumqpc
1038 431 1154 500 pullum,

352 518 443 584 pictas
453 522 620 577 mormyras,
641 505 773 571 aureique
783 502 886 554 eoloris
902 500 1032 569 chryson.
1068 502 1153 553 Prae·

354 592 435 638 terea
454 592 567 647 parvum
590 583 710 643 tragum,
730 581 758 625 et
770 572 924 639 placentem
937 570 1154 633 caudelabrum,

354 652 459 722 apodas
471 648 519 700 lati
531 646 649 713 generis.
685 643 801 695 Praeter
817 642 886 694 haec
903 641 1027 708 insIgnis
1037 641 1155 707 piscium

354 722 443 774 tradit
454 718 584 770 channam
597 730 630 765 ex
643 730 673 766 se
685 716 746 779 lpsa
757 714 914 779 concipere,
924 711 1052 777 glaucum
1064 718 1156 762 aesta·

354 798 385 844 te
400 799 538 855 nunquam
551 799 700 849 apparere,
722 783 871 849 pourpilum
885 782 932 847 qui
947 795 1057 848 semper
1068 779 1155 832 comi·

354 867 432 912 tetur
452 855 624 921 navigiorum
646 867 753 914 crrraus,
776 851 901 902 chromin
923 851 969 916 qui
987 850 1110 901 nidilicet
1125 850 1155 900 in

350 928 443 994 inquis.
482 923 617 989 lielopena
630 936 740 990 qnoque
752 920 822 971 dicit
840 935 902 972 esse
918 920 1021 971 nostris
1031 918 1156 986 incogni-

355 1004 415 1048 tum
428 993 521 1045 undis:
536 1009 571 1045 cx
584 1009 639 1059 quo
652 998 767 1060 apparet
777 990 839 1042 falli
852 993 963 1056 eos,qui
975 990 1092 1041 eundem
1103 990 1156 1040 aci·

354 1079 500 1134 pensercrn
521 1062 761 1115 existimaverunt.
795 1060 899 1126 llclopi
914 1058 1035 1127 palmam
1046 1059 1156 1125 saporis

355 1137 430 1188 luter
442 1133 532 1201 pisces
543 1134 625 1184 multi
636 1132 746 1184 dedere.

393 1204 464 1258 Sunt
483 1209 629 1271 practerea
647 1218 665 1255 a
686 1200 764 1252 nullo
778 1204 892 1251 auctore
912 1197 1059 1260 nominati,
1079 1195 1157 1250 sudis

1205 431 1309 485 Latina
1318 430 1489 499 appellatur,
1498 428 1614 483 Graecis
1623 429 1793 501 sphyracna,
1804 441 1900 489 rostro
1911 437 2012 493 slmilis

1207 501 1328 562 nornine,
1351 499 1542 568 magnitudine
1553 499 1626 552 inter
1636 503 1835 568 amplissimos,
1856 521 1945 570 rarus,
1961 506 2013 562 sed

1206 587 1262 623 aon
1272 570 1404 638 degener.
1438 569 1621 636 Appellantur
1632 576 1661 622 et
1671 586 1772 637 pernae
1783 572 1955 629 concharum
1967 593 2013 645 gc·

1207 641 1292 703 neris,
1307 641 1383 691 circa
1394 639 1510 691 Pontias
1520 638 1627 690 insulas
1640 639 1890 708 frequentissimae.
1928 645 2012 699 Stant

1206 710 1286 762 reiut
1305 709 1391 760 suillo
1407 722 1489 761 crure
1499 706 1585 776 longo
1601 711 1628 759 in
1643 722 1727 760 arena
1743 711 1866 774 delixae,
1888 712 2013 767 hiantes·

1209 795 1273 846 que,
1292 793 1347 846 qua
1358 777 1508 845 limpitudo
1520 786 1571 841 cst,
1584 777 1676 844 pedali
1687 792 1740 829 non
1752 783 1841 831 minua
1851 787 1952 849 spatio,
1973 784 2013 836 ci·

1206 849 1272 901 bum
1284 854 1429 901 venantur.
1452 847 1559 899 Dentes
1571 847 1599 896 in
1611 847 1728 898 circuitu
1739 850 1894 914 marginum
1906 852 2015 905 hahent

1208 918 1370 986 pectinatim
1382 919 1528 984 spisaatos.
1545 918 1623 969 lutus
1635 930 1683 981 pro
1695 932 1708 965 ι
1728 916 1834 985 ondylo
1844 920 1957 985 grandis
1970 936 2014 973 ca·

1208 1002 1241 1041 ro
1252 995 1304 1039 est.
1341 988 1378 1038 Et
1398 985 1535 1053 hyaenam
1550 987 1655 1054 piscem
1672 932 1729 1037 afr
1748 987 1907 1039 indenaria
1922 991 2012 1044 insula

1208 1063 1327 1123 captum.
1353 1056 1463 1107 Exeunt
1474 1063 1585 1122 praeter
1595 1050 1663 1107 haec
1674 1063 1859 1122 purgamenta
1869 1059 1961 1126 aliqua
1970 1075 2011 1114 ra·

1208 1126 1269 1179 latu
1285 1124 1416 1249 gqqlgna,
1438 1130 1467 1179 et
1487 1125 1560 1194 algts
1579 1124 1672 1192 potius
1691 1127 1910 1191 annumeranda,
1930 1143 2008 1196 quam

1209 1210 1284 1250 aaran
1344 1211 1387 1247 ιιι.

790 1458 802 1481 .
1362 1411 1450 1439 run·
1469 1413 1637 1433 .-·-—
1658 1416 1815 1426 --......
1840 1420 1873 1425 ..
1900 1422 1926 1427 ..
1955 1422 1994 1430 -,

807 1570 856 1656 C.
913 1569 1168 1657 PLINII
1224 1570 1556 1659 SECUNDI

423 1748 1145 1856 Nnrunnars

1243 1751 1944 1855 fllsronlnu

884 1954 1165 2026 LIBER
1231 1953 1492 2029 XXXIII.

1059 2163 1304 2176 w—

358 2295 381 2349 1.
398 2255 572 2345 Marnas
583 2306 599 2343 ι
611 2302 684 2340 nuuc
692 2288 827 2356 ipsaeque
839 2302 915 2356 opes,
928 2295 957 2342 ιι
967 2303 1060 2341 rerum
1072 2288 1162 2356 pretia

360 2363 497 2423 dicontur,
517 2359 647 2412 tellurem
667 2359 743 2409 intus
761 2358 922 2424 exquirente
933 2374 1001 2410 cura
1012 2359 1162 2425 multipiici

359 2432 461 2485 modo:
483 2430 584 2498 quippe
595 2427 781 2479 alibislivitiis
793 2428 915 2489 foditur,
937 2436 1090 2494 quaerente
1102 2429 1162 2479 vita

360 2516 470 2562 aumas,
480 2505 636 2567 argentum,
646 2496 789 2557 electrum,
801 2513 864 2549 aes:
884 2497 952 2549 alibi
965 2498 1075 2548 deliciis
1086 2512 1162 2565 gem-

328 2598 332 2614 ι
359 2585 420 2624 mas
443 2576 472 2622 et
491 2568 627 2634 parietum
640 2565 844 2635 digitorumque
866 2568 1019 2635 pigmenta:
1043 2566 1162 2619 alibite·

359 2638 489 2693 meritati
499 2637 614 2697 ferrum,
635 2649 704 2686 auro
716 2636 800 2688 etiam
812 2637 922 2704 gratius
933 2639 1006 2689 inter
1016 2637 1090 2688 bella
1101 2651 1161 2688 cac·

360 2709 473 2776 deaque.
504 2706 699 2772 Persequimur
711 2721 805 2757 coines
816 2708 876 2757 cius
888 2707 980 2769 libras,
992 2707 1161 2773 vivimusque

360 2779 445 2845 super
455 2782 626 2837 exauratam,
644 2777 777 2826 mtrantea
790 2772 931 2828 dehiscere
942 2776 1101 2842 aliquando,
1112 2781 1162 2826 aut

359 2846 554 2900 intremiscere
565 2845 654 2904 iilam,
668 2859 717 2895 ceu
732 2859 798 2895 rero
811 2861 865 2895 non
878 2845 1024 2897 hocctiam
1035 2844 1162 2910 indigna·

359 2918 437 2969 tione
448 2927 545 2965 sacrae
555 2913 679 2979 parentis
691 2913 808 2978 exprimi
820 2916 917 2980 possit.
954 2916 1026 2967 ιιιιιιι
1037 2917 1065 2964 in
1076 2915 1162 2965 visco·

304 2984 308 2997 ‘
359 3001 395 3039 ra
404 2986 507 3045 eiuaot
520 2984 547 3033 in
560 2981 626 3032 sede
636 2981 760 3031 Manium
772 2996 838 3046 opos
850 2984 1017 3047 quaerimus,
1028 2989 1160 3049 tanquam

381 3068 459 3105 arum
470 3051 591 3117 benigna
602 3048 751 3115 fertilique,
769 3065 877 3115 quaqua
888 3061 1006 3102 secatur.
1043 3054 1078 3103 Et
1089 3052 1162 3104 inter

359 3070 433 3175 Xaec
443 3119 584 3170 minimum
598 3117 783 3169 remediorum
794 3121 1063 3185 gratiosorutansur:
1075 3127 1161 3186 quoto

363 3191 435 3245 onim
443 3189 542 3254 cuique
553 3184 770 3238 lodicndicauss
781 3186 918 3239 medicina
927 3187 987 3239 cst!
998 3190 1161 3256 Quanquam

362 3267 393 3314 et
411 3256 480 3311 haec
500 3271 610 3308 sumnia
627 3257 668 3305 sui
686 3262 765 3322 parte
776 3255 883 3319 tribuit,
906 3265 935 3308 ιιι
946 3259 1058 3310 minimo
1070 3256 1162 3326 parca,

360 3330 509 3396 facilisque
518 3326 547 3377 in
559 3326 685 3377 omnibus
696 3341 873 3394 quaecunque
884 3333 1009 3392 prosunt.
1046 3327 1100 3380 llla
1111 3344 1161 3380 nos

362 3405 504 3468 premunt,
525 3396 574 3448 illa
587 3411 637 3446 nos
650 3395 685 3446 ad
695 3397 800 3448 inferos
812 3406 908 3464 agunt,
927 3410 998 3465 quae
1009 3399 1161 3450 occultavit

364 3475 449 3535 atque
471 3465 613 3525 demersit,
634 3465 684 3514 illa
703 3478 774 3531 quac.
796 3481 850 3516 non
871 3474 1021 3519 nascuntur
1038 3474 1161 3533 repente.

362 3536 446 3589 Meas
466 3535 501 3584 ad
519 3535 601 3585 inanc
617 3534 731 3583 evolans
750 3543 860 3601 reputet
874 3552 945 3603 quaa
957 3537 1056 3589 deiude
1068 3536 1163 3588 lutura

364 3606 403 3657 ait
415 3604 478 3656 linis
489 3603 592 3652 seculis
604 3603 729 3652 omnibus
741 3604 923 3657 exhauriendi
931 3621 1007 3658 cam:
1019 3621 1162 3675 quousque

363 3675 547 3739 penetratura
556 3670 683 3720 avaritia
720 3673 808 3733 quam
820 3677 960 3735 innocens,
979 3691 1060 3742 quam
1071 3676 1164 3738 beata,

362 3743 449 3793 immo
468 3752 534 3790 raro
555 3746 583 3789 ct
605 3738 726 3790 delicata
742 3750 816 3792 esset
838 3743 904 3803 vita,
924 3743 949 3793 ιι
964 3744 1030 3795 nihil
1042 3744 1163 3805 aliunde,

364 3826 449 3882 quam
461 3823 544 3875 supro
555 3814 654 3870 terras,
666 3810 888 3875 concupisceret;
910 3812 1097 3879 breviterque,
1109 3813 1164 3864 nisi

364 3881 439 3951 quod
450 3894 542 3933 securo
555 3878 612 3930 est!

400 3951 433 4004 ll.
453 3950 569 4001 Eruitur
580 3952 725 4008 serumst
737 3944 915 4015 chrysocolla
927 3949 1052 4012 iuxta,ut
1063 3950 1166 4016 pretio·

365 4020 575 4079 aiorvideatuv,
598 4033 652 4069 non
669 4025 776 4068 natura.
813 4017 912 4069 Parum
925 4026 985 4070 erat
995 4034 1077 4070 unam
1089 4020 1165 4071 vitae

363 4091 504 4144 invenisse
515 4096 634 4157 pestem,
655 4087 707 4138 nisi
718 4088 745 4138 in
758 4088 850 4153 pretio
862 4095 936 4139 esset
948 4089 1009 4140 auri
1021 4090 1105 4141 etiam
1120 4105 1163 4142 sa·

363 4164 433 4215 nies.
472 4160 786 4225 Quaerebatargrntum
798 4159 928 4210 avaritie:
948 4160 1013 4212 boni
1025 4160 1166 4212 consuluit

362 4232 475 4284 interim
486 4230 624 4280 invenisse
639 4227 767 4288 minium,
788 4228 967 4296 rubentisque
980 4235 1072 4282 terrae
1084 4245 1165 4283 exco-

363 4300 465 4366 gitavit
484 4314 572 4351 usum.
610 4298 672 4348 lleu
685 4297 983 4365 prodigiosaingenial
998 4306 1065 4365 quot
1075 4299 1165 4353 modis

363 4370 492 4418 auximus
505 4370 596 4435 pretia
609 4364 719 4419 rerunrl
738 4368 861 4419 Accessit
878 4385 923 4420 ars
936 4372 1060 4434 picturae
1070 4370 1105 4421 ad
1118 4386 1165 4421 au-

306 4498 312 4507 ¹
363 4449 426 4487 rum
447 4442 477 4485 et
497 4446 651 4503 argentum,
672 4450 742 4502 quae
764 4438 898 4490 caelando
916 4438 1165 4491 carioraiecimus.

363 4501 568 4580 Didicithomo
582 4514 708 4558 naturam
726 4520 884 4573 provocare.
921 4509 1030 4560 duxere
1041 4510 1164 4561 civitio·

363 4584 425 4620 rurn
437 4572 620 4624 irritamenta.
655 4574 684 4624 ln
696 4575 803 4641 poculis
824 4577 954 4629 libidines
965 4579 1074 4630 caelare
1087 4578 1164 4640 iuvit,

364 4653 399 4690 ac
419 4652 469 4704 per
490 4639 693 4696 obscoenitates
715 4644 819 4697 bibere.
854 4646 971 4698 Abiecta
988 4647 1089 4700 deinde
1100 4653 1165 4699 sunt

364 4705 444 4767 haec,
455 4712 483 4758 et
494 4707 607 4791 sordere
618 4726 750 4779 coepere:
761 4721 791 4765 ct
800 4716 861 4765 auri
872 4717 1037 4782 argentique
1050 4720 1163 4768 ninnium

364 4774 431 4826 rote.
465 4775 613 4829 Illurrhroa
623 4789 651 4832 et
661 4783 816 4835 cristallina
828 4799 861 4837 ex
872 4784 969 4838 eadem
982 4793 1058 4837 terra
1069 4785 1166 4838 effodi·

364 4859 438 4905 mus,
446 4844 546 4911 quihus
558 4850 676 4916 pretium
691 4852 794 4905 laceret
805 4854 867 4919 ipsa
877 4853 1027 4923 fragilitas.
1049 4857 1112 4907 lloc
1123 4872 1165 4908 ar·

366 4920 526 4983 gementum
544 4932 641 4981 opum,
661 4918 806 4973 haecvera
822 4924 949 4977 luxuriae
966 4924 1056 4991 gloria
1069 4927 1164 4977 cristi-

365 4990 444 5037 nrata
464 4989 515 5045 est,
538 4981 640 5037 habere
656 4988 729 5053 quod
751 4999 845 5056 posset
856 4997 950 5046 statim
963 5000 1053 5046 totum
1064 4995 1165 5061 perire.

365 5053 427 5106 Nee
442 5051 494 5104 boc
511 5052 566 5104 luit
585 5056 669 5106 satis:
694 5061 778 5110 turba
789 5076 959 5128 gemmarum
971 5071 1114 5134 potamus,
1136 5072 1165 5118 et

365 5121 523 5189 smaragdis
535 5121 656 5174 teximus
667 5124 781 5179 calices:
793 5145 827 5181 ac
837 5135 1020 5187 temulentiae
1030 5150 1115 5188 causa
1126 5140 1165 5189 te-

365 5206 433 5245 nere
445 5190 550 5243 Indiam
562 5191 653 5242 iuvat:
665 5198 693 5243 et
704 5207 803 5248 aurern
814 5202 869 5252 iam
882 5205 1007 5257 accessio
1019 5212 1070 5257 eat.

401 5260 449 5313 Ill.
466 5262 633 5327 Utinamqoe
644 5269 739 5326 posset
749 5281 765 5316 c
777 5267 869 5319 vitain
879 5278 968 5324 totum
980 5273 1113 5335 abdicari,
1123 5288 1165 5325 sa·

366 5344 443 5383 cnam
455 5330 538 5393 lame,
548 5337 580 5383 ιιι
593 5329 767 5383 celeberrimi
779 5342 907 5390 auctores
919 5341 1024 5402 dixere,
1045 5344 1164 5409 proscis-

364 5415 425 5450 aum
439 5401 573 5453 conriciis
585 5400 619 5452 ah
630 5401 743 5469 optimiii
754 5401 916 5469 quibusque,
928 5417 956 5460 et
968 5410 1001 5461 ad
1014 5413 1165 5476 perniciem

364 5471 439 5522 vitae
461 5478 616 5537 repertum:
637 5476 769 5538 quantum
792 5471 918 5527 lelieiore
940 5492 1018 5538 aevo,
1040 5496 1100 5533 cum
1119 5497 1164 5535 res

361 5536 443 5605 ipsae
452 5541 683 5606 permutabantur
693 5540 767 5595 inter
778 5557 819 5605 ιι,
831 5541 903 5597 sicut
915 5550 944 5598 ιι
953 5547 1086 5603 Troianis
1096 5557 1165 5605 tem·

1214 2288 1328 2356 poribus
1339 2287 1500 2341 factitatum
1510 2290 1632 2341 Homero
1643 2287 1716 2341 credi
1729 2287 1868 2340 convenit.
1881 2286 1926 2337 ita
1938 2287 2010 2337 enim

1214 2363 1257 2419 (ut
1268 2359 1379 2425 opinor)
1396 2360 1562 2410 courmercia
1577 2360 1664 2409 rictus
1676 2359 1766 2424 gratia
1777 2357 1894 2406 invecta.
1932 2356 2012 2405 Alios

1215 2429 1300 2479 coriis
1316 2430 1413 2490 boum,
1435 2428 1506 2478 allos
1518 2426 1593 2479 ferro
1604 2428 1773 2494 captivisque
1791 2424 1872 2476 rebus
1885 2430 2012 2475 nautassc

1214 2496 1316 2548 tradit:
1338 2512 1494 2564 quanquam
1509 2504 1539 2549 et
1550 2497 1610 2564 ipse
1620 2501 1735 2548 mirator
1745 2494 1819 2555 aori,
1837 2492 2014 2544 aesnnratio·

1214 2581 1263 2617 nes
1275 2581 1367 2617 rerum
1382 2568 1423 2617 ita
1435 2565 1547 2627 iacitur
1558 2576 1668 2618 centurn
1680 2568 1761 2617 hnuto
1774 2578 1852 2615 arnna
1862 2577 2016 2628 aure-apor-

1215 2641 1336 2687 nrutasse
1347 2635 1482 2688 Glaucum
1503 2636 1611 2689 diceret
1628 2652 1688 2687 cnm
1702 2633 1848 2686 Diomedis
1864 2631 1949 2683 armis
1966 2645 2013 2681 no·

1214 2720 1274 2757 vena
1286 2704 1379 2757 boum.
1398 2705 1441 2757 Ex
1452 2721 1507 2773 qua
1518 2706 1717 2757 consuetudine
1728 2703 1932 2770 mulctaleguru
1941 2700 2013 2753 anti·

1214 2789 1331 2841 quarum
1344 2789 1444 2841 pecore
1459 2783 1578 2837 constat,
1597 2777 1681 2827 ctiam
1693 2774 1808 2826 Romae.

1250 2842 1296 2894 lV.
1314 2843 1469 2896 Ριιιιιιιιιιιι
1481 2845 1555 2896 vitae
1566 2845 1657 2896 scelus
1670 2844 1747 2905 iacit,
1757 2842 1804 2908 qui
1816 2840 1844 2892 id
1856 2842 1963 2908 primns
1974 2838 2013 2890 in·

1214 2912 1275 2965 duit
1286 2912 1390 2980 digitis.
1427 2913 1485 2965 Nec
1498 2913 1549 2963 hoc
1560 2917 1621 2979 quis
1635 2913 1734 2965 iecerit
1746 2911 1875 2963 traditur.
1898 2910 1967 2963 Naar
1980 2907 2014 2959 de

1214 2981 1380 3034 Prometheo
1396 2982 1488 3033 anania
1507 2979 1637 3032 sabulosa
1647 2981 1786 3044 arbitror,
1807 2993 1960 3048 quanquam
1971 2976 2013 3029 illi

1214 3067 1325 3119 quoque
1334 3052 1452 3103 ferreum
1463 3051 1575 3101 anulum
1586 3050 1663 3102 dedit
1676 3051 1843 3117 antiquitas:
1861 3049 2013 3101 vinculum·

1215 3135 1267 3187 quo
1277 3121 1318 3185 id,
1329 3137 1383 3174 non
1396 3126 1549 3188 gestamen,
1559 3121 1680 3188 intelligi
1690 3120 1786 3171 voluit.
1798 3119 1893 3171 Midae
1904 3117 2012 3186 quidem

1214 3191 1337 3252 anulum,
1357 3206 1412 3258 qun
1434 3190 1603 3242 circumacto
1620 3188 1768 3242 habentem
1788 3205 1869 3241 nemo
1882 3193 2015 3250 cerneret,

1215 3260 1352 3327 quianon
1373 3260 1460 3311 ctiam
1482 3259 1680 3312 fabulosiorem
1703 3258 1847 3312 fateaturl
1866 3258 1966 3309 Manus
1985 3262 2014 3308 et

1216 3344 1329 3395 prorsus
1341 3330 1472 3381 sinistrae
1483 3329 1632 3381 unanimam
1644 3330 1840 3382 auctoritatem
1853 3328 2014 3379 conciliare·

1215 3414 1246 3451 re
1257 3414 1337 3461 atrro,
1346 3414 1400 3451 oon
1412 3399 1522 3466 quidem
1531 3400 1802 3467 Romanae,quarum
1811 3413 1887 3450 mere
1895 3397 2014 3449 terreum

1216 3469 1245 3520 id
1255 3475 1325 3531 erat,
1342 3479 1373 3521 ιιι
1386 3469 1499 3523 ιιιιιιιιι
1511 3470 1637 3533 bellicae,
1648 3470 1765 3536 insigne.
1787 3468 1830 3519 De
1841 3467 1952 3534 regibus
1964 3466 2016 3515 lio·

1215 3540 1304 3590 manis
1315 3554 1368 3590 non
1381 3539 1464 3591 suello
1476 3538 1605 3591 dixerim.
1643 3540 1755 3592 Nullum
1772 3537 1854 3588 habet
1866 3533 1975 3586 Romuli
1986 3533 2016 3582 in

1216 3608 1359 3677 Capitolio
1370 3616 1476 3672 statua,
1491 3624 1541 3660 nec
1552 3616 1664 3675 practer
1675 3609 1781 3661 Numae
1791 3605 1933 3672 Serviique
1945 3601 2016 3652 ἰἰιι-

1216 3675 1247 3726 ιιι
1259 3677 1331 3738 alia,
1351 3694 1384 3728 ac
1401 3695 1435 3729 ne
1446 3679 1477 3729 1..
1488 3679 1600 3745 quidem
1612 3678 1702 3730 Bruti.
1738 3677 1801 3728 iloc
1812 3675 1839 3724 in
1852 3670 2015 3737 Tarquiniis

1216 3747 1336 3796 ιιιιιιιιιιι
1351 3748 1451 3808 miror,
1472 3763 1587 3813 quornm
1600 3765 1615 3801 e
1626 3747 1743 3800 Graecia
1758 3742 1810 3794 luit
1828 3744 1919 3809 origo,
1933 3737 2016 3791 'unde

1217 3812 1262 3865 hic
1272 3814 1417 3865 amulorum
1429 3831 1494 3866 usus
1506 3819 1595 3877 venit,
1615 3829 1767 3884 quanquam
1779 3812 1861 3863 ctiam
1874 3826 1947 3861 nunc
1958 3809 2014 3861 La·

1217 3882 1384 3936 cednemouc
1397 3883 1490 3935 lerrco
1502 3894 1627 3940 utuntur.
1662 3885 1717 3939 Scd
1728 3901 1745 3936 a
1755 3882 1850 3935 Prisco
1860 3878 2016 3946 Tarquinio

1218 3952 1340 4002 omnium
1355 3952 1443 4019 primo
1455 3952 1554 4017 lilium,
1567 3970 1627 4006 curn
1640 3956 1669 4004 ιιι
1679 3958 1841 4020 praetextae
1853 3950 1934 4001 anaia
1944 3947 2015 3999 orel·

1218 4021 1305 4073 disset
1315 4020 1441 4086 hostem,
1463 4023 1637 4076 bullnaurea
1652 4024 1785 4075 donatum
1796 4025 1921 4072 constat:
1942 4017 2015 4068 uude

1217 4106 1278 4142 mos
1299 4089 1393 4143 bullae
1413 4092 1533 4156 duravit,
1555 4099 1586 4144 ut
1599 4108 1693 4145 eorum
1706 4092 1752 4160 qui
1768 4106 1839 4158 equo
1851 4088 2016 4141 meruissent

1217 4162 1277 4223 lilii,
1287 4161 1395 4229 insigne
1406 4162 1433 4212 id
1446 4161 1589 4226 haberent,
1610 4163 1698 4216 aeteri
1709 4163 1808 4214 lorum.
1844 4159 1882 4210 Et
1891 4157 1955 4209 ideo
1967 4156 2015 4206 mi·

1217 4246 1266 4282 ror
1276 4233 1423 4297 Tarquinii
1438 4232 1500 4284 eius
1512 4238 1633 4284 statuam
1651 4234 1712 4284 siae
1723 4230 1807 4284 analo
1818 4244 1888 4281 esse.
1925 4226 2013 4286 Quin·

1217 4315 1299 4367 quam
1318 4307 1346 4352 ct
1361 4300 1521 4355 denomino
1537 4305 1546 4354 ι
1566 4318 1598 4354 so
1608 4302 1711 4369 ambigi
1721 4302 1816 4354 videns
1837 4297 1939 4351 Graeci
1951 4294 2015 4346 adi·

1216 4370 1282 4438 gitis
1293 4372 1479 4437 appellavere,
1485 4318 1565 4439 apud)
1568 4386 1619 4423 nos
1631 4371 1715 4438 prisci
1726 4370 1859 4437 ungulum
1867 4365 2014 4419 vacabant:

1217 4445 1315 4506 postea
1327 4447 1356 4491 et
1367 4440 1467 4492 Graeci
1480 4449 1508 4492 et
1518 4443 1608 4494 nostri
1626 4440 1797 4510 symbolum.
1833 4439 2011 4503 Longoccrte

1216 4518 1341 4576 tenrpore
1352 4526 1386 4562 ιιι
1399 4510 1530 4574 διιιιιιιιι
1543 4511 1653 4580 quidem
1665 4511 1819 4562 llomanum
1831 4506 1961 4559 hahuisse
1970 4516 2015 4554 au·

1217 4594 1281 4631 reos
1303 4579 1480 4633 manifestum
1501 4589 1553 4633 ιιι.
1590 4580 1733 4649 Siquidem
1747 4579 1789 4630 hia
1802 4586 1909 4628 tantum
1922 4574 1968 4641 qui
1977 4572 2015 4623 la·

1216 4651 1275 4715 gati
1298 4649 1333 4700 ad
1353 4657 1464 4702 exteras
1482 4656 1579 4718 gentes
1594 4650 1662 4711 ituri
1682 4655 1789 4707 essent,
1811 4645 1886 4696 annali
1908 4641 2015 4709 publice

1218 4717 1370 4771 dabantur:
1381 4719 1476 4779 credo,
1486 4720 1616 4787 quoniam
1629 4722 1670 4770 ita
1680 4724 1840 4770 exterorum
1856 4711 2014 4762 horscratis·

1217 4788 1281 4839 simi
1292 4788 1531 4856 Intelligebaatur.
1553 4787 1649 4854 Neque
1659 4786 1724 4837 aliia
1736 4782 1777 4834 uti
1790 4795 1848 4832 mos
1860 4777 1923 4841 tuit,
1935 4793 2016 4846 quant

1217 4858 1265 4924 qui
1284 4870 1318 4908 ex
1334 4872 1369 4907 ca
1384 4871 1467 4909 cama
1485 4856 1597 4923 publice
1612 4856 1796 4921 accepissent=
1820 4847 1959 4915 vulgoque
1976 4849 2016 4899 sic

1216 4922 1432 4991 triumphabant.
1470 4926 1506 4977 tn
1518 4939 1578 4976 cunr
1590 4938 1692 4976 corona
1711 4937 1745 4974 ex
1761 4935 1831 4972 oirro
1844 4921 2018 4971 Etruscaru-

1217 4996 1373 5047 stinerctur
1388 5011 1404 5045 ιι
1422 5001 1511 5061 tergo,
1534 4996 1631 5047 anulus
1648 5000 1740 5044 tomen
1758 4992 1786 5042 in
1804 4989 1893 5058 digito
1910 4986 2015 5039 lerneus

1217 5072 1286 5124 erat,
1297 5078 1384 5130 aeque
1396 5063 1604 5130 triumphastis,
1623 5071 1652 5116 at
1664 5061 1738 5115 carri
1750 5061 1874 5112 luctasse
1886 5069 2015 5108 coronam

1217 5133 1389 5185 sustinentis.
1412 5132 1458 5184 sic
1469 5132 1648 5199 trriunvphavit
1659 5132 1694 5184 de
1706 5129 1842 5198 Iugurtha
1852 5129 1881 5179 C.
1892 5126 1998 5178 Marius
2009 5140 2016 5173 z

1217 5218 1389 5272 aureumque
1408 5217 1461 5255 non
1479 5210 1545 5256 ante
1558 5203 1672 5254 tertium
1689 5202 1866 5253 consolatum
1886 5196 2016 5248 ιιιιιιιιιιι

1216 5272 1348 5337 traditur,
1385 5272 1423 5324 ιιι
1434 5288 1552 5341 quoqne,
1563 5273 1611 5339 qni
1622 5274 1657 5325 ob
1668 5272 1840 5338 legationem
1853 5267 2017 5333 acceperant

1217 5357 1328 5408 aureos,
1348 5342 1375 5393 in
1391 5343 1501 5409 publico
1519 5349 1626 5394 tantum
1643 5341 1796 5393 utebantur
1807 5339 1864 5375 *²⁰
1884 5337 1955 5369 ‘⁸⁵¹⁸‘
1969 5331 2016 5368 '‘¹'-

1218 5426 1277 5463 mos
1288 5428 1354 5465 vero
1368 5410 1475 5467 ferreis.
1510 5411 1573 5473 Quo
1585 5416 1749 5482 argumento
1761 5412 1793 5460 es

1216 5496 1265 5534 sao
1278 5484 1382 5536 muneri
1393 5483 1500 5536 terrens
1516 5482 1615 5534 anulus
1632 5481 1761 5539 mittitur,

1218 5567 1270 5605 na.
1309 5551 1442 5620 Equidem
1462 5568 1515 5605 nec
1532 5552 1627 5607 iliacis
1648 5560 1753 5616 tempor

2155 5314 2158 5531 l
