4374 6014
298 294 331 354 C.
352 293 452 355 rum.
476 291 558 354 alic,
581 290 669 352 NAT.
691 290 796 351 HIST.
818 292 898 350 ΗΒ»
912 290 1046 350 XXXV.
1070 291 1150 353 CAP.
1174 188 1224 352 XX
1263 295 1339 353 uta.
1361 285 1507 355 xxxvl.
1533 292 1617 356 CAP.
1643 300 1719 360 Μ.
1775 300 1841 391 403
1878 336 1887 353 .

183 452 301 518 argento
309 444 439 500 mouens.
458 443 511 495 Est
521 443 705 507 civilissima,
716 459 772 511 qua
782 443 892 496 Circum
905 458 985 511 prae·
1039 458 1071 497 re
1080 442 1135 497 iam
1146 459 1203 497 non
1215 451 1293 510 est,c
1309 446 1444 515 sanguine
1456 448 1609 512 Quiritium
1619 455 1649 503 et
1660 450 1843 519 proscriptio·

183 519 286 572 ducere
298 517 333 570 ed
345 515 479 567 victoriae
492 520 596 577 notans,
608 513 747 581 pedesque
759 514 897 566 renalium
909 521 986 566 trans
1040 529 1105 565 num
1117 515 1234 568 licentia
1245 516 1361 568 ditatos.
1379 517 1443 568 Hoc
1452 524 1496 570 est
1506 518 1616 585 insigne
1625 521 1771 573 renalitlls
1782 535 1843 588 gre·
1924 568 1937 585 ,

185 602 263 640 maro
284 585 463 638 advectorum
489 584 624 639 denotare
650 584 834 636 instituerunt
857 587 986 635 maiores·
1039 583 1135 652 gibus,
1156 585 1393 653 opprobriumque
1402 587 1551 640 insolentis
1564 587 1708 642 romenses
1727 592 1801 658 quod
1813 597 1843 643 et

109 706 120 725 Ι
184 656 337 723 'Palemque
347 653 477 705 Publium
497 654 624 706 mimicae
640 668 741 706 scenae
753 653 938 717 conditorem,
959 658 988 705 et
1039 669 1091 705 uos
1101 654 1172 705 adeo
1183 655 1271 720 potiri
1282 670 1372 708 rerum
1383 655 1513 720 vidimus,
1530 664 1565 708 ut
1576 662 1716 724 praetoria
1733 674 1843 727 quoque

184 726 357 793 astrologiae
369 724 567 776 consobrinum
581 727 641 777 eius
653 723 801 775 Manilium
809 723 986 784 Antiochum,
1039 731 1203 775 ornamenta
1213 724 1323 776 decerni
1335 740 1352 775 a
1361 725 1465 778 Senatu
1476 727 1589 780 iubente
1600 729 1751 795 Agrippina
1762 729 1843 783 Clau·

185 796 251 861 item
264 795 469 847 Grammaticus
479 792 636 846 Staberium
648 794 777 855 Erotem,
809 793 988 846 eademnars
1039 792 1079 844 dii
1091 794 1219 845 Caesaris
1230 792 1516 849 viderimuslihertisr
1539 802 1704 866 tantumque
1713 812 1768 849 non
1780 814 1842 851 cum

185 866 317 918 adrectos
329 862 425 916 ridere
436 864 543 929 proavi.
581 862 635 915 Sed
646 863 711 929 quid
722 860 773 913 hos
784 860 880 914 refero
892 861 987 928 aliquo
1039 862 1174 914 laureatis
1186 862 1308 915 fascibus
1318 864 1426 917 remitti
1436 865 1497 929 illo,
1515 865 1587 919 unde
1598 868 1715 920 cretatis
1726 869 1843 934 pedibus

183 933 331 987 literarum
343 930 449 984 honore
459 933 689 986 commendatos!
725 932 823 983 Talem
835 933 864 982 in
878 938 987 983 catasta
1038 932 1228 985 advenissent.

184 1004 281 1057 ridere
292 1003 504 1069 Chrysogonum
516 1001 620 1067 Sullae,
644 999 828 1069 Amphionem
840 1000 873 1063 Q.
885 1002 987 1064 Catuli,
1074 1000 1146 1053 htx.
1165 1000 1318 1054 Praeterea
1337 1009 1401 1054 sunt
1422 1017 1525 1071 genera
1543 1010 1637 1058 terrae
1657 1005 1842 1072 proprietatis

185 1074 328 1126 Heronem
341 1074 372 1124 l..
385 1071 507 1135 Luculli,
527 1073 701 1124 Demetrium
722 1070 856 1137 Pompeii,
877 1071 986 1137 Augen·
1038 1085 1116 1131 suae,
1137 1070 1283 1138 dequibus
1299 1072 1353 1124 iam
1372 1072 1505 1124 diximus:
1524 1074 1574 1131 seed
1594 1081 1623 1127 et
1639 1074 1765 1127 hocloco
1778 1074 1841 1126 red·

184 1158 240 1211 quc
261 1141 411 1202 Demetrii,
432 1156 587 1208 quanquam
611 1151 639 1194 et
660 1142 669 1192 i
690 1156 721 1192 sa
732 1139 859 1206 Pompeii
879 1139 988 1191 credita
1040 1139 1251 1191 dendanetura.
1290 1143 1331 1193 lix
1341 1141 1444 1194 Galata
1454 1144 1561 1209 insula,
1582 1145 1840 1213 etcircaclupcanr

186 1218 231 1265 est
247 1230 255 1262 z
273 1210 463 1279 Hipparchum
476 1210 650 1273 M-Antonii,
672 1157 788 1261 brenen
802 1208 986 1261 etMeuccra·
1039 1208 1152 1263 Africae
1172 1210 1335 1278 scorpiones
1354 1218 1453 1265 necat:
1488 1212 1617 1267 Balearis
1637 1222 1667 1269 et
1686 1214 1842 1268 Ebusitana

185 1288 243 1336 tarn
255 1280 319 1335 Sex.
330 1281 466 1350 Pompeii,
478 1279 604 1350 aliosque
614 1281 753 1346 deinceps,
765 1294 835 1347 quos
846 1293 988 1331 enumera·
1040 1285 1194 1346 serpentes.

288 1459 1726 1495 ————--—-—---—————.„.

621 1609 670 1696 C.
727 1609 999 1695 PLINII
1055 1610 1410 1698 SECUNDI

237 1788 966 1897 NATURALIS
1070 1789 1792 1901 fllsroltruu

724 1992 1297 2068 uraunxxxvr.

1689 2170 1706 2205 Χ

894 2203 1140 2221 U*

183 2330 206 2383 l.
225 2292 623 2385 Laeruurruoturarestat,
643 2322 698 2375 hoc
708 2329 760 2388 est,
769 2324 919 2408 praecipua
929 2341 988 2378 mo·
1042 2327 1104 2379 rati
1139 2329 1266 2382 Tenuere
1275 2332 1370 2382 tantas
1379 2329 1469 2383 moles
1478 2328 1506 2382 in
1517 2330 1655 2398 privatam
1666 2331 1778 2387 domurn
1790 2339 1846 2388 tra·

184 2414 247 2452 rum
260 2400 380 2462 insanis,
405 2398 490 2451 etiam
503 2401 534 2447 ut
545 2409 671 2464 gemmae
682 2410 743 2445 cum
756 2396 885 2459 succinis,
905 2401 988 2463 atque
1042 2395 1071 2448 bi
1083 2405 1192 2464 practer
1208 2398 1307 2450 fictilia
1317 2400 1430 2450 deorum
1451 2399 1575 2467 fastigia.

186 2469 372 2537 crystallinis,
402 2466 608 2532 murrhinisque
618 2462 764 2515 sileantur.
800 2466 986 2517 Omniauam-
1079 2467 1126 2518 lll.
1145 2467 1205 2519 Nec
1216 2474 1310 2534 potest
1326 2467 1415 2518 rideri
1427 2466 1549 2520 Scaurus
1561 2470 1623 2520 rudi
1642 2476 1670 2522 et
1681 2469 1765 2523 huius
1776 2472 1846 2524 mall

185 2554 250 2607 que,
261 2553 331 2604 quae
342 2553 428 2604 usque
439 2536 475 2587 ad
487 2533 678 2587 hucrolumen
690 2534 883 2597 tractavimus,
900 2532 988 2584 horai·
1043 2534 1215 2600 improvidae
1238 2535 1347 2587 civitati
1369 2536 1525 2602 obrepsisse
1545 2539 1665 2603 quodam
1685 2540 1748 2590 ritii
1770 2540 1846 2591 rudi·

185 2623 251 2659 uum
272 2622 357 2657 causa
378 2606 474 2673 genita
493 2603 720 2669 rideripossunt.
756 2604 868 2654 Montes
889 2609 989 2654 natura
1042 2611 1145 2656 mento.
1182 2604 1240 2656 lam
1264 2603 1438 2656 heremum
1459 2608 1701 2668 oratoremillum,
1724 2609 1770 2674 qui
1791 2608 1847 2676 pri·

184 2677 242 2729 sibi
254 2674 359 2728 lecerat
368 2676 403 2727 ad
415 2672 547 2741 quasdam
559 2687 707 2740 compages
719 2672 830 2726 telluris
839 2673 990 2726 visceribus
1042 2689 1103 2724 mas
1114 2674 1255 2741 peregrini
1270 2673 1415 2726 marmoris
1437 2674 1578 2726 columnas
1595 2673 1694 2727 habuit
1706 2677 1733 2726 iu
1745 2679 1844 2732 eodem

187 2744 353 2806 densandas,
374 2743 458 2795 simul
477 2743 512 2794 ad
528 2743 648 2809 impetus
664 2741 804 2794 fluorinum
826 2742 990 2804 domandus,
1043 2744 1160 2805 Palatio,
1181 2743 1342 2810 Hymettias
1358 2749 1452 2795 morsu
1469 2758 1521 2795 nec
1538 2743 1631 2809 plures
1647 2760 1705 2807 scr,
1727 2753 1776 2796 aut
1787 2747 1846 2799 lon·

184 2814 343 2881 fluctusque
353 2805 530 2882 frangendos,
550 2828 583 2863 ac
593 2811 707 2865 minime
718 2813 827 2880 quietas
839 2821 933 2881 partes
945 2828 989 2863 co·
1042 2814 1136 2880 gieres
1147 2812 1304 2864 duodenum
1316 2812 1431 2880 pedum,
1451 2810 1490 2862 Μ.
1502 2813 1606 2865 Brutus
1617 2816 1645 2864 in
1657 2814 1757 2882 iurgiis
1769 2816 1804 2867 oh
1815 2816 1846 2869 id

184 2884 321 2938 arcendas
332 2884 480 2935 durissima
490 2884 532 2934 sui
544 2882 669 2934 materia.
706 2882 854 2935 Caedimus
864 2881 924 2945 hos,
935 2889 990 2933 tra·
1042 2883 1177 2935 Venerem
1199 2883 1354 2934 Palatinam
1378 2879 1576 2948 appellaverat.
1630 2883 1768 2937 Nimirum
1788 2885 1846 2939 ista

182 2952 339 3020 hinrusque,
361 2953 515 3010 nullealia,
536 2966 617 3017 quam
631 2951 794 3002 deliciarum
806 2968 899 3014 causa,
921 2967 989 3017 quos
1045 2952 1165 3004 omisere
1186 2951 1310 3003 moribus
1322 2953 1418 3005 victis:
1437 2951 1595 3018 frustraque
1611 2951 1845 3022 interdictaquae

182 3021 390 3077 transcendisse
401 3034 510 3088 quoque
520 3019 620 3070 nrirum
633 3017 695 3071 luit.
741 3020 989 3087 lnportentopro·
1044 3028 1192 3074 vetuerant
1202 3028 1356 3083 cernentes,
1377 3019 1467 3073 nullas
1479 3021 1582 3087 potius,
1594 3036 1677 3088 quam
1689 3023 1793 3087 irritas,
1804 3041 1848 3079 es·

182 3108 221 3162 pe
231 3094 351 3145 maiores
362 3088 574 3155 habuercAlpes
586 3090 620 3141 ab
630 3089 786 3141 Hannibale
797 3100 990 3156 exsuperatas,
1042 3105 1073 3143 se
1085 3092 1160 3159 leges
1173 3091 1337 3142 nialucrunt.
1373 3088 1427 3141 Sed
1438 3096 1466 3141 et
1477 3091 1524 3157 qui
1534 3100 1695 3157 sequentur,
1711 3094 1845 3148 meliores

183 3169 215 3215 et
227 3170 325 3230 postea
345 3176 362 3211 a
373 3160 506 3212 Cimbris:
526 3174 598 3209 nune
617 3159 695 3224 ipsae
707 3158 862 3211 caeduntur
872 3161 899 3210 in
912 3159 990 3212 mille
1045 3176 1106 3212 esse
1119 3176 1168 3211 nos
1180 3161 1345 3229 probabunt.
1390 3160 1458 3223 Quis
1470 3162 1543 3211 enim
1554 3167 1693 3213 tantarum
1705 3160 1790 3215 hodio
1801 3179 1847 3217 co·

183 3248 293 3302 genera
313 3245 496 3282 ntarruorum:
521 3229 713 3294 promontoria
725 3228 889 3295 aperiuntur
910 3231 990 3290 mari,
1044 3229 1201 3281 lumnarum
1214 3228 1316 3281 atrium
1329 3226 1434 3280 habeti
1469 3227 1524 3281 Sed
1537 3230 1623 3295 prius,
1633 3245 1714 3298 quam
1726 3230 1761 3285 de
1772 3249 1846 3286 mar·

184 3309 216 3355 et
238 3315 330 3353 rerum
352 3308 453 3351 nutura
473 3298 568 3364 agitur
580 3299 608 3348 iu
618 3298 739 3365 planum.
780 3297 927 3349 Erebimus
947 3313 989 3360 ea,
1043 3299 1166 3351 moribus
1178 3297 1310 3358 dicamus,
1320 3296 1460 3348 hominum
1472 3298 1501 3350 iu
1513 3299 1550 3350 lis
1561 3300 1729 3367 proferenda
1740 3302 1845 3355 iudice·

185 3387 259 3440 quae
279 3370 443 3436 separandis
464 3367 594 3435 gentibus
614 3382 665 3434 pro
689 3368 815 3419 terminis
835 3370 990 3419 constituta
1042 3383 1102 3418 mus
1114 3369 1214 3434 pretia.
1250 3369 1320 3420 Ante
1333 3368 1421 3433 igitur
1432 3369 1554 3420 artifices
1566 3370 1799 3436 percensebimus.

185 3448 282 3493 erant:
303 3454 441 3507 navesque
452 3452 622 3490 urarmorum
634 3452 719 3489 causa
730 3437 813 3499 liunt,
835 3453 869 3489 ac
880 3452 930 3503 per
941 3436 990 3488 llu-
1076 3436 1123 3487 tv.
1137 3435 1161 3489 1.
1179 3438 1319 3489 Murmure
1339 3435 1489 3502 scalpendo
1511 3438 1592 3503 primi
1614 3439 1736 3490 omnium
1761 3441 1848 3492 inelu-

184 3516 257 3570 ctus,
278 3511 469 3561 saevissimam
483 3522 576 3562 rerum
588 3512 704 3560 naturas
717 3514 834 3574 partem,
856 3506 910 3559 huc
921 3505 990 3558 illuc
1044 3513 1159 3559 ruerunt
1172 3507 1315 3572 Dipoenus
1327 3512 1354 3556 et
1366 3505 1485 3574 Scyllis,
1506 3508 1595 3575 geniti
1607 3508 1636 3558 in
1649 3509 1732 3560 Creta
1743 3508 1847 3573 insula,

183 3584 337 3650 portantur
348 3579 424 3644 iuga,
445 3578 549 3629 maiore
561 3579 710 3629 etiamnum
722 3578 814 3639 venia,
835 3591 916 3645 quam
928 3589 989 3627 eum
1044 3577 1194 3629 etiamnum
1206 3574 1297 3627 Medis
1313 3574 1527 3643 imperantibus,
1548 3580 1680 3645 priusque
1696 3594 1778 3645 quam
1790 3582 1846 3647 Cy·

183 3648 222 3703 ad
234 3648 351 3714 frigidus
361 3656 444 3715 potus
455 3662 503 3698 ras
516 3647 621 3713 petitur
631 3649 658 3697 in
667 3646 773 3709 nubila,
784 3647 917 3713 caeloque
928 3660 990 3712 pro·
1043 3662 1090 3697 rus
1101 3647 1129 3696 in
1141 3644 1234 3698 Persis
1246 3658 1364 3711 regnare
1376 3645 1521 3713 inciperet,
1531 3644 1585 3698 hoc
1597 3653 1658 3708 est,
1679 3647 1847 3715 Olympiade

183 3721 279 3772 xlmae
300 3733 382 3784 rupes
403 3724 547 3776 curantur,
566 3721 598 3766 ut
621 3716 734 3768 bibatur
754 3715 854 3783 glacie.
891 3715 989 3797 Secum
1024 3715 1197 3781 'circiterln
1231 3715 1255 3765 li
1267 3715 1414 3796 Sicyonem
1426 3730 1456 3766 se
1467 3716 1629 3778 contulere,
1651 3717 1778 3783 quaediu
1791 3719 1848 3771 fnit

183 3782 990 3924 tliilli.⁰.li'.i‘uitl,¹’ttttllitlr'l.titii:'al
1043 3786 1215 3924 tiltltill
1237 3784 1849 3924 ialal..“¹;ltllll..ltllaAttila

184 3930 226 3983 rit
236 3927 346 3979 beatior
360 3927 432 3977 rita:
453 3927 511 3977 ista
525 3922 627 3987 facere,
647 3926 732 3976 immo
744 3926 835 3976 verius
847 3927 905 3992 pati
919 3937 989 3975 mor·
1043 3942 1112 3993 quae
1132 3926 1209 3993 prius
1231 3939 1313 3992 quam
1329 3924 1550 3986 absolverentur,
1571 3926 1694 3977 artitlces
1715 3926 1848 3978 iniuriam

183 3998 270 4057 tales,
281 4012 352 4064 quos
364 3995 399 4047 ob
411 4010 487 4055 usus,
504 4009 607 4059 quaere
618 3994 652 4044 ad
665 3994 824 4061 voluptates
835 3994 915 4055 alias,
936 3993 989 4044 nisi
1046 3999 1139 4064 questi
1163 3994 1293 4047 abierunt
1312 3994 1341 4044 in
1365 3994 1488 4046 Aetolos.
1539 3994 1672 4045 Protinus
1694 3992 1847 4061 Sicyonem

184 4075 219 4120 ut
228 4068 300 4118 inter
311 4064 433 4115 nraculas
448 4061 572 4128 lapidum
588 4062 711 4114 iaceant:
735 4078 784 4113 ceu
800 4078 866 4115 rero
883 4079 938 4114 non
950 4071 990 4115 te·
1042 4065 1130 4116 lantes
1140 4065 1242 4115 invasit
1252 4077 1285 4115 ac
1294 4062 1443 4123 sterilitas,
1454 4077 1618 4128 moerorque
1628 4061 1712 4112 dirus.
1748 4062 1848 4114 Reme·

185 4136 282 4189 nebris
293 4134 416 4184 noctium
429 4129 564 4182 dimidiae
575 4131 650 4196 parti
661 4133 734 4181 vitae
746 4133 877 4197 cuiusque
888 4131 990 4199 gaudia
1042 4134 1118 4184 dium
1139 4131 1297 4197 petentibus
1313 4132 1415 4197 Apollo
1430 4128 1547 4197 Pythius
1561 4129 1714 4181 affuturum
1731 4144 1847 4196 respon·

184 4205 258 4258 hacc
269 4201 470 4254 auferentibus.
570 4224 585 4250 ο
1043 4201 1094 4262 dit,
1106 4199 1129 4250 si
1140 4200 1284 4267 Dipoenus
1296 4206 1325 4250 et
1336 4199 1439 4264 Scyllis
1451 4199 1567 4249 deorum
1591 4198 1741 4249 simulacra
1754 4197 1847 4265 perie-

223 4274 256 4325 ll.
279 4272 380 4338 lugens
391 4271 447 4322 ista
458 4271 635 4337 reputantem
651 4267 727 4319 subit
742 4267 828 4319 etiam
841 4266 991 4332 antiquita·
1043 4272 1154 4321 cissent.
1191 4268 1272 4328 Quod
1283 4269 1390 4333 magnis
1401 4266 1577 4319 mercedibus
1588 4269 1782 4336 obsequiisque
1792 4270 1844 4320 im·

186 4344 229 4397 tis
241 4341 335 4394 rubor.
371 4340 491 4391 Exstant
504 4337 651 4391 censoriae
663 4336 749 4403 leges,
761 4333 876 4402 glandia
886 4337 914 4385 iu
927 4351 988 4387 cue·
1043 4343 1181 4407 petrarum
1194 4342 1247 4389 est.
1282 4335 1373 4393 Fuere
1382 4342 1476 4387 autem
1496 4336 1646 4389 simulacra
1657 4352 1691 4388 ea
1701 4337 1848 4404 Apollinis,

185 4414 243 4535 ἷξε,
255 4404 990 4529 gliresque,hetaeltiadictuyuinoraupponityronica.
1042 4411 1160 4532 Dira‘nae,
1181 4405 1324 4527 Herculis,
1344 4406 1499 4468 Minervae,
1519 4405 1593 4471 quod
1610 4421 1626 4460 o
1645 4405 1725 4458 coelo
1745 4412 1847 4474 postea

222 4495 333 4533 armora
349 4495 412 4531 rnre
432 4493 451 4540 r,
514 4492 602 4529 marra
638 4491 699 4527 urus
716 4491 755 4528 rer
771 4491 855 4528 causa
883 4490 990 4537 ransrrr,
1056 4495 1089 4531 nc
1104 4491 1211 4529 umes.

187 4566 260 4620 quac
282 4555 403 4610 vetaret,
422 4548 468 4601 lex
493 4546 571 4597 nulla
590 4546 652 4597 lata
670 4552 723 4599 est.
758 4545 842 4598 Dicat
860 4544 990 4597 fortassis
1077 4549 1103 4599 2.
1124 4549 1192 4600 Cum
1204 4546 1223 4597 ii
1236 4550 1338 4605 essent,
1359 4544 1414 4595 iam
1435 4543 1548 4598 lucrant
1564 4545 1592 4596 in
1605 4543 1673 4597 chio
1685 4544 1848 4598 insulaMa·

187 4620 304 4688 aliquis:
325 4618 467 4671 nonenim
484 4615 692 4668 invehebantur.
730 4615 759 4667 ld
776 4614 886 4681 quidem
909 4613 991 4667 falso.
1042 4620 1085 4671 las
1105 4618 1239 4684 sculptor,
1260 4612 1324 4666 dein
1346 4614 1420 4666 iilius
1443 4616 1503 4668 eius
1516 4615 1676 4677 Micciades,
1693 4629 1726 4667 ac
1748 4614 1848 4671 deinde

187 4692 345 4743 Trecentas
356 4689 407 4741 LX
417 4688 559 4739 columnas
570 4686 610 4737 M.
619 4685 717 4737 Scauri
728 4684 872 4736 aedilitate
886 4684 922 4735 ad
933 4700 991 4736 sce·
1043 4702 1129 4755 nepos
1139 4687 1305 4740 Antbermus
1311 4683 1405 4747 Chius,
1414 4686 1493 4738 cuius
1504 4684 1684 4751 iiiiillupalus
1697 4684 1849 4738 etAnther·

188 4775 253 4811 maur
266 4759 371 4812 theatri
382 4757 554 4824 temporarii,
579 4764 607 4807 et
622 4756 668 4805 rix
688 4769 742 4805 uno
759 4768 851 4805 mense
863 4751 950 4804 futuri
963 4755 991 4804 in
1044 4773 1105 4809 mus
1115 4757 1262 4808 clarissimi
1273 4756 1302 4807 in
1316 4771 1350 4808 ea
1360 4756 1477 4806 scientia
1487 4755 1768 4822 luere,llippouactis
1779 4770 1846 4823 poe·

189 4844 260 4891 usu,
281 4829 410 4880 viderunt
423 4825 528 4893 portari
539 4825 653 4876 silentio
665 4824 768 4891 legum.
805 4821 860 4875 Sed
872 4824 992 4889 publicis
1045 4833 1210 4886 taeaetate,
1230 4840 1312 4892 quem
1331 4831 1436 4875 certum
1450 4831 1492 4875 est
1506 4824 1557 4875 LX
1569 4822 1737 4895 Olympiade
1749 4823 1846 4878 luisse.

189 4898 321 4950 niurirum
338 4897 514 4965 indulgentes
528 4895 728 4961 voluptatibus.
765 4893 795 4944 ld
811 4894 901 4962 ipsum
923 4892 992 4944 curl
1046 4896 1162 4958 Quodsi
1174 4894 1236 4964 quis
1248 4892 1347 4945 horum
1365 4888 1499 4945 sentillam
1513 4892 1546 4945 ud
1560 4910 1692 4961 preerunt
1704 4909 1791 4961 usque
1802 4908 1846 4946 rc·

188 4974 241 5020 aut
251 4956 306 5035 qiua
315 4969 403 5036 magis
412 4967 594 5031 riairrepunt
603 4964 680 5023 ritis,
692 4978 772 5030 quam
784 4964 896 5031 publica
909 4963 992 5026 tque
1045 4974 1090 5017 tro
1102 4974 1179 5034 agat,
1199 4963 1323 5015 inveniet
1334 4963 1401 5013 artis
1414 4964 1474 5015 eius
1485 4964 1619 5032 originem
1633 4979 1693 5015 cum
1705 4963 1848 5031 Olympia·

190 5036 471 5091 enimaliomodoin
489 5033 878 5102 privatosususillarenere,
899 5033 994 5093 ebora,
1047 5035 1111 5087 dum
1131 5035 1239 5102 origine
1251 5032 1385 5098 coepisse.
1421 5034 1590 5100 Hipponacti
1604 5033 1737 5085 notabilis
1759 5031 1847 5083 foedi·

190 5122 298 5168 aurum,
308 5104 450 5174 gemmae!
468 5103 591 5171 autquid
604 5102 781 5154 omninodiis
791 5101 994 5170 relinquimusl
1045 5112 1090 5158 tas
1100 5106 1192 5156 vultus
1203 5110 1276 5155 erat:
1297 5102 1476 5168 quamobrem
1493 5103 1642 5172 imaginem
1658 5103 1719 5155 eius
1731 5099 1847 5152 lascivia

189 5175 296 5229 Verum
307 5183 384 5237 esto,
409 5174 576 5226 indulserint
590 5172 707 5240 publicis
717 5171 922 5238 voluptatibusr
951 5179 993 5223 et·
1046 5175 1169 5227 iocorum
1191 5172 1211 5224 ii
1231 5185 1400 5239 proposuere
1418 5171 1565 5224 ridentium
1588 5172 1710 5224 circulis.
1764 5166 1848 5231 Quod

189 5247 285 5301 iamne
296 5251 445 5297 tacuerunt
458 5244 596 5296 maximas
616 5257 721 5303 earum,
743 5247 826 5309 atque
842 5238 913 5292 adeo
926 5240 995 5292 dun·
1047 5245 1197 5311 Hipponax
1217 5242 1388 5307 indignatus,
1410 5242 1621 5294 amaritudinem
1634 5237 1785 5292 carminum
1803 5236 1846 5288 dl·

190 5316 435 5383 dequadragendm
447 5313 556 5381 pedum,
567 5311 694 5364 Lucullei
707 5310 867 5373 marmoris,
883 5309 909 5361 in
920 5311 993 5363 atrio
1046 5313 1162 5366 strinxit
1172 5313 1199 5362 in
1212 5316 1328 5373 tantum,
1339 5318 1371 5362 ut
1381 5311 1512 5364 credatur
1522 5312 1660 5379 aliquibus
1671 5306 1705 5360 ad
1717 5306 1847 5373 laqueum

190 5384 292 5438 Scauri
305 5383 458 5434 cellenarii
488 5398 538 5433 nec
547 5382 618 5433 clam
630 5381 699 5433 illud
709 5380 874 5448 occulteque
887 5378 993 5433 laetum
1047 5399 1096 5436 eos
1115 5380 1295 5447 compulisse:
1314 5378 1505 5445 quodfalsum
1527 5389 1576 5434 est.
1613 5376 1764 5442 Complura
1773 5380 1848 5429 enirn

190 5460 246 5507 est.
282 5451 423 5503 Satlsdari
442 5452 497 5503 sibi
516 5450 608 5501 damni
626 5451 724 5503 iuiecti
738 5452 831 5518 coegit
893 5448 902 5464 '
952 5455 957 5464 ’
1047 5451 1208 5503 “finitimis
1224 5449 1325 5501 insulis
1340 5449 1488 5502 simulacra
1504 5445 1713 5517 ponteniacere,
1732 5445 1846 5499 sicutin

190 5521 359 5582 cloacarum,
370 5535 431 5571 cum
443 5521 471 5572 in
483 5519 620 5571 Palatium
633 5517 819 5572 extraherent·
1123 5557 1127 5560 »
1149 5522 1249 5589 quibus
1263 5519 1442 5572 subiecerunt
1460 5533 1579 5578 wmen,
1599 5528 1655 5565 non
1671 5513 1775 5567 ritibus
1787 5521 1848 5569 tan.

189 5606 228 5662 go
239 5592 269 5645 in
279 5601 337 5646 tam
348 5587 423 5644 malo
435 5586 564 5655 exemplo
582 5588 705 5640 moribus
715 5603 807 5643 carers
1156 5590 1223 5646 ascri
1241 5587 1350 5653 chium,
1363 5587 1464 5711 &det
1480 5584 1610 5652 operibus
1620 5582 1766 5641 Aatbsrmi
1776 5586 1846 5640 illio·
