4374 6014
312 286 345 353 0.
370 286 527 351 retnis
556 285 771 350 secubet
799 287 974 351 Nirea.
1000 287 1194 355 HISTOR.
1220 292 1309 354 sta.
1331 290 1481 359 XXXIV.
1515 295 1610 358 CAP.
1632 300 1753 364 23-t9.
1795 305 1861 368 387
1893 333 1899 342 ·

194 455 252 504 tur.
286 441 411 497 Maxime
427 446 522 495 tamen
540 440 658 509 prodest
670 440 789 494 cadmia.
824 443 873 496 Fit
881 444 943 496 sine
956 443 1006 496 dn·

194 519 245 572 bio
256 515 325 568 haec
335 520 363 566 et
373 513 402 565 in
413 512 523 582 argenti
534 510 704 574 fornacibus,
716 512 861 565 candidior
871 529 904 566 ac
914 514 1004 565 miuus

235 585 374 645 nderosa,
393 582 443 635 sed
465 596 638 651 nequaquam
660 582 849 649 comparanda
869 584 1003 635 aerariae.

222 656 283 707 lura
294 659 386 706 sutem
397 667 500 719 genera
509 658 580 703 sunt
617 650 743 720 Namque
755 659 785 704 ut
796 655 854 720 ipse
867 654 947 720 lapis,
969 668 1003 705 ex

199 740 254 795 quo
266 725 297 775 tit
308 739 365 785 ass,
377 723 487 774 cadmia
498 726 625 783 vocator,
633 719 738 773 fusuris
751 724 934 785 necessarius,
948 737 1003 775 me·

200 794 311 849 dicinae
327 792 448 845 inutilisz
468 791 510 843 sic
530 805 629 842 rursus
649 790 679 842 iu
700 790 862 844 fornacibus
882 791 1005 855 exsistit,

199 866 338 931 aliamque
353 860 473 914 nominis
489 860 533 912 sui
551 860 689 926 originem
706 862 816 928 recipit.
852 861 898 913 Fit
911 870 1003 915 autem

199 932 424 1004 egestailanrnris
444 936 529 997 atque
551 928 616 981 [latu
630 930 793 982 tenuissima
813 940 895 999 parte
916 940 1003 984 orate·

197 1009 266 1067 riae,
289 1001 406 1054 canteris
428 999 597 1052 lateribusve
608 997 754 1052 fornacum
772 1015 824 1068 pro
847 1002 1004 1070 quantitate

197 1072 324 1129 levitatis
344 1070 495 1137 applicata.
533 1070 710 1121 Tenuissima
726 1076 771 1123 est
790 1072 818 1122 in
839 1071 900 1138 ipso
912 1072 1004 1137 focap-

200 1159 262 1197 com
274 1156 333 1205 ore,
354 1156 408 1208 qua
419 1140 547 1192 flammae
561 1146 734 1203 eructantur,
756 1140 899 1209 appellata
911 1143 1004 1207 capni-

199 1215 245 1277 tis,
256 1218 365 1272 exusta,
388 1215 416 1263 et
431 1210 517 1261 nimia
531 1210 647 1264 ienitate
661 1210 763 1263 siusilis
774 1210 896 1264 favillae.
933 1211 1004 1265 lute-

199 1284 260 1335 rior
272 1281 388 1347 optima,
401 1281 518 1333 cameris
529 1280 697 1348 dependens,
709 1288 737 1334 et
748 1281 783 1333 ab
794 1296 827 1334 eu
838 1287 1004 1351 argumento

198 1351 334 1419 botryitis
356 1350 571 1417 cognominata:
602 1352 787 1417 ponderosior
814 1349 882 1403 haec
901 1354 1004 1417 priore,

198 1423 290 1476 levior
302 1434 386 1489 porro
397 1419 546 1472 secuturis.
583 1419 646 1472 Duo
658 1421 717 1471 eius
727 1421 837 1473 colores
850 1438 857 1472 z
879 1420 1005 1491 deterior

200 1493 334 1554 cinereus,
356 1490 490 1557 puniceus
512 1489 627 1554 melior,
649 1489 781 1552 friabilis,
804 1491 1004 1558 oculorumque

198 1561 410 1615 medicamentis
430 1560 588 1613 utilissima.
635 1560 735 1612 Tertia
755 1566 798 1612 est
818 1560 846 1610 in
868 1561 1004 1613 lateribus

198 1631 354 1694 fornacum,
371 1646 441 1699 quae
454 1636 569 1698 propter
579 1630 746 1696 gravitatem
759 1627 793 1680 ad
804 1644 931 1682 canterus
943 1645 1004 1698 per·

198 1705 294 1754 uenire
305 1716 361 1752 non
370 1701 470 1769 potuit.
507 1700 586 1752 Haec
598 1699 701 1751 dicitur
711 1700 839 1768 placitis,
860 1706 888 1751 et
898 1700 959 1767 ipsa
969 1699 1004 1751 ab

199 1778 375 1839 argumento,
387 1776 481 1822 crusta
491 1773 593 1832 verius,
617 1785 698 1838 quam
710 1785 819 1837 puriter,
830 1770 906 1821 intus
918 1770 1004 1830 varia,

199 1840 236 1893 ad
248 1856 346 1908 psoras
357 1839 464 1901 utilior,
479 1844 508 1890 et
519 1837 554 1890 ad
567 1838 712 1891 cicatrices
723 1838 881 1891 trahendas.
899 1837 1003 1889 Fluunt

199 1926 233 1963 ex
245 1925 277 1961 ca
290 1910 344 1961 duo
357 1909 414 1959 alia
425 1922 540 1976 genera:
564 1906 704 1973 onychitis
716 1911 898 1973 extra'paene
909 1921 1004 1958 caeru·

198 1980 251 2041 lea,
262 1979 337 2029 intus
348 1975 498 2043 onychitae
506 1975 624 2029 maculis
634 1975 744 2028 similis.
781 1976 929 2028 Ostracitis
940 1980 1004 2026 totu

198 2050 287 2116 nigra,
310 2054 338 2100 et
350 2064 364 2099 e
377 2047 478 2099 ceteris
488 2045 692 2108 sordidissima,
714 2046 872 2099 vulneribus
883 2046 1004 2098 maxims

197 2119 286 2171 utilis.
322 2117 418 2167 Omnis
441 2123 535 2169 autem
556 2115 665 2167 cadmia
685 2117 713 2167 in
732 2115 818 2184 Cypri
839 2114 1002 2169 fornacibus

160 2190 166 2195 '
199 2188 314 2255 optima,
326 2188 481 2254 iterumque
493 2201 510 2237 a
526 2185 642 2237 medicis
654 2185 781 2253 coquitur
792 2186 912 2239 carbone
923 2199 1003 2254 puro,

199 2265 283 2324 atque
296 2257 343 2308 ubi
355 2258 383 2307 in
395 2257 515 2308 cinerem
526 2253 620 2319 rediit,
631 2256 823 2322 exstinguitur
832 2257 897 2309 rino
908 2255 1004 2308 ammi·

198 2342 269 2388 neo,
290 2341 361 2394 quae
372 2325 409 2378 ad
420 2326 573 2393 emplastra
590 2332 788 2392 praeparatur:
809 2339 879 2390 quae
890 2341 956 2379 vcro
968 2325 1003 2376 ad

198 2411 306 2465 psoras,
318 2402 409 2449 aceto.
421 2396 540 2459 Quidam
552 2396 579 2447 in
588 2395 652 2446 ollis
663 2393 798 2445 fictilibus
809 2402 900 2445 tusam
911 2401 1003 2456 urunt,

199 2465 377 2519 sclavantin
390 2466 542 2527 mortariis,
563 2463 788 2531 posteasiccant.
824 2462 1004 2530 Nymphodo-

198 2550 247 2589 rus
258 2534 381 2601 lapidem
393 2535 483 2601 ipsum
496 2549 577 2600 quarn
589 2532 784 2601 gravissimum
795 2531 1004 2598 spississimum·

219 2620 253 2656 ue
265 2605 323 2656 urit
334 2619 434 2671 pruna,
445 2610 473 2656 et
484 2609 610 2655 exustum
621 2599 689 2654 chin
701 2600 766 2653 rino
778 2602 1004 2670 restinguit,tun·

199 2621 304 2742 dieque,
326 2687 390 2727 mox
400 2672 488 2725 linteo
506 2671 620 2734 cribrat,
640 2677 725 2739 atque
742 2672 772 2724 in
784 2672 917 2724 mortario
929 2672 1005 2732 terit,

199 2759 266 2797 nrox
277 2759 350 2811 aqua
361 2743 455 2811 pluria
465 2748 596 2804 macerat,
608 2743 763 2810 iterumque
776 2743 842 2794 terit
854 2740 928 2809 quod
939 2742 1002 2793 sub·

199 2815 278 2877 sidit,
299 2814 388 2866 donec
398 2826 527 2864 cerussae
545 2811 645 2864 similis
656 2812 716 2875 liat
738 2812 816 2864 nulia
827 2812 952 2864 dentium
965 2811 1004 2862 of-

198 2888 286 2937 fensa.
323 2880 430 2935 lisdem
445 2881 532 2935 iollae
548 2882 640 2935 actio:
661 2881 711 2935 sed
728 2897 810 2949 quam
827 2884 1003 2949 purissimum

198 2954 322 3020 lapidem
333 2952 423 3019 eligit.

234 3023 331 3076 xxiii.
351 3022 484 3075 Cadmiae
495 3020 611 3074 effectus
622 3021 738 3084 siccam,
752 3036 912 3089 persanare,
922 3023 1003 3074 siste·

198 3093 395 3154 refluxiones,
417 3091 694 3160 pterygiactsordes
707 3091 851 3155 oculorum
875 3107 1003 3159 purgare,

198 3162 356 3214 scabritiem
368 3169 540 3223 extenuare,
560 3169 589 3214 et
599 3160 732 3230 quidquid
745 3164 772 3212 in
784 3161 889 3230 plumbi
901 3160 1002 3213 effectu

198 3231 330 3283 dicemus.
367 3232 402 3280 lit
423 3245 471 3281 aes
493 3234 583 3296 ipsum
604 3231 639 3281 ad
661 3232 754 3282 omaia
775 3230 872 3283 eadem
894 3232 1002 3282 uritur:

198 3306 373 3369 praeterque,
389 3298 534 3364 albugines
548 3299 691 3351 oculorum
703 3309 731 3351 et
745 3301 897 3352 cicatrices.
934 3300 1004 3351 Hul-

200 3368 1003 3438 ceraquoqucoeulornmcumlactesanat,idquehegyptii

199 3437 401 3504 collyriimodo
413 3442 508 3490 terunt
518 3437 545 3487 in
558 3438 693 3489 coticulis.
706 3439 786 3491 Facit
797 3447 825 3491 et
836 3432 1003 3491 vorrnitiunes

198 3506 304 3583 emellq
316 3512 446 3558 sumtum.
484 3506 677 3560 Uriturautem
691 3509 821 3576 Cyprium
831 3508 858 3560 in
870 3509 1002 3560 tictilibus

198 3578 292 3629 crudis
305 3592 366 3628 cum
378 3576 519 3643 sulphuris
531 3577 593 3643 pari
604 3578 737 3645 pondere,
745 3577 903 3631 circumlito
915 3579 1003 3644 spira·

198 3656 303 3708 ntento,
326 3646 354 3699 in
372 3647 497 3710 caminis,
518 3645 608 3699 donec
623 3663 690 3700 rasa
705 3648 767 3715 ipsa
788 3655 1002 3716 percoquuntur.

199 3716 319 3780 Quidam
332 3725 361 3770 et
372 3717 460 3768 salem
471 3716 589 3780 addunt,
612 3717 661 3769 alii
677 3717 789 3770 alumen
799 3734 850 3787 pro
862 3717 1003 3784 sulphure,

200 3787 251 3837 alii
261 3785 339 3848 nihii,
350 3786 399 3839 sed
409 3793 490 3839 aceto
504 3793 611 3839 tantum
624 3795 785 3857 aspergunt.
823 3788 920 3839 lissum
934 3790 1002 3840 teni·

198 3862 244 3906 tur
253 3856 388 3907 mortario
399 3856 555 3920 Thebaico,
567 3872 639 3924 aqua
652 3859 747 3924 pluria
757 3859 877 3922 lavatur,
890 3859 1003 3910 iterum·

199 3940 251 3992 que
262 3926 371 3978 adiecta
382 3925 505 3995 largiore
517 3928 627 3992 teritur,
644 3936 673 3980 et
683 3928 747 3980 dum
759 3928 896 3988 considat,
916 3928 1000 3976 relin-

198 3994 310 4061 quitur:
328 3993 383 4044 hoc
392 3997 513 4059 saepius,
525 3995 615 4044 donee
626 3997 791 4058 adspectent
803 3995 883 4045 minii
895 3993 1000 4047 redeat.

197 4064 278 4116 Tunc
287 4062 419 4112 siccatum
431 4062 457 4111 iu
469 4061 544 4123 Sole,
555 4063 585 4111 iu
596 4077 679 4113 aerea
691 4063 794 4128 pyxide
806 4071 941 4114 servatur.

233 4128 335 4184 xxtV.
355 4130 392 4180 Et
401 4130 493 4181 sooria
505 4131 577 4180 aeris
589 4129 676 4180 simili
689 4129 772 4180 modo
783 4130 903 4192 lavatur,
914 4131 1001 4181 mino-

197 4216 229 4253 re
241 4199 351 4259 effectu,
364 4213 447 4264 quant
459 4213 506 4250 aes
517 4198 620 4263 ipsum.
657 4197 712 4249 Sed
729 4204 757 4249 et
768 4200 840 4249 aeris
853 4198 904 4250 lios
917 4198 1002 4249 medi·

198 4273 276 4322 cinae
287 4266 365 4317 utilis
376 4273 428 4318 est.
464 4266 512 4317 Fit
523 4282 587 4318 uere
600 4266 676 4328 fuso,
698 4273 727 4317 et
744 4269 772 4318 in
792 4267 864 4320 alias
875 4267 1002 4318 fornaces

197 4337 353 4392 translato:
372 4335 413 4385 ibi
423 4334 492 4388 llatu
503 4336 644 4387 crebriore
655 4338 834 4389 excutiuntur
843 4336 920 4389 relut
932 4336 1002 4387 milii

198 4420 341 4475 squamae,
362 4403 658 4471 quasroesntllorera.
695 4407 918 4466 Caduntautem,
941 4421 1002 4456 cum

196 4492 285 4547 panes
297 4474 372 4527 aeris
384 4490 458 4543 aqua
477 4474 681 4542 refrigerantur
697 4479 861 4544 rubentque.
898 4475 1001 4527 Simili·

196 4557 244 4601 ter
254 4562 289 4600 ex
299 4546 342 4601 eis
353 4546 394 4609 tit,
408 4560 490 4615 quum
503 4552 603 4597 vocant
614 4545 716 4613 lepida,
733 4554 762 4598 et
773 4549 813 4599 sie
824 4544 1002 4598 adulteratur

198 4616 261 4681 ilos,
273 4624 304 4668 ut
314 4631 431 4684 squama
441 4620 542 4668 veneat
553 4614 670 4668 decussa
682 4616 710 4666 ri
720 4616 818 4678 clavis,
829 4616 856 4666 in
869 4631 939 4682 quos
952 4631 999 4682 pa·

197 4704 247 4740 nes
260 4688 336 4740 aerei
347 4685 578 4741 ferruminantur.
615 4685 740 4753 lncypri
753 4685 872 4736 maxime
883 4685 1001 4737 officinis

200 4758 304 4810 omnia.
340 4756 507 4810 Differentia
518 4755 588 4807 haec
603 4762 660 4817 est,
679 4755 752 4823 quod
769 4768 884 4823 squama
894 4756 1001 4807 excuti·

198 4836 246 4879 tur
257 4827 358 4879 ictibus
370 4826 470 4879 iisdem
482 4826 616 4895 panibus:
646 4825 698 4877 ilos
709 4824 784 4877 eadit
794 4832 903 4893 sponte.

234 4895 323 4950 XXV.
342 4896 480 4964 Squamae
492 4901 535 4947 est
555 4895 673 4948 alterum
695 4910 780 4963 genus
801 4894 948 4957 subtilius,
968 4910 1001 4948 ea

197 4978 307 5019 summa
318 4967 424 5019 scilicet
436 4966 567 5033 lanugine
579 4965 736 5028 decussum,
747 4965 820 5032 quod
832 4972 932 5016 vocant
942 4973 1001 5017 sto·

197 5051 299 5089 mama.
335 5038 425 5105 Atque
436 5035 504 5090 haec
516 5035 610 5087 omnia
620 5034 813 5102 medici(qnod
826 5048 893 5101 pace
906 5049 1002 5087 eorum

199 5106 307 5158 dixisse
319 5105 414 5169 liceat}
434 5106 576 5173 ignorant,
600 5119 665 5171 pars
679 5105 769 5156 maior
780 5110 809 5158 et
820 5105 951 5157 nonnius:
974 5106 1002 5156 in

197 5182 337 5229 tantuma
352 5174 532 5228 conficiendis
549 5174 779 5227 medicaminibus
795 5174 907 5235 absunt,
929 5172 1003 5241 quod

198 5262 261 5299 esse
272 5245 415 5312 proprium
428 5243 584 5297 medicinae
594 5244 713 5299 solebat.
750 5243 830 5296 Nunc
840 5242 950 5311 quoties
961 5243 1002 5295 in·

199 5316 295 5369 cidere
307 5314 335 5362 in
346 5311 467 5374 libellos,
482 5327 648 5379 componere
660 5329 693 5367 ex
704 5311 747 5364 his
759 5312 885 5365 nolentes
897 5313 1002 5380 aliqua,

198 5381 252 5435 hoc
263 5386 318 5441 est,
329 5378 467 5440 impendio
480 5380 646 5434 miserorum
661 5382 780 5449 experiri
792 5382 1002 5445 commentaria,

199 5448 346 5506 credunt?
629 5451 1002 5517 adibuscorrumpenti.lam

198 5521 310 5591 quidem
668 5520 940 5575 ''uriamercsnturs
961 5526 1002 5573 ta·

196 5590 303 5660 basque
740 5592 787 5645 iae
800 5590 842 5646 sic
856 5588 1002 5647 extamtur.

1056 446 1094 499 iit
1103 460 1221 515 squama
1231 451 1324 499 autent
1337 452 1367 502 et
1376 445 1429 501 iios
1444 453 1563 505 uruntur
1573 454 1601 503 in
1613 447 1715 518 patinis
1727 445 1862 504 fictilibus

1057 523 1106 568 aut
1126 518 1226 581 aereis,
1247 517 1347 570 deinde
1368 516 1507 585 lavantur,
1528 527 1670 588 utsupra,
1690 521 1726 572 ad
1748 522 1860 575 eosdem

1057 602 1138 636 usus:
1159 587 1317 652 etamplius
1333 584 1367 637 ad
1380 590 1488 641 narium
1507 605 1624 643 carnosa
1635 591 1718 642 vitia:
1738 591 1862 658 itemque

1057 655 1147 708 sedis:
1169 663 1197 707 et
1208 658 1361 723 gravitates
1372 658 1491 721 aurium,
1512 673 1562 725 per
1573 660 1681 713 listulas
1692 661 1722 713 in
1734 677 1781 714 eas
1792 662 1863 715 flatu

1058 724 1191 791 impulsa:
1213 730 1242 776 et
1263 741 1332 777 uvas
1358 727 1426 787 eris,
1445 727 1538 779 farina
1560 728 1681 778 admota.
1719 731 1810 782 Tollit
1832 738 1863 785 et

1058 795 1185 846 tonsillas
1197 810 1258 846 cuns
1270 794 1362 847 melle.
1398 795 1445 846 Fit
1454 804 1483 849 et
1493 795 1654 849 excandido
1669 811 1734 850 aere
1747 816 1863 867 squama

1058 867 1141 932 longe
1154 864 1259 931 Cypria
1271 864 1449 919 inedicaeior.
1467 866 1528 918 Nec
1539 882 1593 917 non
1607 867 1686 917 urina
1697 870 1776 933 pueri
1783 871 1862 935 prius

1057 942 1200 988 macerant
1210 934 1313 998 clavos,
1325 950 1475 1002 panesque.
1512 935 1631 1000 Quidam
1638 951 1705 988 vero
1717 951 1863 992 excussam

1057 1018 1200 1071 squamam
1222 1011 1329 1069 terunt,
1349 1012 1378 1056 et
1399 1018 1471 1073 aqua
1491 1007 1586 1073 pluvia
1605 1005 1710 1059 lauant.
1748 1007 1863 1062 Dantet

1057 1072 1220 1141 hydropicis
1231 1089 1292 1126 eam
1313 1074 1422 1126 duabus
1438 1074 1578 1127 drachmis
1598 1078 1627 1127 in
1644 1076 1729 1128 mulsi
1740 1074 1862 1143 hemina,

1058 1152 1086 1197 et
1095 1143 1212 1196 illinunt
1224 1160 1285 1195 eum
1298 1145 1412 1212 polline.

1092 1211 1194 1265 XXVl.
1214 1214 1363 1279 llerogiuis
1375 1230 1483 1281 quoque
1494 1230 1611 1281 magnus
1623 1232 1697 1269 usus.
1734 1214 1789 1270 Sed
1801 1216 1862 1285 plu·

1057 1279 1135 1334 ribus
1147 1282 1179 1332 m
1191 1296 1226 1334 ea
1236 1283 1335 1334 modis.
1371 1282 1497 1352 Nanrque
1509 1292 1537 1336 et
1547 1299 1561 1335 e
1573 1285 1676 1352 lapide,
1697 1301 1733 1338 cx
1746 1303 1802 1354 quo
1814 1302 1860 1341 co·

1058 1354 1155 1420 quitur
1170 1367 1233 1414 aes,
1253 1351 1419 1405 deraditur:
1441 1360 1470 1405 et
1487 1368 1552 1406 aere
1570 1355 1688 1407 candido
1707 1354 1862 1426 perforato,

1057 1419 1179 1488 usquein
1191 1421 1269 1474 cadis
1281 1438 1365 1490 super
1375 1432 1483 1475 acetum
1495 1440 1640 1492 suspenso,
1652 1441 1736 1478 aereo
1749 1427 1862 1479 obtura·

1058 1491 1094 1543 tis
1107 1492 1258 1559 operculo:
1280 1493 1370 1545 multo
1389 1493 1562 1561 probatiore,
1586 1500 1703 1562 quamsi
1720 1495 1773 1547 hoc
1784 1496 1861 1547 idem

1057 1561 1181 1628 squamis
1192 1562 1263 1613 liat?
1299 1562 1418 1625 Quidam
1430 1578 1496 1616 vasa
1508 1564 1570 1631 ipsa
1580 1564 1693 1617 candidi
1703 1566 1778 1617 aeris
1790 1564 1861 1618 tietb

1057 1631 1131 1683 libus
1143 1631 1267 1685 condunt
1276 1632 1304 1683 in
1316 1640 1407 1695 aceto,
1423 1633 1581 1702 raduntque
1592 1635 1618 1685 X
1630 1635 1683 1687 die.
1720 1636 1862 1687 libitina·

1058 1701 1115 1752 ceis
1127 1704 1288 1769 contegunt,
1310 1702 1484 1771 totidemque
1502 1713 1565 1769 post
1582 1704 1642 1755 dies
1657 1705 1769 1757 radunt.
1805 1703 1863 1756 atii

1057 1770 1219 1823 delimatam
1230 1772 1305 1824 aeris
1315 1773 1426 1824 scobem
1437 1781 1517 1825 aceto
1528 1779 1673 1839 spargunt,
1693 1780 1862 1838 versantque

1056 1838 1164 1906 spathis
1174 1843 1287 1906 saepius
1299 1841 1353 1904 dic,
1374 1840 1462 1893 donec
1472 1841 1644 1894 absumatur.
1681 1842 1862 1908 Eandemque

1056 1909 1168 1960 scobem
1182 1910 1232 1960 alii
1243 1917 1334 1964 terere
1350 1911 1378 1962 in
1395 1913 1539 1963 mortariis
1559 1913 1650 1964 aereis
1666 1928 1701 1965 ex
1712 1920 1794 1965 aceto
1806 1926 1862 1964 nra·

1055 1977 1125 2029 lunt.
1163 1979 1299 2032 Ocissime
1307 1995 1374 2033 vcro
1385 1982 1525 2048 contingit
1536 1980 1746 2034 coronariorum
1758 1981 1862 2035 recisa·

1056 2047 1158 2102 mentis
1168 2047 1196 2098 in
1207 2057 1316 2100 acetum
1330 2049 1443 2102 additis.
1480 2049 1649 2104 adulterant
1661 2066 1800 2102 marmore
1812 2050 1862 2101 tri·

1056 2125 1085 2169 to
1107 2118 1226 2170 maxime
1247 2116 1383 2170 ilbodiam
1405 2124 1577 2187 aeruginem,
1596 2120 1648 2171 alii
1669 2122 1788 2187 pumice,
1811 2127 1863 2171 aut

1055 2187 1168 2256 gumnd.
1205 2186 1358 2255 Praecipue
1379 2196 1473 2242 autem
1485 2188 1561 2241 fallit
1573 2196 1731 2243 atramento
1750 2189 1861 2243 sutorio

1056 2256 1223 2308 adulterata.
1277 2260 1378 2312 Cetera
1399 2260 1471 2311 enirn
1499 2259 1582 2313 dente
1606 2259 1862 2327 deprehenduntur,

1054 2326 1204 2378 stridentia
1220 2325 1247 2376 ln
1264 2325 1430 2381 frendendo.
1467 2330 1695 2397 Experimentum
1712 2330 1740 2381 in
1757 2329 1861 2383 batillo

1058 2395 1157 2448 ferreo.
1196 2395 1265 2446 Nam
1278 2412 1348 2463 quae
1360 2399 1470 2450 sincera
1480 2406 1537 2460 est,
1566 2415 1647 2452 suum
1658 2401 1781 2453 colorem
1793 2399 1863 2453 reti·

1058 2471 1120 2516 netz
1142 2478 1212 2530 quae
1225 2465 1493 2528 mixtaatramento,
1504 2467 1634 2521 rubescit.
1670 2468 1863 2535 Deprehendi-

1056 2540 1104 2585 tur
1113 2540 1141 2585 et
1152 2547 1269 2600 papyro,
1279 2535 1356 2601 galla
1367 2535 1444 2600 prius
1456 2542 1613 2588 macerato:
1636 2537 1769 2605 nigrescit
1788 2538 1862 2591 enisa

1057 2605 1152 2656 statim
1165 2603 1299 2670 aerugine
1309 2603 1393 2655 illita.
1428 2603 1658 2670 Deprehenditur
1669 2613 1698 2659 et
1709 2609 1784 2667 visu,
1806 2620 1863 2659 ma·

1056 2671 1245 2740 lignevirens.
1283 2671 1338 2725 Sed
1360 2673 1420 2725 sire
1430 2675 1567 2727 sinceram
1588 2676 1648 2727 sive
1666 2674 1863 2740 adulteratam,

1057 2742 1232 2809 aptissimum
1246 2750 1288 2794 est
1299 2744 1431 2797 siccatam
1443 2744 1471 2795 in
1484 2746 1578 2810 patina
1588 2759 1660 2796 nora
1671 2744 1715 2795 uri
1726 2752 1755 2796 et
1769 2759 1863 2797 versa·

1057 2814 1092 2875 ri,
1112 2812 1200 2864 donec
1212 2811 1310 2864 favilla
1324 2815 1388 2864 tiat:
1407 2820 1509 2880 postea
1528 2816 1629 2865 teritur
1646 2820 1675 2866 et
1690 2814 1861 2867 reconditur.

1056 2882 1148 2948 Aliqui
1159 2882 1188 2933 in
1200 2881 1291 2933 crudis
1303 2882 1436 2935 fictilibus
1446 2890 1540 2946 urunt,
1560 2883 1648 2935 donec
1659 2884 1785 2951 figlinum
1796 2898 1860 2953 per·

1057 2957 1200 3019 coquatur.
1237 2949 1371 3004 Nonnulli
1393 2959 1421 3003 et
1436 2951 1674 3005 thusmuseulum
1699 2954 1861 3007 admiscent.

1056 3021 1182 3077 Lanatus
1192 3027 1285 3072 autern
1299 3036 1414 3089 aerugo,
1428 3024 1502 3073 sicut
1515 3022 1632 3074 cadmia.
1668 3020 1720 3073 Vis
1732 3023 1793 3075 eius
1804 3021 1861 3074 eol·

1056 3091 1137 3211 {lm
1149 3090 1294 3143 oculorum
1311 3092 1469 3158 aptissima,
1490 3090 1767 3143 delacrimationibus
1785 3106 1860 3143 mor·

1075 3160 1313 3229 endoproticiens.
1349 3161 1405 3213 Sed
1427 3161 1505 3214 ablui
1521 3163 1708 3214 necessarium
1719 3159 1861 3227 penicillis

1057 3229 1166 3291 calidis,
1178 3230 1266 3282 donec
1276 3229 1377 3282 rodere
1386 3230 1504 3283 desinat.

1091 3297 1206 3351 XXVli.
1227 3299 1387 3351 llieracium
1412 3307 1527 3351 vocatur
1547 3299 1707 3365 collyrium,
1727 3297 1802 3366 quod
1819 3297 1863 3351 ita

1056 3370 1177 3420 maritus
1189 3375 1312 3420 constat:
1332 3376 1503 3434 temperatur
1519 3376 1612 3419 autem
1624 3368 1652 3419 id
1664 3368 1863 3421 Hammoniaci

1057 3438 1145 3490 unciis
1157 3444 1286 3505 quatuor,
1297 3438 1440 3505 aeruginis
1454 3438 1571 3504 Cypriae
1582 3438 1697 3499 duabus,
1708 3437 1864 3492 atramenti

1056 3507 1168 3569 sutorii,
1179 3506 1252 3574 quod
1266 3505 1461 3558 chalcanthum
1475 3514 1584 3569 vocant,
1598 3507 1725 3559 totidem:
1752 3508 1862 3575 misyos

1056 3594 1124 3629 reru
1136 3592 1199 3637 uua,
1210 3577 1285 3628 croci
1296 3593 1355 3629 sex.
1393 3576 1470 3628 llaec
1481 3578 1574 3627 onrnia
1587 3578 1654 3629 trita
1663 3586 1744 3629 aceto
1755 3577 1861 3631 'l'hasio

1057 3647 1229 3715 colliguntur
1248 3646 1278 3697 iu
1300 3647 1410 3713 pilulas,
1432 3647 1596 3699 excellentis
1614 3646 1739 3708 remedii,
1763 3654 1862 3699 contra

1056 3717 1138 3769 initia
1149 3716 1356 3783 glaucomatum
1368 3722 1396 3768 et
1406 3716 1598 3778 suffusionem,
1610 3722 1707 3767 contra
1717 3715 1862 3781 caligines,

1057 3794 1085 3839 et
1096 3786 1253 3847 scabritias,
1266 3794 1295 3837 et
1305 3786 1461 3852 albugines,
1474 3782 1507 3838 a'c
1518 3800 1651 3853 genarum
1664 3785 1740 3836 vitia.
1766 3782 1862 3837 Cruda

1057 3866 1149 3909 autem
1161 3869 1267 3920 aerugo
1279 3855 1442 3905 vtrinerariis
1452 3856 1614 3920 emplastris
1626 3854 1766 3906 miscetur.
1796 3855 1862 3906 Oris

1056 3929 1287 3992 gingivarumque
1308 3921 1527 3977 hulccrationem
1539 3925 1655 3976 mirifice
1670 3923 1809 3984 emendat,
1831 3929 1862 3975 et

1056 3995 1195 4045 labiorum
1207 3991 1320 4043 hulcera
1332 4009 1393 4044 cum
1414 3993 1486 4045 tileo.
1523 3993 1604 4055 Quod
1621 3993 1645 4043 si
1661 4001 1689 4043 et
1700 3990 1862 4044 ccraadda·

1056 4071 1112 4124 tur,
1132 4070 1242 4130 purgat,
1263 4060 1341 4112 etad
1359 4064 1516 4113 cicatricem
1533 4061 1669 4127 perducit.
1706 4062 1817 4126 Aerugo
1832 4066 1863 4111 et

1057 4132 1155 4180 callum
1168 4129 1323 4181 fistularum
1335 4131 1436 4192 crodit,
1455 4131 1641 4196 vitiorumque
1651 4142 1721 4194 quae
1732 4128 1862 4181 circass·

1056 4199 1127 4253 dem.
1147 4200 1205 4249 sire
1217 4213 1267 4264 per
1277 4213 1317 4259 sc,
1337 4198 1395 4249 sive
1411 4214 1472 4249 cum
1484 4198 1692 4250 Hammoniaco
1708 4196 1792 4258 illita,
1813 4195 1860 4251 val

1057 4267 1169 4332 collyrii
1193 4266 1277 4317 modo
1298 4266 1328 4316 in
1340 4265 1449 4318 fistulas
1470 4266 1579 4319 adacta.
1616 4265 1775 4331 Eademque
1797 4279 1860 4319 cum

1055 4338 1164 4389 resinae
1185 4334 1390 4388 terebinthinae
1410 4335 1496 4388 tertia
1519 4341 1598 4402 parte
1618 4334 1743 4397 subacta,
1763 4333 1858 4401 lepras

1055 4406 1141 4458 tollit.

1090 4473 1217 4527 xxviii.
1236 4475 1287 4525 Est
1309 4480 1338 4527 et
1358 4473 1477 4524 alterum
1498 4489 1586 4541 genus
1605 4473 1755 4541 aeruginis,
1775 4489 1859 4542 quarn

1054 4553 1156 4598 vocant
1172 4543 1295 4595 scoleca:
1321 4546 1348 4594 in
1362 4542 1465 4610 Cyprio
1481 4558 1545 4597 aere
1564 4543 1626 4607 hoc,
1646 4544 1717 4596 trito
1736 4543 1860 4601 alumine

1055 4624 1083 4670 et
1093 4615 1162 4675 sale,
1173 4621 1222 4666 aut
1233 4614 1305 4664 nitro
1319 4613 1378 4680 pari
1390 4611 1522 4679 pondere,
1532 4629 1593 4666 cunt
1606 4619 1686 4667 aceto
1698 4613 1763 4667 albo
1775 4629 1859 4682 quana

1054 4687 1199 4739 acerrimo.
1237 4682 1301 4735 lton
1322 4685 1353 4734 tit
1372 4680 1425 4735 hoc
1448 4682 1501 4733 nisi
1521 4684 1742 4737 aestuosissimis
1760 4684 1859 4738 diebus

1055 4757 1131 4810 circa
1151 4754 1234 4807 Canis
1256 4758 1358 4804 ortum.
1395 4752 1513 4805 Teritur
1532 4760 1636 4815 autem,
1659 4751 1748 4807 donec
1770 4752 1860 4807 viride

1054 4827 1114 4888 fiat,
1133 4821 1335 4889 contrahatque
1353 4836 1384 4874 se
1397 4824 1612 4876 vermiculorum
1624 4824 1727 4891 specie,
1746 4824 1861 4878 undeet

1055 4911 1166 4950 nomen.
1202 4892 1283 4956 Quod
1303 4890 1398 4943 vitium
1420 4898 1451 4943 ut
1471 4892 1652 4956 emendetur,
1671 4893 1744 4947 duae
1765 4901 1859 4960 partes

1055 4981 1127 5033 quae
1147 4962 1229 5016 luere
1249 4960 1331 5025 aceti,
1353 4962 1504 5015 nriseentur
1525 4965 1606 5017 urina
1627 4965 1706 5032 pueri
1727 4962 1858 5029 impubis.

1054 5035 1129 5088 ldem
1140 5039 1233 5086 autem
1246 5031 1274 5083 in
1285 5030 1495 5085 medicamentis
1506 5040 1535 5087 et
1544 5042 1677 5087 santerna
1687 5032 1781 5092 efficit,
1804 5045 1859 5097 qua

1055 5106 1178 5157 diximus
1188 5116 1286 5154 aurunt
1297 5100 1484 5164 ferruminari,
1506 5120 1626 5172 ususque
1637 5103 1789 5167 utriusque,
1810 5098 1860 5165 qui

1055 5171 1208 5241 aeruginis.
1244 5170 1370 5224 Scolecia
1381 5172 1412 5222 tit
1423 5177 1451 5223 et
1462 5187 1513 5241 per
1525 5190 1565 5239 se,
1587 5174 1688 5228 derasa
1699 5172 1734 5223 ab
1744 5167 1857 5220 sermio

1054 5243 1083 5295 la
1103 5242 1160 5305 ide,
1181 5240 1281 5308 dequo
1293 5241 1508 5297 nuncdieemus.

1117 5311 1192 5364 xsie
1211 5310 1349 5364 Chalcitin
1371 5320 1473 5365 vocant
1492 5313 1623 5382 lapidem,
1644 5324 1679 5360 ea
1691 5319 1745 5373 quo
1767 5303 1857 5371 ipsum

1054 5398 1103 5436 aes
1116 5381 1253 5449 coquitur.
1290 5380 1409 5434 Distata
1421 5382 1539 5443 cadmia,
1562 5377 1636 5448 quod
1647 5377 1697 5428 illa
1707 5389 1792 5441 super
1802 5379 1858 5425 ter·

1053 5468 1114 5507 ram
1125 5468 1159 5506 ex
1170 5450 1343 5503 subdialibus
1355 5454 1442 5519 petris
1453 5451 1591 5511 caeditur,
1612 5446 1680 5498 haec
1691 5458 1724 5497 ex
1737 5442 1857 5496 obrutis·

1054 5523 1125 5576 item
1138 5520 1210 5590 quod
1221 5518 1348 5573 chalcitis
1360 5520 1427 5574 friat
1436 5537 1467 5572 se
1477 5520 1582 5579 statium
1593 5512 1688 5566 mollis
1696 5522 1806 5574 natur&
1825 5520 1858 5565 ¹¹⁸

1053 5592 1183 5648 rideatur
1200 5591 1304 5661 lanugo
1325 5598 1467 5643 concreta.
1510 5586 1610 5639 Esset
1630 5582 1688 5638 alia
1707 5580 1858 5649 dutmetlo,

1404 5682 1469 5742 ω’
1561 5734 1566 5743 .
