4374 6014
276 290 283 305 .
320 243 386 303 tut
482 234 516 298 0.
549 229 697 292 Pthll
731 221 1131 287 secunelnnrtllt
1157 221 1337 284 lltsrott
1360 218 1637 281 ulexxxvl.
1674 220 1768 282 CAP.
1792 225 1820 281 t.

259 436 265 448 .
324 406 399 446 rura.
434 385 593 442 Ostendant
614 385 644 434 et
663 376 730 433 Iasii
740 376 862 429 Diuum
884 375 1012 428 manibus
1033 389 1129 429 unnim

324 460 441 515 laetam.
476 459 512 510 Bt
527 456 556 506 in
572 453 635 519 ipsa
646 448 716 501 Chio
734 453 848 498 narrata
864 452 907 499 ast
922 446 1016 513 operis
1032 458 1129 496 eonion

229 526 239 537 ’
326 530 438 585 Dianae
450 525 535 578 iacies
546 525 575 575 in
587 519 698 572 sublimi
708 518 808 585 posita,
818 517 897 567 caius
907 517 1014 567 vultam
1026 516 1129 566 intran·

327 607 372 655 tes
384 601 501 660 tristem,
522 598 654 645 exeuntes
666 588 817 641 hilaratum
831 592 941 653 patant.
976 584 1081 636 Romae
1092 587 1128 635 si·

327 685 385 740 gua
395 682 490 721 eoram
502 650 566 713 s'ant
577 663 604 711 in
620 659 752 711 Palatina
767 656 844 718 aede,
864 653 1001 722 Apollinis
1011 654 1040 705 in
1051 653 1130 704 iasti-

328 741 387 809 gio,
408 736 474 789 etia
491 732 618 783 omnihus
638 729 697 781 lere
714 742 784 794 qaae
800 724 1037 792 BirasAagastas
1054 723 1129 774 fecit.

327 808 421 864 Patris
433 817 541 870 quoqne
552 814 648 851 eorum
659 807 687 850 et
699 797 765 850 Beli
777 795 855 848 luere
871 809 967 861 opera,
977 801 1006 846 et
1020 794 1048 844 in
1060 793 1129 844 Les·

327 880 365 932 ho
377 873 476 928 iu‘sula.
512 869 632 936 Dipoeni
644 867 753 935 quidem
764 866 920 927 Ambracia,
935 865 1032 931 Argos,
1045 863 1129 914 Cleo·

327 962 392 1007 nae,
401 941 535 1010 operibus
545 938 668 991 refertae
679 938 766 988 fuera.
803 936 905 987 Omnes
917 939 1009 985 autem
1023 939 1129 984 tantum

329 1013 448 1071 candido
461 1024 599 1062 ιιιιιιιιιοιι
611 1009 653 1059 usi
663 1012 728 1058 sant
739 1004 837 1057 ePsro
847 1003 947 1067 insula,
968 1016 1048 1070 quem
1060 1001 1129 1067 lapi·

329 1087 394 1141 dem
405 1096 522 1149 coepere
533 1078 676 1146 lychniten
689 1074 840 1143 appellare,
853 1074 983 1141 quoniam
994 1072 1030 1123 ad
1043 1071 1131 1122 lacer·

328 1171 381 1211 nas
393 1154 422 1205 io
434 1150 570 1204 cuniculis
578 1148 748 1208 caederetur,
758 1151 788 1196 ut
798 1151 895 1196 auctor
906 1140 1130 1202 cstVarre,mul-

328 1226 368 1278 tis
378 1229 478 1291 postea
489 1219 695 1272 candidioribus
707 1217 833 1283 repertis,
845 1228 932 1279 nuper
943 1212 1027 1262 etiam
1039 1211 1067 1261 in
1077 1209 1132 1261 La·

328 1293 456 1348 niensium
470 1287 636 1356 lapicidinis.
673 1285 726 1337 Sed
738 1286 767 1334 ιιι’
775 1282 919 1335 Pariorum
930 1281 1058 1332 mirabile
1069 1293 1132 1346 pro·

329 1364 415 1424 ditur,
428 1361 510 1428 gleba
522 1356 624 1424 lapidis
636 1355 715 1406 unius
730 1354 824 1404 cuneis
837 1351 1019 1405 dividentium
1029 1349 1132 1412 soluta,

329 1433 482 1499 imaginem
493 1427 580 1480 Sileni
593 1424 742 1477 exstitisse.
939 1466 949 1479 χ

366 1501 391 1555 3.
402 1500 464 1553 Non
476 1495 668 1557 omittendam,
679 1492 748 1544 hanc
759 1498 846 1543 artem
859 1497 937 1543 tante
948 1490 1131 1543 vetustiorem

328 1570 427 1633 fuisse,
437 1584 519 1638 quant
532 1567 678 1633 picturam,
686 1570 735 1615 aut
747 1562 1045 1627 statuariam,quarum
1057 1565 1131 1611 utra·

330 1656 385 1709 que
398 1655 458 1693 cum
470 1637 567 1690 Phidia
578 1636 670 1702 coepit
683 1630 811 1684 lxxxxii
823 1630 999 1699 Olympiade,
1008 1637 1073 1697 post
1085 1645 1131 1680 an·

328 1725 384 1764 tros
396 1708 509 1761 circiter
520 1700 662 1757 trecentos
674 1703 786 1769 triginta
799 1701 877 1751 duos.
913 1701 950 1751 Bt
965 1702 1053 1767 ipsunt
1066 1697 1129 1750 Phi·

286 1834 288 1838 ,
330 1780 408 1833 diam
420 1775 535 1828 tradunt
546 1773 695 1839 scalpsisse
707 1786 855 1831 moratura,
867 1768 1058 1837 Veneremque
1070 1769 1129 1819 cias

330 1863 393 1903 esse
405 1847 511 1897 Romae
522 1845 549 1894 in
560 1844 691 1894 Octaviae
708 1841 839 1908 operibus
851 1840 968 1891 eximiae
980 1836 1131 1906 pulchritu-

331 1917 416 1971 dinis.
453 1914 627 1967 Alcameuem
641 1911 835 1963 Atheniensem
857 1909 945 1975 (quud
960 1916 1065 1960 certata
1077 1909 1131 1967 est)

331 1985 431 2040 docuit
441 1984 469 2035 in
480 1983 579 2051 primis
589 1981 726 2042 nobilem,
749 1979 826 2030 cuias
843 1983 907 2028 sunt
919 1990 1005 2043 opera
1016 1975 1131 2029 Athenis

333 2056 476 2124 complura
486 2055 516 2106 ie
527 2052 643 2106 aedibus
655 2050 751 2109 sacris,
764 2047 963 2115 praeclaraque
975 2048 1070 2101 Vcaas
1083 2060 1130 2097 ex·

330 2135 378 2181 tra
388 2140 492 2189 muros,
500 2137 571 2189 qaae
582 2115 900 2187 appellaturApbroditc
911 2119 937 2163 lu
946 2113 1045 2179 κήποις.
1058 2113 1132 2166 Huic

331 2210 468 2250 summam
492 2205 602 2244 uranum
623 2190 682 2255 ipse
703 2186 815 2239 Phidias
837 2184 1004 2250 imposuisse
1021 2184 1131 2236 dicitur.

332 2265 467 2320 Eiusdem
481 2260 633 2328 discipulas
644 2258 698 2309 fait
707 2256 887 2326 Agoracritus
897 2254 1007 2316 Parius,
1018 2256 1043 2306 ci
1056 2261 1133 2307 aeta·

332 2344 363 2390 te
383 2340 490 2403 gratas.
527 2332 624 2396 ltaque
641 2345 655 2380 ι
672 2327 729 2378 suis
742 2328 873 2395 operibus
885 2325 1017 2391 pleraque
1028 2323 1133 2376 nontini

333 2406 394 2459 eius
405 2405 526 2456 donasse
536 2399 634 2451 fertur.
660 2399 810 2450 Certavere
820 2401 913 2447 autem
924 2395 999 2445 inter
1009 2410 1039 2447 se
1051 2394 1133 2445 ambo

281 2494 287 2499 ·
333 2473 466 2541 discipuli
476 2469 615 2524 iuVeaere
627 2467 770 2520 faciendas
782 2465 1070 2532 vicitqueAlcamenes
1081 2479 1136 2515 non

334 2560 428 2611 opere,
438 2541 486 2595 sed
498 2542 619 2592 civitatis
629 2538 782 2605 suffragiis,
793 2543 889 2588 contra
900 2536 1074 2601 peregrinam
1083 2549 1135 2585 suo

333 2613 466 2668 fatentis.
502 2613 597 2673 Quare
608 2609 789 2675 Agoracritus
808 2621 842 2659 ea
862 2605 925 2673 lege
935 2604 1045 2672 signum
1056 2619 1135 2655 saum

333 2681 491 2737 uendidisse
503 2679 636 2740 traditur,
658 2692 692 2729 ne
702 2676 819 2728 Athenis
830 2684 920 2736 ιιιιι,
940 2681 969 2725 et
979 2674 1135 2741 appellasse

333 2753 474 2807 Nemesin.
511 2749 540 2799 ld
553 2748 673 2815 positam
687 2751 730 2798 est
746 2745 919 2797 Rhamnunte
935 2757 1006 2811 pago
1018 2746 1136 2805 Atticae,

356 2821 410 2874 aod
421 2822 460 2872 M.
474 2821 562 2872 Varro
574 2817 704 2868 omnihus
720 2815 806 2882 signis
821 2814 963 2880 praetulit.
1000 2816 1051 2866 Est
1068 2820 1096 2864 et
1108 2813 1134 2862 iu

368 2891 437 2944 attis
446 2890 567 2955 Magnae
579 2886 693 2939 dolabro
705 2882 735 2935 in
746 2884 843 2936 cadem
857 2882 1135 2950 civitateAgoracriti

333 2977 351 3013 o
372 2977 414 3012 as.

353 2977 395 3082 pti.
416 3022 540 3080 Phidiam
563 3024 749 3075 almissimam
771 3037 831 3073 esse
854 3036 903 3087 per
920 3026 1135 3087 onrnesgentea,

334 3114 406 3167 qaae
418 3096 490 3147 loris
502 3093 628 3160 Olympii
639 3091 743 3143 faniam
764 3089 941 3157 intelligant,
962 3105 1042 3140 nenio
1054 3089 1134 3140 dabi-

331 3174 391 3221 tnt:
414 3164 464 3217 sed
486 3169 516 3213 ut
535 3163 638 3213 nicrite
650 3160 759 3212 laudari
776 3159 875 3219 sciant,
898 3161 980 3209 etiam
991 3159 1038 3224 qui
1050 3173 1135 3225 opera

333 3238 395 3293 eius
417 3250 469 3286 non
492 3231 630 3295 siderant,
653 3230 824 3298 proferemus
836 3233 1000 3296 argumenta
1011 3242 1096 3293 parra
1107 3236 1136 3279 et

332 3306 440 3377 ingenii
457 3311 578 3357 tantum.
615 3303 711 3369 Neque
732 3300 767 3352 ad
784 3297 837 3350 hoc
852 3298 926 3349 loris
936 3297 1060 3365 Olympii
1073 3298 1134 3365 pul·

333 3375 495 3431 chritadine
506 3385 628 3436 utemur,
638 3388 693 3424 noa
705 3368 967 3422 MinervaeAtheais
978 3368 1069 3420 factae
1079 3382 1135 3419 ant·

354 3447 482 3508 bladino,
503 3460 564 3496 cam
583 3445 665 3494 sitea
684 3439 1031 3506 cubitoramvigintise13
1051 3439 1135 3490 ebore

332 3462 405 3570 Haec
416 3522 445 3568 ιι
456 3530 524 3580 auro
537 3516 661 3565 coastat:
683 3511 733 3562 sed
742 3517 821 3561 scuto
834 3509 903 3572 eius,
915 3511 942 3559 in
954 3522 1009 3574 quo
1021 3512 1136 3561 Amazo-

332 3601 402 3639 stttm
414 3580 888 3649 proelianicaclaritintumescente
896 3579 1133 3646 ambitaparmae:

334 3652 461 3705 eiusdem
475 3665 597 3699 concaua
609 3656 686 3714 parte
699 3648 814 3700 deorum
827 3655 856 3698 et
866 3649 1009 3714 gigantum
1021 3647 1134 3699 dimica·

333 3721 456 3773 tionem:
468 3717 498 3767 in
509 3716 595 3767 soleis
606 3731 672 3767 rcro
684 3714 866 3782 Lapitharum
879 3722 907 3767 et
919 3718 1134 3768 Centaurorum:

334 3784 407 3841 adeo
436 3790 577 3838 montenis
598 3786 692 3834 otunia
712 3785 825 3849 capacia
843 3784 967 3835 artisilli
980 3785 1068 3836 luere.
1104 3785 1135 3836 ln

333 3860 401 3911 base
412 3863 507 3907 autem
518 3852 590 3920 quod
602 3854 738 3904 caelatam
751 3860 802 3914 est,
810 3852 951 3903 Pandoras
964 3854 1076 3919 genesin
1088 3868 1135 3921 ap·

333 3928 464 3999 pellarit:
479 3924 519 3976 ihi
531 3923 568 3975 dii
581 3923 704 3975 suntXX
716 3937 831 3974 nanneno
843 3930 999 3985 nascentes,
1008 3924 1136 3977 Victoria

332 3995 484 4068 praecipue
505 3992 636 4045 mirabili.
675 3993 762 4045 Periti
778 3992 916 4043 mirantur
929 4000 958 4045 ct
968 4000 1136 4058 serpentem,

335 4085 369 4121 ac
389 4068 440 4119 sah
463 4067 525 4131 ipsa
543 4063 656 4132 cuspide
672 4077 782 4115 aeream
794 4059 947 4130 sphingem.
984 4063 1137 4116 Haccsant

335 4139 428 4191 obiter
439 4137 515 4188 dicta
525 4134 559 4187 de
569 4134 676 4187 artiliee
687 4149 826 4202 nunquam
834 4132 1040 4186 satislaudato:
1053 4134 1135 4186 simul

333 4214 367 4261 ut
377 4214 508 4259 noscatur
519 4204 597 4257 illata
608 4205 843 4273 magnificentiam
854 4203 998 4271 aequalem
1010 4203 1098 4258 luisse
1108 4213 1136 4259 et

333 4277 364 4329 ia
391 4279 474 4328 arvis.

371 4293 400 4397 ἕ.
409 4344 558 4397 Praxitelis
569 4350 689 4398 aetatem
702 4344 775 4395 inter
783 4346 938 4397 statuarios
949 4344 1080 4406 diximus,
1090 4346 1135 4411 qul

333 4415 483 4466 marmoris
495 4414 586 4479 gloria
597 4416 739 4481 superarit
749 4413 834 4477 etiam
848 4421 944 4466 semet.
974 4415 1067 4481 Opera
1076 4417 1136 4467 eias

335 4488 401 4535 sunt
411 4481 525 4533 Athenis
536 4484 563 4534 iu
571 4484 727 4536 Ceramico:
739 4482 790 4534 sed
799 4492 863 4537 aute
876 4484 977 4547 omnia,
988 4492 1017 4535 et
1027 4498 1081 4535 non
1092 4498 1135 4535 so·

334 4552 394 4604 lam
405 4549 565 4614 Praxitelis,
582 4569 678 4607 rerum
689 4559 717 4607 et
728 4553 757 4604 iu
770 4560 831 4605 toto
843 4555 911 4605 orbe
921 4559 1069 4614 terraram,
1079 4555 1134 4606 Ve-

334 4635 396 4680 nas,
415 4635 495 4685 quant
507 4628 537 4671 at
547 4621 676 4676 viderent
685 4624 776 4687 utalti,
792 4623 993 4690 navigaverunt
1004 4622 1134 4674 Gnidum.

335 4689 414 4741 Duas
438 4688 554 4753 lecerat,
573 4692 711 4761 simulque
730 4692 883 4753 vendebat,
903 4693 1022 4744 alterans
1043 4692 1144 4743 velata

334 4757 436 4825 specie,
459 4773 539 4825 qaam
561 4762 597 4812 ob
619 4764 647 4815 td
665 4764 775 4833 quidem
795 4761 995 4828 praetulerant,
1017 4776 1133 4830 qaorum

336 4827 461 4880 conditio
473 4834 544 4890 erat,
562 4832 622 4893 Coi,
637 4849 697 4885 cam
708 4831 825 4884 alteram
837 4833 921 4883 etiam
934 4830 1034 4883 eodem
1045 4832 1134 4897 pretio

336 4898 494 4959 detulisset,
515 4913 642 4950 severam
660 4901 688 4952 id
704 4915 736 4951 sc
748 4901 877 4966 pudicum
889 4901 1073 4952 arbitrantcsr
1093 4916 1134 4952 re·

333 4968 435 5021 iactam
448 4966 541 5018 Gnidii
552 4978 692 5032 emeram,
711 4972 846 5021 immensa
864 4969 1023 5022 differentia
1034 4970 1135 5023 lautae.

1183 379 1278 438 necta,
1287 370 1439 426 simulacre
1449 369 1616 435 cohaesisse,
1626 371 1742 441 eiusque
1752 372 1915 442 rupiditatis
1924 392 1984 429 csse

1182 444 1302 497 iudicem
1315 443 1463 495 maculam.
1492 436 1563 493 Sunt
1571 442 1600 492 in
1610 441 1701 493 Gnido
1713 449 1742 495 et
1753 444 1812 496 ulia
1823 445 1903 514 signa
1915 462 1984 497 niar-

1182 530 1280 567 morea
1292 514 1442 565 illustrium
1453 512 1604 564 artificum:
1623 511 1711 564 Liber
1721 512 1806 565 l‘atcr·
1815 512 1982 582 Bryaxidis:

1183 592 1212 637 et
1220 584 1295 636 ulter
1305 583 1424 649 Scopae,
1436 590 1465 633 et
1476 582 1617 633 Minerua:
1636 585 1789 634 neomutus
1801 584 1878 636 aliud
1892 584 1916 637 V
1917 602 1982 638 ene·

1181 654 1221 705 ris
1232 653 1405 706 Praxiteliae
1414 651 1563 719 specimen,
1579 664 1661 717 qaam
1673 652 1745 719 quod
1756 654 1831 707 inter
1842 654 1911 707 haec
1922 657 1985 708 sola

1183 729 1361 775 memoratur.
1398 720 1527 774 Eiusdem
1549 728 1593 772 est
1607 725 1637 772 et
1646 721 1752 788 Cupido
1768 723 1895 775 obiectus
1907 742 1924 776 a
1936 724 1984 778 Ci-

1171 807 1283 845 *corone
1291 791 1383 853 Verri,
1395 791 1444 844 ille
1454 798 1570 858 propter
1581 791 1985 859 qaemThespiaerisebnntar,

1182 877 1255 914 nuuc
1266 865 1293 913 in
1306 862 1441 915 Octauiae
1451 858 1556 913 scholis
1567 860 1683 927 positus.
1720 862 1851 913 Eiusdem
1872 871 1900 914 et
1911 865 1987 915 alter

1183 931 1276 983 nutias
1287 932 1315 982 in
1323 929 1405 983 Pario
1416 930 1528 983 colonia
1539 930 1730 997 Propontidis,
1745 946 1795 998 par
1806 929 1907 983 Veneri
1917 933 1986 985 Gni-

1184 1001 1249 1054 diae
1260 1000 1417 1063 nobilitate,
1439 1006 1468 1054 et
1478 1000 1589 1052 iniuria.
1625 1000 1772 1055 Adamam't
1785 1001 1856 1053 enim
1869 1017 1930 1054 eam
1940 1003 1985 1055 Al·

1185 1070 1280 1122 chidas
1292 1069 1427 1134 Rhodias,
1448 1078 1531 1139 atquc
1552 1071 1579 1120 in
1599 1085 1633 1123 eu
1653 1085 1765 1139 quoque
1778 1072 1870 1123 simile
1882 1075 1983 1124 autoris
2086 1128 2093 1137 ‚

1183 1141 1331 1208 vestigium
1354 1140 1476 1207 reliquit.
1512 1141 1619 1192 Romae
1634 1139 1785 1193 Praxitelis
1803 1156 1890 1209 opera
1908 1149 1981 1207 sant,

1184 1210 1278 1272 Flora,
1301 1210 1506 1277 Triptolemus,
1527 1211 1610 1263 Ceras
1622 1212 1650 1261 in
1661 1208 1752 1263 hortis
1764 1210 1890 1263 Servilii:
1911 1211 1982 1264 Beni

1184 1280 1317 1341 Euentus,
1329 1286 1357 1331 et
1367 1281 1463 1332 Bonae
1474 1280 1615 1332 Fortunae
1627 1282 1778 1333 simulacra
1788 1282 1816 1332 in
1828 1283 1982 1349 Capitolio:

1184 1350 1252 1403 item
1262 1356 1291 1403 et
1301 1350 1468 1411 Maenades,
1490 1356 1519 1403 et
1533 1366 1601 1417 qaas
1613 1349 1745 1417 Thyades
1757 1358 1872 1416 uocant,
1895 1354 1982 1405 etCa·

1183 1418 1323 1487 ryatidas:
1344 1426 1373 1472 et
1385 1420 1488 1482 Sileni,
1506 1422 1533 1471 in
1546 1420 1681 1472 Pollionis
1691 1421 1779 1472 Asinii
1789 1422 1981 1486 monumentis,

1184 1496 1213 1542 et
1224 1489 1323 1557 Apollo
1335 1498 1364 1543 et
1374 1490 1527 1557 Neptunus.

1218 1558 1246 1612 d.
1261 1558 1411 1611 Praxitelis
1431 1559 1505 1611 lilius
1521 1557 1742 1626 Cephissodoras
1763 1568 1792 1615 et
1812 1562 1883 1615 artis
1902 1562 1980 1615 heres

1183 1629 1245 1681 fait.
1282 1630 1366 1681 Caius
1385 1628 1527 1681 laudatura
1546 1637 1588 1680 cst
1600 1628 1728 1698 Pergami
1742 1632 1926 1700 symplegma,
1945 1633 1981 1684 ιι·

1183 1714 1267 1767 gnum
1279 1698 1384 1762 nobile,
1403 1697 1499 1767 digitis
1510 1700 1619 1765 corpori
1629 1701 1732 1763 serias,
1749 1716 1831 1768 quam
1844 1702 1981 1764 nrarmori,

1182 1768 1982 1894 illiti·litt}:ltllet.‘lttrltthihiittl

1183 1907 1258 2026 intrDa
1268 1908 1402 1960 Octaviae
1413 1908 1537 1977 porticus
1549 1908 1577 1958 in
1589 1908 1701 1960 lunonis
1715 1911 1782 1962 aede
1792 1910 1983 1976 Aesculapius,

1185 1991 1218 2028 ac
1257 1991 1329 2028 tarra.

1220 2047 1245 2096 7.
1264 2043 1371 2111 Scopae
1383 2044 1445 2096 lsus
1456 2059 1518 2097 cam
1528 2043 1572 2096 his
1583 2052 1684 2099 ,certat
1720 2047 1746 2099 ls
1758 2045 1826 2100 lecit
1835 2048 1984 2111 Venerem,

1185 2120 1215 2166 et
1225 2112 1345 2177 Pothan,
1355 2121 1384 2165 et
1395 2112 1608 2179 Phaethontem,
1619 2116 1855 2183 qaiSamothrace
1865 2118 1984 2170 sanctis·

1185 2183 1263 2235 simis
1275 2184 1436 2236 cerimoniis
1453 2185 1590 2256 colantur:
1628 2188 1696 2239 ltem
1707 2188 1865 2253 Apollinem
1879 2186 1983 2241 Palati·

1186 2270 1260 2317 narrt,
1273 2254 1387 2306 Vestam
1398 2254 1541 2306 sedentem
1554 2254 1692 2305 latidntam
1704 2257 1732 2305 in
1742 2255 1905 2308 Servilianis
1918 2257 1984 2308 hor·

1187 2322 1233 2387 tis,
1253 2323 1378 2391 duaeque
1389 2322 1580 2376 chametaeras
1599 2325 1751 2385 circaeam,
1773 2338 1888 2393 quaram
1900 2340 1985 2395 pares

1186 2394 1214 2444 in
1226 2394 1312 2445 Asinii
1334 2395 1519 2445 monumentis
1530 2401 1603 2458 sarit,
1621 2394 1669 2445 abi
1681 2402 1709 2445 et
1718 2393 1896 2461 Canephoros
1907 2397 1983 2447 eius-

1187 2463 1259 2515 dem.
1295 2463 1349 2516 Sed
1360 2466 1388 2516 ιιι
1398 2463 1520 2515 niaxinta
1539 2463 1699 2532 dignatione
1710 2467 1760 2516 Cu.
1772 2463 1890 2515 Domitii
1903 2464 1983 2516 dela·

1186 2534 1237 2585 hro
1249 2535 1276 2584 in
1287 2535 1367 2585 Circo
1377 2533 1516 2587 Flaminio
1527 2534 1670 2601 Neptunus
1682 2534 1755 2600 ipse,
1776 2541 1803 2587 et
1813 2533 1923 2596 Thetis,
1944 2540 1986 2585 at·

1187 2619 1239 2670 que
1250 2601 1379 2666 Achilles,
1387 2604 1520 2657 Nereides
1529 2619 1613 2671 supra
1624 2603 1769 2671 delphinos
1778 2610 1806 2657 et
1818 2612 1880 2657 cete
1889 2609 1917 2656 et
1926 2603 1986 2671 hip-

1187 2688 1336 2741 posampos
1345 2673 1484 2727 sedentes.
1499 2675 1568 2725 item
1581 2675 1722 2737 Tritones,
1734 2673 1890 2742 chorusque
1900 2672 1985 2725 Phor·

1188 2744 1221 2804 ci,
1240 2750 1268 2794 et
1279 2743 1389 2810 pristes,
1408 2758 1442 2796 ac
1453 2744 1541 2795 melta
1553 2743 1611 2797 ulla
1620 2743 1738 2807 marina,
1760 2744 1853 2797 omnia
1864 2743 1983 2797 eiusdem

1188 2828 1294 2875 manus,
1314 2814 1487 2880 praeclarum
1500 2830 1579 2883 opas,
1602 2815 1685 2867 etlam
1699 2817 1722 2866 si
1735 2817 1822 2867 totius
1834 2815 1911 2867 uitae
1921 2812 1984 2865 fais·

1188 2888 1240 2934 set.
1276 2883 1356 2935 Nunc
1366 2899 1433 2933 vero
1444 2892 1556 2948 praeter
1566 2899 1652 2949 supra
1664 2886 1750 2945 dicta,
1761 2898 1887 2951 quaeque
1899 2882 1984 2934 nesci·

1187 2966 1262 3012 nias,
1283 2951 1359 3001 Mars
1370 2957 1413 3001 est
1424 2951 1574 3002 etiamnum
1585 2953 1686 3003 sedens
1698 2953 1842 3005 colosscas
1854 2952 1983 3016 eiusdem,

1186 3021 1214 3071 in
1226 3021 1330 3087 templo
1342 3019 1422 3071 Bruti
1432 3020 1546 3071 Callaici
1558 3021 1631 3088 apud
1643 3022 1755 3073 Circum
1765 3025 1890 3075 eandem.
1901 3021 1983 3073 Prae·

1187 3097 1266 3142 terea
1277 3089 1371 3143 Venus
1389 3090 1527 3142 incudem
1544 3090 1607 3142 leco
1623 3090 1698 3142 nuda
1713 3090 1891 3145 Pratiteiiam
1907 3091 1982 3143 illam

1187 3161 1365 3226 antecedens,
1385 3167 1415 3213 et
1426 3174 1616 3229 quemcunque
1633 3161 1720 3213 aliani
1742 3160 1835 3214 locum
1853 3161 1983 3214 nohilita-

1186 3236 1257 3281 tuta·

1222 3300 1247 3350 8.
1267 3299 1373 3352 Romae
1384 3297 1495 3367 quidem
1505 3299 1668 3369 magnitudo
1680 3315 1795 3368 operam
1811 3314 1872 3352 casn
1883 3300 1983 3352 oblite·

1186 3376 1279 3433 ratae
1291 3370 1382 3436 magni
1393 3369 1883 3439 officioramuegotiorumqaeacerri
1891 3384 1985 3421 ontnes

1187 3453 1205 3490 a
1216 3440 1453 3506 contemplatione
1464 3439 1562 3492 talium
1575 3442 1724 3504 abducunt,
1737 3443 1867 3507 quoniam
1879 3440 1985 3491 otioso-

1187 3524 1247 3560 ram
1270 3515 1298 3560 et
1318 3509 1346 3559 in
1363 3524 1463 3577 nmgno
1481 3510 1537 3562 loci
1556 3511 1669 3562 silentio
1682 3510 1906 3577 aptandnriratio
1919 3509 1985 3560 talis

1187 3586 1239 3630 est.
1255 3578 1317 3640 Qun
1329 3577 1364 3630 de
1376 3593 1459 3630 caasa
1469 3580 1615 3647 ignoratur
1627 3580 1728 3632 artilex
1739 3582 1799 3647 ιιιι
1810 3594 1919 3647 qaoque
1931 3576 1985 3630 Ve-

1189 3648 1273 3711 neris,
1292 3664 1373 3715 qaam
1385 3651 1572 3716 Vespasianus
1585 3653 1738 3717 lmpcrator
1749 3650 1776 3700 in
1789 3650 1919 3716 operibus
1930 3648 1972 3699 Pa

1188 3717 1227 3768 cis
1237 3732 1307 3769 suae
1317 3718 1428 3780 dicavit,
1439 3720 1614 3787 antiquorum
1626 3720 1735 3784 dignum
1748 3716 1833 3769 lama.
1854 3714 1909 3766 Par
1921 3714 1988 3770 hue·

1188 3787 1288 3839 sitatio
1299 3794 1342 3839 est
1353 3790 1381 3837 ιιι
1393 3788 1498 3855 templo
1509 3790 1643 3857 Apollinis
1655 3788 1778 3848 δοιιιιιιι,
1799 3785 1905 3839 Nioben
1921 3800 1984 3836 eam

1187 3858 1283 3909 liberis
1295 3858 1466 3921 morientem,
1474 3858 1577 3925 Scopas
1586 3872 1621 3909 an
1633 3855 1903 3912 Praxitelesfeeerit:
1915 3855 1984 3907 item

1188 3930 1271 3981 lanus
1293 3932 1374 3994 pater
1393 3926 1422 3979 in
1444 3943 1496 3980 suo
1514 3928 1736 3994 templodicatas
1748 3926 1783 3977 ab
1795 3928 1929 3992 Augusto,
1951 3940 1986 3976 cx

1187 3999 1316 4064 Aegypto
1328 3995 1469 4061 advectus,
1491 3999 1581 4049 utrius
1592 4011 1688 4049 manus
1698 3996 1744 4059 ιιι,
1765 3998 1820 4048 iam
1833 3994 1942 4067 quidem
1957 4002 1986 4047 et

1189 4082 1256 4120 auro
1269 4067 1432 4119 occultatas.
1470 4067 1606 4121 Similiter
1626 4070 1655 4120 ln
1666 4067 1751 4121 Curia
1762 4066 1895 4117 Octaviae
1905 4079 1986 4132 qaae·

1187 4140 1260 4189 ritur
1270 4137 1303 4189 dc
1311 4137 1444 4203 Cupidine
1452 4136 1558 4189 fulmen
1568 4145 1691 4190 tenettte.
1702 4135 1733 4189 ld
1744 4136 1853 4188 demam
1866 4133 1986 4186 adiuntu-

1187 4215 1242 4269 tar,
1254 4207 1424 4258 Alcibiadem
1435 4222 1497 4259 esse
1508 4208 1660 4275 principem
1672 4207 1766 4259 lorma
1777 4206 1804 4257 in
1815 4220 1849 4258 ea
1860 4210 1961 4258 aetate.

1221 4277 1315 4330 Malta
1330 4277 1358 4327 in
1376 4276 1471 4329 eadem
1487 4276 1586 4329 schola
1606 4281 1666 4329 sine
1685 4276 1848 4329 auctoribus
1869 4275 1987 4342 placeat.

1188 4346 1284 4412 Satyri
1294 4352 1429 4416 quatuor:
1439 4363 1475 4399 ex
1486 4348 1585 4414 quihus
1595 4347 1804 4399 anasLiherunr
1816 4352 1922 4412 patrem
1931 4342 1987 4409 pal·

1188 4416 1349 4469 lanciatam
1365 4414 1480 4469 Veneris
1496 4418 1634 4482 praefert:
1657 4417 1870 4469 alterlsiberam
1887 4411 1987 4464 simili·

1190 4490 1249 4538 ter:
1270 4486 1374 4537 tertius
1385 4487 1524 4553 ploratum
1536 4487 1651 4538 infantis
1660 4485 1788 4538 cohibet:
1801 4489 1915 4552 quartus
1925 4494 1984 4532 cra·

1187 4560 1248 4607 tere
1260 4557 1375 4607 ulterius
1385 4557 1461 4607 sitini
1472 4555 1568 4607 sedat:
1579 4556 1707 4624 duaeque
1717 4558 1808 4607 Aurae
1818 4553 1988 4607 velificantes

1187 4630 1334 4676 saarcste.
1370 4625 1429 4677 Nec
1439 4627 1531 4677 minor
1541 4627 1668 4692 quaestio
1681 4632 1724 4676 est
1734 4624 1762 4675 in
1775 4624 1877 4691 Septis,
1894 4621 1990 4688 Olym·

1187 4708 1251 4762 pam
1264 4700 1293 4746 ιι
1300 4693 1384 4756 Pana,
1395 4693 1597 4762 Chiroucmqau
1607 4710 1668 4747 cum
1677 4693 1794 4754 Achille,
1803 4695 1850 4758 qui
1858 4691 1988 4743 fecefint:

1186 4764 1352 4831 pracsertim
1373 4779 1435 4815 cant
1457 4765 1574 4831 capitali
1589 4763 1776 4817 satisdatione
1793 4761 1991 4814 remaledicat

1190 4834 1217 4884 di
1238 4849 1298 4886 nos.

1220 4854 1247 4955 V.
1266 4902 1370 4968 Scopas
1380 4899 1477 4953 habuit
1486 4902 1611 4954 aemulo
1621 4900 1717 4953 eadem
1728 4904 1832 4962 aetate,
1851 4898 1990 4966 Bryaxin,

1186 4979 1216 5026 ct
1224 4971 1417 5032 Timotheum,
1439 4970 1663 5029 eliseocharenr,
1683 4968 1718 5020 de
1739 4968 1840 5036 quihus
1851 4968 1936 5019 simul
1949 4969 1991 5019 di.

334 5036 434 5090 Voluit
456 5050 517 5087 eant
540 5043 637 5100 postca
658 5053 676 5089 a
686 5039 796 5092 Cnidiis
816 5042 933 5094 mercari
949 5055 997 5093 rex
1010 5041 1136 5091 Niconte·
1187 5040 1305 5094 cendum
1317 5048 1368 5098 est,
1379 5042 1510 5107 quoniam
1522 5041 1629 5108 paritet·
1641 5038 1796 5098 caelavere,
1804 5039 1990 5090 Mausoleum.

335 5106 394 5167 des,
416 5111 507 5158 totam
518 5119 566 5155 aes
578 5104 701 5158 civitatis
712 5109 850 5172 ahenum,
870 5110 942 5176 quod
954 5116 1015 5163 erat
1027 5110 1135 5175 ingens,
1186 5110 1348 5178 Sepulcrum
1360 5106 1461 5163 horest
1470 5107 1758 5163 ahaxereArtemisia
1766 5107 1990 5160 lactuutlllaaso·

335 5176 537 5228 dissolutarum
547 5189 578 5226 se
590 5177 764 5241 promittens.
775 5179 873 5231 Omnia
883 5182 991 5247 perpeti
1005 5180 1136 5241 maluere,
1186 5181 1214 5232 lo
1222 5177 1746 5249 Cariaeregalofflaiebiitolympiadls
1754 5180 1991 5231 centesimaesex·

333 5247 550 5298 necimmerito:
572 5245 622 5296 illo
634 5246 706 5297 enim
717 5246 797 5311 signo
809 5246 963 5302 Praxiteles
975 5249 1137 5301 nobilitavit
1184 5250 1447 5303 taeannoseeando.
1460 5253 1536 5317 Opus
1545 5248 1571 5302 ld
1582 5256 1614 5300 ut
1625 5248 1782 5301 essetluter
1791 5256 1897 5314 septem
1905 5248 1989 5299 mirs-

335 5315 467 5367 Gnidum.
504 5315 642 5368 Aedicala
660 5314 720 5365 eius
736 5320 796 5364 tota
812 5317 949 5380 aperitur,
971 5327 1002 5370 at
1013 5319 1136 5384 conspici
1187 5318 1677 5382 calaiimaximeartilicesfecerc.
1715 5318 1991 5370 Patetahsastroet

332 5385 423 5449 possit
434 5385 555 5451 undique
567 5384 672 5452 elligies
686 5382 771 5445 deae,
789 5383 900 5437 lareute
913 5388 983 5454 ipsu,
1005 5396 1037 5439 ut
1047 5387 1136 5441 credi·
1186 5392 1388 5457 septemtrione
1398 5404 1552 5458 sexagenus
1564 5395 1661 5443 tcrnos
1672 5387 1988 5457 pedes,hreriasairon-

331 5461 387 5515 tur,
399 5453 483 5505 lacto.
503 5454 560 5505 Nee
570 5456 661 5508 utilior
671 5470 705 5508 ex
718 5468 882 5522 quacunque
894 5464 973 5521 parte
985 5458 1135 5510 admiratio
1186 5460 1271 5520 tibus,
1292 5468 1353 5511 toto
1376 5461 1495 5515 circuitu
1513 5459 1597 5528 pedes
1614 5460 1835 5528 quadringentos
1845 5455 1987 5507 undecim:

332 5530 383 5574 est.
397 5521 502 5576 Ferant
514 5538 609 5581 aurora
621 5534 730 5595 raptum
742 5525 891 5593 quendam,
901 5540 963 5576 curn
976 5526 1136 5582 delituisset
1186 5528 1326 5583 uttohitar
1337 5530 1364 5580 in
1375 5531 1553 5588 altitudinem
1565 5532 1667 5602 uiginti
1675 5527 1922 5598 qulnqueeabitis:
1934 5525 1988 5575 cln-
