<?xml version="1.0" encoding="UTF-8"?>
<!DOCTYPE html PUBLIC "-//W3C//DTD XHTML 1.0 Transitional//EN"
    "http://www.w3.org/TR/xhtml1/DTD/xhtml1-transitional.dtd">
<html xmlns="http://www.w3.org/1999/xhtml" xml:lang="en" lang="en">
 <head>
  <title>
</title>
<meta http-equiv="Content-Type" content="text/html;charset=utf-8" />
  <meta name='ocr-system' content='tesseract 3.04.00' />
  <meta name='ocr-capabilities' content='ocr_page ocr_carea ocr_par ocr_line ocrx_word'/>
</head>
<body>
  <div class='ocr_page' id='page_1' title='image "./historiaenatura00plingoog/historiaenatura00plingoog_0222.png"; bbox 0 0 4356 6014; ppageno 0'>
   <div class='ocr_carea' id='block_1_1' title="bbox 309 332 1662 402">
    <p class='ocr_par' dir='ltr' id='par_1_1' title="bbox 309 332 1662 402">
     <span class='ocr_line' id='line_1_1' title="bbox 309 332 1662 402; baseline -0.004 -2"><span class='ocrx_word' id='word_1_1' title='bbox 309 341 340 402; x_wconf 83' lang='lat' dir='ltr'><strong>C.</strong></span> <span class='ocrx_word' id='word_1_2' title='bbox 373 336 523 402; x_wconf 84' lang='lat' dir='ltr'><strong>PLlNll</strong></span> <span class='ocrx_word' id='word_1_3' title='bbox 556 333 769 401; x_wconf 69' lang='lat' dir='ltr'><strong>securint</strong></span> <span class='ocrx_word' id='word_1_4' title='bbox 805 334 974 398; x_wconf 68' lang='lat' dir='ltr'><strong>Natus.</strong></span> <span class='ocrx_word' id='word_1_5' title='bbox 1010 332 1203 399; x_wconf 74' lang='lat' dir='ltr'><strong>utsrott</strong></span> <span class='ocrx_word' id='word_1_6' title='bbox 1238 335 1324 397; x_wconf 83' lang='lat' dir='ltr'><strong>LlB.</strong></span> <span class='ocrx_word' id='word_1_7' title='bbox 1346 335 1465 399; x_wconf 78' lang='lat' dir='ltr'><strong>xvii</strong></span> <span class='ocrx_word' id='word_1_8' title='bbox 1495 338 1590 400; x_wconf 75' lang='lat' dir='ltr'><strong>CAP.</strong></span> <span class='ocrx_word' id='word_1_9' title='bbox 1612 339 1662 399; x_wconf 80' lang='lat'><strong>35.</strong></span> 
     </span>
    </p>
   </div>
   <div class='ocr_carea' id='block_1_2' title="bbox 184 485 1841 1184">
    <p class='ocr_par' dir='ltr' id='par_1_2' title="bbox 184 485 1841 1184">
     <span class='ocr_line' id='line_1_2' title="bbox 184 485 1838 560; baseline -0.004 -13"><span class='ocrx_word' id='word_1_10' title='bbox 184 497 298 556; x_wconf 75' lang='lat' dir='ltr'><strong>adnata,</strong></span> <span class='ocrx_word' id='word_1_11' title='bbox 317 488 584 560; x_wconf 87' lang='lat' dir='ltr'><strong>proximeinsuleo,</strong></span> <span class='ocrx_word' id='word_1_12' title='bbox 602 487 754 543; x_wconf 71' lang='lat' dir='ltr'><strong>nevisdme</strong></span> <span class='ocrx_word' id='word_1_13' title='bbox 765 488 915 543; x_wconf 78' lang='lat' dir='ltr'><strong>insmnbe.</strong></span> <span class='ocrx_word' id='word_1_14' title='bbox 942 486 986 540; x_wconf 87' lang='lat' dir='ltr'><strong>De</strong></span> <span class='ocrx_word' id='word_1_15' title='bbox 1038 499 1099 540; x_wconf 86' lang='lat' dir='ltr'><strong>csse</strong></span> <span class='ocrx_word' id='word_1_16' title='bbox 1118 487 1235 550; x_wconf 73' lang='lat' dir='ltr'><strong>firmam</strong></span> <span class='ocrx_word' id='word_1_17' title='bbox 1254 490 1355 554; x_wconf 88' lang='lat' dir='ltr'><strong>postea</strong></span> <span class='ocrx_word' id='word_1_18' title='bbox 1370 486 1477 543; x_wconf 84' lang='lat' dir='ltr'><strong>loetum</strong></span> <span class='ocrx_word' id='word_1_19' title='bbox 1492 487 1635 543; x_wconf 77' lang='lat' dir='ltr'><strong>audacem.</strong></span> <span class='ocrx_word' id='word_1_20' title='bbox 1671 485 1732 543; x_wconf 86' lang='lat' dir='ltr'><strong>Nec</strong></span> <span class='ocrx_word' id='word_1_21' title='bbox 1748 492 1838 541; x_wconf 90' lang='lat' dir='ltr'><strong>tutum</strong></span> 
     </span>
     <span class='ocr_line' id='line_1_3' title="bbox 184 555 1839 634; baseline -0.006 -17"><span class='ocrx_word' id='word_1_22' title='bbox 184 566 372 634; x_wconf 88' lang='lat' dir='ltr'><strong>pastinatione</strong></span> <span class='ocrx_word' id='word_1_23' title='bbox 389 560 558 613; x_wconf 72' lang='lat' dir='ltr'><strong>dictumest.</strong></span> <span class='ocrx_word' id='word_1_24' title='bbox 596 557 680 612; x_wconf 85' lang='lat' dir='ltr'><strong>Salen</strong></span> <span class='ocrx_word' id='word_1_25' title='bbox 690 557 811 610; x_wconf 83' lang='lat' dir='ltr'><strong>latitudo</strong></span> <span class='ocrx_word' id='word_1_26' title='bbox 823 561 905 627; x_wconf 89' lang='lat' dir='ltr'><strong>palae</strong></span> <span class='ocrx_word' id='word_1_27' title='bbox 917 557 987 609; x_wconf 87' lang='lat' dir='ltr'><strong>satis</strong></span> <span class='ocrx_word' id='word_1_28' title='bbox 1038 560 1081 608; x_wconf 87' lang='lat' dir='ltr'><strong>est</strong></span> <span class='ocrx_word' id='word_1_29' title='bbox 1101 555 1176 621; x_wconf 91' lang='lat' dir='ltr'><strong>quod</strong></span> <span class='ocrx_word' id='word_1_30' title='bbox 1195 557 1406 620; x_wconf 83' lang='lat' dir='ltr'><strong>cicatricosam,</strong></span> <span class='ocrx_word' id='word_1_31' title='bbox 1436 574 1535 627; x_wconf 88' lang='lat' dir='ltr'><strong>magno</strong></span> <span class='ocrx_word' id='word_1_32' title='bbox 1555 557 1710 626; x_wconf 75' lang='lat' dir='ltr'><strong>imperitiae</strong></span> <span class='ocrx_word' id='word_1_33' title='bbox 1733 572 1839 612; x_wconf 87' lang='lat' dir='ltr'><strong>errore.</strong></span> 
     </span>
     <span class='ocr_line' id='line_1_4' title="bbox 184 623 1839 697; baseline -0.007 -7"><span class='ocrx_word' id='word_1_34' title='bbox 184 641 240 690; x_wconf 87' lang='lat' dir='ltr'><strong>est:</strong></span> <span class='ocrx_word' id='word_1_35' title='bbox 258 628 403 685; x_wconf 87' lang='lat' dir='ltr'><strong>scrobibus</strong></span> <span class='ocrx_word' id='word_1_36' title='bbox 415 637 559 683; x_wconf 90' lang='lat' dir='ltr'><strong>ternorum</strong></span> <span class='ocrx_word' id='word_1_37' title='bbox 571 628 671 696; x_wconf 91' lang='lat' dir='ltr'><strong>pedum</strong></span> <span class='ocrx_word' id='word_1_38' title='bbox 681 629 710 679; x_wconf 92' lang='lat' dir='ltr'><strong>in</strong></span> <span class='ocrx_word' id='word_1_39' title='bbox 721 643 858 695; x_wconf 90' lang='lat' dir='ltr'><strong>quamque</strong></span> <span class='ocrx_word' id='word_1_40' title='bbox 870 634 986 697; x_wconf 89' lang='lat' dir='ltr'><strong>partem.</strong></span> <span class='ocrx_word' id='word_1_41' title='bbox 1038 623 1180 690; x_wconf 73' lang='lat' dir='ltr'>Quidquid</span> <span class='ocrx_word' id='word_1_42' title='bbox 1191 632 1233 677; x_wconf 89' lang='lat' dir='ltr'><strong>cst</strong></span> <span class='ocrx_word' id='word_1_43' title='bbox 1244 626 1309 688; x_wconf 87' lang='lat' dir='ltr'><strong>tale,</strong></span> <span class='ocrx_word' id='word_1_44' title='bbox 1320 626 1408 694; x_wconf 88' lang='lat' dir='ltr'><strong>plagis</strong></span> <span class='ocrx_word' id='word_1_45' title='bbox 1418 632 1548 690; x_wconf 85' lang='lat' dir='ltr'><strong>nascitur,</strong></span> <span class='ocrx_word' id='word_1_46' title='bbox 1561 642 1614 680; x_wconf 90' lang='lat' dir='ltr'><strong>non</strong></span> <span class='ocrx_word' id='word_1_47' title='bbox 1629 635 1755 682; x_wconf 81' lang='lat' dir='ltr'><strong>amatre.</strong></span> <span class='ocrx_word' id='word_1_48' title='bbox 1784 628 1839 679; x_wconf 81' lang='lat' dir='ltr'><strong>To·</strong></span> 
     </span>
     <span class='ocr_line' id='line_1_5' title="bbox 184 690 1838 769; baseline -0.007 -12"><span class='ocrx_word' id='word_1_49' title='bbox 184 701 311 757; x_wconf 77' lang='lat' dir='ltr'>Altitudo</span> <span class='ocrx_word' id='word_1_50' title='bbox 326 702 358 752; x_wconf 91' lang='lat' dir='ltr'><strong>in</strong></span> <span class='ocrx_word' id='word_1_51' title='bbox 373 713 536 769; x_wconf 87' lang='lat' dir='ltr'><strong>quoeunque</strong></span> <span class='ocrx_word' id='word_1_52' title='bbox 554 712 657 767; x_wconf 85' lang='lat' dir='ltr'><strong>genere</strong></span> <span class='ocrx_word' id='word_1_53' title='bbox 672 696 835 764; x_wconf 75' lang='lat' dir='ltr'>tripedalis,</span> <span class='ocrx_word' id='word_1_54' title='bbox 852 700 918 751; x_wconf 91' lang='lat' dir='ltr'><strong>ideo</strong></span> <span class='ocrx_word' id='word_1_55' title='bbox 936 710 988 747; x_wconf 89' lang='lat' dir='ltr'><strong>nee</strong></span> <span class='ocrx_word' id='word_1_56' title='bbox 1038 700 1083 745; x_wconf 87' lang='lat' dir='ltr'><strong>tas</strong></span> <span class='ocrx_word' id='word_1_57' title='bbox 1093 694 1164 743; x_wconf 89' lang='lat' dir='ltr'><strong>enim</strong></span> <span class='ocrx_word' id='word_1_58' title='bbox 1177 690 1260 745; x_wconf 86' lang='lat' dir='ltr'><strong>babet</strong></span> <span class='ocrx_word' id='word_1_59' title='bbox 1275 695 1325 746; x_wconf 88' lang='lat' dir='ltr'><strong>illa</strong></span> <span class='ocrx_word' id='word_1_60' title='bbox 1343 697 1416 747; x_wconf 87' lang='lat' dir='ltr'><strong>rires</strong></span> <span class='ocrx_word' id='word_1_61' title='bbox 1431 698 1496 751; x_wconf 91' lang='lat' dir='ltr'><strong>dum</strong></span> <span class='ocrx_word' id='word_1_62' title='bbox 1507 697 1669 749; x_wconf 73' lang='lat' dir='ltr'><strong>roboratum</strong></span> <span class='ocrx_word' id='word_1_63' title='bbox 1691 705 1720 749; x_wconf 86' lang='lat' dir='ltr'><strong>st</strong></span> <span class='ocrx_word' id='word_1_64' title='bbox 1731 710 1838 749; x_wconf 89' lang='lat' dir='ltr'><strong>annuos</strong></span> 
     </span>
     <span class='ocr_line' id='line_1_6' title="bbox 185 760 1839 832; baseline -0.005 -7"><span class='ocrx_word' id='word_1_65' title='bbox 185 775 251 825; x_wconf 81' lang='lat' dir='ltr'><strong>ritis</strong></span> <span class='ocrx_word' id='word_1_66' title='bbox 269 772 360 823; x_wconf 90' lang='lat' dir='ltr'><strong>minor</strong></span> <span class='ocrx_word' id='word_1_67' title='bbox 379 768 529 822; x_wconf 80' lang='lat' dir='ltr'><strong>transferri</strong></span> <span class='ocrx_word' id='word_1_68' title='bbox 549 768 653 830; x_wconf 91' lang='lat' dir='ltr'><strong>debet,</strong></span> <span class='ocrx_word' id='word_1_69' title='bbox 673 773 817 819; x_wconf 70' lang='lat' dir='ltr'><strong>exstatura</strong></span> <span class='ocrx_word' id='word_1_70' title='bbox 835 769 987 820; x_wconf 80' lang='lat' dir='ltr'><strong>etiamnum</strong></span> <span class='ocrx_word' id='word_1_71' title='bbox 1039 760 1212 827; x_wconf 87' lang='lat' dir='ltr'><strong>accipittuta</strong></span> <span class='ocrx_word' id='word_1_72' title='bbox 1223 762 1395 826; x_wconf 66' lang='lat' dir='ltr'><strong>loetuacum</strong></span> <span class='ocrx_word' id='word_1_73' title='bbox 1406 765 1759 832; x_wconf 79' lang='lat' dir='ltr'><strong>permissumlueritnasci.</strong></span> <span class='ocrx_word' id='word_1_74' title='bbox 1790 765 1839 820; x_wconf 85' lang='lat' dir='ltr'><strong>Nil</strong></span> 
     </span>
     <span class='ocr_line' id='line_1_7' title="bbox 185 831 1839 909; baseline -0.004 -14"><span class='ocrx_word' id='word_1_75' title='bbox 185 842 291 895; x_wconf 89' lang='lat' dir='ltr'><strong>duabus</strong></span> <span class='ocrx_word' id='word_1_76' title='bbox 303 840 428 909; x_wconf 88' lang='lat' dir='ltr'><strong>gemmis.</strong></span> <span class='ocrx_word' id='word_1_77' title='bbox 464 837 594 889; x_wconf 86' lang='lat' dir='ltr'><strong>Emolliri</strong></span> <span class='ocrx_word' id='word_1_78' title='bbox 604 844 708 889; x_wconf 90' lang='lat' dir='ltr'><strong>terram</strong></span> <span class='ocrx_word' id='word_1_79' title='bbox 719 837 835 889; x_wconf 89' lang='lat' dir='ltr'><strong>minutis</strong></span> <span class='ocrx_word' id='word_1_80' title='bbox 850 839 878 890; x_wconf 93' lang='lat' dir='ltr'><strong>iu</strong></span> <span class='ocrx_word' id='word_1_81' title='bbox 888 833 986 888; x_wconf 88' lang='lat' dir='ltr'><strong>scrobe</strong></span> <span class='ocrx_word' id='word_1_82' title='bbox 1039 839 1139 882; x_wconf 87' lang='lat' dir='ltr'><strong>natura</strong></span> <span class='ocrx_word' id='word_1_83' title='bbox 1150 831 1322 898; x_wconf 91' lang='lat' dir='ltr'><strong>portionibus</strong></span> <span class='ocrx_word' id='word_1_84' title='bbox 1332 834 1412 898; x_wconf 85' lang='lat' dir='ltr'><strong>parit.</strong></span> <span class='ocrx_word' id='word_1_85' title='bbox 1448 836 1528 898; x_wconf 72' lang='lat' dir='ltr'><strong>Quae</strong></span> <span class='ocrx_word' id='word_1_86' title='bbox 1538 850 1600 888; x_wconf 91' lang='lat' dir='ltr'><strong>cum</strong></span> <span class='ocrx_word' id='word_1_87' title='bbox 1611 836 1776 898; x_wconf 89' lang='lat' dir='ltr'><strong>excreverit,</strong></span> <span class='ocrx_word' id='word_1_88' title='bbox 1796 850 1839 888; x_wconf 87' lang='lat' dir='ltr'><strong>sa·</strong></span> 
     </span>
     <span class='ocr_line' id='line_1_8' title="bbox 184 899 1840 974; baseline -0.005 -10"><span class='ocrx_word' id='word_1_89' title='bbox 184 915 242 964; x_wconf 89' lang='lat' dir='ltr'><strong>imo</strong></span> <span class='ocrx_word' id='word_1_90' title='bbox 253 911 348 971; x_wconf 90' lang='lat' dir='ltr'><strong>sulcis,</strong></span> <span class='ocrx_word' id='word_1_91' title='bbox 369 907 489 974; x_wconf 86' lang='lat' dir='ltr'><strong>limoque</strong></span> <span class='ocrx_word' id='word_1_92' title='bbox 500 906 626 970; x_wconf 72' lang='lat' dir='ltr'><strong>mnceri,</strong></span> <span class='ocrx_word' id='word_1_93' title='bbox 643 905 840 959; x_wconf 89' lang='lat' dir='ltr'><strong>necessarium.</strong></span> <span class='ocrx_word' id='word_1_94' title='bbox 878 906 989 957; x_wconf 79' lang='lat' dir='ltr'><strong>clivosa</strong></span> <span class='ocrx_word' id='word_1_95' title='bbox 1038 900 1077 952; x_wconf 92' lang='lat' dir='ltr'><strong>tis</strong></span> <span class='ocrx_word' id='word_1_96' title='bbox 1090 899 1169 953; x_wconf 82' lang='lat' dir='ltr'><strong>drma</strong></span> <span class='ocrx_word' id='word_1_97' title='bbox 1178 900 1306 968; x_wconf 90' lang='lat' dir='ltr'><strong>protinus</strong></span> <span class='ocrx_word' id='word_1_98' title='bbox 1329 901 1358 952; x_wconf 92' lang='lat' dir='ltr'><strong>in</strong></span> <span class='ocrx_word' id='word_1_99' title='bbox 1373 902 1439 969; x_wconf 85' lang='lat' dir='ltr'><strong>iugo</strong></span> <span class='ocrx_word' id='word_1_100' title='bbox 1453 904 1585 958; x_wconf 88' lang='lat' dir='ltr'><strong>collocari</strong></span> <span class='ocrx_word' id='word_1_101' title='bbox 1597 904 1722 958; x_wconf 82' lang='lat' dir='ltr'><strong>debebitr</strong></span> <span class='ocrx_word' id='word_1_102' title='bbox 1744 906 1788 957; x_wconf 93' lang='lat' dir='ltr'><strong>sin</strong></span> <span class='ocrx_word' id='word_1_103' title='bbox 1800 912 1840 957; x_wconf 92' lang='lat' dir='ltr'><strong>et-</strong></span> 
     </span>
     <span class='ocr_line' id='line_1_9' title="bbox 184 969 1838 1046; baseline -0.004 -12"><span class='ocrx_word' id='word_1_104' title='bbox 184 982 303 1034; x_wconf 83' lang='lat' dir='ltr'><strong>altlores</strong></span> <span class='ocrx_word' id='word_1_105' title='bbox 314 984 432 1046; x_wconf 90' lang='lat' dir='ltr'><strong>poscunt</strong></span> <span class='ocrx_word' id='word_1_106' title='bbox 444 976 574 1040; x_wconf 86' lang='lat' dir='ltr'><strong>scrobes,</strong></span> <span class='ocrx_word' id='word_1_107' title='bbox 594 982 740 1044; x_wconf 87' lang='lat' dir='ltr'><strong>praetcrea</strong></span> <span class='ocrx_word' id='word_1_108' title='bbox 750 974 902 1043; x_wconf 83' lang='lat' dir='ltr'><strong>pulvinatis</strong></span> <span class='ocrx_word' id='word_1_109' title='bbox 913 991 930 1027; x_wconf 90' lang='lat' dir='ltr'><strong>a</strong></span> <span class='ocrx_word' id='word_1_110' title='bbox 941 972 988 1027; x_wconf 91' lang='lat' dir='ltr'><strong>de·</strong></span> <span class='ocrx_word' id='word_1_111' title='bbox 1039 970 1161 1022; x_wconf 90' lang='lat' dir='ltr'><strong>iamnum</strong></span> <span class='ocrx_word' id='word_1_112' title='bbox 1171 969 1307 1022; x_wconf 87' lang='lat' dir='ltr'><strong>infirmior</strong></span> <span class='ocrx_word' id='word_1_113' title='bbox 1318 969 1505 1038; x_wconf 87' lang='lat' dir='ltr'><strong>erit,subipso</strong></span> <span class='ocrx_word' id='word_1_114' title='bbox 1516 975 1581 1043; x_wconf 85' lang='lat' dir='ltr'><strong>iugo</strong></span> <span class='ocrx_word' id='word_1_115' title='bbox 1591 971 1731 1042; x_wconf 84' lang='lat' dir='ltr'><strong>hospitari</strong></span> <span class='ocrx_word' id='word_1_116' title='bbox 1740 974 1838 1027; x_wconf 89' lang='lat' dir='ltr'><strong>recisa.</strong></span> 
     </span>
     <span class='ocr_line' id='line_1_10' title="bbox 184 1039 1840 1113; baseline -0.005 -12"><span class='ocrx_word' id='word_1_117' title='bbox 184 1053 306 1104; x_wconf 81' lang='lat' dir='ltr'><strong>rexitate</strong></span> <span class='ocrx_word' id='word_1_118' title='bbox 316 1048 410 1100; x_wconf 90' lang='lat' dir='ltr'><strong>labris.</strong></span> <span class='ocrx_word' id='word_1_119' title='bbox 448 1046 504 1110; x_wconf 78' lang='lat' dir='ltr'><strong>Qui</strong></span> <span class='ocrx_word' id='word_1_120' title='bbox 516 1061 551 1098; x_wconf 87' lang='lat' dir='ltr'><strong>ex</strong></span> <span class='ocrx_word' id='word_1_121' title='bbox 566 1043 610 1097; x_wconf 89' lang='lat' dir='ltr'><strong>his</strong></span> <span class='ocrx_word' id='word_1_122' title='bbox 621 1046 762 1113; x_wconf 87' lang='lat' dir='ltr'><strong>longiores</strong></span> <span class='ocrx_word' id='word_1_123' title='bbox 779 1045 857 1108; x_wconf 86' lang='lat' dir='ltr'><strong>licut,</strong></span> <span class='ocrx_word' id='word_1_124' title='bbox 875 1050 907 1096; x_wconf 89' lang='lat' dir='ltr'><strong>ut</strong></span> <span class='ocrx_word' id='word_1_125' title='bbox 919 1047 988 1094; x_wconf 85' lang='lat' dir='ltr'><strong>ritas</strong></span> <span class='ocrx_word' id='word_1_126' title='bbox 1040 1039 1163 1102; x_wconf 87' lang='lat' dir='ltr'><strong>Viribus,</strong></span> <span class='ocrx_word' id='word_1_127' title='bbox 1183 1054 1238 1091; x_wconf 90' lang='lat' dir='ltr'><strong>non</strong></span> <span class='ocrx_word' id='word_1_128' title='bbox 1259 1043 1354 1092; x_wconf 88' lang='lat' dir='ltr'><strong>aetate</strong></span> <span class='ocrx_word' id='word_1_129' title='bbox 1373 1040 1539 1094; x_wconf 89' lang='lat' dir='ltr'><strong>decernitur.</strong></span> <span class='ocrx_word' id='word_1_130' title='bbox 1574 1044 1765 1096; x_wconf 88' lang='lat' dir='ltr'><strong>Temerarium</strong></span> <span class='ocrx_word' id='word_1_131' title='bbox 1789 1049 1840 1104; x_wconf 90' lang='lat' dir='ltr'><strong>est,</strong></span> 
     </span>
     <span class='ocr_line' id='line_1_11' title="bbox 184 1107 1841 1184; baseline -0.005 -11"><span class='ocrx_word' id='word_1_132' title='bbox 184 1123 264 1174; x_wconf 89' lang='lat' dir='ltr'><strong>binas</strong></span> <span class='ocrx_word' id='word_1_133' title='bbox 285 1120 458 1184; x_wconf 82' lang='lat' dir='ltr'><strong>accipiente</strong></span> <span class='ocrx_word' id='word_1_134' title='bbox 479 1114 883 1178; x_wconf 83' lang='lat' dir='ltr'><strong>diverso,alreirocabuntur.</strong></span> <span class='ocrx_word' id='word_1_135' title='bbox 918 1114 989 1165; x_wconf 84' lang='lat' dir='ltr'><strong>Esse</strong></span> <span class='ocrx_word' id='word_1_136' title='bbox 1040 1115 1106 1162; x_wconf 89' lang='lat' dir='ltr'><strong>ante</strong></span> <span class='ocrx_word' id='word_1_137' title='bbox 1127 1107 1337 1161; x_wconf 89' lang='lat' dir='ltr'><strong>crassitudinem</strong></span> <span class='ocrx_word' id='word_1_138' title='bbox 1358 1109 1520 1176; x_wconf 82' lang='lat' dir='ltr'><strong>pollicarem</strong></span> <span class='ocrx_word' id='word_1_139' title='bbox 1538 1111 1590 1164; x_wconf 86' lang='lat' dir='ltr'><strong>riti</strong></span> <span class='ocrx_word' id='word_1_140' title='bbox 1611 1116 1757 1179; x_wconf 84' lang='lat' dir='ltr'><strong>imperare.</strong></span> <span class='ocrx_word' id='word_1_141' title='bbox 1792 1112 1841 1165; x_wconf 86' lang='lat' dir='ltr'><strong>Sc·</strong></span> 
     </span>
    </p>
   </div>
   <div class='ocr_carea' id='block_1_3' title="bbox 1776 338 1835 398">
    <p class='ocr_par' dir='ltr' id='par_1_3' title="bbox 1776 338 1835 398">
     <span class='ocr_line' id='line_1_12' title="bbox 1776 338 1835 398; baseline 0 -1"><span class='ocrx_word' id='word_1_142' title='bbox 1776 338 1835 398; x_wconf 81' lang='lat'><strong>211</strong></span> 
     </span>
    </p>
   </div>
   <div class='ocr_carea' id='block_1_4' title="bbox 181 1182 992 5684">
    <p class='ocr_par' dir='ltr' id='par_1_4' title="bbox 184 1182 989 1393">
     <span class='ocr_line' id='line_1_13' title="bbox 186 1182 988 1252; baseline -0.01 -11"><span class='ocrx_word' id='word_1_143' title='bbox 186 1191 251 1241; x_wconf 87' lang='lat' dir='ltr'><strong>ritis</strong></span> <span class='ocrx_word' id='word_1_144' title='bbox 269 1187 393 1240; x_wconf 91' lang='lat' dir='ltr'><strong>redicem</strong></span> <span class='ocrx_word' id='word_1_145' title='bbox 408 1186 437 1237; x_wconf 91' lang='lat' dir='ltr'><strong>in</strong></span> <span class='ocrx_word' id='word_1_146' title='bbox 457 1185 548 1238; x_wconf 91' lang='lat' dir='ltr'><strong>medio</strong></span> <span class='ocrx_word' id='word_1_147' title='bbox 567 1184 667 1238; x_wconf 88' lang='lat' dir='ltr'><strong>scrobe</strong></span> <span class='ocrx_word' id='word_1_148' title='bbox 687 1191 814 1252; x_wconf 90' lang='lat' dir='ltr'><strong>oportet:</strong></span> <span class='ocrx_word' id='word_1_149' title='bbox 833 1182 882 1237; x_wconf 83' lang='lat' dir='ltr'><strong>sed</strong></span> <span class='ocrx_word' id='word_1_150' title='bbox 900 1183 988 1251; x_wconf 87' lang='lat' dir='ltr'><strong>ipsam</strong></span> 
     </span>
     <span class='ocr_line' id='line_1_14' title="bbox 184 1254 989 1322; baseline -0.014 -11"><span class='ocrx_word' id='word_1_151' title='bbox 184 1259 308 1311; x_wconf 81' lang='lat' dir='ltr'><strong>innixam</strong></span> <span class='ocrx_word' id='word_1_152' title='bbox 320 1256 413 1309; x_wconf 92' lang='lat' dir='ltr'><strong>solido</strong></span> <span class='ocrx_word' id='word_1_153' title='bbox 425 1256 454 1306; x_wconf 92' lang='lat' dir='ltr'><strong>in</strong></span> <span class='ocrx_word' id='word_1_154' title='bbox 462 1255 598 1308; x_wconf 85' lang='lat' dir='ltr'><strong>orientem</strong></span> <span class='ocrx_word' id='word_1_155' title='bbox 609 1254 844 1322; x_wconf 84' lang='lat' dir='ltr'><strong>aequinoctialem</strong></span> <span class='ocrx_word' id='word_1_156' title='bbox 854 1258 989 1322; x_wconf 82' lang='lat' dir='ltr'><strong>spectare:</strong></span> 
     </span>
     <span class='ocr_line' id='line_1_15' title="bbox 184 1325 747 1393; baseline -0.007 -13"><span class='ocrx_word' id='word_1_157' title='bbox 184 1327 355 1381; x_wconf 85' lang='lat' dir='ltr'><strong>adminicula</strong></span> <span class='ocrx_word' id='word_1_158' title='bbox 367 1328 457 1393; x_wconf 88' lang='lat' dir='ltr'><strong>prima</strong></span> <span class='ocrx_word' id='word_1_159' title='bbox 468 1341 483 1377; x_wconf 92' lang='lat' dir='ltr'><strong>e</strong></span> <span class='ocrx_word' id='word_1_160' title='bbox 494 1325 600 1376; x_wconf 89' lang='lat' dir='ltr'><strong>calamo</strong></span> <span class='ocrx_word' id='word_1_161' title='bbox 611 1325 747 1390; x_wconf 90' lang='lat' dir='ltr'><strong>accipere.</strong></span> 
     </span>
    </p>

    <p class='ocr_par' dir='ltr' id='par_1_5' title="bbox 181 1390 989 1880">
     <span class='ocr_line' id='line_1_16' title="bbox 219 1390 988 1461; baseline -0.009 -13"><span class='ocrx_word' id='word_1_162' title='bbox 219 1396 323 1450; x_wconf 84' lang='lat' dir='ltr'><strong>Vincas</strong></span> <span class='ocrx_word' id='word_1_163' title='bbox 333 1395 450 1447; x_wconf 89' lang='lat' dir='ltr'><strong>limitari</strong></span> <span class='ocrx_word' id='word_1_164' title='bbox 461 1394 611 1447; x_wconf 91' lang='lat' dir='ltr'><strong>decumano</strong></span> <span class='ocrx_word' id='word_1_165' title='bbox 620 1392 712 1444; x_wconf 84' lang='lat' dir='ltr'><strong>XVlll</strong></span> <span class='ocrx_word' id='word_1_166' title='bbox 723 1392 821 1461; x_wconf 89' lang='lat' dir='ltr'><strong>pedum</strong></span> <span class='ocrx_word' id='word_1_167' title='bbox 832 1390 988 1443; x_wconf 89' lang='lat' dir='ltr'><strong>latitudinis</strong></span> 
     </span>
     <span class='ocr_line' id='line_1_17' title="bbox 183 1461 987 1528; baseline -0.011 -10"><span class='ocrx_word' id='word_1_168' title='bbox 183 1466 220 1518; x_wconf 88' lang='lat' dir='ltr'><strong>ad</strong></span> <span class='ocrx_word' id='word_1_169' title='bbox 230 1465 387 1520; x_wconf 89' lang='lat' dir='ltr'><strong>contrarius</strong></span> <span class='ocrx_word' id='word_1_170' title='bbox 397 1461 585 1517; x_wconf 84' lang='lat' dir='ltr'><strong>vehiculorum</strong></span> <span class='ocrx_word' id='word_1_171' title='bbox 598 1464 748 1523; x_wconf 87' lang='lat' dir='ltr'><strong>transitus,</strong></span> <span class='ocrx_word' id='word_1_172' title='bbox 767 1461 884 1528; x_wconf 89' lang='lat' dir='ltr'><strong>aliisque</strong></span> <span class='ocrx_word' id='word_1_173' title='bbox 896 1467 987 1513; x_wconf 90' lang='lat' dir='ltr'><strong>trans-</strong></span> 
     </span>
     <span class='ocr_line' id='line_1_18' title="bbox 182 1528 989 1599; baseline -0.01 -12"><span class='ocrx_word' id='word_1_174' title='bbox 182 1537 275 1590; x_wconf 79' lang='lat' dir='ltr'><strong>versis</strong></span> <span class='ocrx_word' id='word_1_175' title='bbox 291 1534 426 1588; x_wconf 89' lang='lat' dir='ltr'><strong>limitibus</strong></span> <span class='ocrx_word' id='word_1_176' title='bbox 443 1531 543 1585; x_wconf 86' lang='lat' dir='ltr'><strong>dendm</strong></span> <span class='ocrx_word' id='word_1_177' title='bbox 560 1531 659 1599; x_wconf 88' lang='lat' dir='ltr'><strong>pedum</strong></span> <span class='ocrx_word' id='word_1_178' title='bbox 677 1530 813 1598; x_wconf 78' lang='lat' dir='ltr'><strong>distingui</strong></span> <span class='ocrx_word' id='word_1_179' title='bbox 827 1545 877 1598; x_wconf 87' lang='lat' dir='ltr'><strong>pcr</strong></span> <span class='ocrx_word' id='word_1_180' title='bbox 897 1528 989 1581; x_wconf 91' lang='lat' dir='ltr'><strong>media</strong></span> 
     </span>
     <span class='ocr_line' id='line_1_19' title="bbox 181 1598 987 1674; baseline -0.01 -18"><span class='ocrx_word' id='word_1_181' title='bbox 181 1606 291 1674; x_wconf 87' lang='lat' dir='ltr'><strong>iugera.</strong></span> <span class='ocrx_word' id='word_1_182' title='bbox 326 1604 383 1656; x_wconf 79' lang='lat' dir='ltr'><strong>Aut</strong></span> <span class='ocrx_word' id='word_1_183' title='bbox 403 1603 428 1653; x_wconf 90' lang='lat' dir='ltr'><strong>si</strong></span> <span class='ocrx_word' id='word_1_184' title='bbox 449 1602 541 1654; x_wconf 88' lang='lat' dir='ltr'><strong>maior</strong></span> <span class='ocrx_word' id='word_1_185' title='bbox 559 1600 659 1653; x_wconf 91' lang='lat' dir='ltr'><strong>medus</strong></span> <span class='ocrx_word' id='word_1_186' title='bbox 682 1602 727 1661; x_wconf 92' lang='lat' dir='ltr'><strong>sit,</strong></span> <span class='ocrx_word' id='word_1_187' title='bbox 746 1599 865 1651; x_wconf 91' lang='lat' dir='ltr'><strong>totidem</strong></span> <span class='ocrx_word' id='word_1_188' title='bbox 888 1598 987 1667; x_wconf 90' lang='lat' dir='ltr'><strong>pedum</strong></span> 
     </span>
     <span class='ocr_line' id='line_1_20' title="bbox 183 1668 988 1740; baseline -0.011 -13"><span class='ocrx_word' id='word_1_189' title='bbox 183 1675 319 1737; x_wconf 89' lang='lat' dir='ltr'><strong>cardine,</strong></span> <span class='ocrx_word' id='word_1_190' title='bbox 341 1678 409 1740; x_wconf 93' lang='lat' dir='ltr'><strong>quot</strong></span> <span class='ocrx_word' id='word_1_191' title='bbox 430 1670 604 1735; x_wconf 87' lang='lat' dir='ltr'><strong>decumano,</strong></span> <span class='ocrx_word' id='word_1_192' title='bbox 623 1670 749 1722; x_wconf 89' lang='lat' dir='ltr'><strong>limitari.</strong></span> <span class='ocrx_word' id='word_1_193' title='bbox 785 1668 901 1736; x_wconf 85' lang='lat' dir='ltr'><strong>Semper</strong></span> <span class='ocrx_word' id='word_1_194' title='bbox 920 1681 988 1720; x_wconf 81' lang='lat' dir='ltr'><strong>rere</strong></span> 
     </span>
     <span class='ocr_line' id='line_1_21' title="bbox 184 1737 987 1812; baseline -0.009 -17"><span class='ocrx_word' id='word_1_195' title='bbox 184 1743 325 1812; x_wconf 89' lang='lat' dir='ltr'><strong>quintanis</strong></span> <span class='ocrx_word' id='word_1_196' title='bbox 335 1741 476 1803; x_wconf 90' lang='lat' dir='ltr'><strong>seminari,</strong></span> <span class='ocrx_word' id='word_1_197' title='bbox 498 1739 551 1792; x_wconf 89' lang='lat' dir='ltr'><strong>hoe</strong></span> <span class='ocrx_word' id='word_1_198' title='bbox 567 1746 618 1802; x_wconf 90' lang='lat' dir='ltr'><strong>est,</strong></span> <span class='ocrx_word' id='word_1_199' title='bbox 639 1745 671 1790; x_wconf 91' lang='lat' dir='ltr'><strong>ut</strong></span> <span class='ocrx_word' id='word_1_200' title='bbox 691 1738 787 1807; x_wconf 90' lang='lat' dir='ltr'><strong>quinto</strong></span> <span class='ocrx_word' id='word_1_201' title='bbox 804 1752 913 1807; x_wconf 89' lang='lat' dir='ltr'><strong>qnoque</strong></span> <span class='ocrx_word' id='word_1_202' title='bbox 924 1737 987 1806; x_wconf 87' lang='lat' dir='ltr'><strong>palo</strong></span> 
     </span>
     <span class='ocr_line' id='line_1_22' title="bbox 182 1807 720 1880; baseline -0.007 -15"><span class='ocrx_word' id='word_1_203' title='bbox 182 1812 310 1880; x_wconf 78' lang='lat' dir='ltr'><strong>ninguine</strong></span> <span class='ocrx_word' id='word_1_204' title='bbox 320 1813 387 1879; x_wconf 91' lang='lat' dir='ltr'><strong>iugo</strong></span> <span class='ocrx_word' id='word_1_205' title='bbox 399 1811 517 1877; x_wconf 79' lang='lat' dir='ltr'><strong>paginae</strong></span> <span class='ocrx_word' id='word_1_206' title='bbox 532 1807 720 1861; x_wconf 87' lang='lat' dir='ltr'><strong>includantur.</strong></span> 
     </span>
    </p>

    <p class='ocr_par' dir='ltr' id='par_1_6' title="bbox 182 1877 991 2780">
     <span class='ocr_line' id='line_1_23' title="bbox 219 1877 988 1947; baseline -0.009 -13"><span class='ocrx_word' id='word_1_207' title='bbox 219 1884 245 1934; x_wconf 81' lang='grc'><strong>8.</strong></span> <span class='ocrx_word' id='word_1_208' title='bbox 264 1878 440 1947; x_wconf 84' lang='lat' dir='ltr'><strong>Solospisso,</strong></span> <span class='ocrx_word' id='word_1_209' title='bbox 459 1879 578 1930; x_wconf 88' lang='lat' dir='ltr'><strong>nonnisi</strong></span> <span class='ocrx_word' id='word_1_210' title='bbox 594 1879 780 1947; x_wconf 76' lang='lat' dir='ltr'><strong>repastinato,</strong></span> <span class='ocrx_word' id='word_1_211' title='bbox 798 1892 847 1930; x_wconf 87' lang='lat' dir='ltr'><strong>nce</strong></span> <span class='ocrx_word' id='word_1_212' title='bbox 858 1877 912 1929; x_wconf 92' lang='lat' dir='ltr'><strong>nisi</strong></span> <span class='ocrx_word' id='word_1_213' title='bbox 922 1877 988 1929; x_wconf 81' lang='lat' dir='ltr'><strong>riri·</strong></span> 
     </span>
     <span class='ocr_line' id='line_1_24' title="bbox 183 1947 989 2013; baseline -0.007 -10"><span class='ocrx_word' id='word_1_214' title='bbox 183 1951 306 2003; x_wconf 89' lang='lat' dir='ltr'><strong>radicem</strong></span> <span class='ocrx_word' id='word_1_215' title='bbox 318 1950 387 2003; x_wconf 89' lang='lat' dir='ltr'><strong>seri:</strong></span> <span class='ocrx_word' id='word_1_216' title='bbox 407 1953 504 2000; x_wconf 88' lang='lat' dir='ltr'><strong>tenero</strong></span> <span class='ocrx_word' id='word_1_217' title='bbox 517 1954 546 2000; x_wconf 87' lang='lat' dir='ltr'><strong>et</strong></span> <span class='ocrx_word' id='word_1_218' title='bbox 556 1949 710 2013; x_wconf 85' lang='lat' dir='ltr'><strong>soluto,v·el</strong></span> <span class='ocrx_word' id='word_1_219' title='bbox 719 1947 890 2009; x_wconf 87' lang='lat' dir='ltr'><strong>malleolum,</strong></span> <span class='ocrx_word' id='word_1_220' title='bbox 900 1947 989 2010; x_wconf 90' lang='lat' dir='ltr'><strong>sulco,</strong></span> 
     </span>
     <span class='ocr_line' id='line_1_25' title="bbox 184 2018 989 2100; baseline -0.002 -30"><span class='ocrx_word' id='word_1_221' title='bbox 184 2021 230 2073; x_wconf 84' lang='lat' dir='ltr'><strong>rel</strong></span> <span class='ocrx_word' id='word_1_222' title='bbox 242 2020 346 2073; x_wconf 77' lang='lat' dir='ltr'><strong>scrobe.</strong></span> <span class='ocrx_word' id='word_1_223' title='bbox 381 2018 412 2070; x_wconf 90' lang='lat' dir='ltr'><strong>In</strong></span> <span class='ocrx_word' id='word_1_224' title='bbox 425 2019 512 2071; x_wconf 89' lang='lat' dir='ltr'><strong>colles</strong></span> <span class='ocrx_word' id='word_1_225' title='bbox 523 2018 618 2071; x_wconf 91' lang='lat' dir='ltr'><strong>sulcos</strong></span> <span class='ocrx_word' id='word_1_226' title='bbox 631 2033 715 2100; x_wconf 82' lang='lat' dir='ltr'><strong>agere</strong></span> <span class='ocrx_word' id='word_1_227' title='bbox 726 2024 912 2080; x_wconf 73' lang='lat' dir='ltr'><strong>transversos,</strong></span> <span class='ocrx_word' id='word_1_228' title='bbox 932 2030 989 2068; x_wconf 89' lang='lat' dir='ltr'><strong>me·</strong></span> 
     </span>
     <span class='ocr_line' id='line_1_26' title="bbox 183 2085 990 2157; baseline -0.006 -15"><span class='ocrx_word' id='word_1_229' title='bbox 183 2090 332 2157; x_wconf 87' lang='lat' dir='ltr'><strong>liusqnam</strong></span> <span class='ocrx_word' id='word_1_230' title='bbox 342 2087 493 2155; x_wconf 79' lang='lat' dir='ltr'><strong>pastinare,</strong></span> <span class='ocrx_word' id='word_1_231' title='bbox 514 2094 546 2139; x_wconf 92' lang='lat' dir='ltr'><strong>ut</strong></span> <span class='ocrx_word' id='word_1_232' title='bbox 564 2086 684 2142; x_wconf 83' lang='lat' dir='ltr'><strong>delluvra</strong></span> <span class='ocrx_word' id='word_1_233' title='bbox 699 2088 771 2156; x_wconf 91' lang='lat' dir='ltr'><strong>palis</strong></span> <span class='ocrx_word' id='word_1_234' title='bbox 788 2101 883 2140; x_wconf 89' lang='lat' dir='ltr'><strong>eorum</strong></span> <span class='ocrx_word' id='word_1_235' title='bbox 901 2085 990 2138; x_wconf 87' lang='lat' dir='ltr'><strong>eonti-</strong></span> 
     </span>
     <span class='ocr_line' id='line_1_27' title="bbox 185 2156 990 2226; baseline -0.004 -15"><span class='ocrx_word' id='word_1_236' title='bbox 185 2166 312 2212; x_wconf 89' lang='lat' dir='ltr'><strong>ncnntur.</strong></span> <span class='ocrx_word' id='word_1_237' title='bbox 347 2160 457 2226; x_wconf 78' lang='lat' dir='ltr'><strong>Aquoso</strong></span> <span class='ocrx_word' id='word_1_238' title='bbox 469 2157 556 2219; x_wconf 89' lang='lat' dir='ltr'><strong>caelo,</strong></span> <span class='ocrx_word' id='word_1_239' title='bbox 577 2160 620 2211; x_wconf 84' lang='lat' dir='ltr'><strong>rel</strong></span> <span class='ocrx_word' id='word_1_240' title='bbox 631 2158 705 2211; x_wconf 89' lang='lat' dir='ltr'><strong>sicco</strong></span> <span class='ocrx_word' id='word_1_241' title='bbox 715 2157 777 2211; x_wconf 92' lang='lat' dir='ltr'><strong>solo</strong></span> <span class='ocrx_word' id='word_1_242' title='bbox 789 2156 937 2212; x_wconf 90' lang='lat' dir='ltr'><strong>malleolos</strong></span> <span class='ocrx_word' id='word_1_243' title='bbox 947 2170 990 2208; x_wconf 92' lang='lat' dir='ltr'><strong>se·</strong></span> 
     </span>
     <span class='ocr_line' id='line_1_28' title="bbox 184 2225 989 2292; baseline -0.005 -11"><span class='ocrx_word' id='word_1_244' title='bbox 184 2244 248 2281; x_wconf 87' lang='lat' dir='ltr'><strong>rere</strong></span> <span class='ocrx_word' id='word_1_245' title='bbox 260 2237 401 2292; x_wconf 87' lang='lat' dir='ltr'><strong>autumno,</strong></span> <span class='ocrx_word' id='word_1_246' title='bbox 418 2228 509 2279; x_wconf 90' lang='lat' dir='ltr'><strong>nisisi</strong></span> <span class='ocrx_word' id='word_1_247' title='bbox 521 2234 626 2282; x_wconf 87' lang='lat' dir='ltr'><strong>tractus</strong></span> <span class='ocrx_word' id='word_1_248' title='bbox 638 2228 713 2280; x_wconf 89' lang='lat' dir='ltr'><strong>ratio</strong></span> <span class='ocrx_word' id='word_1_249' title='bbox 725 2227 851 2280; x_wconf 86' lang='lat' dir='ltr'><strong>mutarit.</strong></span> <span class='ocrx_word' id='word_1_250' title='bbox 892 2225 989 2279; x_wconf 83' lang='lat' dir='ltr'><strong>Siccus</strong></span> 
     </span>
     <span class='ocr_line' id='line_1_29' title="bbox 186 2295 990 2366; baseline -0.007 -14"><span class='ocrx_word' id='word_1_251' title='bbox 186 2300 260 2352; x_wconf 91' lang='lat' dir='ltr'><strong>enim</strong></span> <span class='ocrx_word' id='word_1_252' title='bbox 271 2305 300 2351; x_wconf 88' lang='lat' dir='ltr'><strong>et</strong></span> <span class='ocrx_word' id='word_1_253' title='bbox 311 2297 418 2349; x_wconf 87' lang='lat' dir='ltr'><strong>calidus</strong></span> <span class='ocrx_word' id='word_1_254' title='bbox 429 2304 561 2349; x_wconf 91' lang='lat' dir='ltr'><strong>autumno</strong></span> <span class='ocrx_word' id='word_1_255' title='bbox 573 2298 664 2366; x_wconf 89' lang='lat' dir='ltr'><strong>poscit</strong></span> <span class='ocrx_word' id='word_1_256' title='bbox 675 2297 731 2349; x_wconf 88' lang='lat' dir='ltr'><strong>seri</strong></span> <span class='ocrx_word' id='word_1_257' title='bbox 743 2332 752 2361; x_wconf 92' lang='lat'><strong>,</strong></span> <span class='ocrx_word' id='word_1_258' title='bbox 772 2295 902 2350; x_wconf 89' lang='lat' dir='ltr'><strong>humidus</strong></span> <span class='ocrx_word' id='word_1_259' title='bbox 913 2295 990 2362; x_wconf 78' lang='lat' dir='ltr'><strong>frigi·</strong></span> 
     </span>
     <span class='ocr_line' id='line_1_30' title="bbox 185 2364 989 2435; baseline -0.006 -15"><span class='ocrx_word' id='word_1_260' title='bbox 185 2369 293 2435; x_wconf 88' lang='lat' dir='ltr'><strong>desque</strong></span> <span class='ocrx_word' id='word_1_261' title='bbox 312 2367 398 2418; x_wconf 89' lang='lat' dir='ltr'><strong>etiam</strong></span> <span class='ocrx_word' id='word_1_262' title='bbox 417 2370 489 2419; x_wconf 82' lang='lat' dir='ltr'><strong>reris</strong></span> <span class='ocrx_word' id='word_1_263' title='bbox 505 2368 591 2419; x_wconf 89' lang='lat' dir='ltr'><strong>exitu.</strong></span> <span class='ocrx_word' id='word_1_264' title='bbox 629 2370 659 2418; x_wconf 90' lang='lat' dir='ltr'><strong>ln</strong></span> <span class='ocrx_word' id='word_1_265' title='bbox 670 2367 749 2419; x_wconf 90' lang='lat' dir='ltr'><strong>arido</strong></span> <span class='ocrx_word' id='word_1_266' title='bbox 767 2368 830 2419; x_wconf 90' lang='lat' dir='ltr'><strong>solo</strong></span> <span class='ocrx_word' id='word_1_267' title='bbox 848 2364 989 2417; x_wconf 78' lang='lat' dir='ltr'><strong>viviradix</strong></span> 
     </span>
     <span class='ocr_line' id='line_1_31' title="bbox 186 2434 990 2505; baseline -0.005 -17"><span class='ocrx_word' id='word_1_268' title='bbox 186 2451 298 2505; x_wconf 90' lang='lat' dir='ltr'><strong>quoque</strong></span> <span class='ocrx_word' id='word_1_269' title='bbox 309 2435 416 2489; x_wconf 84' lang='lat' dir='ltr'><strong>trustra</strong></span> <span class='ocrx_word' id='word_1_270' title='bbox 424 2436 536 2489; x_wconf 86' lang='lat' dir='ltr'><strong>seritur.</strong></span> <span class='ocrx_word' id='word_1_271' title='bbox 572 2436 649 2489; x_wconf 84' lang='lat' dir='ltr'><strong>Male</strong></span> <span class='ocrx_word' id='word_1_272' title='bbox 664 2445 692 2489; x_wconf 90' lang='lat' dir='ltr'><strong>ct</strong></span> <span class='ocrx_word' id='word_1_273' title='bbox 702 2437 730 2487; x_wconf 94' lang='lat' dir='ltr'><strong>in</strong></span> <span class='ocrx_word' id='word_1_274' title='bbox 742 2436 822 2488; x_wconf 91' lang='lat' dir='ltr'><strong>siccis</strong></span> <span class='ocrx_word' id='word_1_275' title='bbox 832 2434 990 2494; x_wconf 90' lang='lat' dir='ltr'><strong>malleolus,</strong></span> 
     </span>
     <span class='ocr_line' id='line_1_32' title="bbox 185 2504 991 2574; baseline -0.004 -17"><span class='ocrx_word' id='word_1_276' title='bbox 185 2506 243 2558; x_wconf 91' lang='lat' dir='ltr'><strong>nisi</strong></span> <span class='ocrx_word' id='word_1_277' title='bbox 252 2506 450 2574; x_wconf 80' lang='lat' dir='ltr'><strong>postimbrem.</strong></span> <span class='ocrx_word' id='word_1_278' title='bbox 488 2505 559 2556; x_wconf 78' lang='lat' dir='ltr'><strong>Atin</strong></span> <span class='ocrx_word' id='word_1_279' title='bbox 568 2505 665 2572; x_wconf 89' lang='lat' dir='ltr'><strong>riguis,</strong></span> <span class='ocrx_word' id='word_1_280' title='bbox 676 2506 719 2557; x_wconf 83' lang='lat' dir='ltr'><strong>vel</strong></span> <span class='ocrx_word' id='word_1_281' title='bbox 730 2504 863 2559; x_wconf 79' lang='lat' dir='ltr'><strong>frondens</strong></span> <span class='ocrx_word' id='word_1_282' title='bbox 872 2504 945 2565; x_wconf 88' lang='lat' dir='ltr'><strong>vitis,</strong></span> <span class='ocrx_word' id='word_1_283' title='bbox 962 2508 991 2555; x_wconf 90' lang='lat' dir='ltr'><strong>et</strong></span> 
     </span>
     <span class='ocr_line' id='line_1_33' title="bbox 185 2573 990 2641; baseline -0.002 -15"><span class='ocrx_word' id='word_1_284' title='bbox 185 2575 319 2641; x_wconf 89' lang='lat' dir='ltr'><strong>usquead</strong></span> <span class='ocrx_word' id='word_1_285' title='bbox 331 2574 482 2624; x_wconf 85' lang='lat' dir='ltr'><strong>solstitium</strong></span> <span class='ocrx_word' id='word_1_286' title='bbox 493 2579 577 2634; x_wconf 89' lang='lat' dir='ltr'><strong>recte,</strong></span> <span class='ocrx_word' id='word_1_287' title='bbox 592 2580 623 2624; x_wconf 90' lang='lat' dir='ltr'><strong>ut</strong></span> <span class='ocrx_word' id='word_1_288' title='bbox 633 2574 661 2624; x_wconf 90' lang='lat' dir='ltr'><strong>in</strong></span> <span class='ocrx_word' id='word_1_289' title='bbox 672 2575 819 2639; x_wconf 77' lang='lat' dir='ltr'><strong>Hispania.</strong></span> <span class='ocrx_word' id='word_1_290' title='bbox 838 2573 990 2636; x_wconf 75' lang='lat' dir='ltr'><strong>quiescere</strong></span> 
     </span>
     <span class='ocr_line' id='line_1_34' title="bbox 182 2638 990 2709; baseline -0.007 -13"><span class='ocrx_word' id='word_1_291' title='bbox 182 2650 287 2696; x_wconf 85' lang='lat' dir='ltr'><strong>rentes</strong></span> <span class='ocrx_word' id='word_1_292' title='bbox 306 2640 423 2694; x_wconf 88' lang='lat' dir='ltr'><strong>sationis</strong></span> <span class='ocrx_word' id='word_1_293' title='bbox 445 2638 491 2692; x_wconf 91' lang='lat' dir='ltr'><strong>die</strong></span> <span class='ocrx_word' id='word_1_294' title='bbox 510 2640 700 2694; x_wconf 86' lang='lat' dir='ltr'><strong>utilissimum.</strong></span> <span class='ocrx_word' id='word_1_295' title='bbox 729 2640 858 2709; x_wconf 81' lang='lat' dir='ltr'><strong>Plerique</strong></span> <span class='ocrx_word' id='word_1_296' title='bbox 878 2646 990 2695; x_wconf 88' lang='lat' dir='ltr'><strong>austros</strong></span> 
     </span>
     <span class='ocr_line' id='line_1_35' title="bbox 184 2708 513 2780; baseline -0.012 -17"><span class='ocrx_word' id='word_1_297' title='bbox 184 2717 298 2780; x_wconf 87' lang='lat' dir='ltr'><strong>optant,</strong></span> <span class='ocrx_word' id='word_1_298' title='bbox 313 2709 383 2759; x_wconf 86' lang='lat' dir='ltr'><strong>cate</strong></span> <span class='ocrx_word' id='word_1_299' title='bbox 395 2708 513 2760; x_wconf 88' lang='lat' dir='ltr'><strong>abdicat.</strong></span> 
     </span>
    </p>

    <p class='ocr_par' dir='ltr' id='par_1_7' title="bbox 184 2777 990 3040">
     <span class='ocr_line' id='line_1_36' title="bbox 220 2777 989 2845; baseline -0.005 -13"><span class='ocrx_word' id='word_1_300' title='bbox 220 2780 247 2832; x_wconf 80' lang='lat'><strong>9.</strong></span> <span class='ocrx_word' id='word_1_301' title='bbox 268 2778 428 2841; x_wconf 87' lang='lat' dir='ltr'><strong>iuteresse,</strong></span> <span class='ocrx_word' id='word_1_302' title='bbox 447 2777 540 2828; x_wconf 89' lang='lat' dir='ltr'><strong>medlo</strong></span> <span class='ocrx_word' id='word_1_303' title='bbox 561 2782 798 2845; x_wconf 90' lang='lat' dir='ltr'><strong>temperamento,</strong></span> <span class='ocrx_word' id='word_1_304' title='bbox 815 2778 890 2831; x_wconf 84' lang='lat' dir='ltr'><strong>inter</strong></span> <span class='ocrx_word' id='word_1_305' title='bbox 908 2777 989 2830; x_wconf 90' lang='lat' dir='ltr'><strong>binas</strong></span> 
     </span>
     <span class='ocr_line' id='line_1_37' title="bbox 184 2845 988 2915; baseline -0.005 -12"><span class='ocrx_word' id='word_1_306' title='bbox 184 2851 262 2903; x_wconf 71' lang='lat' dir='ltr'><strong>vites</strong></span> <span class='ocrx_word' id='word_1_307' title='bbox 280 2853 394 2915; x_wconf 87' lang='lat' dir='ltr'><strong>oportet</strong></span> <span class='ocrx_word' id='word_1_308' title='bbox 415 2847 500 2913; x_wconf 86' lang='lat' dir='ltr'><strong>pedes</strong></span> <span class='ocrx_word' id='word_1_309' title='bbox 511 2845 625 2912; x_wconf 85' lang='lat' dir='ltr'><strong>quinos:</strong></span> <span class='ocrx_word' id='word_1_310' title='bbox 645 2847 788 2900; x_wconf 89' lang='lat' dir='ltr'><strong>minimum</strong></span> <span class='ocrx_word' id='word_1_311' title='bbox 808 2854 901 2901; x_wconf 89' lang='lat' dir='ltr'><strong>autem</strong></span> <span class='ocrx_word' id='word_1_312' title='bbox 913 2849 988 2900; x_wconf 89' lang='lat' dir='ltr'><strong>laeto</strong></span> 
     </span>
     <span class='ocr_line' id='line_1_38' title="bbox 186 2916 989 2985; baseline -0.001 -15"><span class='ocrx_word' id='word_1_313' title='bbox 186 2919 249 2970; x_wconf 84' lang='lat' dir='ltr'><strong>solo</strong></span> <span class='ocrx_word' id='word_1_314' title='bbox 270 2916 356 2983; x_wconf 88' lang='lat' dir='ltr'><strong>pedes</strong></span> <span class='ocrx_word' id='word_1_315' title='bbox 377 2923 541 2983; x_wconf 84' lang='lat' dir='ltr'><strong>quaternos:</strong></span> <span class='ocrx_word' id='word_1_316' title='bbox 572 2916 651 2969; x_wconf 92' lang='lat' dir='ltr'><strong>tenui</strong></span> <span class='ocrx_word' id='word_1_317' title='bbox 663 2953 671 2980; x_wconf 94' lang='lat'><strong>,</strong></span> <span class='ocrx_word' id='word_1_318' title='bbox 692 2918 841 2985; x_wconf 89' lang='lat' dir='ltr'><strong>plurimum</strong></span> <span class='ocrx_word' id='word_1_319' title='bbox 864 2924 989 2970; x_wconf 85' lang='lat' dir='ltr'><strong>octonos.</strong></span> 
     </span>
     <span class='ocr_line' id='line_1_39' title="bbox 188 2984 990 3040; baseline -0.004 0"><span class='ocrx_word' id='word_1_320' title='bbox 188 2987 285 3040; x_wconf 87' lang='lat' dir='ltr'><strong>llmbri</strong></span> <span class='ocrx_word' id='word_1_321' title='bbox 303 2991 331 3038; x_wconf 90' lang='lat' dir='ltr'><strong>et</strong></span> <span class='ocrx_word' id='word_1_322' title='bbox 350 2985 438 3037; x_wconf 83' lang='lat' dir='ltr'><strong>Marsi</strong></span> <span class='ocrx_word' id='word_1_323' title='bbox 457 2984 492 3035; x_wconf 87' lang='lat' dir='ltr'><strong>ad</strong></span> <span class='ocrx_word' id='word_1_324' title='bbox 513 2985 627 3037; x_wconf 80' lang='lat' dir='ltr'><strong>vicenus</strong></span> <span class='ocrx_word' id='word_1_325' title='bbox 647 2986 837 3039; x_wconf 89' lang='lat' dir='ltr'><strong>intermittunt</strong></span> <span class='ocrx_word' id='word_1_326' title='bbox 856 2987 990 3038; x_wconf 88' lang='lat' dir='ltr'><strong>erationis</strong></span> 
     </span>
    </p>

    <p class='ocr_par' dir='ltr' id='par_1_8' title="bbox 185 3054 991 4229">
     <span class='ocr_line' id='line_1_40' title="bbox 208 3054 988 3122; baseline -0.003 -15"><span class='ocrx_word' id='word_1_327' title='bbox 208 3057 279 3107; x_wconf 89' lang='lat' dir='ltr'><strong>ratia</strong></span> <span class='ocrx_word' id='word_1_328' title='bbox 289 3055 318 3106; x_wconf 92' lang='lat' dir='ltr'><strong>in</strong></span> <span class='ocrx_word' id='word_1_329' title='bbox 328 3054 389 3118; x_wconf 89' lang='lat' dir='ltr'><strong>his,</strong></span> <span class='ocrx_word' id='word_1_330' title='bbox 410 3069 480 3122; x_wconf 88' lang='lat' dir='ltr'><strong>quae</strong></span> <span class='ocrx_word' id='word_1_331' title='bbox 491 3060 591 3105; x_wconf 75' lang='lat' dir='ltr'><strong>vocant</strong></span> <span class='ocrx_word' id='word_1_332' title='bbox 602 3056 756 3121; x_wconf 81' lang='lat' dir='ltr'><strong>porculeta.</strong></span> <span class='ocrx_word' id='word_1_333' title='bbox 793 3055 891 3108; x_wconf 84' lang='lat' dir='ltr'><strong>Pluvio</strong></span> <span class='ocrx_word' id='word_1_334' title='bbox 902 3062 931 3108; x_wconf 88' lang='lat' dir='ltr'><strong>et</strong></span> <span class='ocrx_word' id='word_1_335' title='bbox 943 3070 988 3107; x_wconf 89' lang='lat' dir='ltr'><strong>ca·</strong></span> 
     </span>
     <span class='ocr_line' id='line_1_41' title="bbox 186 3073 988 3194; baseline -0.002 -17"><span class='ocrx_word' id='word_1_336' title='bbox 186 3073 311 3194; x_wconf 54' lang='lat' dir='ltr'><strong>figinuso</strong></span> <span class='ocrx_word' id='word_1_337' title='bbox 326 3130 416 3177; x_wconf 91' lang='lat' dir='ltr'><strong>tractu</strong></span> <span class='ocrx_word' id='word_1_338' title='bbox 433 3124 555 3175; x_wconf 88' lang='lat' dir='ltr'><strong>rariores</strong></span> <span class='ocrx_word' id='word_1_339' title='bbox 569 3124 649 3189; x_wconf 92' lang='lat' dir='ltr'><strong>poni,</strong></span> <span class='ocrx_word' id='word_1_340' title='bbox 668 3127 743 3177; x_wconf 89' lang='lat' dir='ltr'><strong>sicco</strong></span> <span class='ocrx_word' id='word_1_341' title='bbox 761 3122 905 3179; x_wconf 88' lang='lat' dir='ltr'><strong>densiores</strong></span> <span class='ocrx_word' id='word_1_342' title='bbox 924 3138 988 3177; x_wconf 88' lang='lat' dir='ltr'><strong>con·</strong></span> 
     </span>
     <span class='ocr_line' id='line_1_42' title="bbox 186 3191 991 3264; baseline 0 -19"><span class='ocrx_word' id='word_1_343' title='bbox 186 3194 273 3264; x_wconf 89' lang='lat' dir='ltr'><strong>gruit.</strong></span> <span class='ocrx_word' id='word_1_344' title='bbox 315 3191 461 3245; x_wconf 81' lang='lat' dir='ltr'><strong>Subtiliter</strong></span> <span class='ocrx_word' id='word_1_345' title='bbox 480 3192 672 3259; x_wconf 86' lang='lat' dir='ltr'><strong>parcimoniae</strong></span> <span class='ocrx_word' id='word_1_346' title='bbox 691 3192 855 3261; x_wconf 90' lang='lat' dir='ltr'><strong>compendia</strong></span> <span class='ocrx_word' id='word_1_347' title='bbox 874 3194 991 3258; x_wconf 83' lang='lat' dir='ltr'><strong>invenit,</strong></span> 
     </span>
     <span class='ocr_line' id='line_1_43' title="bbox 188 3262 989 3329; baseline -0.001 -14"><span class='ocrx_word' id='word_1_348' title='bbox 188 3279 250 3315; x_wconf 90' lang='lat' dir='ltr'><strong>cum</strong></span> <span class='ocrx_word' id='word_1_349' title='bbox 268 3262 350 3314; x_wconf 89' lang='lat' dir='ltr'><strong>vinea</strong></span> <span class='ocrx_word' id='word_1_350' title='bbox 365 3263 394 3314; x_wconf 94' lang='lat' dir='ltr'><strong>in</strong></span> <span class='ocrx_word' id='word_1_351' title='bbox 414 3262 555 3329; x_wconf 86' lang='lat' dir='ltr'><strong>pastinato</strong></span> <span class='ocrx_word' id='word_1_352' title='bbox 567 3262 680 3325; x_wconf 92' lang='lat' dir='ltr'><strong>seritur,</strong></span> <span class='ocrx_word' id='word_1_353' title='bbox 702 3264 794 3317; x_wconf 88' lang='lat' dir='ltr'><strong>obiter</strong></span> <span class='ocrx_word' id='word_1_354' title='bbox 810 3263 989 3316; x_wconf 88' lang='lat' dir='ltr'><strong>seminarium</strong></span> 
     </span>
     <span class='ocr_line' id='line_1_44' title="bbox 187 3330 988 3400; baseline -0.005 -14"><span class='ocrx_word' id='word_1_355' title='bbox 187 3330 325 3386; x_wconf 80' lang='lat' dir='ltr'><strong>faciendi:</strong></span> <span class='ocrx_word' id='word_1_356' title='bbox 344 3337 414 3384; x_wconf 86' lang='lat' dir='ltr'><strong>utet</strong></span> <span class='ocrx_word' id='word_1_357' title='bbox 430 3330 568 3384; x_wconf 71' lang='lat' dir='ltr'><strong>viviradix</strong></span> <span class='ocrx_word' id='word_1_358' title='bbox 582 3330 646 3384; x_wconf 92' lang='lat' dir='ltr'><strong>loco</strong></span> <span class='ocrx_word' id='word_1_359' title='bbox 663 3348 724 3396; x_wconf 89' lang='lat' dir='ltr'><strong>suo,</strong></span> <span class='ocrx_word' id='word_1_360' title='bbox 746 3338 774 3386; x_wconf 92' lang='lat' dir='ltr'><strong>et</strong></span> <span class='ocrx_word' id='word_1_361' title='bbox 785 3331 932 3386; x_wconf 88' lang='lat' dir='ltr'><strong>malleolus</strong></span> <span class='ocrx_word' id='word_1_362' title='bbox 943 3331 988 3400; x_wconf 90' lang='lat' dir='ltr'><strong>qui</strong></span> 
     </span>
     <span class='ocr_line' id='line_1_45' title="bbox 188 3400 990 3466; baseline 0 -12"><span class='ocrx_word' id='word_1_363' title='bbox 188 3400 382 3463; x_wconf 78' lang='lat' dir='ltr'><strong>transferatur,</strong></span> <span class='ocrx_word' id='word_1_364' title='bbox 402 3400 476 3453; x_wconf 91' lang='lat' dir='ltr'><strong>inter</strong></span> <span class='ocrx_word' id='word_1_365' title='bbox 492 3401 564 3453; x_wconf 79' lang='lat' dir='ltr'><strong>vites</strong></span> <span class='ocrx_word' id='word_1_366' title='bbox 580 3406 608 3453; x_wconf 91' lang='lat' dir='ltr'><strong>et</strong></span> <span class='ocrx_word' id='word_1_367' title='bbox 627 3402 741 3455; x_wconf 88' lang='lat' dir='ltr'><strong>ordines</strong></span> <span class='ocrx_word' id='word_1_368' title='bbox 756 3408 876 3455; x_wconf 90' lang='lat' dir='ltr'><strong>seratur.</strong></span> <span class='ocrx_word' id='word_1_369' title='bbox 912 3403 990 3466; x_wconf 78' lang='lat' dir='ltr'><strong>Quae</strong></span> 
     </span>
     <span class='ocr_line' id='line_1_46' title="bbox 187 3469 989 3536; baseline 0 -14"><span class='ocrx_word' id='word_1_370' title='bbox 187 3471 263 3523; x_wconf 88' lang='lat' dir='ltr'><strong>ratio</strong></span> <span class='ocrx_word' id='word_1_371' title='bbox 275 3470 303 3522; x_wconf 93' lang='lat' dir='ltr'><strong>in</strong></span> <span class='ocrx_word' id='word_1_372' title='bbox 315 3472 413 3536; x_wconf 88' lang='lat' dir='ltr'><strong>iugero</strong></span> <span class='ocrx_word' id='word_1_373' title='bbox 432 3469 544 3521; x_wconf 88' lang='lat' dir='ltr'><strong>circiter</strong></span> <span class='ocrx_word' id='word_1_374' title='bbox 560 3470 683 3523; x_wconf 88' lang='lat' dir='ltr'><strong>sedecim</strong></span> <span class='ocrx_word' id='word_1_375' title='bbox 700 3471 793 3524; x_wconf 91' lang='lat' dir='ltr'><strong>millia</strong></span> <span class='ocrx_word' id='word_1_376' title='bbox 807 3470 989 3524; x_wconf 82' lang='lat' dir='ltr'><strong>viviradicem</strong></span> 
     </span>
     <span class='ocr_line' id='line_1_47' title="bbox 189 3539 988 3607; baseline 0 -15"><span class='ocrx_word' id='word_1_377' title='bbox 189 3539 285 3592; x_wconf 86' lang='lat' dir='ltr'><strong>donat.</strong></span> <span class='ocrx_word' id='word_1_378' title='bbox 323 3540 442 3592; x_wconf 88' lang='lat' dir='ltr'><strong>interest</strong></span> <span class='ocrx_word' id='word_1_379' title='bbox 459 3543 553 3591; x_wconf 90' lang='lat' dir='ltr'><strong>autem</strong></span> <span class='ocrx_word' id='word_1_380' title='bbox 568 3539 709 3593; x_wconf 89' lang='lat' dir='ltr'><strong>biennium</strong></span> <span class='ocrx_word' id='word_1_381' title='bbox 727 3541 842 3604; x_wconf 83' lang='lat' dir='ltr'><strong>tructus,</strong></span> <span class='ocrx_word' id='word_1_382' title='bbox 862 3555 917 3607; x_wconf 92' lang='lat' dir='ltr'><strong>quo</strong></span> <span class='ocrx_word' id='word_1_383' title='bbox 930 3547 988 3592; x_wconf 90' lang='lat' dir='ltr'><strong>tar·</strong></span> 
     </span>
     <span class='ocr_line' id='line_1_48' title="bbox 189 3608 990 3678; baseline -0.002 -17"><span class='ocrx_word' id='word_1_384' title='bbox 189 3608 251 3661; x_wconf 92' lang='lat' dir='ltr'><strong>dius</strong></span> <span class='ocrx_word' id='word_1_385' title='bbox 261 3613 289 3661; x_wconf 90' lang='lat' dir='ltr'><strong>in</strong></span> <span class='ocrx_word' id='word_1_386' title='bbox 299 3616 360 3662; x_wconf 89' lang='lat' dir='ltr'><strong>sato</strong></span> <span class='ocrx_word' id='word_1_387' title='bbox 372 3609 510 3677; x_wconf 88' lang='lat' dir='ltr'><strong>provenit,</strong></span> <span class='ocrx_word' id='word_1_388' title='bbox 525 3623 607 3678; x_wconf 88' lang='lat' dir='ltr'><strong>quam</strong></span> <span class='ocrx_word' id='word_1_389' title='bbox 620 3610 648 3661; x_wconf 91' lang='lat' dir='ltr'><strong>in</strong></span> <span class='ocrx_word' id='word_1_390' title='bbox 660 3610 804 3663; x_wconf 90' lang='lat' dir='ltr'><strong>translato.</strong></span> <span class='ocrx_word' id='word_1_391' title='bbox 839 3608 990 3663; x_wconf 85' lang='lat' dir='ltr'><strong>Viviradix</strong></span> 
     </span>
     <span class='ocr_line' id='line_1_49' title="bbox 187 3678 990 3749; baseline -0.001 -19"><span class='ocrx_word' id='word_1_392' title='bbox 187 3679 281 3749; x_wconf 88' lang='lat' dir='ltr'><strong>posita</strong></span> <span class='ocrx_word' id='word_1_393' title='bbox 293 3678 321 3729; x_wconf 93' lang='lat' dir='ltr'><strong>in</strong></span> <span class='ocrx_word' id='word_1_394' title='bbox 332 3679 414 3731; x_wconf 80' lang='lat' dir='ltr'><strong>cinea</strong></span> <span class='ocrx_word' id='word_1_395' title='bbox 430 3684 494 3747; x_wconf 90' lang='lat' dir='ltr'><strong>post</strong></span> <span class='ocrx_word' id='word_1_396' title='bbox 507 3693 608 3730; x_wconf 87' lang='lat' dir='ltr'><strong>annum</strong></span> <span class='ocrx_word' id='word_1_397' title='bbox 624 3687 769 3733; x_wconf 87' lang='lat' dir='ltr'><strong>resecatur</strong></span> <span class='ocrx_word' id='word_1_398' title='bbox 785 3694 871 3746; x_wconf 87' lang='lat' dir='ltr'><strong>usqne</strong></span> <span class='ocrx_word' id='word_1_399' title='bbox 889 3678 925 3731; x_wconf 92' lang='lat' dir='ltr'><strong>ad</strong></span> <span class='ocrx_word' id='word_1_400' title='bbox 936 3684 990 3731; x_wconf 92' lang='lat' dir='ltr'><strong>ter·</strong></span> 
     </span>
     <span class='ocr_line' id='line_1_50' title="bbox 187 3746 988 3811; baseline -0.001 -11"><span class='ocrx_word' id='word_1_401' title='bbox 187 3763 258 3811; x_wconf 86' lang='lat' dir='ltr'><strong>ram,</strong></span> <span class='ocrx_word' id='word_1_402' title='bbox 276 3755 308 3798; x_wconf 92' lang='lat' dir='ltr'><strong>ut</strong></span> <span class='ocrx_word' id='word_1_403' title='bbox 328 3763 401 3800; x_wconf 91' lang='lat' dir='ltr'><strong>unus</strong></span> <span class='ocrx_word' id='word_1_404' title='bbox 420 3753 528 3800; x_wconf 89' lang='lat' dir='ltr'><strong>tantum</strong></span> <span class='ocrx_word' id='word_1_405' title='bbox 552 3746 673 3801; x_wconf 84' lang='lat' dir='ltr'><strong>emineat</strong></span> <span class='ocrx_word' id='word_1_406' title='bbox 690 3749 799 3811; x_wconf 90' lang='lat' dir='ltr'><strong>oculus,</strong></span> <span class='ocrx_word' id='word_1_407' title='bbox 821 3747 988 3799; x_wconf 89' lang='lat' dir='ltr'><strong>adminiculo</strong></span> 
     </span>
     <span class='ocr_line' id='line_1_51' title="bbox 185 3816 988 3881; baseline -0.002 -11"><span class='ocrx_word' id='word_1_408' title='bbox 185 3818 267 3870; x_wconf 89' lang='lat' dir='ltr'><strong>iuxta</strong></span> <span class='ocrx_word' id='word_1_409' title='bbox 277 3819 370 3881; x_wconf 82' lang='lat' dir='ltr'><strong>affixo,</strong></span> <span class='ocrx_word' id='word_1_410' title='bbox 391 3824 420 3870; x_wconf 90' lang='lat' dir='ltr'><strong>et</strong></span> <span class='ocrx_word' id='word_1_411' title='bbox 430 3820 495 3869; x_wconf 88' lang='lat' dir='ltr'><strong>limo</strong></span> <span class='ocrx_word' id='word_1_412' title='bbox 507 3816 613 3869; x_wconf 91' lang='lat' dir='ltr'><strong>addito.</strong></span> <span class='ocrx_word' id='word_1_413' title='bbox 632 3817 723 3870; x_wconf 85' lang='lat' dir='ltr'><strong>Simili</strong></span> <span class='ocrx_word' id='word_1_414' title='bbox 733 3817 816 3871; x_wconf 89' lang='lat' dir='ltr'><strong>modo</strong></span> <span class='ocrx_word' id='word_1_415' title='bbox 828 3816 988 3871; x_wconf 85' lang='lat' dir='ltr'><strong>etsecunde</strong></span> 
     </span>
     <span class='ocr_line' id='line_1_52' title="bbox 188 3885 990 3955; baseline 0.001 -17"><span class='ocrx_word' id='word_1_416' title='bbox 188 3901 261 3938; x_wconf 89' lang='lat' dir='ltr'><strong>anno</strong></span> <span class='ocrx_word' id='word_1_417' title='bbox 273 3887 422 3949; x_wconf 85' lang='lat' dir='ltr'><strong>reciditur,</strong></span> <span class='ocrx_word' id='word_1_418' title='bbox 440 3888 567 3955; x_wconf 80' lang='lat' dir='ltr'><strong>rircsque</strong></span> <span class='ocrx_word' id='word_1_419' title='bbox 580 3888 715 3954; x_wconf 90' lang='lat' dir='ltr'><strong>concipit,</strong></span> <span class='ocrx_word' id='word_1_420' title='bbox 734 3894 763 3942; x_wconf 91' lang='lat' dir='ltr'><strong>et</strong></span> <span class='ocrx_word' id='word_1_421' title='bbox 773 3889 846 3940; x_wconf 87' lang='lat' dir='ltr'><strong>intra</strong></span> <span class='ocrx_word' id='word_1_422' title='bbox 857 3902 887 3941; x_wconf 88' lang='lat' dir='ltr'><strong>se</strong></span> <span class='ocrx_word' id='word_1_423' title='bbox 898 3885 990 3955; x_wconf 84' lang='lat' dir='ltr'><strong>pascit</strong></span> 
     </span>
     <span class='ocr_line' id='line_1_53' title="bbox 188 3956 990 4026; baseline 0.001 -19"><span class='ocrx_word' id='word_1_424' title='bbox 188 3956 354 4008; x_wconf 78' lang='lat' dir='ltr'><strong>suffecturas</strong></span> <span class='ocrx_word' id='word_1_425' title='bbox 365 3956 456 4008; x_wconf 89' lang='lat' dir='ltr'><strong>oncri:</strong></span> <span class='ocrx_word' id='word_1_426' title='bbox 474 3956 544 4008; x_wconf 89' lang='lat' dir='ltr'><strong>alias</strong></span> <span class='ocrx_word' id='word_1_427' title='bbox 562 3956 743 4010; x_wconf 84' lang='lat' dir='ltr'><strong>testinatione</strong></span> <span class='ocrx_word' id='word_1_428' title='bbox 760 3956 888 4024; x_wconf 90' lang='lat' dir='ltr'><strong>pariendi</strong></span> <span class='ocrx_word' id='word_1_429' title='bbox 900 3956 990 4026; x_wconf 86' lang='lat' dir='ltr'><strong>graci-</strong></span> 
     </span>
     <span class='ocr_line' id='line_1_54' title="bbox 186 4023 989 4096; baseline 0.001 -21"><span class='ocrx_word' id='word_1_430' title='bbox 186 4026 224 4076; x_wconf 88' lang='lat' dir='ltr'><strong>lis</strong></span> <span class='ocrx_word' id='word_1_431' title='bbox 236 4033 319 4091; x_wconf 88' lang='lat' dir='ltr'><strong>atque</strong></span> <span class='ocrx_word' id='word_1_432' title='bbox 328 4024 464 4086; x_wconf 90' lang='lat' dir='ltr'><strong>ciuncida,</strong></span> <span class='ocrx_word' id='word_1_433' title='bbox 481 4026 510 4076; x_wconf 92' lang='lat' dir='ltr'><strong>ni</strong></span> <span class='ocrx_word' id='word_1_434' title='bbox 520 4023 684 4077; x_wconf 86' lang='lat' dir='ltr'><strong>cohibeatur</strong></span> <span class='ocrx_word' id='word_1_435' title='bbox 694 4028 878 4096; x_wconf 82' lang='lat' dir='ltr'><strong>castigatione</strong></span> <span class='ocrx_word' id='word_1_436' title='bbox 887 4027 949 4089; x_wconf 87' lang='lat' dir='ltr'><strong>tali,</strong></span> <span class='ocrx_word' id='word_1_437' title='bbox 960 4026 989 4077; x_wconf 89' lang='lat' dir='ltr'><strong>in</strong></span> 
     </span>
     <span class='ocr_line' id='line_1_55' title="bbox 187 4091 989 4149; baseline 0.001 -4"><span class='ocrx_word' id='word_1_438' title='bbox 187 4092 297 4147; x_wconf 73' lang='lat' dir='ltr'><strong>loetum</strong></span> <span class='ocrx_word' id='word_1_439' title='bbox 315 4101 399 4148; x_wconf 88' lang='lat' dir='ltr'><strong>exeat</strong></span> <span class='ocrx_word' id='word_1_440' title='bbox 412 4100 482 4146; x_wconf 88' lang='lat' dir='ltr'><strong>tota.</strong></span> <span class='ocrx_word' id='word_1_441' title='bbox 517 4091 593 4146; x_wconf 85' lang='lat' dir='ltr'><strong>Nihil</strong></span> <span class='ocrx_word' id='word_1_442' title='bbox 610 4094 721 4147; x_wconf 88' lang='lat' dir='ltr'><strong>aridius</strong></span> <span class='ocrx_word' id='word_1_443' title='bbox 735 4096 871 4149; x_wconf 71' lang='lat' dir='ltr'><strong>nascituri</strong></span> <span class='ocrx_word' id='word_1_444' title='bbox 889 4095 989 4149; x_wconf 91' lang='lat' dir='ltr'><strong>ncnisi</strong></span> 
     </span>
     <span class='ocr_line' id='line_1_56' title="bbox 186 4162 884 4229; baseline 0.001 -14"><span class='ocrx_word' id='word_1_445' title='bbox 186 4162 226 4215; x_wconf 84' lang='lat' dir='ltr'><strong>ad</strong></span> <span class='ocrx_word' id='word_1_446' title='bbox 236 4163 397 4229; x_wconf 88' lang='lat' dir='ltr'><strong>pariendum</strong></span> <span class='ocrx_word' id='word_1_447' title='bbox 408 4164 480 4216; x_wconf 84' lang='lat' dir='ltr'><strong>rires</strong></span> <span class='ocrx_word' id='word_1_448' title='bbox 493 4169 646 4225; x_wconf 88' lang='lat' dir='ltr'><strong>serventur,</strong></span> <span class='ocrx_word' id='word_1_449' title='bbox 665 4170 727 4215; x_wconf 89' lang='lat' dir='ltr'><strong>tnta</strong></span> <span class='ocrx_word' id='word_1_450' title='bbox 738 4165 771 4216; x_wconf 86' lang='lat' dir='ltr'><strong>lit</strong></span> <span class='ocrx_word' id='word_1_451' title='bbox 782 4164 884 4218; x_wconf 81' lang='lat' dir='ltr'><strong>tectus.</strong></span> 
     </span>
    </p>

    <p class='ocr_par' dir='ltr' id='par_1_9' title="bbox 185 4229 989 4708">
     <span class='ocr_line' id='line_1_57' title="bbox 223 4229 989 4297; baseline 0 -14"><span class='ocrx_word' id='word_1_452' title='bbox 223 4229 267 4283; x_wconf 86' lang='lat'><strong>10.</strong></span> <span class='ocrx_word' id='word_1_453' title='bbox 285 4231 453 4285; x_wconf 84' lang='lat' dir='ltr'><strong>Pedamenta</strong></span> <span class='ocrx_word' id='word_1_454' title='bbox 464 4231 577 4296; x_wconf 91' lang='lat' dir='ltr'><strong>optima,</strong></span> <span class='ocrx_word' id='word_1_455' title='bbox 589 4245 658 4297; x_wconf 87' lang='lat' dir='ltr'><strong>qnae</strong></span> <span class='ocrx_word' id='word_1_456' title='bbox 669 4230 806 4285; x_wconf 81' lang='lat' dir='ltr'><strong>diximus:</strong></span> <span class='ocrx_word' id='word_1_457' title='bbox 824 4240 873 4286; x_wconf 89' lang='lat' dir='ltr'><strong>aut</strong></span> <span class='ocrx_word' id='word_1_458' title='bbox 885 4231 989 4285; x_wconf 90' lang='lat' dir='ltr'><strong>ridicae</strong></span> 
     </span>
     <span class='ocr_line' id='line_1_58' title="bbox 186 4299 989 4368; baseline -0.002 -14"><span class='ocrx_word' id='word_1_459' title='bbox 186 4317 204 4354; x_wconf 90' lang='lat' dir='ltr'><strong>e</strong></span> <span class='ocrx_word' id='word_1_460' title='bbox 214 4301 327 4363; x_wconf 88' lang='lat' dir='ltr'><strong>robore,</strong></span> <span class='ocrx_word' id='word_1_461' title='bbox 349 4299 478 4365; x_wconf 82' lang='lat' dir='ltr'><strong>oleaque:</strong></span> <span class='ocrx_word' id='word_1_462' title='bbox 496 4305 546 4349; x_wconf 88' lang='lat' dir='ltr'><strong>aut</strong></span> <span class='ocrx_word' id='word_1_463' title='bbox 560 4300 584 4349; x_wconf 92' lang='lat' dir='ltr'><strong>si</strong></span> <span class='ocrx_word' id='word_1_464' title='bbox 598 4313 652 4350; x_wconf 89' lang='lat' dir='ltr'><strong>non</strong></span> <span class='ocrx_word' id='word_1_465' title='bbox 667 4299 737 4367; x_wconf 87' lang='lat' dir='ltr'><strong>sint,</strong></span> <span class='ocrx_word' id='word_1_466' title='bbox 756 4301 813 4366; x_wconf 90' lang='lat' dir='ltr'><strong>pali</strong></span> <span class='ocrx_word' id='word_1_467' title='bbox 824 4318 839 4354; x_wconf 91' lang='lat' dir='ltr'><strong>e</strong></span> <span class='ocrx_word' id='word_1_468' title='bbox 849 4302 989 4368; x_wconf 89' lang='lat' dir='ltr'><strong>iunipero,</strong></span> 
     </span>
     <span class='ocr_line' id='line_1_59' title="bbox 185 4365 989 4438; baseline -0.001 -16"><span class='ocrx_word' id='word_1_469' title='bbox 185 4382 328 4438; x_wconf 85' lang='lat' dir='ltr'><strong>cupresso,</strong></span> <span class='ocrx_word' id='word_1_470' title='bbox 349 4366 475 4427; x_wconf 86' lang='lat' dir='ltr'><strong>laburno,</strong></span> <span class='ocrx_word' id='word_1_471' title='bbox 486 4365 626 4417; x_wconf 88' lang='lat' dir='ltr'><strong>sambuco.</strong></span> <span class='ocrx_word' id='word_1_472' title='bbox 663 4368 844 4435; x_wconf 88' lang='lat' dir='ltr'><strong>Reliquorum</strong></span> <span class='ocrx_word' id='word_1_473' title='bbox 856 4382 989 4436; x_wconf 87' lang='lat' dir='ltr'><strong>generum</strong></span> 
     </span>
     <span class='ocr_line' id='line_1_60' title="bbox 185 4432 988 4492; baseline 0.002 -2"><span class='ocrx_word' id='word_1_474' title='bbox 185 4440 271 4492; x_wconf 89' lang='lat' dir='ltr'><strong>sudes</strong></span> <span class='ocrx_word' id='word_1_475' title='bbox 293 4433 419 4486; x_wconf 89' lang='lat' dir='ltr'><strong>omnibus</strong></span> <span class='ocrx_word' id='word_1_476' title='bbox 440 4435 520 4485; x_wconf 92' lang='lat' dir='ltr'><strong>annis</strong></span> <span class='ocrx_word' id='word_1_477' title='bbox 538 4432 709 4486; x_wconf 88' lang='lat' dir='ltr'><strong>reciduntur.</strong></span> <span class='ocrx_word' id='word_1_478' title='bbox 752 4436 942 4489; x_wconf 79' lang='lat' dir='ltr'><strong>saluberrima</strong></span> <span class='ocrx_word' id='word_1_479' title='bbox 961 4440 988 4492; x_wconf 92' lang='lat' dir='ltr'><strong>in</strong></span> 
     </span>
     <span class='ocr_line' id='line_1_61' title="bbox 186 4502 989 4576; baseline -0.001 -16"><span class='ocrx_word' id='word_1_480' title='bbox 186 4511 255 4576; x_wconf 89' lang='lat' dir='ltr'><strong>iugo</strong></span> <span class='ocrx_word' id='word_1_481' title='bbox 266 4504 373 4558; x_wconf 87' lang='lat' dir='ltr'><strong>arundo</strong></span> <span class='ocrx_word' id='word_1_482' title='bbox 385 4516 510 4555; x_wconf 85' lang='lat' dir='ltr'><strong>connexa</strong></span> <span class='ocrx_word' id='word_1_483' title='bbox 530 4502 689 4567; x_wconf 76' lang='lat' dir='ltr'><strong>fasciculis,</strong></span> <span class='ocrx_word' id='word_1_484' title='bbox 708 4504 791 4557; x_wconf 88' lang='lat' dir='ltr'><strong>durat</strong></span> <span class='ocrx_word' id='word_1_485' title='bbox 801 4506 891 4573; x_wconf 89' lang='lat' dir='ltr'><strong>quinis</strong></span> <span class='ocrx_word' id='word_1_486' title='bbox 902 4507 989 4559; x_wconf 91' lang='lat' dir='ltr'><strong>annis.</strong></span> 
     </span>
     <span class='ocr_line' id='line_1_62' title="bbox 187 4572 989 4643; baseline 0.004 -15"><span class='ocrx_word' id='word_1_487' title='bbox 187 4578 256 4628; x_wconf 84' lang='lat' dir='ltr'><strong>Cum</strong></span> <span class='ocrx_word' id='word_1_488' title='bbox 268 4574 411 4626; x_wconf 76' lang='lat' dir='ltr'><strong>breviores</strong></span> <span class='ocrx_word' id='word_1_489' title='bbox 421 4572 551 4641; x_wconf 86' lang='lat' dir='ltr'><strong>palmites</strong></span> <span class='ocrx_word' id='word_1_490' title='bbox 567 4580 708 4625; x_wconf 87' lang='lat' dir='ltr'><strong>sarmento</strong></span> <span class='ocrx_word' id='word_1_491' title='bbox 718 4574 868 4643; x_wconf 86' lang='lat' dir='ltr'><strong>iunguntur</strong></span> <span class='ocrx_word' id='word_1_492' title='bbox 877 4576 951 4632; x_wconf 86' lang='lat' dir='ltr'><strong>inter</strong></span> <span class='ocrx_word' id='word_1_493' title='bbox 960 4592 989 4631; x_wconf 85' lang='lat' dir='ltr'><strong>se</strong></span> 
     </span>
     <span class='ocr_line' id='line_1_63' title="bbox 186 4639 852 4708; baseline 0 -11"><span class='ocrx_word' id='word_1_494' title='bbox 186 4646 295 4698; x_wconf 82' lang='lat' dir='ltr'><strong>tunium</strong></span> <span class='ocrx_word' id='word_1_495' title='bbox 306 4642 397 4708; x_wconf 82' lang='lat' dir='ltr'><strong>niodo,</strong></span> <span class='ocrx_word' id='word_1_496' title='bbox 408 4657 443 4695; x_wconf 84' lang='lat' dir='ltr'><strong>ex</strong></span> <span class='ocrx_word' id='word_1_497' title='bbox 454 4639 507 4694; x_wconf 88' lang='lat' dir='ltr'><strong>boc</strong></span> <span class='ocrx_word' id='word_1_498' title='bbox 517 4656 597 4694; x_wconf 88' lang='lat' dir='ltr'><strong>arcus</strong></span> <span class='ocrx_word' id='word_1_499' title='bbox 607 4641 704 4695; x_wconf 80' lang='lat' dir='ltr'><strong>funeta</strong></span> <span class='ocrx_word' id='word_1_500' title='bbox 714 4643 852 4697; x_wconf 88' lang='lat' dir='ltr'><strong>dicuntur.</strong></span> 
     </span>
    </p>

    <p class='ocr_par' dir='ltr' id='par_1_10' title="bbox 187 4710 992 5684">
     <span class='ocr_line' id='line_1_64' title="bbox 225 4710 989 4781; baseline 0 -14"><span class='ocrx_word' id='word_1_501' title='bbox 225 4713 268 4767; x_wconf 85' lang='lat'><strong>11.</strong></span> <span class='ocrx_word' id='word_1_502' title='bbox 287 4715 400 4767; x_wconf 84' lang='lat' dir='ltr'><strong>Tertius</strong></span> <span class='ocrx_word' id='word_1_503' title='bbox 411 4710 509 4765; x_wconf 89' lang='lat' dir='ltr'><strong>vineae</strong></span> <span class='ocrx_word' id='word_1_504' title='bbox 518 4727 606 4763; x_wconf 88' lang='lat' dir='ltr'><strong>annus</strong></span> <span class='ocrx_word' id='word_1_505' title='bbox 617 4712 759 4781; x_wconf 89' lang='lat' dir='ltr'><strong>palmitem</strong></span> <span class='ocrx_word' id='word_1_506' title='bbox 771 4714 895 4768; x_wconf 76' lang='lat' dir='ltr'><strong>velocem</strong></span> <span class='ocrx_word' id='word_1_507' title='bbox 906 4716 989 4769; x_wconf 86' lang='lat' dir='ltr'><strong>rubu-</strong></span> 
     </span>
     <span class='ocr_line' id='line_1_65' title="bbox 188 4781 991 4853; baseline -0.005 -15"><span class='ocrx_word' id='word_1_508' title='bbox 188 4793 318 4853; x_wconf 91' lang='lat' dir='ltr'><strong>stumque</strong></span> <span class='ocrx_word' id='word_1_509' title='bbox 329 4782 441 4845; x_wconf 89' lang='lat' dir='ltr'><strong>emittit,</strong></span> <span class='ocrx_word' id='word_1_510' title='bbox 460 4788 490 4834; x_wconf 89' lang='lat' dir='ltr'><strong>et</strong></span> <span class='ocrx_word' id='word_1_511' title='bbox 506 4795 586 4849; x_wconf 91' lang='lat' dir='ltr'><strong>quern</strong></span> <span class='ocrx_word' id='word_1_512' title='bbox 604 4781 863 4837; x_wconf 77' lang='lat' dir='ltr'><strong>tacitaetasritem.</strong></span> <span class='ocrx_word' id='word_1_513' title='bbox 897 4784 991 4840; x_wconf 82' lang='lat' dir='ltr'><strong>Hicin</strong></span> 
     </span>
     <span class='ocr_line' id='line_1_66' title="bbox 187 4850 991 4923; baseline -0.001 -17"><span class='ocrx_word' id='word_1_514' title='bbox 187 4857 287 4923; x_wconf 82' lang='lat' dir='ltr'><strong>iugum</strong></span> <span class='ocrx_word' id='word_1_515' title='bbox 297 4852 394 4905; x_wconf 90' lang='lat' dir='ltr'><strong>insilit.</strong></span> <span class='ocrx_word' id='word_1_516' title='bbox 431 4850 550 4916; x_wconf 74' lang='lat' dir='ltr'><strong>Quidam</strong></span> <span class='ocrx_word' id='word_1_517' title='bbox 562 4857 628 4904; x_wconf 90' lang='lat' dir='ltr'><strong>tnnc</strong></span> <span class='ocrx_word' id='word_1_518' title='bbox 639 4858 873 4920; x_wconf 87' lang='lat' dir='ltr'><strong>excaecanteum,</strong></span> <span class='ocrx_word' id='word_1_519' title='bbox 892 4857 991 4922; x_wconf 89' lang='lat' dir='ltr'><strong>supina</strong></span> 
     </span>
     <span class='ocr_line' id='line_1_67' title="bbox 189 4921 991 4989; baseline 0.002 -14"><span class='ocrx_word' id='word_1_520' title='bbox 189 4925 263 4976; x_wconf 81' lang='lat' dir='ltr'><strong>falce</strong></span> <span class='ocrx_word' id='word_1_521' title='bbox 273 4921 425 4976; x_wconf 77' lang='lat' dir='ltr'><strong>auterendo</strong></span> <span class='ocrx_word' id='word_1_522' title='bbox 437 4921 543 4985; x_wconf 88' lang='lat' dir='ltr'><strong>ocules,</strong></span> <span class='ocrx_word' id='word_1_523' title='bbox 560 4928 592 4974; x_wconf 91' lang='lat' dir='ltr'><strong>nt</strong></span> <span class='ocrx_word' id='word_1_524' title='bbox 603 4922 714 4989; x_wconf 83' lang='lat' dir='ltr'><strong>longius</strong></span> <span class='ocrx_word' id='word_1_525' title='bbox 723 4929 847 4986; x_wconf 76' lang='lat' dir='ltr'><strong>evocent,</strong></span> <span class='ocrx_word' id='word_1_526' title='bbox 858 4924 942 4976; x_wconf 84' lang='lat' dir='ltr'><strong>noxia</strong></span> <span class='ocrx_word' id='word_1_527' title='bbox 952 4924 991 4977; x_wconf 90' lang='lat' dir='ltr'><strong>in·</strong></span> 
     </span>
     <span class='ocr_line' id='line_1_68' title="bbox 187 4991 990 5062; baseline 0.002 -17"><span class='ocrx_word' id='word_1_528' title='bbox 187 4992 273 5045; x_wconf 87' lang='lat' dir='ltr'><strong>iuria.</strong></span> <span class='ocrx_word' id='word_1_529' title='bbox 309 4992 410 5043; x_wconf 85' lang='lat' dir='ltr'><strong>Utilior</strong></span> <span class='ocrx_word' id='word_1_530' title='bbox 420 4993 493 5044; x_wconf 90' lang='lat' dir='ltr'><strong>enim</strong></span> <span class='ocrx_word' id='word_1_531' title='bbox 505 4991 676 5044; x_wconf 90' lang='lat' dir='ltr'><strong>consuetudo</strong></span> <span class='ocrx_word' id='word_1_532' title='bbox 691 4991 826 5061; x_wconf 90' lang='lat' dir='ltr'><strong>pariendi,</strong></span> <span class='ocrx_word' id='word_1_533' title='bbox 846 4993 990 5062; x_wconf 89' lang='lat' dir='ltr'><strong>satiusque</strong></span> 
     </span>
     <span class='ocr_line' id='line_1_69' title="bbox 188 5059 992 5133; baseline 0.001 -19"><span class='ocrx_word' id='word_1_534' title='bbox 188 5060 335 5129; x_wconf 88' lang='lat' dir='ltr'><strong>pampinos</strong></span> <span class='ocrx_word' id='word_1_535' title='bbox 355 5060 502 5129; x_wconf 78' lang='lat' dir='ltr'><strong>adiugatae</strong></span> <span class='ocrx_word' id='word_1_536' title='bbox 522 5059 679 5128; x_wconf 87' lang='lat' dir='ltr'><strong>detergere,</strong></span> <span class='ocrx_word' id='word_1_537' title='bbox 696 5077 784 5130; x_wconf 90' lang='lat' dir='ltr'><strong>usque</strong></span> <span class='ocrx_word' id='word_1_538' title='bbox 804 5078 859 5131; x_wconf 90' lang='lat' dir='ltr'><strong>quo</strong></span> <span class='ocrx_word' id='word_1_539' title='bbox 881 5064 992 5133; x_wconf 90' lang='lat' dir='ltr'><strong>placeat</strong></span> 
     </span>
     <span class='ocr_line' id='line_1_70' title="bbox 187 5130 990 5200; baseline 0.002 -17"><span class='ocrx_word' id='word_1_540' title='bbox 187 5130 318 5184; x_wconf 90' lang='lat' dir='ltr'><strong>roborari</strong></span> <span class='ocrx_word' id='word_1_541' title='bbox 330 5146 399 5183; x_wconf 90' lang='lat' dir='ltr'><strong>earn.</strong></span> <span class='ocrx_word' id='word_1_542' title='bbox 435 5130 506 5183; x_wconf 82' lang='lat' dir='ltr'><strong>Sunt</strong></span> <span class='ocrx_word' id='word_1_543' title='bbox 517 5130 564 5199; x_wconf 89' lang='lat' dir='ltr'><strong>qui</strong></span> <span class='ocrx_word' id='word_1_544' title='bbox 576 5136 672 5184; x_wconf 81' lang='lat' dir='ltr'><strong>vetant</strong></span> <span class='ocrx_word' id='word_1_545' title='bbox 687 5133 766 5198; x_wconf 88' lang='lat' dir='ltr'><strong>tangi</strong></span> <span class='ocrx_word' id='word_1_546' title='bbox 779 5134 907 5200; x_wconf 90' lang='lat' dir='ltr'><strong>proximo</strong></span> <span class='ocrx_word' id='word_1_547' title='bbox 917 5147 990 5188; x_wconf 89' lang='lat' dir='ltr'><strong>anno</strong></span> 
     </span>
     <span class='ocr_line' id='line_1_71' title="bbox 189 5198 990 5271; baseline 0.006 -19"><span class='ocrx_word' id='word_1_548' title='bbox 189 5215 270 5270; x_wconf 89' lang='lat' dir='ltr'><strong>quam</strong></span> <span class='ocrx_word' id='word_1_549' title='bbox 285 5201 426 5252; x_wconf 89' lang='lat' dir='ltr'><strong>translata</strong></span> <span class='ocrx_word' id='word_1_550' title='bbox 445 5201 495 5253; x_wconf 80' lang='lat' dir='ltr'><strong>sit:</strong></span> <span class='ocrx_word' id='word_1_551' title='bbox 514 5207 685 5271; x_wconf 83' lang='lat' dir='ltr'><strong>nequeunte</strong></span> <span class='ocrx_word' id='word_1_552' title='bbox 703 5198 756 5255; x_wconf 79' lang='lat' dir='ltr'><strong>Lx</strong></span> <span class='ocrx_word' id='word_1_553' title='bbox 777 5217 900 5257; x_wconf 88' lang='lat' dir='ltr'><strong>mensem</strong></span> <span class='ocrx_word' id='word_1_554' title='bbox 917 5204 990 5257; x_wconf 85' lang='lat' dir='ltr'><strong>laice</strong></span> 
     </span>
     <span class='ocr_line' id='line_1_72' title="bbox 189 5269 990 5339; baseline 0.006 -18"><span class='ocrx_word' id='word_1_555' title='bbox 189 5270 293 5323; x_wconf 77' lang='lat' dir='ltr'><strong>curari:</strong></span> <span class='ocrx_word' id='word_1_556' title='bbox 313 5276 379 5323; x_wconf 87' lang='lat' dir='ltr'><strong>tune</strong></span> <span class='ocrx_word' id='word_1_557' title='bbox 391 5275 483 5323; x_wconf 89' lang='lat' dir='ltr'><strong>antem</strong></span> <span class='ocrx_word' id='word_1_558' title='bbox 499 5269 534 5321; x_wconf 90' lang='lat' dir='ltr'><strong>ad</strong></span> <span class='ocrx_word' id='word_1_559' title='bbox 552 5278 610 5323; x_wconf 90' lang='lat' dir='ltr'><strong>tres</strong></span> <span class='ocrx_word' id='word_1_560' title='bbox 625 5285 750 5339; x_wconf 86' lang='lat' dir='ltr'><strong>gemmas</strong></span> <span class='ocrx_word' id='word_1_561' title='bbox 766 5272 862 5325; x_wconf 89' lang='lat' dir='ltr'><strong>recidi.</strong></span> <span class='ocrx_word' id='word_1_562' title='bbox 897 5273 950 5326; x_wconf 76' lang='lat' dir='ltr'><strong>alii</strong></span> <span class='ocrx_word' id='word_1_563' title='bbox 961 5280 990 5326; x_wconf 89' lang='lat' dir='ltr'><strong>et</strong></span> 
     </span>
     <span class='ocr_line' id='line_1_73' title="bbox 189 5336 989 5409; baseline 0.001 -17"><span class='ocrx_word' id='word_1_564' title='bbox 189 5340 318 5407; x_wconf 79' lang='lat' dir='ltr'><strong>proximo</strong></span> <span class='ocrx_word' id='word_1_565' title='bbox 332 5336 443 5407; x_wconf 89' lang='lat' dir='ltr'><strong>quidem</strong></span> <span class='ocrx_word' id='word_1_566' title='bbox 456 5353 529 5392; x_wconf 92' lang='lat' dir='ltr'><strong>anno</strong></span> <span class='ocrx_word' id='word_1_567' title='bbox 545 5340 681 5403; x_wconf 86' lang='lat' dir='ltr'><strong>recidunt,</strong></span> <span class='ocrx_word' id='word_1_568' title='bbox 703 5338 752 5395; x_wconf 88' lang='lat' dir='ltr'><strong>sed</strong></span> <span class='ocrx_word' id='word_1_569' title='bbox 764 5347 794 5393; x_wconf 91' lang='lat' dir='ltr'><strong>ut</strong></span> <span class='ocrx_word' id='word_1_570' title='bbox 811 5348 906 5393; x_wconf 92' lang='lat' dir='ltr'><strong>ternos</strong></span> <span class='ocrx_word' id='word_1_571' title='bbox 923 5356 989 5409; x_wconf 87' lang='lat' dir='ltr'><strong>qua·</strong></span> 
     </span>
     <span class='ocr_line' id='line_1_74' title="bbox 190 5407 991 5477; baseline 0.006 -18"><span class='ocrx_word' id='word_1_572' title='bbox 190 5414 321 5462; x_wconf 83' lang='lat' dir='ltr'><strong>ternosve</strong></span> <span class='ocrx_word' id='word_1_573' title='bbox 342 5407 459 5477; x_wconf 81' lang='lat' dir='ltr'><strong>singulis</strong></span> <span class='ocrx_word' id='word_1_574' title='bbox 476 5410 556 5460; x_wconf 89' lang='lat' dir='ltr'><strong>annis</strong></span> <span class='ocrx_word' id='word_1_575' title='bbox 577 5408 711 5463; x_wconf 89' lang='lat' dir='ltr'><strong>adiiciant</strong></span> <span class='ocrx_word' id='word_1_576' title='bbox 728 5411 872 5473; x_wconf 89' lang='lat' dir='ltr'><strong>articulos,</strong></span> <span class='ocrx_word' id='word_1_577' title='bbox 891 5418 991 5474; x_wconf 90' lang='lat' dir='ltr'><strong>quarto</strong></span> 
     </span>
     <span class='ocr_line' id='line_1_75' title="bbox 190 5476 778 5546; baseline 0.005 -17"><span class='ocrx_word' id='word_1_578' title='bbox 190 5477 299 5531; x_wconf 90' lang='lat' dir='ltr'><strong>demum</strong></span> <span class='ocrx_word' id='word_1_579' title='bbox 310 5476 464 5546; x_wconf 88' lang='lat' dir='ltr'><strong>perducant</strong></span> <span class='ocrx_word' id='word_1_580' title='bbox 478 5476 514 5528; x_wconf 89' lang='lat' dir='ltr'><strong>ed</strong></span> <span class='ocrx_word' id='word_1_581' title='bbox 525 5477 627 5545; x_wconf 90' lang='lat' dir='ltr'><strong>iugum.</strong></span> <span class='ocrx_word' id='word_1_582' title='bbox 662 5479 694 5531; x_wconf 93' lang='lat' dir='ltr'><strong>ld</strong></span> <span class='ocrx_word' id='word_1_583' title='bbox 707 5485 778 5532; x_wconf 74' lang='lat' dir='ltr'><strong>utcu¹</strong></span> 
     </span>
     <span class='ocr_line' id='line_1_76' title="bbox 189 5547 762 5615; baseline 0.01 -18"><span class='ocrx_word' id='word_1_584' title='bbox 189 5549 310 5610; x_wconf 84' lang='lat' dir='ltr'><strong>tardum,</strong></span> <span class='ocrx_word' id='word_1_585' title='bbox 329 5552 476 5615; x_wconf 89' lang='lat' dir='ltr'><strong>praetcrea</strong></span> <span class='ocrx_word' id='word_1_586' title='bbox 492 5547 660 5598; x_wconf 87' lang='lat' dir='ltr'><strong>retorridum</strong></span> <span class='ocrx_word' id='word_1_587' title='bbox 684 5556 714 5602; x_wconf 89' lang='lat' dir='ltr'><strong>et</strong></span> <span class='ocrx_word' id='word_1_588' title='bbox 733 5564 762 5602; x_wconf 88' lang='lat' dir='ltr'><strong>m·</strong></span> 
     </span>
     <span class='ocr_line' id='line_1_77' title="bbox 190 5615 747 5684; baseline 0.002 -15"><span class='ocrx_word' id='word_1_589' title='bbox 190 5616 376 5683; x_wconf 83' lang='lat' dir='ltr'><strong>pumilionum</strong></span> <span class='ocrx_word' id='word_1_590' title='bbox 387 5615 568 5669; x_wconf 89' lang='lat' dir='ltr'><strong>incremento.</strong></span> <span class='ocrx_word' id='word_1_591' title='bbox 605 5616 747 5684; x_wconf 84' lang='lat' dir='ltr'><strong>Optimum</strong></span> 
     </span>
    </p>
   </div>
   <div class='ocr_carea' id='block_1_5' title="bbox 1039 1177 1844 1733">
    <p class='ocr_par' dir='ltr' id='par_1_11' title="bbox 1039 1177 1844 1733">
     <span class='ocr_line' id='line_1_78' title="bbox 1040 1177 1840 1248; baseline 0.006 -19"><span class='ocrx_word' id='word_1_592' title='bbox 1040 1177 1137 1247; x_wconf 86' lang='lat' dir='ltr'><strong>quenti</strong></span> <span class='ocrx_word' id='word_1_593' title='bbox 1157 1193 1228 1231; x_wconf 90' lang='lat' dir='ltr'><strong>anno</strong></span> <span class='ocrx_word' id='word_1_594' title='bbox 1247 1178 1377 1245; x_wconf 91' lang='lat' dir='ltr'><strong>palmites</strong></span> <span class='ocrx_word' id='word_1_595' title='bbox 1392 1179 1535 1231; x_wconf 86' lang='lat' dir='ltr'><strong>salventur</strong></span> <span class='ocrx_word' id='word_1_596' title='bbox 1549 1196 1601 1248; x_wconf 91' lang='lat' dir='ltr'><strong>pro</strong></span> <span class='ocrx_word' id='word_1_597' title='bbox 1615 1181 1721 1234; x_wconf 82' lang='lat' dir='ltr'><strong>viribus</strong></span> <span class='ocrx_word' id='word_1_598' title='bbox 1740 1182 1840 1234; x_wconf 86' lang='lat' dir='ltr'><strong>matris</strong></span> 
     </span>
     <span class='ocr_line' id='line_1_79' title="bbox 1039 1246 1838 1320; baseline 0.004 -21"><span class='ocrx_word' id='word_1_599' title='bbox 1039 1246 1144 1316; x_wconf 87' lang='lat' dir='ltr'><strong>singuli</strong></span> <span class='ocrx_word' id='word_1_600' title='bbox 1156 1255 1204 1299; x_wconf 92' lang='lat' dir='ltr'><strong>aut</strong></span> <span class='ocrx_word' id='word_1_601' title='bbox 1215 1247 1328 1315; x_wconf 89' lang='lat' dir='ltr'><strong>gemini.</strong></span> <span class='ocrx_word' id='word_1_602' title='bbox 1363 1248 1450 1301; x_wconf 87' lang='lat' dir='ltr'><strong>lidem</strong></span> <span class='ocrx_word' id='word_1_603' title='bbox 1459 1255 1489 1302; x_wconf 90' lang='lat' dir='ltr'><strong>et</strong></span> <span class='ocrx_word' id='word_1_604' title='bbox 1503 1257 1611 1313; x_wconf 90' lang='lat' dir='ltr'><strong>secuto,</strong></span> <span class='ocrx_word' id='word_1_605' title='bbox 1630 1252 1655 1302; x_wconf 91' lang='lat' dir='ltr'><strong>si</strong></span> <span class='ocrx_word' id='word_1_606' title='bbox 1667 1258 1747 1320; x_wconf 78' lang='lat' dir='ltr'><strong>coget</strong></span> <span class='ocrx_word' id='word_1_607' title='bbox 1761 1251 1838 1303; x_wconf 87' lang='lat' dir='ltr'><strong>intir-</strong></span> 
     </span>
     <span class='ocr_line' id='line_1_80' title="bbox 1039 1318 1841 1386; baseline 0.005 -17"><span class='ocrx_word' id='word_1_608' title='bbox 1039 1319 1133 1382; x_wconf 89' lang='lat' dir='ltr'><strong>mitas‚</strong></span> <span class='ocrx_word' id='word_1_609' title='bbox 1153 1319 1323 1369; x_wconf 87' lang='lat' dir='ltr'><strong>nutriantur:</strong></span> <span class='ocrx_word' id='word_1_610' title='bbox 1343 1318 1485 1386; x_wconf 88' lang='lat' dir='ltr'><strong>tertioque</strong></span> <span class='ocrx_word' id='word_1_611' title='bbox 1505 1318 1614 1373; x_wconf 88' lang='lat' dir='ltr'><strong>demum</strong></span> <span class='ocrx_word' id='word_1_612' title='bbox 1636 1320 1691 1374; x_wconf 92' lang='lat' dir='ltr'><strong>duo</strong></span> <span class='ocrx_word' id='word_1_613' title='bbox 1710 1319 1841 1374; x_wconf 82' lang='lat' dir='ltr'><strong>adiician-</strong></span> 
     </span>
     <span class='ocr_line' id='line_1_81' title="bbox 1040 1386 1840 1458; baseline 0.005 -20"><span class='ocrx_word' id='word_1_614' title='bbox 1040 1394 1095 1439; x_wconf 91' lang='lat' dir='ltr'><strong>tur.</strong></span> <span class='ocrx_word' id='word_1_615' title='bbox 1132 1386 1191 1439; x_wconf 88' lang='lat' dir='ltr'><strong>Nec</strong></span> <span class='ocrx_word' id='word_1_616' title='bbox 1201 1391 1266 1437; x_wconf 89' lang='lat' dir='ltr'><strong>sunt</strong></span> <span class='ocrx_word' id='word_1_617' title='bbox 1276 1386 1370 1453; x_wconf 89' lang='lat' dir='ltr'><strong>plures</strong></span> <span class='ocrx_word' id='word_1_618' title='bbox 1385 1388 1528 1457; x_wconf 84' lang='lat' dir='ltr'><strong>quaternis</strong></span> <span class='ocrx_word' id='word_1_619' title='bbox 1547 1404 1669 1457; x_wconf 86' lang='lat' dir='ltr'><strong>unquam</strong></span> <span class='ocrx_word' id='word_1_620' title='bbox 1680 1395 1840 1458; x_wconf 85' lang='lat' dir='ltr'><strong>permitten-</strong></span> 
     </span>
     <span class='ocr_line' id='line_1_82' title="bbox 1041 1455 1842 1528; baseline 0.005 -21"><span class='ocrx_word' id='word_1_621' title='bbox 1041 1455 1078 1507; x_wconf 91' lang='lat' dir='ltr'><strong>di.</strong></span> <span class='ocrx_word' id='word_1_622' title='bbox 1115 1455 1312 1523; x_wconf 88' lang='lat' dir='ltr'><strong>Breviterque,</strong></span> <span class='ocrx_word' id='word_1_623' title='bbox 1332 1457 1596 1527; x_wconf 84' lang='lat' dir='ltr'><strong>noaiadulgendum</strong></span> <span class='ocrx_word' id='word_1_624' title='bbox 1614 1465 1672 1521; x_wconf 85' lang='lat' dir='ltr'><strong>est,</strong></span> <span class='ocrx_word' id='word_1_625' title='bbox 1692 1465 1721 1512; x_wconf 89' lang='lat' dir='ltr'><strong>et</strong></span> <span class='ocrx_word' id='word_1_626' title='bbox 1731 1475 1842 1528; x_wconf 88' lang='lat' dir='ltr'><strong>semper</strong></span> 
     </span>
     <span class='ocr_line' id='line_1_83' title="bbox 1040 1524 1840 1597; baseline 0.006 -21"><span class='ocrx_word' id='word_1_627' title='bbox 1040 1524 1189 1577; x_wconf 87' lang='lat' dir='ltr'><strong>inhibenda</strong></span> <span class='ocrx_word' id='word_1_628' title='bbox 1198 1525 1381 1579; x_wconf 78' lang='lat' dir='ltr'><strong>foecunditas.</strong></span> <span class='ocrx_word' id='word_1_629' title='bbox 1418 1528 1513 1582; x_wconf 80' lang='lat' dir='ltr'><strong>Eaest</strong></span> <span class='ocrx_word' id='word_1_630' title='bbox 1530 1528 1603 1581; x_wconf 88' lang='lat' dir='ltr'><strong>enim</strong></span> <span class='ocrx_word' id='word_1_631' title='bbox 1621 1535 1730 1593; x_wconf 86' lang='lat' dir='ltr'><strong>natura,</strong></span> <span class='ocrx_word' id='word_1_632' title='bbox 1752 1536 1781 1580; x_wconf 91' lang='lat' dir='ltr'><strong>ut</strong></span> <span class='ocrx_word' id='word_1_633' title='bbox 1793 1545 1840 1597; x_wconf 92' lang='lat' dir='ltr'><strong>pa·</strong></span> 
     </span>
     <span class='ocr_line' id='line_1_84' title="bbox 1040 1594 1844 1667; baseline 0.004 -21"><span class='ocrx_word' id='word_1_634' title='bbox 1040 1610 1103 1649; x_wconf 87' lang='lat' dir='ltr'><strong>rere</strong></span> <span class='ocrx_word' id='word_1_635' title='bbox 1114 1594 1203 1659; x_wconf 87' lang='lat' dir='ltr'><strong>malit,</strong></span> <span class='ocrx_word' id='word_1_636' title='bbox 1220 1609 1302 1663; x_wconf 88' lang='lat' dir='ltr'><strong>quam</strong></span> <span class='ocrx_word' id='word_1_637' title='bbox 1313 1596 1415 1651; x_wconf 80' lang='lat' dir='ltr'><strong>virere.</strong></span> <span class='ocrx_word' id='word_1_638' title='bbox 1451 1598 1591 1667; x_wconf 72' lang='lat' dir='ltr'><strong>Quidquid</strong></span> <span class='ocrx_word' id='word_1_639' title='bbox 1601 1599 1736 1650; x_wconf 89' lang='lat' dir='ltr'><strong>materiae</strong></span> <span class='ocrx_word' id='word_1_640' title='bbox 1747 1597 1844 1650; x_wconf 89' lang='lat' dir='ltr'><strong>adimi·</strong></span> 
     </span>
     <span class='ocr_line' id='line_1_85' title="bbox 1041 1663 1844 1733; baseline 0.002 -17"><span class='ocrx_word' id='word_1_641' title='bbox 1041 1672 1097 1728; x_wconf 92' lang='lat' dir='ltr'><strong>tur,</strong></span> <span class='ocrx_word' id='word_1_642' title='bbox 1107 1663 1213 1716; x_wconf 82' lang='lat' dir='ltr'><strong>fructui</strong></span> <span class='ocrx_word' id='word_1_643' title='bbox 1225 1664 1342 1719; x_wconf 88' lang='lat' dir='ltr'><strong>accedit.</strong></span> <span class='ocrx_word' id='word_1_644' title='bbox 1379 1667 1549 1721; x_wconf 89' lang='lat' dir='ltr'><strong>lllasemina</strong></span> <span class='ocrx_word' id='word_1_645' title='bbox 1559 1668 1672 1730; x_wconf 82' lang='lat' dir='ltr'><strong>mavult,</strong></span> <span class='ocrx_word' id='word_1_646' title='bbox 1694 1681 1776 1733; x_wconf 90' lang='lat' dir='ltr'><strong>quarn</strong></span> <span class='ocrx_word' id='word_1_647' title='bbox 1788 1666 1844 1718; x_wconf 85' lang='lat' dir='ltr'><strong>tru-</strong></span> 
     </span>
    </p>
   </div>
   <div class='ocr_carea' id='block_1_6' title="bbox 1042 1733 1843 1805">
    <p class='ocr_par' dir='ltr' id='par_1_12' title="bbox 1042 1733 1843 1805">
     <span class='ocr_line' id='line_1_86' title="bbox 1042 1733 1843 1805; baseline 0.004 -21"><span class='ocrx_word' id='word_1_648' title='bbox 1042 1740 1114 1785; x_wconf 89' lang='lat' dir='ltr'><strong>ctum</strong></span> <span class='ocrx_word' id='word_1_649' title='bbox 1124 1735 1152 1801; x_wconf 87' lang='lat' dir='ltr'><strong>gi</strong></span> <span class='ocrx_word' id='word_1_650' title='bbox 1175 1733 1211 1797; x_wconf 92' lang='lat' dir='ltr'><strong>ni,</strong></span> <span class='ocrx_word' id='word_1_651' title='bbox 1222 1735 1353 1801; x_wconf 90' lang='lat' dir='ltr'><strong>quoniam</strong></span> <span class='ocrx_word' id='word_1_652' title='bbox 1364 1735 1472 1790; x_wconf 83' lang='lat' dir='ltr'><strong>tructus</strong></span> <span class='ocrx_word' id='word_1_653' title='bbox 1483 1738 1589 1791; x_wconf 86' lang='lat' dir='ltr'><strong>caduca</strong></span> <span class='ocrx_word' id='word_1_654' title='bbox 1600 1752 1645 1790; x_wconf 89' lang='lat' dir='ltr'><strong>res</strong></span> <span class='ocrx_word' id='word_1_655' title='bbox 1656 1741 1707 1789; x_wconf 90' lang='lat' dir='ltr'><strong>est.</strong></span> <span class='ocrx_word' id='word_1_656' title='bbox 1725 1734 1773 1789; x_wconf 83' lang='lat' dir='ltr'><strong>Sic</strong></span> <span class='ocrx_word' id='word_1_657' title='bbox 1782 1750 1843 1805; x_wconf 90' lang='lat' dir='ltr'><strong>per·</strong></span> 
     </span>
    </p>
   </div>
   <div class='ocr_carea' id='block_1_7' title="bbox 1041 1748 1723 1876">
    <p class='ocr_par' dir='ltr' id='par_1_13' title="bbox 1041 1748 1723 1876">
     <span class='ocr_line' id='line_1_87' title="bbox 1041 1748 1723 1876; baseline 0.004 -22"><span class='ocrx_word' id='word_1_658' title='bbox 1041 1748 1293 1856; x_wconf 51' lang='lat' dir='ltr'><strong>nicinseduxurist:</strong></span> <span class='ocrx_word' id='word_1_659' title='bbox 1311 1820 1363 1858; x_wconf 90' lang='lat' dir='ltr'><strong>nee</strong></span> <span class='ocrx_word' id='word_1_660' title='bbox 1374 1806 1539 1874; x_wconf 83' lang='lat' dir='ltr'><strong>ampliatae,</strong></span> <span class='ocrx_word' id='word_1_661' title='bbox 1561 1808 1610 1860; x_wconf 89' lang='lat' dir='ltr'><strong>sed</strong></span> <span class='ocrx_word' id='word_1_662' title='bbox 1622 1806 1723 1876; x_wconf 85' lang='lat' dir='ltr'><strong>egerit.</strong></span> 
     </span>
    </p>
   </div>
   <div class='ocr_carea' id='block_1_8' title="bbox 1040 1870 1936 5716">
    <p class='ocr_par' dir='ltr' id='par_1_14' title="bbox 1040 1870 1845 2361">
     <span class='ocr_line' id='line_1_88' title="bbox 1076 1870 1845 1940; baseline 0.007 -17"><span class='ocrx_word' id='word_1_663' title='bbox 1076 1870 1118 1924; x_wconf 83' lang='lat'><strong>12.</strong></span> <span class='ocrx_word' id='word_1_664' title='bbox 1138 1872 1224 1924; x_wconf 83' lang='lat' dir='ltr'><strong>Dabit</strong></span> <span class='ocrx_word' id='word_1_665' title='bbox 1236 1875 1383 1928; x_wconf 88' lang='lat' dir='ltr'><strong>consilium</strong></span> <span class='ocrx_word' id='word_1_666' title='bbox 1395 1881 1424 1929; x_wconf 90' lang='lat' dir='ltr'><strong>ct</strong></span> <span class='ocrx_word' id='word_1_667' title='bbox 1434 1877 1489 1929; x_wconf 91' lang='lat' dir='ltr'><strong>soli</strong></span> <span class='ocrx_word' id='word_1_668' title='bbox 1500 1883 1609 1930; x_wconf 88' lang='lat' dir='ltr'><strong>natura.</strong></span> <span class='ocrx_word' id='word_1_669' title='bbox 1645 1878 1676 1928; x_wconf 93' lang='lat' dir='ltr'><strong>ln</strong></span> <span class='ocrx_word' id='word_1_670' title='bbox 1686 1888 1790 1940; x_wconf 89' lang='lat' dir='ltr'><strong>macro,</strong></span> <span class='ocrx_word' id='word_1_671' title='bbox 1806 1880 1845 1928; x_wconf 90' lang='lat' dir='ltr'><strong>et·</strong></span> 
     </span>
     <span class='ocr_line' id='line_1_89' title="bbox 1041 1939 1844 2015; baseline 0.006 -22"><span class='ocrx_word' id='word_1_672' title='bbox 1041 1940 1121 1994; x_wconf 88' lang='lat' dir='ltr'><strong>iamsi</strong></span> <span class='ocrx_word' id='word_1_673' title='bbox 1133 1943 1207 1994; x_wconf 79' lang='lat' dir='ltr'><strong>vires</strong></span> <span class='ocrx_word' id='word_1_674' title='bbox 1217 1939 1340 2008; x_wconf 85' lang='lat' dir='ltr'><strong>babebit,</strong></span> <span class='ocrx_word' id='word_1_675' title='bbox 1359 1946 1537 2000; x_wconf 87' lang='lat' dir='ltr'><strong>reeisaintra</strong></span> <span class='ocrx_word' id='word_1_676' title='bbox 1552 1946 1646 2015; x_wconf 87' lang='lat' dir='ltr'><strong>iugum</strong></span> <span class='ocrx_word' id='word_1_677' title='bbox 1659 1951 1791 2008; x_wconf 87' lang='lat' dir='ltr'><strong>moretur,</strong></span> <span class='ocrx_word' id='word_1_678' title='bbox 1811 1952 1844 1998; x_wconf 92' lang='lat' dir='ltr'><strong>ut</strong></span> 
     </span>
     <span class='ocr_line' id='line_1_90' title="bbox 1042 2009 1845 2077; baseline 0.004 -13"><span class='ocrx_word' id='word_1_679' title='bbox 1042 2010 1131 2064; x_wconf 90' lang='lat' dir='ltr'><strong>omnis</strong></span> <span class='ocrx_word' id='word_1_680' title='bbox 1146 2009 1257 2077; x_wconf 72' lang='lat' dir='ltr'><strong>foetura</strong></span> <span class='ocrx_word' id='word_1_681' title='bbox 1270 2013 1322 2065; x_wconf 93' lang='lat' dir='ltr'><strong>sub</strong></span> <span class='ocrx_word' id='word_1_682' title='bbox 1338 2029 1371 2069; x_wconf 85' lang='lat' dir='ltr'><strong>eo</strong></span> <span class='ocrx_word' id='word_1_683' title='bbox 1387 2021 1479 2070; x_wconf 84' lang='lat' dir='ltr'><strong>exeat.</strong></span> <span class='ocrx_word' id='word_1_684' title='bbox 1514 2016 1661 2069; x_wconf 84' lang='lat' dir='ltr'><strong>Minimum</strong></span> <span class='ocrx_word' id='word_1_685' title='bbox 1676 2014 1706 2065; x_wconf 92' lang='lat' dir='ltr'><strong>id</strong></span> <span class='ocrx_word' id='word_1_686' title='bbox 1722 2029 1784 2068; x_wconf 92' lang='lat' dir='ltr'><strong>esse</strong></span> <span class='ocrx_word' id='word_1_687' title='bbox 1800 2014 1845 2067; x_wconf 87' lang='lat' dir='ltr'><strong>da·</strong></span> 
     </span>
     <span class='ocr_line' id='line_1_91' title="bbox 1041 2080 1844 2155; baseline 0.001 -20"><span class='ocrx_word' id='word_1_688' title='bbox 1041 2083 1118 2136; x_wconf 91' lang='lat' dir='ltr'><strong>bebit</strong></span> <span class='ocrx_word' id='word_1_689' title='bbox 1128 2080 1315 2147; x_wconf 86' lang='lat' dir='ltr'><strong>intervallum,</strong></span> <span class='ocrx_word' id='word_1_690' title='bbox 1336 2086 1498 2155; x_wconf 88' lang='lat' dir='ltr'><strong>utattingat</strong></span> <span class='ocrx_word' id='word_1_691' title='bbox 1508 2086 1612 2154; x_wconf 87' lang='lat' dir='ltr'><strong>iugum,</strong></span> <span class='ocrx_word' id='word_1_692' title='bbox 1622 2089 1778 2153; x_wconf 88' lang='lat' dir='ltr'><strong>speretque,</strong></span> <span class='ocrx_word' id='word_1_693' title='bbox 1789 2098 1844 2137; x_wconf 92' lang='lat' dir='ltr'><strong>non</strong></span> 
     </span>
     <span class='ocr_line' id='line_1_92' title="bbox 1041 2151 1844 2219; baseline 0.002 -15"><span class='ocrx_word' id='word_1_694' title='bbox 1041 2157 1151 2207; x_wconf 83' lang='lat' dir='ltr'><strong>teneat:</strong></span> <span class='ocrx_word' id='word_1_695' title='bbox 1169 2151 1242 2206; x_wconf 89' lang='lat' dir='ltr'><strong>adeo</strong></span> <span class='ocrx_word' id='word_1_696' title='bbox 1262 2167 1319 2206; x_wconf 91' lang='lat' dir='ltr'><strong>non</strong></span> <span class='ocrx_word' id='word_1_697' title='bbox 1331 2158 1473 2209; x_wconf 87' lang='lat' dir='ltr'><strong>recumbat</strong></span> <span class='ocrx_word' id='word_1_698' title='bbox 1492 2156 1522 2208; x_wconf 91' lang='lat' dir='ltr'><strong>in</strong></span> <span class='ocrx_word' id='word_1_699' title='bbox 1539 2169 1582 2219; x_wconf 89' lang='lat' dir='ltr'><strong>eo,</strong></span> <span class='ocrx_word' id='word_1_700' title='bbox 1602 2170 1653 2208; x_wconf 90' lang='lat' dir='ltr'><strong>nec</strong></span> <span class='ocrx_word' id='word_1_701' title='bbox 1675 2154 1795 2208; x_wconf 86' lang='lat' dir='ltr'><strong>delicate</strong></span> <span class='ocrx_word' id='word_1_702' title='bbox 1813 2170 1844 2206; x_wconf 88' lang='lat' dir='ltr'><strong>se</strong></span> 
     </span>
     <span class='ocr_line' id='line_1_93' title="bbox 1040 2222 1843 2290; baseline 0.004 -17"><span class='ocrx_word' id='word_1_703' title='bbox 1040 2225 1164 2290; x_wconf 87' lang='lat' dir='ltr'><strong>spargat.</strong></span> <span class='ocrx_word' id='word_1_704' title='bbox 1199 2222 1243 2276; x_wconf 88' lang='lat' dir='ltr'><strong>lta</strong></span> <span class='ocrx_word' id='word_1_705' title='bbox 1253 2228 1427 2290; x_wconf 90' lang='lat' dir='ltr'><strong>temperetur</strong></span> <span class='ocrx_word' id='word_1_706' title='bbox 1442 2225 1488 2279; x_wconf 89' lang='lat' dir='ltr'><strong>hic</strong></span> <span class='ocrx_word' id='word_1_707' title='bbox 1497 2227 1605 2290; x_wconf 88' lang='lat' dir='ltr'><strong>modus,</strong></span> <span class='ocrx_word' id='word_1_708' title='bbox 1625 2232 1843 2281; x_wconf 84' lang='lat' dir='ltr'><strong>utoresccreet-</strong></span> 
     </span>
     <span class='ocr_line' id='line_1_94' title="bbox 1040 2289 1410 2361; baseline 0.014 -18"><span class='ocrx_word' id='word_1_709' title='bbox 1040 2291 1096 2344; x_wconf 85' lang='lat' dir='ltr'><strong>iam</strong></span> <span class='ocrx_word' id='word_1_710' title='bbox 1106 2289 1195 2355; x_wconf 90' lang='lat' dir='ltr'><strong>malit,</strong></span> <span class='ocrx_word' id='word_1_711' title='bbox 1210 2307 1290 2361; x_wconf 78' lang='lat' dir='ltr'><strong>quam</strong></span> <span class='ocrx_word' id='word_1_712' title='bbox 1303 2307 1410 2360; x_wconf 83' lang='lat' dir='ltr'><strong>parere.</strong></span> 
     </span>
    </p>

    <p class='ocr_par' dir='ltr' id='par_1_15' title="bbox 1041 2359 1846 3122">
     <span class='ocr_line' id='line_1_95' title="bbox 1075 2359 1843 2435; baseline 0.004 -20"><span class='ocrx_word' id='word_1_713' title='bbox 1075 2359 1118 2415; x_wconf 78' lang='lat'><strong>1³.</strong></span> <span class='ocrx_word' id='word_1_714' title='bbox 1136 2359 1246 2414; x_wconf 86' lang='lat' dir='ltr'><strong>Palmes</strong></span> <span class='ocrx_word' id='word_1_715' title='bbox 1257 2362 1326 2414; x_wconf 87' lang='lat' dir='ltr'><strong>duas</strong></span> <span class='ocrx_word' id='word_1_716' title='bbox 1342 2370 1435 2419; x_wconf 88' lang='lat' dir='ltr'><strong>tresve</strong></span> <span class='ocrx_word' id='word_1_717' title='bbox 1451 2380 1576 2434; x_wconf 87' lang='lat' dir='ltr'><strong>gemmas</strong></span> <span class='ocrx_word' id='word_1_718' title='bbox 1592 2366 1644 2419; x_wconf 90' lang='lat' dir='ltr'><strong>sab</strong></span> <span class='ocrx_word' id='word_1_719' title='bbox 1660 2365 1726 2435; x_wconf 84' lang='lat' dir='ltr'><strong>iugo</strong></span> <span class='ocrx_word' id='word_1_720' title='bbox 1740 2363 1843 2418; x_wconf 88' lang='lat' dir='ltr'><strong>babere</strong></span> 
     </span>
     <span class='ocr_line' id='line_1_96' title="bbox 1041 2429 1843 2502; baseline 0.006 -22"><span class='ocrx_word' id='word_1_721' title='bbox 1041 2429 1136 2492; x_wconf 89' lang='lat' dir='ltr'><strong>debet,</strong></span> <span class='ocrx_word' id='word_1_722' title='bbox 1153 2433 1297 2498; x_wconf 88' lang='lat' dir='ltr'><strong>exquibus</strong></span> <span class='ocrx_word' id='word_1_723' title='bbox 1310 2435 1431 2486; x_wconf 88' lang='lat' dir='ltr'><strong>materia</strong></span> <span class='ocrx_word' id='word_1_724' title='bbox 1443 2443 1586 2487; x_wconf 87' lang='lat' dir='ltr'><strong>nascatur:</strong></span> <span class='ocrx_word' id='word_1_725' title='bbox 1605 2442 1672 2488; x_wconf 88' lang='lat' dir='ltr'><strong>tunc</strong></span> <span class='ocrx_word' id='word_1_726' title='bbox 1685 2451 1736 2502; x_wconf 89' lang='lat' dir='ltr'><strong>per</strong></span> <span class='ocrx_word' id='word_1_727' title='bbox 1747 2436 1774 2487; x_wconf 91' lang='lat' dir='ltr'><strong>in</strong></span> <span class='ocrx_word' id='word_1_728' title='bbox 1798 2450 1843 2485; x_wconf 82' lang='lat' dir='ltr'><strong>nni</strong></span> 
     </span>
     <span class='ocr_line' id='line_1_97' title="bbox 1041 2497 1844 2571; baseline 0.005 -20"><span class='ocrx_word' id='word_1_729' title='bbox 1041 2499 1139 2567; x_wconf 90' lang='lat' dir='ltr'><strong>mergi,</strong></span> <span class='ocrx_word' id='word_1_730' title='bbox 1150 2497 1326 2568; x_wconf 84' lang='lat' dir='ltr'><strong>alligarique,</strong></span> <span class='ocrx_word' id='word_1_731' title='bbox 1338 2509 1370 2553; x_wconf 90' lang='lat' dir='ltr'><strong>ut</strong></span> <span class='ocrx_word' id='word_1_732' title='bbox 1380 2503 1551 2556; x_wconf 87' lang='lat' dir='ltr'><strong>sustineatur</strong></span> <span class='ocrx_word' id='word_1_733' title='bbox 1560 2504 1638 2571; x_wconf 83' lang='lat' dir='ltr'><strong>iugo,</strong></span> <span class='ocrx_word' id='word_1_734' title='bbox 1648 2519 1703 2556; x_wconf 90' lang='lat' dir='ltr'><strong>nou</strong></span> <span class='ocrx_word' id='word_1_735' title='bbox 1714 2517 1767 2570; x_wconf 91' lang='lat' dir='ltr'><strong>pen</strong></span> <span class='ocrx_word' id='word_1_736' title='bbox 1788 2512 1844 2555; x_wconf 89' lang='lat' dir='ltr'><strong>eat.</strong></span> 
     </span>
     <span class='ocr_line' id='line_1_98' title="bbox 1043 2567 1843 2638; baseline 0 -18"><span class='ocrx_word' id='word_1_737' title='bbox 1043 2567 1158 2620; x_wconf 85' lang='lat' dir='ltr'><strong>Vincula</strong></span> <span class='ocrx_word' id='word_1_738' title='bbox 1178 2582 1244 2620; x_wconf 92' lang='lat' dir='ltr'><strong>mex</strong></span> <span class='ocrx_word' id='word_1_739' title='bbox 1265 2569 1415 2623; x_wconf 88' lang='lat' dir='ltr'><strong>adstrictus</strong></span> <span class='ocrx_word' id='word_1_740' title='bbox 1441 2587 1459 2623; x_wconf 90' lang='lat' dir='ltr'><strong>a</strong></span> <span class='ocrx_word' id='word_1_741' title='bbox 1479 2573 1565 2624; x_wconf 88' lang='lat' dir='ltr'><strong>tertia</strong></span> <span class='ocrx_word' id='word_1_742' title='bbox 1586 2585 1697 2638; x_wconf 87' lang='lat' dir='ltr'><strong>gemma</strong></span> <span class='ocrx_word' id='word_1_743' title='bbox 1717 2571 1843 2638; x_wconf 79' lang='lat' dir='ltr'><strong>alligari:</strong></span> 
     </span>
     <span class='ocr_line' id='line_1_99' title="bbox 1041 2638 1845 2707; baseline 0.004 -20"><span class='ocrx_word' id='word_1_744' title='bbox 1041 2639 1172 2704; x_wconf 88' lang='lat' dir='ltr'><strong>quonlam</strong></span> <span class='ocrx_word' id='word_1_745' title='bbox 1183 2639 1263 2690; x_wconf 84' lang='lat' dir='ltr'><strong>etsie</strong></span> <span class='ocrx_word' id='word_1_746' title='bbox 1273 2646 1418 2692; x_wconf 91' lang='lat' dir='ltr'><strong>coercetur</strong></span> <span class='ocrx_word' id='word_1_747' title='bbox 1433 2640 1553 2707; x_wconf 88' lang='lat' dir='ltr'><strong>impetus</strong></span> <span class='ocrx_word' id='word_1_748' title='bbox 1570 2643 1716 2702; x_wconf 84' lang='lat' dir='ltr'><strong>materiae,</strong></span> <span class='ocrx_word' id='word_1_749' title='bbox 1737 2638 1845 2691; x_wconf 88' lang='lat' dir='ltr'><strong>densio-</strong></span> 
     </span>
     <span class='ocr_line' id='line_1_100' title="bbox 1041 2708 1843 2777; baseline 0.004 -20"><span class='ocrx_word' id='word_1_750' title='bbox 1041 2720 1141 2772; x_wconf 87' lang='lat' dir='ltr'><strong>resque</strong></span> <span class='ocrx_word' id='word_1_751' title='bbox 1161 2708 1233 2757; x_wconf 89' lang='lat' dir='ltr'><strong>citra</strong></span> <span class='ocrx_word' id='word_1_752' title='bbox 1251 2708 1374 2774; x_wconf 88' lang='lat' dir='ltr'><strong>pampini</strong></span> <span class='ocrx_word' id='word_1_753' title='bbox 1397 2709 1552 2761; x_wconf 86' lang='lat' dir='ltr'><strong>exsultant:</strong></span> <span class='ocrx_word' id='word_1_754' title='bbox 1575 2723 1707 2762; x_wconf 89' lang='lat' dir='ltr'><strong>cacumen</strong></span> <span class='ocrx_word' id='word_1_755' title='bbox 1729 2708 1843 2777; x_wconf 77' lang='lat' dir='ltr'><strong>raigeri</strong></span> 
     </span>
     <span class='ocr_line' id='line_1_101' title="bbox 1041 2774 1845 2846; baseline 0.006 -21"><span class='ocrx_word' id='word_1_756' title='bbox 1041 2779 1144 2826; x_wconf 88' lang='lat' dir='ltr'><strong>vetunt.</strong></span> <span class='ocrx_word' id='word_1_757' title='bbox 1180 2774 1289 2827; x_wconf 87' lang='lat' dir='ltr'><strong>Natura</strong></span> <span class='ocrx_word' id='word_1_758' title='bbox 1308 2774 1378 2830; x_wconf 87' lang='lat' dir='ltr'><strong>baec</strong></span> <span class='ocrx_word' id='word_1_759' title='bbox 1393 2782 1450 2830; x_wconf 88' lang='lat' dir='ltr'><strong>est:</strong></span> <span class='ocrx_word' id='word_1_760' title='bbox 1470 2777 1579 2831; x_wconf 88' lang='lat' dir='ltr'><strong>deiecta</strong></span> <span class='ocrx_word' id='word_1_761' title='bbox 1590 2793 1664 2846; x_wconf 90' lang='lat' dir='ltr'><strong>pars,</strong></span> <span class='ocrx_word' id='word_1_762' title='bbox 1686 2776 1845 2843; x_wconf 88' lang='lat' dir='ltr'><strong>autpraeli·</strong></span> 
     </span>
     <span class='ocr_line' id='line_1_102' title="bbox 1043 2842 1845 2916; baseline 0.007 -21"><span class='ocrx_word' id='word_1_763' title='bbox 1043 2850 1119 2913; x_wconf 87' lang='lat' dir='ltr'><strong>gata,</strong></span> <span class='ocrx_word' id='word_1_764' title='bbox 1140 2842 1262 2897; x_wconf 81' lang='lat' dir='ltr'><strong>fructum</strong></span> <span class='ocrx_word' id='word_1_765' title='bbox 1285 2844 1354 2908; x_wconf 82' lang='lat' dir='ltr'><strong>dat;</strong></span> <span class='ocrx_word' id='word_1_766' title='bbox 1383 2846 1588 2916; x_wconf 88' lang='lat' dir='ltr'><strong>plurimumque</strong></span> <span class='ocrx_word' id='word_1_767' title='bbox 1607 2847 1669 2914; x_wconf 92' lang='lat' dir='ltr'><strong>ipsa</strong></span> <span class='ocrx_word' id='word_1_768' title='bbox 1688 2853 1845 2901; x_wconf 75' lang='lat' dir='ltr'><strong>curvatura·</strong></span> 
     </span>
     <span class='ocr_line' id='line_1_103' title="bbox 1041 2913 1843 2981; baseline 0.006 -17"><span class='ocrx_word' id='word_1_769' title='bbox 1041 2913 1122 2977; x_wconf 75' lang='lat' dir='ltr'><strong>Quod</strong></span> <span class='ocrx_word' id='word_1_770' title='bbox 1144 2914 1215 2966; x_wconf 87' lang='lat' dir='ltr'><strong>eitra</strong></span> <span class='ocrx_word' id='word_1_771' title='bbox 1230 2919 1282 2978; x_wconf 91' lang='lat' dir='ltr'><strong>est,</strong></span> <span class='ocrx_word' id='word_1_772' title='bbox 1292 2917 1438 2968; x_wconf 89' lang='lat' dir='ltr'><strong>materiem</strong></span> <span class='ocrx_word' id='word_1_773' title='bbox 1457 2917 1553 2981; x_wconf 90' lang='lat' dir='ltr'><strong>mittit,</strong></span> <span class='ocrx_word' id='word_1_774' title='bbox 1574 2916 1729 2970; x_wconf 77' lang='lat' dir='ltr'><strong>offensaute</strong></span> <span class='ocrx_word' id='word_1_775' title='bbox 1746 2918 1843 2971; x_wconf 87' lang='lat' dir='ltr'><strong>crebre</strong></span> 
     </span>
     <span class='ocr_line' id='line_1_104' title="bbox 1041 2983 1846 3052; baseline 0.007 -18"><span class='ocrx_word' id='word_1_776' title='bbox 1041 2983 1150 3050; x_wconf 90' lang='lat' dir='ltr'><strong>spiritu,</strong></span> <span class='ocrx_word' id='word_1_777' title='bbox 1172 2983 1269 3047; x_wconf 76' lang='lat' dir='ltr'><strong>stilla,</strong></span> <span class='ocrx_word' id='word_1_778' title='bbox 1289 2999 1371 3052; x_wconf 86' lang='lat' dir='ltr'><strong>quam</strong></span> <span class='ocrx_word' id='word_1_779' title='bbox 1387 2984 1517 3047; x_wconf 89' lang='lat' dir='ltr'><strong>diximus,</strong></span> <span class='ocrx_word' id='word_1_780' title='bbox 1538 2986 1669 3039; x_wconf 88' lang='lat' dir='ltr'><strong>medulla.</strong></span> <span class='ocrx_word' id='word_1_781' title='bbox 1705 2987 1783 3050; x_wconf 73' lang='lat' dir='ltr'><strong>Quae</strong></span> <span class='ocrx_word' id='word_1_782' title='bbox 1803 2989 1846 3040; x_wconf 82' lang='lat' dir='ltr'><strong>ita</strong></span> 
     </span>
     <span class='ocr_line' id='line_1_105' title="bbox 1042 3052 1783 3122; baseline 0.004 -17"><span class='ocrx_word' id='word_1_783' title='bbox 1042 3053 1189 3105; x_wconf 86' lang='lat' dir='ltr'><strong>emicuerit</strong></span> <span class='ocrx_word' id='word_1_784' title='bbox 1199 3052 1326 3116; x_wconf 86' lang='lat' dir='ltr'><strong>materia,</strong></span> <span class='ocrx_word' id='word_1_785' title='bbox 1338 3052 1460 3105; x_wconf 80' lang='lat' dir='ltr'><strong>fructum</strong></span> <span class='ocrx_word' id='word_1_786' title='bbox 1471 3054 1548 3106; x_wconf 91' lang='lat' dir='ltr'><strong>dabit</strong></span> <span class='ocrx_word' id='word_1_787' title='bbox 1559 3069 1630 3107; x_wconf 89' lang='lat' dir='ltr'><strong>anno</strong></span> <span class='ocrx_word' id='word_1_788' title='bbox 1641 3064 1783 3122; x_wconf 88' lang='lat' dir='ltr'><strong>sequente.</strong></span> 
     </span>
    </p>

    <p class='ocr_par' dir='ltr' id='par_1_16' title="bbox 1042 3120 1845 3800">
     <span class='ocr_line' id='line_1_106' title="bbox 1078 3120 1844 3190; baseline 0.004 -16"><span class='ocrx_word' id='word_1_789' title='bbox 1078 3120 1125 3174; x_wconf 87' lang='lat' dir='ltr'><strong>Sic</strong></span> <span class='ocrx_word' id='word_1_790' title='bbox 1136 3122 1192 3173; x_wconf 92' lang='lat' dir='ltr'><strong>duo</strong></span> <span class='ocrx_word' id='word_1_791' title='bbox 1200 3136 1307 3190; x_wconf 86' lang='lat' dir='ltr'><strong>genera</strong></span> <span class='ocrx_word' id='word_1_792' title='bbox 1315 3122 1471 3189; x_wconf 90' lang='lat' dir='ltr'><strong>palmitum.</strong></span> <span class='ocrx_word' id='word_1_793' title='bbox 1508 3123 1589 3187; x_wconf 79' lang='lat' dir='ltr'><strong>Quod</strong></span> <span class='ocrx_word' id='word_1_794' title='bbox 1601 3140 1616 3176; x_wconf 94' lang='lat' dir='ltr'><strong>e</strong></span> <span class='ocrx_word' id='word_1_795' title='bbox 1626 3124 1697 3176; x_wconf 89' lang='lat' dir='ltr'><strong>duro</strong></span> <span class='ocrx_word' id='word_1_796' title='bbox 1708 3126 1776 3187; x_wconf 87' lang='lat' dir='ltr'><strong>exit,</strong></span> <span class='ocrx_word' id='word_1_797' title='bbox 1787 3141 1844 3177; x_wconf 64' lang='lat' dir='ltr'><strong>mav</strong></span> 
     </span>
     <span class='ocr_line' id='line_1_107' title="bbox 1042 3190 1844 3261; baseline 0.005 -19"><span class='ocrx_word' id='word_1_798' title='bbox 1042 3190 1197 3258; x_wconf 88' lang='lat' dir='ltr'><strong>teriamque</strong></span> <span class='ocrx_word' id='word_1_799' title='bbox 1207 3192 1235 3242; x_wconf 92' lang='lat' dir='ltr'><strong>in</strong></span> <span class='ocrx_word' id='word_1_800' title='bbox 1248 3193 1404 3259; x_wconf 91' lang='lat' dir='ltr'><strong>proximum</strong></span> <span class='ocrx_word' id='word_1_801' title='bbox 1416 3207 1517 3245; x_wconf 91' lang='lat' dir='ltr'><strong>annum</strong></span> <span class='ocrx_word' id='word_1_802' title='bbox 1531 3192 1681 3259; x_wconf 88' lang='lat' dir='ltr'><strong>promittit,</strong></span> <span class='ocrx_word' id='word_1_803' title='bbox 1702 3194 1844 3261; x_wconf 88' lang='lat' dir='ltr'><strong>pampina-</strong></span> 
     </span>
     <span class='ocr_line' id='line_1_108' title="bbox 1042 3260 1842 3327; baseline 0.004 -15"><span class='ocrx_word' id='word_1_804' title='bbox 1042 3260 1257 3313; x_wconf 81' lang='lat' dir='ltr'><strong>riumrocatur:</strong></span> <span class='ocrx_word' id='word_1_805' title='bbox 1276 3267 1306 3312; x_wconf 93' lang='lat' dir='ltr'><strong>at</strong></span> <span class='ocrx_word' id='word_1_806' title='bbox 1315 3260 1365 3312; x_wconf 90' lang='lat' dir='ltr'><strong>ubi</strong></span> <span class='ocrx_word' id='word_1_807' title='bbox 1374 3276 1459 3327; x_wconf 88' lang='lat' dir='ltr'><strong>snpra</strong></span> <span class='ocrx_word' id='word_1_808' title='bbox 1477 3263 1637 3316; x_wconf 84' lang='lat' dir='ltr'><strong>cicatricem</strong></span> <span class='ocrx_word' id='word_1_809' title='bbox 1647 3270 1698 3324; x_wconf 91' lang='lat' dir='ltr'><strong>est,</strong></span> <span class='ocrx_word' id='word_1_810' title='bbox 1717 3262 1842 3315; x_wconf 88' lang='lat' dir='ltr'><strong>lruotua·</strong></span> 
     </span>
     <span class='ocr_line' id='line_1_109' title="bbox 1042 3330 1843 3399; baseline 0.005 -19"><span class='ocrx_word' id='word_1_811' title='bbox 1042 3332 1122 3381; x_wconf 93' lang='lat' dir='ltr'><strong>rium.</strong></span> <span class='ocrx_word' id='word_1_812' title='bbox 1165 3330 1289 3383; x_wconf 77' lang='lat' dir='ltr'><strong>Alterum</strong></span> <span class='ocrx_word' id='word_1_813' title='bbox 1310 3344 1346 3383; x_wconf 92' lang='lat' dir='ltr'><strong>ex</strong></span> <span class='ocrx_word' id='word_1_814' title='bbox 1367 3330 1496 3383; x_wconf 89' lang='lat' dir='ltr'><strong>anniculo</strong></span> <span class='ocrx_word' id='word_1_815' title='bbox 1517 3330 1650 3398; x_wconf 85' lang='lat' dir='ltr'><strong>palmite,</strong></span> <span class='ocrx_word' id='word_1_816' title='bbox 1679 3346 1843 3399; x_wconf 83' lang='lat' dir='ltr'><strong>semperque</strong></span> 
     </span>
     <span class='ocr_line' id='line_1_110' title="bbox 1042 3398 1845 3468; baseline 0.002 -18"><span class='ocrx_word' id='word_1_817' title='bbox 1042 3398 1237 3452; x_wconf 77' lang='lat' dir='ltr'><strong>fructuarium.</strong></span> <span class='ocrx_word' id='word_1_818' title='bbox 1272 3398 1450 3467; x_wconf 83' lang='lat' dir='ltr'><strong>Relinquitur</strong></span> <span class='ocrx_word' id='word_1_819' title='bbox 1466 3400 1519 3451; x_wconf 88' lang='lat' dir='ltr'><strong>sub</strong></span> <span class='ocrx_word' id='word_1_820' title='bbox 1534 3401 1600 3468; x_wconf 88' lang='lat' dir='ltr'><strong>iugo</strong></span> <span class='ocrx_word' id='word_1_821' title='bbox 1617 3402 1709 3467; x_wconf 90' lang='lat' dir='ltr'><strong>etqui</strong></span> <span class='ocrx_word' id='word_1_822' title='bbox 1729 3407 1845 3453; x_wconf 75' lang='lat' dir='ltr'><strong>coeatur</strong></span> 
     </span>
     <span class='ocr_line' id='line_1_111' title="bbox 1042 3468 1844 3538; baseline -0.001 -18"><span class='ocrx_word' id='word_1_823' title='bbox 1042 3474 1143 3520; x_wconf 87' lang='lat' dir='ltr'><strong>custos.</strong></span> <span class='ocrx_word' id='word_1_824' title='bbox 1179 3468 1235 3519; x_wconf 86' lang='lat' dir='ltr'><strong>llic</strong></span> <span class='ocrx_word' id='word_1_825' title='bbox 1245 3472 1289 3520; x_wconf 90' lang='lat' dir='ltr'><strong>est</strong></span> <span class='ocrx_word' id='word_1_826' title='bbox 1299 3468 1425 3522; x_wconf 89' lang='lat' dir='ltr'><strong>novellus</strong></span> <span class='ocrx_word' id='word_1_827' title='bbox 1435 3468 1551 3535; x_wconf 88' lang='lat' dir='ltr'><strong>palmes,</strong></span> <span class='ocrx_word' id='word_1_828' title='bbox 1564 3484 1620 3521; x_wconf 88' lang='lat' dir='ltr'><strong>non</strong></span> <span class='ocrx_word' id='word_1_829' title='bbox 1632 3469 1743 3538; x_wconf 86' lang='lat' dir='ltr'><strong>longior</strong></span> <span class='ocrx_word' id='word_1_830' title='bbox 1755 3470 1844 3522; x_wconf 91' lang='lat' dir='ltr'><strong>tribus</strong></span> 
     </span>
     <span class='ocr_line' id='line_1_112' title="bbox 1042 3535 1844 3606; baseline -0.001 -16"><span class='ocrx_word' id='word_1_831' title='bbox 1042 3539 1168 3606; x_wconf 84' lang='lat' dir='ltr'><strong>gemmis,</strong></span> <span class='ocrx_word' id='word_1_832' title='bbox 1189 3535 1319 3603; x_wconf 90' lang='lat' dir='ltr'><strong>proximo</strong></span> <span class='ocrx_word' id='word_1_833' title='bbox 1338 3552 1411 3590; x_wconf 90' lang='lat' dir='ltr'><strong>anno</strong></span> <span class='ocrx_word' id='word_1_834' title='bbox 1431 3539 1577 3591; x_wconf 87' lang='lat' dir='ltr'><strong>materiam</strong></span> <span class='ocrx_word' id='word_1_835' title='bbox 1593 3538 1717 3601; x_wconf 88' lang='lat' dir='ltr'><strong>daturus,</strong></span> <span class='ocrx_word' id='word_1_836' title='bbox 1736 3539 1763 3591; x_wconf 89' lang='lat' dir='ltr'><strong>si</strong></span> <span class='ocrx_word' id='word_1_837' title='bbox 1779 3537 1844 3590; x_wconf 86' lang='lat' dir='ltr'><strong>vitis</strong></span> 
     </span>
     <span class='ocr_line' id='line_1_113' title="bbox 1042 3606 1845 3670; baseline 0.002 -12"><span class='ocrx_word' id='word_1_838' title='bbox 1042 3607 1193 3659; x_wconf 85' lang='lat' dir='ltr'><strong>luxuriare</strong></span> <span class='ocrx_word' id='word_1_839' title='bbox 1205 3606 1398 3658; x_wconf 90' lang='lat' dir='ltr'><strong>consumserit.</strong></span> <span class='ocrx_word' id='word_1_840' title='bbox 1434 3606 1725 3670; x_wconf 80' lang='lat' dir='ltr'><strong>Etaliusiuxtseum,</strong></span> <span class='ocrx_word' id='word_1_841' title='bbox 1752 3621 1845 3660; x_wconf 76' lang='lat' dir='ltr'><strong>verru-</strong></span> 
     </span>
     <span class='ocr_line' id='line_1_114' title="bbox 1042 3674 1845 3799; baseline 0.004 -71"><span class='ocrx_word' id='word_1_842' title='bbox 1042 3691 1091 3729; x_wconf 91' lang='lat' dir='ltr'><strong>cae</strong></span> <span class='ocrx_word' id='word_1_843' title='bbox 1102 3675 1305 3799; x_wconf 58' lang='lat' dir='ltr'><strong>magqiltudiue,</strong></span> <span class='ocrx_word' id='word_1_844' title='bbox 1324 3676 1371 3745; x_wconf 89' lang='lat' dir='ltr'><strong>qui</strong></span> <span class='ocrx_word' id='word_1_845' title='bbox 1380 3674 1542 3730; x_wconf 79' lang='lat' dir='ltr'><strong>furunculus</strong></span> <span class='ocrx_word' id='word_1_846' title='bbox 1553 3675 1723 3746; x_wconf 86' lang='lat' dir='ltr'><strong>appellatur,</strong></span> <span class='ocrx_word' id='word_1_847' title='bbox 1735 3677 1761 3730; x_wconf 90' lang='lat' dir='ltr'><strong>si</strong></span> <span class='ocrx_word' id='word_1_848' title='bbox 1770 3676 1845 3732; x_wconf 75' lang='lat' dir='ltr'><strong>rorte</strong></span> 
     </span>
     <span class='ocr_line' id='line_1_115' title="bbox 1042 3751 1237 3800; baseline -0.01 0"><span class='ocrx_word' id='word_1_849' title='bbox 1042 3751 1136 3800; x_wconf 90' lang='lat' dir='ltr'><strong>custos</strong></span> <span class='ocrx_word' id='word_1_850' title='bbox 1160 3762 1176 3798; x_wconf 92' lang='lat' dir='ltr'><strong>a</strong></span> <span class='ocrx_word' id='word_1_851' title='bbox 1200 3752 1237 3798; x_wconf 88' lang='lat' dir='ltr'><strong>at.</strong></span> 
     </span>
    </p>

    <p class='ocr_par' dir='ltr' id='par_1_17' title="bbox 1040 3813 1906 4715">
     <span class='ocr_line' id='line_1_116' title="bbox 1075 3813 1844 3887; baseline 0.001 -20"><span class='ocrx_word' id='word_1_852' title='bbox 1075 3814 1118 3868; x_wconf 84' lang='grc'><strong>14.</strong></span> <span class='ocrx_word' id='word_1_853' title='bbox 1135 3813 1210 3868; x_wconf 86' lang='lat' dir='ltr'><strong>Vitis</strong></span> <span class='ocrx_word' id='word_1_854' title='bbox 1231 3822 1378 3883; x_wconf 90' lang='lat' dir='ltr'><strong>antequam</strong></span> <span class='ocrx_word' id='word_1_855' title='bbox 1400 3818 1549 3887; x_wconf 86' lang='lat' dir='ltr'><strong>septimum</strong></span> <span class='ocrx_word' id='word_1_856' title='bbox 1568 3830 1671 3869; x_wconf 87' lang='lat' dir='ltr'><strong>aunum</strong></span> <span class='ocrx_word' id='word_1_857' title='bbox 1693 3832 1711 3870; x_wconf 91' lang='lat' dir='ltr'><strong>a</strong></span> <span class='ocrx_word' id='word_1_858' title='bbox 1731 3816 1844 3870; x_wconf 90' lang='lat' dir='ltr'><strong>surculo</strong></span> 
     </span>
     <span class='ocr_line' id='line_1_117' title="bbox 1041 3884 1844 3952; baseline 0 -14"><span class='ocrx_word' id='word_1_859' title='bbox 1041 3884 1188 3952; x_wconf 87' lang='lat' dir='ltr'><strong>compleat,</strong></span> <span class='ocrx_word' id='word_1_860' title='bbox 1198 3892 1314 3939; x_wconf 82' lang='lat' dir='ltr'><strong>evocata</strong></span> <span class='ocrx_word' id='word_1_861' title='bbox 1323 3887 1360 3939; x_wconf 91' lang='lat' dir='ltr'><strong>ad</strong></span> <span class='ocrx_word' id='word_1_862' title='bbox 1370 3886 1492 3941; x_wconf 85' lang='lat' dir='ltr'><strong>tructam</strong></span> <span class='ocrx_word' id='word_1_863' title='bbox 1503 3886 1663 3950; x_wconf 86' lang='lat' dir='ltr'><strong>eiuncescit,</strong></span> <span class='ocrx_word' id='word_1_864' title='bbox 1675 3902 1709 3939; x_wconf 89' lang='lat' dir='ltr'><strong>ac</strong></span> <span class='ocrx_word' id='word_1_865' title='bbox 1718 3886 1844 3939; x_wconf 88' lang='lat' dir='ltr'><strong>meritur.</strong></span> 
     </span>
     <span class='ocr_line' id='line_1_118' title="bbox 1041 3954 1844 4024; baseline -0.006 -16"><span class='ocrx_word' id='word_1_866' title='bbox 1041 3954 1100 4008; x_wconf 88' lang='lat' dir='ltr'><strong>Nec</strong></span> <span class='ocrx_word' id='word_1_867' title='bbox 1111 3961 1231 4008; x_wconf 89' lang='lat' dir='ltr'><strong>veterem</strong></span> <span class='ocrx_word' id='word_1_868' title='bbox 1244 3956 1338 4024; x_wconf 87' lang='lat' dir='ltr'><strong>placet</strong></span> <span class='ocrx_word' id='word_1_869' title='bbox 1349 3955 1492 4024; x_wconf 88' lang='lat' dir='ltr'><strong>palmitem</strong></span> <span class='ocrx_word' id='word_1_870' title='bbox 1504 3958 1532 4009; x_wconf 94' lang='lat' dir='ltr'><strong>in</strong></span> <span class='ocrx_word' id='word_1_871' title='bbox 1542 3957 1668 4024; x_wconf 88' lang='lat' dir='ltr'><strong>longum,</strong></span> <span class='ocrx_word' id='word_1_872' title='bbox 1679 3965 1707 4009; x_wconf 90' lang='lat' dir='ltr'><strong>et</strong></span> <span class='ocrx_word' id='word_1_873' title='bbox 1718 3956 1754 4007; x_wconf 89' lang='lat' dir='ltr'><strong>ad</strong></span> <span class='ocrx_word' id='word_1_874' title='bbox 1765 3969 1844 4020; x_wconf 89' lang='lat' dir='ltr'><strong>quar·</strong></span> 
     </span>
     <span class='ocr_line' id='line_1_119' title="bbox 1040 4023 1844 4092; baseline -0.009 -14"><span class='ocrx_word' id='word_1_875' title='bbox 1040 4031 1100 4078; x_wconf 89' lang='lat' dir='ltr'><strong>tum</strong></span> <span class='ocrx_word' id='word_1_876' title='bbox 1111 4040 1199 4092; x_wconf 88' lang='lat' dir='ltr'><strong>usque</strong></span> <span class='ocrx_word' id='word_1_877' title='bbox 1215 4026 1411 4092; x_wconf 88' lang='lat' dir='ltr'><strong>pedamentum</strong></span> <span class='ocrx_word' id='word_1_878' title='bbox 1430 4027 1532 4090; x_wconf 89' lang='lat' dir='ltr'><strong>emitti,</strong></span> <span class='ocrx_word' id='word_1_879' title='bbox 1551 4024 1624 4092; x_wconf 92' lang='lat' dir='ltr'><strong>quod</strong></span> <span class='ocrx_word' id='word_1_880' title='bbox 1636 4024 1686 4077; x_wconf 90' lang='lat' dir='ltr'><strong>alii</strong></span> <span class='ocrx_word' id='word_1_881' title='bbox 1699 4023 1844 4083; x_wconf 85' lang='lat' dir='ltr'><strong>dracones,</strong></span> 
     </span>
     <span class='ocr_line' id='line_1_120' title="bbox 1041 4090 1906 4161; baseline -0.007 -15"><span class='ocrx_word' id='word_1_882' title='bbox 1041 4094 1092 4146; x_wconf 90' lang='lat' dir='ltr'><strong>alii</strong></span> <span class='ocrx_word' id='word_1_883' title='bbox 1103 4094 1242 4147; x_wconf 87' lang='lat' dir='ltr'><strong>ianiculos</strong></span> <span class='ocrx_word' id='word_1_884' title='bbox 1251 4102 1366 4158; x_wconf 78' lang='lat' dir='ltr'><strong>vocant,</strong></span> <span class='ocrx_word' id='word_1_885' title='bbox 1384 4102 1416 4146; x_wconf 93' lang='lat' dir='ltr'><strong>ut</strong></span> <span class='ocrx_word' id='word_1_886' title='bbox 1430 4095 1533 4148; x_wconf 82' lang='lat' dir='ltr'><strong>iaciant</strong></span> <span class='ocrx_word' id='word_1_887' title='bbox 1544 4108 1615 4161; x_wconf 90' lang='lat' dir='ltr'><strong>quae</strong></span> <span class='ocrx_word' id='word_1_888' title='bbox 1630 4090 1785 4144; x_wconf 89' lang='lat' dir='ltr'><strong>masculeta</strong></span> <span class='ocrx_word' id='word_1_889' title='bbox 1794 4103 1842 4155; x_wconf 86' lang='lat' dir='ltr'><strong>ap·</strong></span> <span class='ocrx_word' id='word_1_890' title='bbox 1903 4122 1906 4127; x_wconf 91' lang='lat'><em>-</em></span> 
     </span>
     <span class='ocr_line' id='line_1_121' title="bbox 1042 4158 1844 4231; baseline -0.007 -16"><span class='ocrx_word' id='word_1_891' title='bbox 1042 4163 1160 4230; x_wconf 89' lang='lat' dir='ltr'><strong>pellant.</strong></span> <span class='ocrx_word' id='word_1_892' title='bbox 1196 4164 1265 4216; x_wconf 85' lang='lat' dir='ltr'><strong>Cum</strong></span> <span class='ocrx_word' id='word_1_893' title='bbox 1276 4164 1400 4217; x_wconf 89' lang='lat' dir='ltr'><strong>induruit</strong></span> <span class='ocrx_word' id='word_1_894' title='bbox 1410 4165 1483 4226; x_wconf 87' lang='lat' dir='ltr'><strong>vitis,</strong></span> <span class='ocrx_word' id='word_1_895' title='bbox 1494 4163 1644 4231; x_wconf 89' lang='lat' dir='ltr'><strong>pessimum</strong></span> <span class='ocrx_word' id='word_1_896' title='bbox 1656 4162 1685 4211; x_wconf 92' lang='lat' dir='ltr'><strong>in</strong></span> <span class='ocrx_word' id='word_1_897' title='bbox 1699 4158 1778 4211; x_wconf 84' lang='lat' dir='ltr'><strong>riusa</strong></span> <span class='ocrx_word' id='word_1_898' title='bbox 1788 4164 1844 4209; x_wconf 88' lang='lat' dir='ltr'><strong>tra·</strong></span> 
     </span>
     <span class='ocr_line' id='line_1_122' title="bbox 1041 4231 1843 4299; baseline -0.006 -16"><span class='ocrx_word' id='word_1_899' title='bbox 1041 4232 1155 4284; x_wconf 88' lang='lat' dir='ltr'><strong>ducere.</strong></span> <span class='ocrx_word' id='word_1_900' title='bbox 1190 4231 1296 4294; x_wconf 73' lang='lat' dir='ltr'><strong>Quinto</strong></span> <span class='ocrx_word' id='word_1_901' title='bbox 1308 4247 1381 4286; x_wconf 91' lang='lat' dir='ltr'><strong>anno</strong></span> <span class='ocrx_word' id='word_1_902' title='bbox 1393 4238 1421 4284; x_wconf 89' lang='lat' dir='ltr'><strong>et</strong></span> <span class='ocrx_word' id='word_1_903' title='bbox 1432 4233 1487 4299; x_wconf 87' lang='lat' dir='ltr'><strong>ipsi</strong></span> <span class='ocrx_word' id='word_1_904' title='bbox 1497 4231 1628 4298; x_wconf 88' lang='lat' dir='ltr'><strong>palmites</strong></span> <span class='ocrx_word' id='word_1_905' title='bbox 1639 4231 1843 4294; x_wconf 86' lang='lat' dir='ltr'><strong>intorquentur,</strong></span> 
     </span>
     <span class='ocr_line' id='line_1_123' title="bbox 1040 4295 1844 4370; baseline -0.002 -19"><span class='ocrx_word' id='word_1_906' title='bbox 1040 4300 1221 4368; x_wconf 85' lang='lat' dir='ltr'><strong>singulaeque</strong></span> <span class='ocrx_word' id='word_1_907' title='bbox 1233 4316 1248 4352; x_wconf 91' lang='lat' dir='ltr'><strong>e</strong></span> <span class='ocrx_word' id='word_1_908' title='bbox 1258 4303 1376 4370; x_wconf 83' lang='lat' dir='ltr'><strong>singulis</strong></span> <span class='ocrx_word' id='word_1_909' title='bbox 1388 4301 1523 4352; x_wconf 87' lang='lat' dir='ltr'><strong>materiae</strong></span> <span class='ocrx_word' id='word_1_910' title='bbox 1534 4300 1706 4357; x_wconf 83' lang='lat' dir='ltr'><strong>emittuntur,</strong></span> <span class='ocrx_word' id='word_1_911' title='bbox 1725 4310 1758 4347; x_wconf 84' lang='lat' dir='ltr'><strong>ae</strong></span> <span class='ocrx_word' id='word_1_912' title='bbox 1769 4295 1844 4349; x_wconf 87' lang='lat' dir='ltr'><strong>dein·</strong></span> 
     </span>
     <span class='ocr_line' id='line_1_124' title="bbox 1042 4363 1843 4438; baseline -0.006 -17"><span class='ocrx_word' id='word_1_913' title='bbox 1042 4368 1260 4434; x_wconf 89' lang='lat' dir='ltr'><strong>deeproximis:</strong></span> <span class='ocrx_word' id='word_1_914' title='bbox 1280 4373 1638 4438; x_wconf 87' lang='lat' dir='ltr'><strong>prioresquenmputantur.</strong></span> <span class='ocrx_word' id='word_1_915' title='bbox 1673 4363 1789 4432; x_wconf 82' lang='lat' dir='ltr'><strong>Semper</strong></span> <span class='ocrx_word' id='word_1_916' title='bbox 1798 4381 1843 4416; x_wconf 91' lang='lat' dir='ltr'><strong>cu·</strong></span> 
     </span>
     <span class='ocr_line' id='line_1_125' title="bbox 1041 4434 1843 4507; baseline -0.002 -17"><span class='ocrx_word' id='word_1_917' title='bbox 1041 4437 1151 4490; x_wconf 83' lang='lat' dir='ltr'><strong>stadem</strong></span> <span class='ocrx_word' id='word_1_918' title='bbox 1172 4438 1295 4507; x_wconf 90' lang='lat' dir='ltr'><strong>relinqui</strong></span> <span class='ocrx_word' id='word_1_919' title='bbox 1312 4439 1425 4490; x_wconf 87' lang='lat' dir='ltr'><strong>melius:</strong></span> <span class='ocrx_word' id='word_1_920' title='bbox 1444 4438 1493 4490; x_wconf 92' lang='lat' dir='ltr'><strong>sed</strong></span> <span class='ocrx_word' id='word_1_921' title='bbox 1514 4434 1692 4503; x_wconf 84' lang='lat' dir='ltr'><strong>isprosimus</strong></span> <span class='ocrx_word' id='word_1_922' title='bbox 1708 4434 1761 4487; x_wconf 84' lang='lat' dir='ltr'><strong>riti</strong></span> <span class='ocrx_word' id='word_1_923' title='bbox 1781 4450 1843 4488; x_wconf 89' lang='lat' dir='ltr'><strong>esse</strong></span> 
     </span>
     <span class='ocr_line' id='line_1_126' title="bbox 1042 4503 1844 4576; baseline -0.005 -16"><span class='ocrx_word' id='word_1_924' title='bbox 1042 4506 1135 4567; x_wconf 87' lang='lat' dir='ltr'><strong>debet,</strong></span> <span class='ocrx_word' id='word_1_925' title='bbox 1155 4520 1207 4560; x_wconf 90' lang='lat' dir='ltr'><strong>nec</strong></span> <span class='ocrx_word' id='word_1_926' title='bbox 1223 4507 1335 4576; x_wconf 82' lang='lat' dir='ltr'><strong>longior</strong></span> <span class='ocrx_word' id='word_1_927' title='bbox 1351 4521 1431 4575; x_wconf 90' lang='lat' dir='ltr'><strong>qnam</strong></span> <span class='ocrx_word' id='word_1_928' title='bbox 1448 4507 1619 4558; x_wconf 86' lang='lat' dir='ltr'><strong>dictumest:</strong></span> <span class='ocrx_word' id='word_1_929' title='bbox 1639 4512 1677 4567; x_wconf 88' lang='lat' dir='ltr'><strong>et,</strong></span> <span class='ocrx_word' id='word_1_930' title='bbox 1687 4503 1712 4554; x_wconf 92' lang='lat' dir='ltr'><strong>si</strong></span> <span class='ocrx_word' id='word_1_931' title='bbox 1722 4504 1844 4557; x_wconf 89' lang='lat' dir='ltr'><strong>luxuria-</strong></span> 
     </span>
     <span class='ocr_line' id='line_1_127' title="bbox 1041 4574 1844 4644; baseline -0.001 -17"><span class='ocrx_word' id='word_1_932' title='bbox 1041 4575 1133 4629; x_wconf 81' lang='lat' dir='ltr'><strong>verint</strong></span> <span class='ocrx_word' id='word_1_933' title='bbox 1143 4576 1285 4644; x_wconf 89' lang='lat' dir='ltr'><strong>palmites,</strong></span> <span class='ocrx_word' id='word_1_934' title='bbox 1295 4576 1464 4643; x_wconf 82' lang='lat' dir='ltr'><strong>intorqueri:</strong></span> <span class='ocrx_word' id='word_1_935' title='bbox 1483 4581 1514 4627; x_wconf 88' lang='lat' dir='ltr'><strong>nt</strong></span> <span class='ocrx_word' id='word_1_936' title='bbox 1525 4581 1643 4644; x_wconf 86' lang='lat' dir='ltr'><strong>quatuor</strong></span> <span class='ocrx_word' id='word_1_937' title='bbox 1652 4574 1844 4637; x_wconf 86' lang='lat' dir='ltr'><strong>materias,vel</strong></span> 
     </span>
     <span class='ocr_line' id='line_1_128' title="bbox 1043 4644 1584 4715; baseline -0.007 -14"><span class='ocrx_word' id='word_1_938' title='bbox 1043 4646 1122 4709; x_wconf 89' lang='lat' dir='ltr'><strong>duas,</strong></span> <span class='ocrx_word' id='word_1_939' title='bbox 1134 4648 1158 4697; x_wconf 89' lang='lat' dir='ltr'><strong>si</strong></span> <span class='ocrx_word' id='word_1_940' title='bbox 1169 4646 1287 4715; x_wconf 84' lang='lat' dir='ltr'><strong>uniiuga</strong></span> <span class='ocrx_word' id='word_1_941' title='bbox 1298 4646 1353 4700; x_wconf 93' lang='lat' dir='ltr'><strong>erit</strong></span> <span class='ocrx_word' id='word_1_942' title='bbox 1363 4647 1454 4709; x_wconf 88' lang='lat' dir='ltr'><strong>rinea,</strong></span> <span class='ocrx_word' id='word_1_943' title='bbox 1464 4644 1584 4698; x_wconf 88' lang='lat' dir='ltr'><strong>emittat.</strong></span> 
     </span>
    </p>

    <p class='ocr_par' dir='ltr' id='par_1_18' title="bbox 1042 4712 1936 5552">
     <span class='ocr_line' id='line_1_129' title="bbox 1079 4712 1842 4783; baseline -0.005 -15"><span class='ocrx_word' id='word_1_944' title='bbox 1079 4712 1122 4768; x_wconf 89' lang='grc'><strong>15.</strong></span> <span class='ocrx_word' id='word_1_945' title='bbox 1140 4714 1172 4768; x_wconf 86' lang='lat' dir='ltr'><strong>Si</strong></span> <span class='ocrx_word' id='word_1_946' title='bbox 1187 4730 1238 4783; x_wconf 90' lang='lat' dir='ltr'><strong>per</strong></span> <span class='ocrx_word' id='word_1_947' title='bbox 1257 4732 1288 4769; x_wconf 90' lang='lat' dir='ltr'><strong>se</strong></span> <span class='ocrx_word' id='word_1_948' title='bbox 1303 4715 1369 4769; x_wconf 78' lang='lat' dir='ltr'><strong>ritis</strong></span> <span class='ocrx_word' id='word_1_949' title='bbox 1390 4713 1567 4768; x_wconf 89' lang='lat' dir='ltr'><strong>ordinabitur</strong></span> <span class='ocrx_word' id='word_1_950' title='bbox 1582 4714 1641 4767; x_wconf 91' lang='lat' dir='ltr'><strong>siue</strong></span> <span class='ocrx_word' id='word_1_951' title='bbox 1663 4712 1842 4781; x_wconf 86' lang='lat' dir='ltr'><strong>pedamento,</strong></span> 
     </span>
     <span class='ocr_line' id='line_1_130' title="bbox 1044 4781 1843 4854; baseline -0.004 -16"><span class='ocrx_word' id='word_1_952' title='bbox 1044 4784 1233 4854; x_wconf 86' lang='lat' dir='ltr'><strong>qualecunque</strong></span> <span class='ocrx_word' id='word_1_953' title='bbox 1253 4786 1335 4838; x_wconf 90' lang='lat' dir='ltr'><strong>initio</strong></span> <span class='ocrx_word' id='word_1_954' title='bbox 1355 4783 1551 4839; x_wconf 87' lang='lat' dir='ltr'><strong>adminiculum</strong></span> <span class='ocrx_word' id='word_1_955' title='bbox 1572 4782 1754 4846; x_wconf 91' lang='lat' dir='ltr'><strong>desiderabit,</strong></span> <span class='ocrx_word' id='word_1_956' title='bbox 1776 4781 1843 4835; x_wconf 90' lang='lat' dir='ltr'><strong>dum</strong></span> 
     </span>
     <span class='ocr_line' id='line_1_131' title="bbox 1043 4852 1842 4925; baseline -0.003 -18"><span class='ocrx_word' id='word_1_957' title='bbox 1043 4864 1121 4908; x_wconf 90' lang='lat' dir='ltr'><strong>stare</strong></span> <span class='ocrx_word' id='word_1_958' title='bbox 1133 4856 1277 4909; x_wconf 88' lang='lat' dir='ltr'><strong>condiscat</strong></span> <span class='ocrx_word' id='word_1_959' title='bbox 1288 4861 1317 4908; x_wconf 90' lang='lat' dir='ltr'><strong>et</strong></span> <span class='ocrx_word' id='word_1_960' title='bbox 1332 4862 1410 4908; x_wconf 89' lang='lat' dir='ltr'><strong>recta</strong></span> <span class='ocrx_word' id='word_1_961' title='bbox 1425 4869 1549 4925; x_wconf 85' lang='lat' dir='ltr'><strong>surgere.</strong></span> <span class='ocrx_word' id='word_1_962' title='bbox 1585 4856 1688 4907; x_wconf 84' lang='lat' dir='ltr'><strong>Cetera</strong></span> <span class='ocrx_word' id='word_1_963' title='bbox 1697 4868 1714 4905; x_wconf 87' lang='lat' dir='ltr'><strong>a</strong></span> <span class='ocrx_word' id='word_1_964' title='bbox 1723 4852 1842 4920; x_wconf 86' lang='lat' dir='ltr'><strong>primor-</strong></span> 
     </span>
     <span class='ocr_line' id='line_1_132' title="bbox 1043 4920 1843 4993; baseline -0.004 -17"><span class='ocrx_word' id='word_1_965' title='bbox 1043 4924 1091 4976; x_wconf 92' lang='lat' dir='ltr'><strong>dio</strong></span> <span class='ocrx_word' id='word_1_966' title='bbox 1103 4924 1209 4978; x_wconf 91' lang='lat' dir='ltr'><strong>eadem.</strong></span> <span class='ocrx_word' id='word_1_967' title='bbox 1244 4924 1340 4978; x_wconf 86' lang='lat' dir='ltr'><strong>Dividi</strong></span> <span class='ocrx_word' id='word_1_968' title='bbox 1351 4931 1443 4977; x_wconf 86' lang='lat' dir='ltr'><strong>autem</strong></span> <span class='ocrx_word' id='word_1_969' title='bbox 1450 4924 1594 4993; x_wconf 88' lang='lat' dir='ltr'><strong>putatione</strong></span> <span class='ocrx_word' id='word_1_970' title='bbox 1604 4922 1720 4991; x_wconf 89' lang='lat' dir='ltr'><strong>pollices</strong></span> <span class='ocrx_word' id='word_1_971' title='bbox 1730 4920 1843 4991; x_wconf 87' lang='lat' dir='ltr'><strong>aequali</strong></span> 
     </span>
     <span class='ocr_line' id='line_1_133' title="bbox 1044 4991 1842 5063; baseline -0.008 -16"><span class='ocrx_word' id='word_1_972' title='bbox 1044 4996 1172 5047; x_wconf 89' lang='lat' dir='ltr'><strong>examine</strong></span> <span class='ocrx_word' id='word_1_973' title='bbox 1183 4993 1316 5063; x_wconf 90' lang='lat' dir='ltr'><strong>undique,</strong></span> <span class='ocrx_word' id='word_1_974' title='bbox 1338 5009 1375 5047; x_wconf 92' lang='lat' dir='ltr'><strong>ne</strong></span> <span class='ocrx_word' id='word_1_975' title='bbox 1394 5000 1559 5063; x_wconf 82' lang='lat' dir='ltr'><strong>praegravet</strong></span> <span class='ocrx_word' id='word_1_976' title='bbox 1577 4993 1684 5045; x_wconf 81' lang='lat' dir='ltr'><strong>fructus</strong></span> <span class='ocrx_word' id='word_1_977' title='bbox 1699 4991 1842 5059; x_wconf 87' lang='lat' dir='ltr'><strong>partcali·</strong></span> 
     </span>
     <span class='ocr_line' id='line_1_134' title="bbox 1043 5061 1843 5133; baseline -0.01 -14"><span class='ocrx_word' id='word_1_978' title='bbox 1043 5078 1107 5133; x_wconf 82' lang='lat' dir='ltr'><strong>qua,</strong></span> <span class='ocrx_word' id='word_1_979' title='bbox 1127 5065 1218 5118; x_wconf 85' lang='lat' dir='ltr'><strong>obiter</strong></span> <span class='ocrx_word' id='word_1_980' title='bbox 1235 5065 1310 5117; x_wconf 91' lang='lat' dir='ltr'><strong>idem</strong></span> <span class='ocrx_word' id='word_1_981' title='bbox 1322 5062 1652 5132; x_wconf 80' lang='lat' dir='ltr'><strong>deprimens-prohibebit</strong></span> <span class='ocrx_word' id='word_1_982' title='bbox 1663 5062 1691 5113; x_wconf 95' lang='lat' dir='ltr'><strong>in</strong></span> <span class='ocrx_word' id='word_1_983' title='bbox 1703 5061 1843 5113; x_wconf 87' lang='lat' dir='ltr'><strong>excelsum</strong></span> 
     </span>
     <span class='ocr_line' id='line_1_135' title="bbox 1044 5127 1844 5205; baseline -0.01 -18"><span class='ocrx_word' id='word_1_984' title='bbox 1044 5135 1171 5187; x_wconf 87' lang='lat' dir='ltr'><strong>emicare.</strong></span> <span class='ocrx_word' id='word_1_985' title='bbox 1207 5133 1282 5186; x_wconf 85' lang='lat' dir='ltr'><strong>Huic</strong></span> <span class='ocrx_word' id='word_1_986' title='bbox 1296 5134 1395 5187; x_wconf 85' lang='lat' dir='ltr'><strong>vineae</strong></span> <span class='ocrx_word' id='word_1_987' title='bbox 1409 5135 1493 5186; x_wconf 92' lang='lat' dir='ltr'><strong>trium</strong></span> <span class='ocrx_word' id='word_1_988' title='bbox 1509 5133 1608 5201; x_wconf 91' lang='lat' dir='ltr'><strong>pedum</strong></span> <span class='ocrx_word' id='word_1_989' title='bbox 1620 5130 1742 5205; x_wconf 75' lang='lat' dir='ltr'><strong>altitudo</strong></span> <span class='ocrx_word' id='word_1_990' title='bbox 1754 5127 1844 5183; x_wconf 87' lang='lat' dir='ltr'><strong>excel·</strong></span> 
     </span>
     <span class='ocr_line' id='line_1_136' title="bbox 1043 5197 1843 5274; baseline -0.013 -17"><span class='ocrx_word' id='word_1_991' title='bbox 1043 5204 1102 5257; x_wconf 92' lang='lat' dir='ltr'><strong>sior</strong></span> <span class='ocrx_word' id='word_1_992' title='bbox 1113 5208 1205 5256; x_wconf 89' lang='lat' dir='ltr'><strong>nutat:</strong></span> <span class='ocrx_word' id='word_1_993' title='bbox 1225 5205 1326 5258; x_wconf 89' lang='lat' dir='ltr'><strong>ceteris</strong></span> <span class='ocrx_word' id='word_1_994' title='bbox 1336 5202 1541 5274; x_wconf 88' lang='lat' dir='ltr'><strong>aquinte,dum</strong></span> <span class='ocrx_word' id='word_1_995' title='bbox 1551 5217 1586 5257; x_wconf 89' lang='lat' dir='ltr'><strong>ne</strong></span> <span class='ocrx_word' id='word_1_996' title='bbox 1596 5200 1712 5255; x_wconf 86' lang='lat' dir='ltr'><strong>excedat</strong></span> <span class='ocrx_word' id='word_1_997' title='bbox 1722 5197 1843 5252; x_wconf 90' lang='lat' dir='ltr'><strong>bominis</strong></span> 
     </span>
     <span class='ocr_line' id='line_1_137' title="bbox 1044 5266 1936 5395; baseline -0.008 -70"><span class='ocrx_word' id='word_1_998' title='bbox 1044 5266 1248 5342; x_wconf 82' lang='lat' dir='ltr'><strong>longitudinem</strong></span> <span class='ocrx_word' id='word_1_999' title='bbox 1268 5274 1381 5327; x_wconf 90' lang='lat' dir='ltr'><strong>iustum.</strong></span> <span class='ocrx_word' id='word_1_1000' title='bbox 1416 5272 1455 5327; x_wconf 85' lang='lat' dir='ltr'><strong>lis</strong></span> <span class='ocrx_word' id='word_1_1001' title='bbox 1466 5287 1576 5395; x_wconf 61' lang='lat' dir='ltr'><strong>quoque</strong></span> <span class='ocrx_word' id='word_1_1002' title='bbox 1594 5286 1664 5341; x_wconf 85' lang='lat' dir='ltr'><strong>quae</strong></span> <span class='ocrx_word' id='word_1_1003' title='bbox 1675 5273 1844 5338; x_wconf 87' lang='lat' dir='ltr'><strong>sparguntur</strong></span> <span class='ocrx_word' id='word_1_1004' title='bbox 1929 5290 1936 5301; x_wconf 89' lang='lat'><em>·</em></span> 
     </span>
     <span class='ocr_line' id='line_1_138' title="bbox 1042 5334 1844 5417; baseline -0.01 -23"><span class='ocrx_word' id='word_1_1005' title='bbox 1042 5343 1171 5404; x_wconf 86' lang='lat' dir='ltr'><strong>interra,</strong></span> <span class='ocrx_word' id='word_1_1006' title='bbox 1193 5341 1291 5397; x_wconf 88' lang='lat' dir='ltr'><strong>breves</strong></span> <span class='ocrx_word' id='word_1_1007' title='bbox 1308 5343 1343 5395; x_wconf 90' lang='lat' dir='ltr'><strong>ad</strong></span> <span class='ocrx_word' id='word_1_1008' title='bbox 1359 5344 1464 5396; x_wconf 91' lang='lat' dir='ltr'><strong>inniten</strong></span> <span class='ocrx_word' id='word_1_1009' title='bbox 1485 5359 1532 5396; x_wconf 88' lang='lat' dir='ltr'><strong>am</strong></span> <span class='ocrx_word' id='word_1_1010' title='bbox 1549 5355 1650 5396; x_wconf 88' lang='lat' dir='ltr'><strong>cannas</strong></span> <span class='ocrx_word' id='word_1_1011' title='bbox 1664 5334 1844 5417; x_wconf 80' lang='lat' dir='ltr'><strong>circumdant,</strong></span> 
     </span>
     <span class='ocr_line' id='line_1_139' title="bbox 1042 5409 1844 5481; baseline -0.004 -17"><span class='ocrx_word' id='word_1_1012' title='bbox 1042 5414 1186 5466; x_wconf 88' lang='lat' dir='ltr'><strong>scrobibus</strong></span> <span class='ocrx_word' id='word_1_1013' title='bbox 1196 5428 1247 5480; x_wconf 90' lang='lat' dir='ltr'><strong>per</strong></span> <span class='ocrx_word' id='word_1_1014' title='bbox 1256 5415 1391 5466; x_wconf 86' lang='lat' dir='ltr'><strong>ambitum</strong></span> <span class='ocrx_word' id='word_1_1015' title='bbox 1403 5411 1496 5477; x_wconf 80' lang='lat' dir='ltr'><strong>lactis,</strong></span> <span class='ocrx_word' id='word_1_1016' title='bbox 1512 5429 1548 5466; x_wconf 90' lang='lat' dir='ltr'><strong>ne</strong></span> <span class='ocrx_word' id='word_1_1017' title='bbox 1559 5412 1620 5481; x_wconf 83' lang='lat' dir='ltr'><strong>vagi</strong></span> <span class='ocrx_word' id='word_1_1018' title='bbox 1631 5409 1760 5478; x_wconf 86' lang='lat' dir='ltr'><strong>palmites</strong></span> <span class='ocrx_word' id='word_1_1019' title='bbox 1771 5410 1844 5459; x_wconf 76' lang='lat' dir='ltr'><strong>inter</strong></span> 
     </span>
     <span class='ocr_line' id='line_1_140' title="bbox 1044 5476 1844 5552; baseline -0.006 -18"><span class='ocrx_word' id='word_1_1020' title='bbox 1044 5497 1072 5512; x_wconf 70' lang='lat'><strong>·⁶</strong></span> <span class='ocrx_word' id='word_1_1021' title='bbox 1083 5491 1205 5551; x_wconf 81' lang='lat' dir='ltr'><strong>pugnent</strong></span> <span class='ocrx_word' id='word_1_1022' title='bbox 1216 5489 1408 5537; x_wconf 78' lang='lat' dir='ltr'><strong>occursantem</strong></span> <span class='ocrx_word' id='word_1_1023' title='bbox 1420 5483 1565 5552; x_wconf 87' lang='lat' dir='ltr'><strong>maiorque</strong></span> <span class='ocrx_word' id='word_1_1024' title='bbox 1577 5495 1641 5549; x_wconf 90' lang='lat' dir='ltr'><strong>pars</strong></span> <span class='ocrx_word' id='word_1_1025' title='bbox 1652 5488 1789 5530; x_wconf 86' lang='lat' dir='ltr'><strong>terrarum</strong></span> <span class='ocrx_word' id='word_1_1026' title='bbox 1803 5476 1844 5529; x_wconf 85' lang='lat' dir='ltr'><strong>its</strong></span> 
     </span>
    </p>

    <p class='ocr_par' dir='ltr' id='par_1_19' title="bbox 1097 5545 1844 5716">
     <span class='ocr_line' id='line_1_141' title="bbox 1097 5545 1844 5613; baseline -0.013 -6"><span class='ocrx_word' id='word_1_1027' title='bbox 1097 5553 1169 5607; x_wconf 68' lang='lat' dir='ltr'><strong>‘uam</strong></span> <span class='ocrx_word' id='word_1_1028' title='bbox 1184 5554 1213 5605; x_wconf 91' lang='lat' dir='ltr'><strong>in</strong></span> <span class='ocrx_word' id='word_1_1029' title='bbox 1232 5552 1336 5606; x_wconf 90' lang='lat' dir='ltr'><strong>tellure</strong></span> <span class='ocrx_word' id='word_1_1030' title='bbox 1351 5550 1519 5606; x_wconf 76' lang='lat' dir='ltr'><strong>vindemiam</strong></span> <span class='ocrx_word' id='word_1_1031' title='bbox 1535 5551 1624 5603; x_wconf 90' lang='lat' dir='ltr'><strong>metit.</strong></span> <span class='ocrx_word' id='word_1_1032' title='bbox 1660 5545 1802 5613; x_wconf 76' lang='lat' dir='ltr'><strong>Siquidem</strong></span> <span class='ocrx_word' id='word_1_1033' title='bbox 1814 5554 1844 5599; x_wconf 89' lang='lat' dir='ltr'><strong>et</strong></span> 
     </span>
     <span class='ocr_line' id='line_1_142' title="bbox 1207 5616 1844 5716; baseline -0.013 -39"><span class='ocrx_word' id='word_1_1034' title='bbox 1207 5628 1235 5677; x_wconf 92' lang='lat' dir='ltr'><strong>ct</strong></span> <span class='ocrx_word' id='word_1_1035' title='bbox 1246 5623 1276 5677; x_wconf 90' lang='lat' dir='ltr'><strong>in</strong></span> <span class='ocrx_word' id='word_1_1036' title='bbox 1287 5624 1425 5691; x_wconf 80' lang='lat' dir='ltr'><strong>Aegypto,</strong></span> <span class='ocrx_word' id='word_1_1037' title='bbox 1441 5620 1588 5716; x_wconf 68' lang='lat' dir='ltr'><strong>Syriaque,</strong></span> <span class='ocrx_word' id='word_1_1038' title='bbox 1600 5630 1632 5667; x_wconf 89' lang='lat' dir='ltr'><strong>ac</strong></span> <span class='ocrx_word' id='word_1_1039' title='bbox 1645 5620 1707 5669; x_wconf 90' lang='lat' dir='ltr'><strong>tota</strong></span> <span class='ocrx_word' id='word_1_1040' title='bbox 1718 5616 1794 5680; x_wconf 71' lang='lat' dir='ltr'><strong>brim</strong></span> <span class='ocrx_word' id='word_1_1041' title='bbox 1815 5622 1844 5671; x_wconf 92' lang='lat' dir='ltr'><strong>et</strong></span> 
     </span>
    </p>
   </div>
   <div class='ocr_carea' id='block_1_9' title="bbox 0 0 2189 6004">
    <p class='ocr_par' dir='ltr' id='par_1_20' title="bbox 0 0 2189 6004">
     <span class='ocr_line' id='line_1_143' title="bbox 0 0 2189 6004; baseline 0 0"><span class='ocrx_word' id='word_1_1042' title='bbox 0 0 2189 6004; x_wconf 95' lang='lat' dir='ltr'><strong> </strong></span> 
     </span>
    </p>
   </div>
  </div>
 </body>
</html>
