4330 6014
579 869 629 959 C.
686 871 942 958 PLINll
1000 868 1332 960 SECUNDI

187 1052 912 1159 NATURALIS

1014 1049 1718 1157 Htsaoataa

718 1260 750 1332 1,
800 1261 819 1332 Ι
869 1259 899 1333 Β
949 1258 983 1332 la
1033 1258 1066 1330 R
1165 1257 1193 1327 L

179 1569 510 1637 C.PLINIUS
554 1566 874 1677 secudans

282 1694 580 1743 aasrssrsuo
616 1695 699 1742 suo
735 1694 762 1741 a

128 1794 238 1880 Libms
264 1827 410 1880 Naturalis
431 1829 586 1892 Historiae,
621 1827 760 1879 novitium
783 1826 931 1880 Camoeois

128 1898 272 1959 Quiritium
294 1907 404 1949 tuorum
427 1913 507 1965 opus,
533 1907 629 1951 natum
651 1896 723 1964 apud
737 1910 782 1948 nra
802 1898 932 1963 prsrslurn

127 1968 242 2027 lactura,
255 1968 400 2021 licentiore
411 1970 532 2035 epistola
544 1982 657 2019 narrare
669 1968 806 2018 constitui
816 1968 877 2029 tibi,
887 1970 930 2019 lu-

128 2038 290 2089 ruodissime
313 2040 478 2105 lorperamr:
501 2039 550 2103 (sit
571 2041 644 2091 enim
656 2035 724 2088 haec
735 2040 777 2087 tui
791 2035 930 2104 praelatio

127 2110 275 2170 serissima,
286 2107 350 2158 dam
363 2109 486 2160 maxima
498 2108 671 2161 consenescit
681 2110 708 2160 in
722 2111 823 2177 patre.)
844 2107 929 2160 Nam·

127 2191 175 2244 que
193 2187 224 2229 tu
250 2177 362 2229 solebas
373 2192 450 2230 meas
462 2193 524 2231 esse
544 2178 656 2246 aliquid
668 2186 768 2243 putare
780 2190 877 2245 nugas,
899 2183 930 2229 ut

126 2248 245 2300 obiicere
275 2247 379 2298 moliar
413 2249 554 2299 catullum
585 2256 798 2301 conterraneum
829 2262 929 2299 meunt.

126 2317 268 2385 (lgncrscis
290 2322 322 2385 et·
339 2315 392 2368 hoe
411 2324 552 2370 castrense
563 2320 702 2381 uerbum.)
732 2320 784 2371 llle
796 2317 878 2379 eninr,
899 2323 930 2367 ut

125 2386 357 2453 scis,permutatis
368 2388 509 2453 prioribus
522 2389 838 2452 Setabis,duriusealum
851 2403 882 2439 se
892 2387 930 2437 fe·

126 2458 167 2516 rit,
179 2458 312 2523 quoniam
327 2456 439 2509 colebat
459 2460 612 2510 existimari
625 2474 641 2506 a
654 2459 812 2508 veraniolis
832 2459 930 2504 suiset

118 2522 259 2585 ,Fabullis
292 2523 379 2577 Simul
392 2535 424 2575 ut
445 2525 498 2576 hac
518 2539 580 2576 mea
600 2523 758 2595 petulantia
778 2524 836 2585 liat,
857 2521 930 2587 quod

123 2596 247 2662 proxime
268 2608 323 2644 noo
345 2593 406 2645 fleri
428 2600 543 2660 questas
564 2608 594 2643 es
611 2593 640 2643 in
661 2594 719 2644 alia
738 2591 851 2658 procaci
872 2591 930 2656 epi-

123 2663 194 2715 stola
214 2670 322 2724 nostra,
344 2668 375 2713 ut
395 2662 424 2712 in
445 2660 581 2728 quaedam
604 2666 667 2712 acta
687 2668 797 2721 exeant,
828 2661 929 2710 sciant·

123 2748 171 2799 que
194 2747 307 2791 oannes,
335 2744 417 2796 quant
433 2744 469 2780 ex
480 2742 569 2794 aequo
580 2736 670 2779 tecum
685 2729 762 2779 rirat
774 2729 930 2794 imperium.

121 2799 318 2865 'l'riumphalis
334 2806 363 2849 et
375 2797 524 2849 Censorias
547 2802 586 2857 tu,
607 2796 754 2863 sexiesque
765 2795 878 2859 Consul,
900 2811 932 2846 ae

122 2870 304 2921 'tribunitiae
316 2866 464 2934 potestatis
477 2864 633 2934 particeps:
654 2873 683 2920 et
694 2867 767 2934 quod
788 2866 831 2917 his
853 2866 930 2917 nobi·

124 2937 171 2989 lius
187 2937 296 2998 iecisti,
316 2936 380 2987 dum
397 2934 466 2985 illud
479 2936 551 3001 patri
564 2937 673 3001 pariter
683 2944 711 2987 et
721 2936 843 3002 equestri
855 2933 930 2985 ordi·

125 3008 147 3059 sl
165 3013 315 3074 praestas,
338 3004 501 3057 Praefectus
522 3006 664 3071 praetorio
687 3004 760 3056 eius:
783 3003 931 3070 omniaque

124 3073 187 3129 haee
200 3074 397 3141 Reipublicae:
409 3079 438 3126 et
449 3073 529 3124 nobis
541 3073 650 3141 quidem
662 3073 753 3140 qualis
764 3073 791 3124 iu
805 3080 929 3124 castren·

125 3144 352 3198 sicontaberuiu!
365 3143 578 3210 Necquidquam
591 3144 619 3194 in
630 3150 659 3195 te
670 3144 790 3194 mutarit
800 3142 931 3194 mannae

125 3214 290 3282 antplitudo,
312 3213 366 3264 nisi
385 3221 416 3264 at
438 3212 570 3280 prodesse
591 3214 753 3265 tantundem
776 3228 880 3280 posses,
900 3216 932 3263 at

126 3285 215 3337 relies.
251 3286 350 3351 ltaque
371 3297 432 3333 cuna
456 3283 557 3335 ceteris
568 3282 596 3333 in
608 3283 816 3335 uenerationem
828 3282 869 3334 tui
881 3295 930 3348 pa·

126 3360 197 3406 trent
207 3355 308 3405 canania
319 3352 376 3412 illa,
406 3351 487 3404 nobis
497 3352 532 3403 ad
555 3352 699 3404 colendam
711 3360 740 3403 te
760 3350 931 3403 saratiliarius

125 3423 238 3475 audacia
261 3421 324 3473 sola
344 3428 483 3486 superest.
514 3422 596 3473 ilaue
613 3421 760 3490 igiturtibi
773 3420 932 3487 imputabis,

127 3494 187 3543 etio
208 3498 310 3544 nostro
330 3490 412 3556 eulpa
433 3491 486 3543 tibi
507 3489 642 3559 ignosces.
673 3489 810 3543 l'eririeui
823 3490 944 3555 facicm„

126 3568 279 3615 nontamen
290 3559 396 3627 proieci
405 3578 411 3610 ε
419 3562 558 3627 [quoniam
572 3562 626 3612 alia
636 3565 681 3611 ria
691 3561 814 3612 occurris
825 3560 935 3629 ingens,

127 3639 153 3684 et
162 3632 276 3701 longius
288 3630 373 3683 etiam
386 3631 534 3682 submoves
545 3630 649 3699 ingenii
662 3631 794 3683 fascibus.
825 3630 930 3698 Fulgor-

127 3707 168 3753 rat
188 3703 218 3753 in
231 3699 312 3753 nullo
333 3715 454 3767 anquam
475 3700 567 3751 serius
587 3701 663 3752 dicta
682 3701 724 3751 ris
746 3700 931 3768 eloquentiae,

127 3770 300 3824 Tribanitiae
323 3771 473 3837 potestatis
492 3768 632 3821 facundia.
662 3770 771 3832 Quanto
783 3777 813 3821 tu
825 3785 872 3822 ore
884 3784 932 3836 pa·

127 3841 174 3891 tris
193 3839 296 3893 laudes
317 3840 415 3891 tonas!
436 3847 538 3907 quanto
555 3838 653 3891 fratris
664 3838 893 3907 amasisqaantas
904 3838 931 3889 in

127 3910 235 3977 poetica
251 3904 314 3969 est?
336 3911 471 3977 Omagna
491 3908 665 3961 foecunditas
676 3908 776 3961 aoinri!
799 3908 930 3977 quemad·

127 3979 237 4033 niodum
251 3978 365 4043 fratrem
376 3994 485 4047 quoque
496 3978 657 4040 imitareris,
670 3979 844 4047 excogitasti.
877 3975 932 4029 Sed

128 4044 193 4102 haec
204 4052 266 4116 qais
276 4049 364 4114 possit
376 4048 532 4114 intrepidus
540 4047 930 4115 aestintare,suhiturusinge·

129 4119 167 4169 nii
176 4121 216 4171 tui
228 4118 370 4178 iudicium,
381 4118 544 4183 praesertim
557 4117 736 4170 lacessitami
754 4118 848 4184 Neque
861 4120 932 4169 enim

130 4188 231 4239 similis
244 4195 286 4239 est
297 4188 418 4239 conditio
431 4188 645 4254 publicantium,
668 4196 696 4239 et
707 4188 868 4238 tronrinatior
881 4187 933 4238 tibi

130 4255 293 4307 ditantium.
332 4259 404 4308 'l'um
427 4273 535 4324 possem
558 4258 666 4310 dicere:
698 4256 771 4317 Quid
783 4257 837 4307 ista
853 4255 941 4322 legis,L

129 4308 431 4391 ImperatoriJllumili
452 4328 496 4377 rnl
518 4343 534 4378 o
556 4329 663 4395 scripta
682 4334 763 4386 sunt,
795 4325 949 4403 agricola·¹

128 4405 204 4452 nans,
228 4392 352 4457 opiticum
372 4396 482 4458 turbae,
521 4398 619 4465 eoique
639 4397 795 4447 studiorum
818 4388 941 4461 qtiqsis:u

131 4461 197 4529 qnid
211 4469 240 4512 te
261 4462 376 4513 iudicem
392 4464 473 4516 incisi
498 4467 588 4526 Quum
600 4458 670 4515 hane
681 4478 794 4531 superam
806 4461 932 4513 condice-

64 4570 69 4581 ,
130 4521 276 4593 tem,[non
299 4547 359 4583 eras
381 4532 572 4600 manaath&
606 4534 743 4585 Maiorem
764 4543 791 4584 te
802 4532 932 4593 sciebam,

65 4590 118 4703 ‘q
132 4613 218 4719 quam¹
233 4607 264 4651 at
284 4601 478 4721 ‹leqpensurram
497 4604 550 4655 hue
562 4611 699 4685 putarem.
714 4601 882 4721 ¹Praeterlqa·
890 4607 933 4653 est

71 4726 117 4813 q,
131 4674 847 4810 alitilia..,15:³5²ztl',{'t¹l.ltttt:,faifaa,
859 4679 934 4809 ,ilis

104 4806 182 4885 ltus,
202 4817 231 4861 et
252 4810 337 4876 (quod
350 4812 492 4875 orirentur)
512 4828 563 4879 per
582 4813 748 4864 aduocatam
766 4810 933 4863 defenditur.

132 4877 187 4934 b’ec
203 4880 382 4933 doctissiruis:
404 4882 529 4936 Martium
550 4882 675 4934 Persium
688 4880 753 4932 haec
765 4882 852 4949 legere
864 4882 934 4943 nolo,

133 4947 238 5003 lenium
252 4949 375 5020 Congum
387 4954 454 5004 solo.
479 4952 559 5014 Quod
572 4953 596 5003 si
608 4951 662 5003 hoc
672 4951 807 5010 liacilius,
819 4951 864 5015 qui
878 4949 933 5017 pri·

133 5030 188 5069 naas
199 5020 327 5071 condidit
347 5020 407 5072 stili
419 5037 524 5082 nasum,
545 5021 690 5072 dicendum
701 5020 752 5071 sibi
765 5018 887 5084 putarit:
909 5019 935 5070 si

133 5087 224 5141 cicero
246 5091 438 5151 nautuandum,
459 5091 623 5157 pracsertim
636 5105 718 5157 quam
736 5090 770 5141 de
782 5087 935 5153 Republica

133 5159 280 5210 scriberet:
320 5167 404 5210 uanto
422 5175 473 5210 nos
484 5164 624 5210 causatius
635 5160 669 5210 ab
681 5160 771 5224 aliquo
782 5158 874 5209 iudice
886 5156 934 5207 dc·

133 5224 284 5278 lendinausl
300 5174 362 5279 ieet
383 5226 451 5280 hace
472 5245 524 5295 ego
536 5228 601 5279 mihi
614 5244 686 5279 :runo
701 5227 857 5294 patrocinia
868 5225 933 5276 ade·

132 5296 168 5345 rai
180 5297 398 5364 nuncupatione:
408 5299 538 5364 quoniam
546 5299 691 5365 plurimum
702 5295 935 5358 relerosortiatut·

132 5365 230 5433 aliquis
240 5365 371 5427 iudicem,
383 5382 419 5416 an
429 5367 528 5434 eligat:
551 5369 720 5433 multumque
731 5372 881 5432 apparatus
892 5366 933 5416 in·

32 5456 33 5469 ι
131 5438 216 5486 teresi
226 5435 301 5501 apud
320 5434 468 5487 inritatum
481 5437 627 5502 hospitem,
644 5444 672 5488 et
682 5436 814 5488 oblatum.
843 5434 933 5496 Quum

131 5507 201 5570 apud
222 5505 459 5563 Catonenr,illum
480 5508 600 5558 anthitau
621 5505 738 5566 hostem,
766 5512 797 5557 et
816 5502 935 5570 repulsis

131 5578 262 5640 tanquam
283 5573 437 5626 honoribus
453 5575 574 5643 indeptis
583 5574 765 5645 gaudentem,
785 5571 934 5640 flagranti-

163 5642 262 5697 l’osn.
281 5643 379 5697 iiras.
398 5643 530 5699 Nerua.

982 1557 1034 1608 bus
1055 1555 1177 1607 comitiis
1195 1555 1327 1623 pecunias
1344 1552 1675 1622 deponerentcandidotl,
1694 1551 1747 1607 hoe
1758 1569 1788 1609 se

982 1625 1075 1679 iacere
1097 1640 1147 1692 pro
1169 1626 1328 1678 innocentia
1344 1625 1430 1694 (quod
1444 1626 1470 1675 iu
1483 1626 1566 1676 rebus
1577 1622 1702 1676 bassianis
1713 1638 1788 1677 sum·

982 1711 1055 1746 nram
1079 1700 1165 1757 esset)
1177 1698 1387 1762 prolitebantur.
1412 1694 1477 1746 lade
1489 1694 1538 1745 illa
1550 1694 1650 1746 nobilis
1660 1693 1699 1745 Μ.
1712 1695 1789 1747 cice-

981 1769 1059 1816 ronis
1070 1766 1235 1831 suspiratio:
1267 1766 1330 1817 Oto
1342 1764 1461 1825 felicem,
1473 1764 1511 1814 nt.
1525 1762 1615 1825 l'orri,
1637 1776 1718 1830 aquo
1730 1776 1789 1816 rena

982 1834 1137 1901 improbam
1146 1842 1241 1901 petere
1253 1850 1335 1886 nenio
1343 1833 1440 1886 audet!
1452 1833 1686 1894 Quuanribunos
1698 1832 1790 1900 appel·

982 1905 1054 1956 laret
1067 1905 1099 1955 ¹1·
1112 1905 1206 1972 Scipio
1217 1905 1365 1966 Asiaticus,
1387 1906 1461 1955 inter
1483 1918 1552 1969 quos
1563 1909 1624 1954 erat
1635 1902 1790 1953 Gracchus:
1834 1918 1836 1921 ·
1919 1924 1924 1933 ¹

983 1973 1036 2026 hoc
1047 1976 1244 2037 attestabatur,
1255 1974 1298 2026 rel
1313 1974 1426 2025 inimico
1438 1973 1525 2024 iudici
1536 1986 1566 2023 se
1576 1971 1688 2038 probari
1700 1986 1791 2037 posse.

983 2043 1060 2096 Adeo
1082 2058 1219 2095 santorum
1242 2047 1358 2110 quisque
1380 2056 1481 2095 causae
1503 2056 1571 2093 suae
1590 2040 1791 2092 iudicemlacit

983 2128 1181 2181 quemcunque,
1203 2126 1286 2181 quum
1300 2112 1390 2179 eligit,
1404 2112 1477 2163 unde
1488 2109 1651 2177 provocatio
1664 2110 1789 2177 appella·

982 2190 1037 2235 tar.
1065 2184 1107 2235 'l'e
1118 2182 1239 2251 quidem,
1250 2182 1278 2232 in
1300 2181 1492 2233 excelsissimo
1504 2179 1616 2232 humani
1626 2182 1737 2248 generis
1748 2179 1789 2234 la·

982 2253 1067 2320 stigio
1078 2254 1207 2317 positum,
1225 2265 1332 2302 summa
1342 2249 1514 2317 eloquentia,
1536 2265 1644 2302 sanante
1654 2248 1788 2303 eruditio·

982 2338 1016 2374 oe
1039 2320 1206 2385 praeditum,
1226 2320 1357 2386 religiose
1378 2320 1452 2370 adiri
1474 2320 1558 2371 etiam
1571 2336 1588 2371 a
1605 2319 1790 2371 salutantibus

982 2391 1050 2440 seio.
1070 2388 1108 2438 Ει
1119 2390 1183 2440 ideo
1194 2388 1268 2439 subit
1280 2403 1354 2450 eura,
1365 2397 1406 2449 ut,
1416 2403 1486 2454 quae
1498 2388 1550 2440 tibi
1561 2388 1700 2451 dicantur,
1711 2396 1740 2442 te
1751 2388 1792 2439 di·

981 2473 1036 2526 goa
1047 2458 1113 2508 sint.
1136 2460 1239 2511 ilerum
1251 2464 1279 2509 et
1291 2457 1343 2509 diis
1356 2458 1429 2510 lacte
1441 2458 1536 2519 rustici
1551 2459 1711 2526 multaeque
1723 2472 1790 2524 gea·

982 2536 1026 2593 tes
1042 2527 1210 2595 supplicant,
1223 2533 1251 2580 et
1262 2528 1337 2579 arola
1347 2533 1455 2578 tanturn
1467 2528 1543 2579 salsa
1554 2527 1646 2590 litant,
1658 2528 1724 2596 qaia
1735 2541 1791 2577 non

984 2596 1088 2647 habeat
1101 2597 1197 2648 thara:
1218 2612 1270 2647 nee
1280 2596 1330 2647 ulli
1347 2595 1402 2647 fait
1413 2597 1483 2646 ritio
1496 2596 1564 2647 deos
1575 2596 1668 2647 colere
1682 2610 1735 2662 quo
1754 2608 1791 2645 ao

983 2665 1066 2714 modo
1079 2674 1183 2730 posset.
1216 2664 1299 2716 Meae
1317 2664 1427 2731 quidem
1441 2667 1592 2716 tenteritati
1610 2611 1792 2715 arcessitime

983 2748 1102 2799 quoque,
1114 2733 1190 2800 qaod
1203 2733 1317 2784 leuioris
1330 2748 1432 2797 operae
1444 2732 1495 2782 laos
1510 2734 1559 2782 tibi
1572 2731 1697 2782 dedicari
1712 2730 1790 2781 libel·

982 2802 1034 2853 los.
1069 2801 1139 2853 Nam
1163 2817 1214 2853 nec
1232 2801 1338 2867 ingenii
1354 2808 1420 2851 sunt
1435 2812 1560 2866 capaces,
1582 2799 1655 2866 quod
1667 2798 1791 2865 alioquin

983 2868 1063 2922 nobis
1075 2885 1207 2937 perquam
1220 2870 1360 2922 mediocre
1372 2876 1446 2921 erat:
1470 2884 1520 2920 nec
1532 2866 1686 2920 adnrlttunt
1696 2882 1791 2920 esces·

982 2956 1031 2990 sus
1041 2948 1091 2991 aut
1103 2941 1253 3001 orationes,
1269 2953 1458 3000 sermonesve,
1478 2942 1527 2990 ant
1548 2953 1629 2990 casus
1640 2937 1791 2998 mirabiles,

982 3008 1026 3059 rel
1047 3016 1163 3060 euentus
1186 3009 1294 3071 uarios,
1317 3024 1371 3059 non
1383 3008 1441 3059 alia
1451 3008 1572 3060 iucunda
1583 3006 1667 3070 dictu,
1681 3014 1738 3059 -aut
1748 3006 1790 3060 le·

983 3077 1114 3145 gentibus
1125 3077 1239 3138 blanda,
1251 3077 1349 3129 sterili
1356 3077 1482 3129 oratoria.
1502 3078 1604 3129 lterum
1616 3084 1725 3139 natura,
1737 3075 1791 3131 hoc

983 3155 1034 3209 est,
1046 3148 1106 3198 rita
1118 3156 1256 3208 narratur,
1266 3155 1307 3198 .et
1320 3145 1388 3197 haee
1398 3147 1593 3198 sordidissima
1604 3146 1647 3199 sal
1659 3152 1747 3214 parte,
1759 3150 1792 3198 ιιι
1832 3156 1848 3211 ,,’
1915 3196 1924 3217 ,

983 3216 1165 3283 pluriorarunr
1189 3231 1280 3267 rerum
1301 3223 1349 3267 aut
1361 3216 1473 3266 rusticis
1485 3216 1627 3268 uocabulis
1639 3224 1687 3269 aut
1698 3222 1788 3267 exter·
1839 3210 1892 3239 “⁴⁹

983 3285 1033 3347 tris,
1055 3289 1140 3338 irunm
1153 3282 1290 3346 barbaris,
1311 3285 1394 3337 etiam
1408 3301 1468 3336 cum
1483 3283 1597 3337 honsrris
1618 3285 1791 3353 praelatione

983 3357 1126 3422 ponendis.
1152 3354 1304 3407 Praeterea
1324 3356 1378 3404 iter
1398 3362 1441 3405 est
1462 3368 1517 3405 noo
1539 3354 1610 3407 trita
1629 3354 1791 3406 auctoribus

985 3428 1120 3497 ria,'oee
1140 3441 1196 3493 qua
1217 3422 1390 3493 peregrinari
1411 3422 1519 3473 aniuurs
1539 3428 1660 3491 expetat.
1700 3422 1790 3474 Nonio
1885 3446 1890 3455 ·
1970 3418 1977 3429 '

983 3494 1056 3560 apud
1068 3510 1128 3559 nos,
1151 3496 1198 3562 qui
1210 3495 1281 3546 idem
1296 3490 1459 3553 tentaverit:
1476 3507 1556 3542 neom
1574 3490 1645 3558 apud
1658 3491 1793 3555 Graecus,

983 3565 1031 3631 qai
1040 3567 1210 3616 unusomnia
1218 3563 1432 3616 estractaserit.
1443 3559 1547 3629 Magoa
1559 3575 1622 3627 pars
1634 3560 1791 3615 studiorum

984 3636 1170 3686 anroenitatcs
1182 3633 1349 3700 quaerimus.
1374 3632 1529 3693 Quaerere
1545 3637 1668 3682 tractata
1679 3630 1713 3681 ab
1727 3630 1790 3682 aliis

984 3702 1114 3755 dicuntur
1124 3705 1275 3755 immensae
1287 3700 1461 3763 subtilitatis,
1471 3699 1597 3751 obscuris
1609 3715 1700 3752 rerum
1712 3708 1790 3751 tene·

985 3773 1044 3825 bris
1056 3780 1227 3840 promuntur.
1258 3766 1314 3824 lt'anr
1327 3771 1421 3823 omnia
1433 3768 1605 3838 attingenda,
1623 3786 1695 3837 quae
1706 3770 1791 3821 Grae·

984 3844 1009 3893 ci
1030 3841 1433 3907 τὰςιγῃιικλοπαιδιήιςιόιιιιιις
1453 3846 1481 3892 et
1502 3848 1595 3892 tanton
1606 3839 1719 3907 ignota,
1740 3846 1791 3889 aut

985 3913 1092 3962 incerta
1103 3912 1221 3979 ingeniis
1233 3911 1315 3963 facto.
1344 3911 1408 3963 alia
1418 3925 1484 3961 vero
1504 3910 1546 3962 ita
1562 3910 1659 3961 multia
1671 3908 1791 3976 prodita,

986 3989 1017 4032 ut
1029 3981 1054 4031 in
1068 3979 1210 4032 fastidium
1221 3982 1278 4033 sint
1291 3980 1422 4032 adducta.
1443 3979 1498 4031 Res
1510 3978 1605 4040 ardua,
1615 3978 1732 4031 cetastis
1743 3993 1792 4026 no·
1831 3990 1855 4013 ι·
1874 3978 1896 3997 ”

986 4051 1101 4102 ritatem
1112 4051 1188 4113 dare,
1202 4051 1281 4103 noris
1292 4042 1498 4111 auctoritatem,
1510 4046 1646 4101 obsoletis
1658 4049 1792 4105 nitorem,

985 4120 1110 4171 obscuris
1135 4120 1239 4182 lacem,
1267 4119 1401 4172 fastiditis
1421 4122 1556 4186 gratiam,
1586 4116 1679 4167 dubiis
1701 4112 1791 4173 iidem,

983 4189 1113 4241 ouantibus
1125 4203 1192 4242 tero
1204 4197 1340 4252 naturam,
1354 4198 1382 4242 et
1393 4196 1510 4239 naturae
1520 4201 1589 4235 suae
1599 4182 1700 4234 narnia.
1733 4181 1789 4230 lta·

986 4274 1038 4325 que
1049 4258 1135 4311 etiarn
1147 4276 1200 4310 non
1214 4260 1359 4316 assecutis,
1375 4257 1507 4314 relisisse,
1523 4251 1633 4302 abunde
1645 4245 1789 4316 pulchrum

984 4336 1067 4394 atque
1079 4329 1312 4396 ntagniiieumest.
1326 4318 1611 4389 liquidemitasentio,
1620 4318 1790 4385 peculiarem

986 4395 1012 4446 in
1024 4398 1126 4449 studiis
1138 4412 1250 4448 causam
1263 4408 1356 4446 eorum
1370 4405 1445 4450 esse,
1466 4389 1512 4456 qui
1525 4389 1736 4441 difficultatibus
1747 4390 1789 4441 ri·

985 4466 1053 4528 ctis,
1072 4466 1226 4516 utilitatem
1238 4462 1348 4513 iurandi
1361 4460 1551 4526 praetulerant
1561 4461 1670 4528 gratiae
1681 4462 1790 4529 placen·

985 4535 1027 4586 di:
1052 4534 1133 4599 idque
1146 4535 1200 4584 iam
1213 4539 1241 4583 et
1252 4532 1280 4581 in
1292 4531 1356 4582 aliis
1369 4530 1499 4596 operibus
1511 4530 1569 4597 ipse
1584 4530 1652 4585 ieci:
1670 4538 1698 4583 et
1709 4531 1789 4597 proli·

986 4610 1049 4655 teor
1060 4603 1154 4651 ntirari
1167 4616 1211 4652 me
1222 4603 1255 4652 Ἰ“.
1269 4601 1394 4661 Liuium,
1415 4608 1557 4653 auctorem
1570 4603 1789 4661 celeberrimum,

985 4672 1013 4724 in
1035 4670 1213 4722 historiarum
1225 4686 1351 4732 suarum,
1372 4685 1440 4737 quas
1457 4672 1562 4737 repetit
1572 4672 1607 4722 ab
1619 4672 1728 4737 origine
1740 4670 1789 4719 Ur·

986 4744 1045 4803 bis,
1066 4739 1188 4807 quodam
1212 4742 1350 4793 volumine
1371 4741 1412 4791 sic
1432 4755 1539 4791 orsanr:
1559 4736 1649 4797 [Satis
1670 4742 1724 4791 ianr
1737 4738 1790 4788 sihi

986 4810 1093 4879 gloriae
1104 4813 1273 4877 quaesitum3
1285 4818 1314 4863 et
1325 4809 1484 4877 potuissese
1498 4802 1668 4869 desinerem
1682 4810 1789 4859 animus
1856 4834 1862 4841 -
1923 4848 1929 4869 ,
1954 4824 1961 4837 ·

985 4884 1093 4949 inquies
1105 4888 1264 4947 pasceretur
1274 4896 1367 4948 opere.
1390 4877 1520 4930 Proiecto
1531 4879 1603 4929 enim
1615 4876 1709 4944 populi
1723 4892 1789 4944 geo·
1850 4922 1857 4935 ,
1870 4890 1875 4897 ·

987 4954 1054 5004 tium
1072 4951 1188 5001 rictoris
1204 4961 1232 5002 et
1244 4949 1361 5001 Rsrnsani
1375 4948 1495 4998 nononis
1506 4947 1624 5015 gloriae,
1646 4962 1701 4996 ntro
1712 4961 1789 5005 suae,

986 5021 1176 5086 consposuisse
1187 5021 1237 5071 illa
1248 5019 1350 5070 decuit.
1371 5017 1465 5068 blasius
1475 5017 1604 5068 oreritum
1616 5023 1701 5078 esset,
1725 5030 1788 5081 ope·

986 5091 1024 5143 ris
1035 5104 1140 5151 artiore,
1156 5105 1209 5141 non
1222 5090 1308 5140 aniani
1318 5101 1402 5139 causa
1414 5101 1619 5152 persererasse:
1640 5092 1668 5135 et
1679 5084 1732 5135 hoe
1743 5098 1789 5151 po·

986 5158 1049 5224 pulo
1060 5158 1187 5209 Romano
1197 5160 1382 5227 praestitisse,
1393 5172 1448 5207 nou
1459 5152 1520 5208 sibi.
1532 5155 1639 5221 Viginti
1651 5154 1789 5205 milliare·

986 5241 1055 5289 rara,
1066 5227 1210 5295 dignarum
1223 5244 1297 5289 cura,
1309 5227 1460 5295 (quoniam,
1471 5226 1553 5276 afait
1564 5225 1704 5276 Donritius
1715 5222 1789 5283 l'iso,

987 5292 1132 5348 thesauros
1142 5304 1255 5365 oportet
1265 5312 1337 5359 esse,
1355 5311 1409 5346 noo
1419 5296 1520 5358 libros)
1530 5310 1563 5347 ex
1577 5294 1698 5346 lectione
1710 5290 1788 5341 rolu-

986 5364 1089 5417 minum
1102 5367 1214 5418 circiter
1223 5366 1306 5417 duam
1319 5365 1446 5428 millium,
1468 5380 1584 5433 quorum
1595 5377 1682 5430 pauca
1692 5359 1788 5437 aalma·

988 5435 1052 5488 duat
1065 5435 1183 5487 studiosi
1201 5440 1352 5503 attingunt,
1374 5441 1489 5501 propter
1499 5440 1634 5487 secretum
1648 5435 1789 5507 materiae,

987 5520 1022 5557 ex
1032 5505 1179 5572 exquisitis
1190 5505 1352 5557 auctoribus
1364 5513 1486 5565 centum,
1508 5501 1669 5555 inclusimus
1691 5500 1790 5561 trigia-

987 5580 1078 5630 tasas
1086 5576 1282 5638 voluminibus,
1294 5574 1413 5693 adieqtis
1423 5574 1506 5626 rebus
1517 5566 1652 5637 plurimis,
1663 5570 1792 5631 quassat
