4330 6014
143 1541 239 1606 Libro
253 1538 293 1607 ΙΙ.
313 1546 549 1611 contineturde
561 1547 678 1610 Mundo
690 1545 920 1611 etElenenm.
988 1562 1046 1614 Lu.

133 1696 152 1747 1.

132 1763 161 1816 u.

131 1832 171 1884 lll.

130 1901 170 1956 lV.

130 1970 160 2024 V.

129 2040 170 2091 11.

130 2108 184 2161 Vll.

131 2177 195 2232 Vlil.

128 2248 171 2301 lX.

127 2387 158 2439 X.

127 2455 171 2509 Xi.

126 2523 183 2579 xu.

126 2593 196 2648 XlU.

124 2730 197 2786 XIV.

124 2800 185 2855 XV.

124 2870 200 2922 XVl.

125 2939 212 2991 XVll.

127 3007 225 3060 svin.

127 3077 200 3130 XIX.

127 3144 186 3199 XX.

128 3213 196 3267 xxi.
270 3210 277 3225 '

129 3283 214 3337 XXlL

130 3352 225 3406 XXlll.

130 3421 229 3476 XXlV.

131 3489 215 3543 XXV.

132 3626 230 3682 XXVI.

131 3696 243 3750 xxvu.

555 865 605 947 C.
663 864 955 963 PLINII
1012 860 1377 949 SECUNDI

234 1039 1152 1147 fllsroarnabm
1288 1044 1685 1145 MUNDI

739 1246 1187 1325 aramenus

296 1664 354 1745 Aa
364 1695 459 1747 linitus
471 1695 598 1760 mundus,
610 1702 639 1750 et
650 1711 686 1748 an
696 1712 774 1751 unus.

297 1764 341 1816 lle
351 1763 444 1818 forma
455 1766 525 1818 eius.

301 1833 344 1885 De
356 1841 442 1885 sirotu.
462 1837 517 1886 Cur
526 1835 644 1886 mundus
655 1835 771 1888 dicatur.

300 1903 344 1955 De
356 1903 513 1968 elementis,
525 1911 554 1957 et
564 1905 695 1973 planetis.

299 1972 342 2026 De
354 1972 425 2025 lico.

299 2042 343 2095 Dc
355 2043 476 2095 siderum
487 2051 597 2096 natura.
614 2041 659 2095 De
664 2044 839 2110 planetarum
851 2051 934 2097 nictu.

297 2111 341 2163 De
354 2112 449 2164 Lunae
461 2122 489 2165 ct
501 2114 575 2167 Solis
586 2112 753 2167 defectibus.

302 2180 346 2234 De
357 2183 549 2250 magnitudine
560 2183 691 2235 siderum.

299 2250 377 2371 Qtpae
390 2252 451 2318 quis
460 2253 597 2307 iurauerit
611 2255 640 2304 in
657 2253 853 2307 observatione
869 2268 933 2306 cae·

346 2322 409 2372 esti.

298 2388 934 2451 QuandooccurrantSolisetLunuedefectus.

298 2457 342 2510 De
354 2460 451 2512 Lunae
462 2469 549 2513 motu.

298 2527 464 2580 Errantium
475 2538 577 2594 motus,
588 2536 616 2582 et
626 2531 761 2582 luminum
773 2531 917 2582 canonica.

299 2595 392 2658 Quare
408 2598 507 2651 eadem
524 2600 637 2661 altiora,
660 2600 729 2650 allas
745 2602 879 2666 propiora
892 2600 934 2649 ri·

271 2706 275 2720 .
336 2665 465 2716 deantur.

303 2732 359 2783 Cur
369 2740 463 2782 nnotus
472 2732 623 2787 dissimiles
635 2734 732 2786 eadem
743 2734 873 2788 habeant.

303 2800 451 2871 Catholica
462 2801 593 2854 sidorum.

304 2869 382 2930 Quae
393 2869 465 2922 ratio
478 2872 585 2923 colores
597 2886 692 2923 eorum
704 2876 802 2924 mutet.

306 2936 917 3006 Solismotuaetdieruminaequalitatisrutio.

301 3005 394 3066 Quare
404 3006 523 3058 fulmina
533 3009 594 3059 lovi
604 3008 791 3077 assignentur.

299 3075 592 3128 intervallasiderum.

301 3144 345 3195 De
356 3144 503 3206 sideribus,
514 3147 632 3219 Musica.

300 3214 344 3265 De
356 3214 467 3273 arundo,
479 3214 664 3267 Geometrica.

300 3281 344 3333 De
354 3284 506 3349 repentinis
518 3285 667 3345 sideribus,
678 3299 727 3337 seu
739 3286 871 3338 cometis.

297 3351 413 3412 Natura,
425 3354 540 3415 stritus,
553 3360 581 3405 et
591 3369 695 3421 genera
705 3369 810 3408 eorum.

297 3420 485 3488 Hipparchea,
497 3422 531 3472 dc
541 3423 687 3474 sideribus.

296 3489 339 3542 lle
350 3490 517 3541 caelestibus
529 3492 669 3559 prodigiis,
690 3506 741 3558 per
755 3491 883 3559 exempla
894 3491 935 3544 hi·

339 3560 452 3611 storica.
471 3559 566 3622 Faces,
576 3560 727 3626 lampades,
739 3561 857 3614 bolides.

298 3628 406 3679 Trabes
419 3628 564 3691 caelestes,
578 3628 689 3681 chasma
701 3629 779 3681 caeli.

297 3696 341 3749 De
353 3697 424 3749 caeli
437 3698 587 3759 coloribus,
599 3706 627 3749 et
638 3697 749 3751 flamma
760 3698 885 3752 caelesti.

131 3764 260 3821 XXVlll.
296 3765 339 3817 Dc
351 3766 463 3817 coronis
474 3765 649 3819 caelestibus.

131 3834 231 3888 xxix.

131 3903 217 3956 XXX

132 3972 232 4025 XXXi.

132 4041 245 4094 XXXll.

296 3835 339 3886 De
350 3835 462 3885 circulis
475 3836 635 3901 repentinis.

296 3902 371 3955 Solis
383 3904 509 3956 delectus
521 3904 671 3975 longiores.

296 3971 394 4024 Plures
406 3972 496 4025 Soles.

296 4040 394 4093 Plures
406 4042 512 4094 Lunae.

132 4111 259 4165 XXXill.
295 4110 409 4163 Iliorum
422 4111 469 4164 lux
482 4113 618 4166 noctibus.

133 4180 259 4232 XXXlV.
300 4179 399 4248 clypei
409 4182 546 4234 ardentes.
617 4180 631 4198 ‘

133 4247 251 4299 XXXV.

299 4252 446 4302 Ostentum
458 4252 529 4303 caeli
540 4251 626 4304 semel
636 4255 771 4304 notatum.

133 4316 263 4367 xxxii.
297 4318 341 4370 De
352 4320 478 4372 discursu
489 4322 644 4373 stellarum.

132 4383 275 4436 xxxvii.
300 4385 344 4438 De
356 4388 937 4457 stellis,quaeinterrismariqueexsistunt.

133 4451 289 4507 XXXVlll.
302 4454 346 4506 De
358 4461 427 4510 aire.

134 4522 261 4577 XXXIX.
299 4527 342 4577 Ue
353 4528 436 4578 statis
447 4528 668 4593 tempestatibus.

134 4590 193 4645 XL

134 4661 204 4716 xm.

135 4730 217 4784 XLil.

136 4868 230 4923 xiiii.

32 4936 33 4949 ¹
136 4940 233 4994 XLlV.

137 5007 220 5063 XLV.

136 5077 231 5131 XLVI.

136 5145 245 5201 XLVll.

134 5283 234 5343 XLIX.

134 5353 164 5406 1.

133 5490 178 5545 Li.

298 4595 343 4647 De
354 4597 501 4649 Caniculae
514 4603 586 4647 ortu.

298 4663 349 4716 Vis
360 4674 516 4733 temporum
528 4666 592 4717 anni
603 4671 686 4717 stuta.

299 4734 343 4787 De
356 4736 475 4788 incertis
486 4736 699 4801 tempestatibus
709 4741 738 4787 et
749 4732 899 4795 imbribus,
909 4739 937 4785 et

341 4819 428 4870 quare
441 4803 577 4870 lapidibus
589 4805 674 4872 pluat.

300 4871 344 4925 De
355 4874 509 4925 tonitribus
521 4881 549 4926 et
560 4873 698 4942 fulgetris.

297 4942 454 4995 Ventorum
467 4943 555 5011 origo.

300 5011 458 5064 Ventorum
470 5011 680 5066 observationes
691 5012 825 5064 diversae.

301 5079 457 5135 Ventorum
469 5097 581 5151 genera.

304 5146 454 5205 Ventorum
466 5162 597 5218 tempora.

135 5214 259 5272 XLVUl.
299 5220 423 5274 Naturae
435 5229 590 5274 ventorum.

296 5290 456 5358 Ecnephiss
467 5296 495 5343 et
505 5288 635 5357 Typhon.

298 5358 447 5422 Turbines,
459 5364 608 5427 prestares,
618 5357 748 5420 vortices,
765 5363 794 5411 et
805 5355 864 5410 alis
872 5369 937 5424 pro·

342 5429 453 5497 digioss
462 5443 567 5497 genera
578 5433 783 5495 tempestatum.

297 5496 341 5550 De
352 5498 526 5550 fulminibus:
549 5498 650 5565 quibus
670 5498 700 5549 in
721 5496 807 5550 terris
823 5509 937 5550 nonca-

342 5567 418 5631 dant,
429 5575 459 5621 et
468 5581 560 5636 quare.

1156 1563 1267 1615 Genera
1276 1559 1427 1627 fulgurum,
1439 1566 1467 1613 et
1478 1559 1623 1613 miracula.

1155 1634 1275 1684 Etrusca
1286 1631 1445 1682 observatio
1457 1631 1486 1681 in
1498 1629 1549 1693 his,
1560 1637 1589 1683 et
1600 1631 1733 1683 Romana.

1154 1702 1197 1749 De
1210 1699 1372 1747 fulminibus
1384 1700 1540 1750 evocandis.

1155 1765 1301 1819 Catholica
1312 1763 1463 1833 fulgurum.

1156 1837 1236 1898 Quae
1248 1850 1386 1903 nunquam
1400 1838 1546 1889 feriantur.

1154 1906 1243 1957 Lacte
1256 1905 1369 1970 pluisse,
1389 1910 1532 1972 sanguine,
1548 1920 1640 1970 carne,
1656 1905 1741 1971 ferro,
1751 1907 1794 1959 la·

1197 1990 1242 2037 ns,
1256 1975 1391 2025 lateribus
1402 1977 1498 2027 coctis.

1153 2046 1300 2097 Armorum
1312 2044 1458 2110 crepitum,
1479 2051 1507 2098 et
1527 2044 1611 2097 tubae
1626 2045 1749 2099 sonitum
1760 2045 1795 2100 ds

1195 2113 1277 2167 caelu
1290 2114 1425 2166 auditum.

1154 2184 1198 2236 De
1208 2183 1349 2250 lapidibus
1360 2183 1438 2237 caelo
1450 2184 1621 2239 cadentibus.
1647 2185 1794 2253 Anaxago·

1196 2253 1290 2305 rende
1302 2252 1353 2303 his.

1150 2324 1238 2375 Arcus
1250 2322 1388 2373 caelestis.

1151 2393 1262 2445 Natura
1273 2391 1427 2458 grandinis,
1437 2392 1518 2457 nivis,
1528 2391 1655 2460 pruinae,
1666 2389 1794 2457 nebulas,

1196 2462 1278 2522 roris,
1290 2462 1412 2512 nubium.

1152 2530 1346 2596 Proprietates
1357 2530 1430 2581 caeli
1442 2531 1470 2581 in
1481 2530 1560 2583 lucis.

1157 2599 1267 2651 Natura
1277 2606 1379 2650 terrae.

1155 2667 1198 2718 De
1210 2666 1300 2717 forma
1311 2666 1380 2717 eius.

1156 2736 1197 2785 An
1208 2735 1264 2784 sint
1274 2731 1436 2799 Autipedes.
1548 2783 1553 2795 ,

1158 2801 1304 2865 Quomodo
1316 2817 1388 2868 aqua
1401 2808 1493 2853 terrae
1503 2801 1611 2853 innexa.

1158 2873 1199 2922 An
1211 2870 1397 2921 circumdatus
1409 2877 1502 2922 terras
1512 2870 1645 2921 Oceanus.

989 1632 1061 1685 Llll.

988 1701 1059 1751 LlV.

988 1767 1048 1820 LV.

989 1838 1061 1890 LVl.

989 1905 1074 1958 LVll.

990 2044 1088 2098 LVlll.

988 2184 1061 2238 LlX.

988 2324 1048 2376 LX.

988 2394 1061 2445 LXl.

989 2531 1076 2583 LXll.

989 2601 1090 2651 LXlll.

989 2667 1085 2719 LXlV.

989 2735 1075 2788 LXV.

989 2804 1089 2856 LXVl.

990 2872 1104 2925 LXVll.

989 2940 1116 2993 LXVlll.

989 3010 1090 3063 LXlX.

990 3079 1075 3131 LXX.
1153 3077 1197 3129 De
1208 3077 1372 3143 obliquitate
1382 3077 1530 3127 zonarum.

989 3148 1089 3200 LXXl.
1153 3145 1198 3197 De
1209 3146 1411 3211 inaequalitate
1423 3147 1576 3197 climatum.

990 3217 1103 3270 LXXll.
1155 3215 1208 3266 Ubi
1219 3214 1335 3280 eclipses
1347 3229 1402 3265 non
1415 3219 1576 3281 appareant,
1588 3220 1617 3265 et
1627 3222 1721 3281 quare.

990 3286 1116 3337 LXXlll.
1155 3286 1234 3348 Quae
1244 3285 1316 3334 ratio
1329 3284 1445 3335 diurnae
1457 3284 1525 3334 lutis
1534 3283 1563 3332 in
1575 3286 1666 3335 terris.

990 3354 1117 3408 LXXlV.
1155 3352 1296 3405 Canonica
1307 3351 1341 3404 de
1352 3351 1500 3402 eademne.

991 3423 1102 3475 LXXV.
1157 3423 1220 3484 Ubi,
1232 3430 1261 3473 et
1273 3419 1383 3487 quando
1395 3418 1489 3471 nullae
1500 3419 1624 3470 umbrae.

991 3490 1122 3544 LXXVI.
1156 3492 1211 3542 Ubi
1221 3490 1263 3541 bis
1273 3504 1364 3540 anno:
1388 3488 1435 3540 ubi
1450 3490 1479 3539 in
1498 3490 1667 3541 contrarium
1680 3491 1795 3544 umbras

1197 3559 1332 3610 ferantur.

1158 2940 1237 3002 Quae
1248 2940 1340 3006 portio
1353 2945 1446 2992 terrae
1458 2938 1608 2991 habitetur.

1154 3010 1279 3061 Mediam
1292 3024 1352 3060 esse
1363 3008 1459 3059 mundi
1468 3014 1581 3060 terram.

990 3629 1130 3681 LXXVll.
1174 3628 1225 3679 Ubi
1236 3625 1391 3696 longissimi
1404 3626 1472 3690 dies,
1482 3626 1530 3679 uhi
1540 3626 1704 3679 brevissimi.

990 3698 1142 3750 LXXVlll.
1173 3696 1215 3748 Uo
1226 3697 1316 3762 primo
1329 3696 1485 3764 horologio.

990 3768 1116 3819 LXXlX.
1175 3766 1324 3829 Quomodo
1337 3767 1517 3818 observentur
1528 3764 1598 3817 dies.

990 3837 1103 3889 LXXX.
1172 3834 1340 3887 Differentia
1351 3834 1477 3903 gentium
1487 3833 1524 3886 ad
1535 3834 1672 3887 rationem
1691 3835 1794 3887 mundi.

991 3906 1118 3959 LXXXl.
1170 3904 1213 3956 De
1224 3914 1317 3956 terrae
1328 3903 1459 3955 motibus.

990 3974 1131 4026 Lxxxil.
1170 3974 1213 4025 De
1224 3981 1318 4025 terrae
1329 3973 1461 4025 hiatibus.

990 4044 1143 4095 LXXXUl.
1170 4042 1256 4110 Signa
1266 4040 1463 4094 motusiuturi.

989 4110 1142 4164 LXXXlV.
1171 4113 1285 4164 Auxilia
1295 4118 1393 4164 contra
1405 4117 1498 4163 motus
1509 4110 1629 4163 loturos.

990 4180 1129 4234 LXXXV.
1172 4180 1307 4234 Portenta
1317 4188 1454 4234 terrarum
1465 4180 1553 4231 semel
1563 4178 1675 4228 tradita

990 4252 1142 4303 LXXXVI.
1179 4252 1318 4303 Miracula
1330 4254 1538 4301 terraemotus.

990 4318 1157 4371 uxxxvu.
1181 4320 1290 4381 Quibus
1301 4319 1373 4386 locis
1383 4315 1473 4366 maria
1483 4314 1657 4365 recesserint.

989 4387 1167 4439 LXXXVlll.
1179 4387 1333 4438 insularum
1345 4382 1532 4436 enascentium
1544 4382 1627 4436 ratio.

989 4456 1143 4508 LXXXlX
1179 4456 1258 4517 Quos
1271 4461 1299 4505 et
1310 4452 1409 4518 quibus
1418 4452 1592 4519 temporibus
1602 4461 1702 4509 enatae
1712 4456 1776 4509 sint.

991 4595 1061 4645 XCI.

991 4664 1075 4716 XCll.

991 4734 1089 4784 Xclll.

990 4801 1088 4855 XUlV.

991 4870 1074 4924 XCV.

990 4941 1088 4994 xcvi.

992 5077 1100 5131 xcvii.

991 5148 1112 5201 xcviii.

990 5216 1088 5271 xcix

1181 4525 1256 4586 Quas
1267 4528 1357 4573 terras
1367 4521 1673 4588 interruperintmaria

1183 4591 1261 4652 Quae
1273 4589 1380 4643 insulae
1399 4592 1552 4645 continenti
1570 4594 1720 4649 adiunctae
1730 4596 1795 4648 sint.

1180 4661 1261 4724 Quae
1279 4666 1371 4713 terrae
1385 4663 1413 4712 in
1428 4667 1519 4713 totum
1529 4664 1601 4714 mari
1611 4672 1795 4731 permutatae.

1180 4731 1259 4794 Quae
1270 4737 1361 4783 terras
1371 4730 1450 4797 ipsae
1461 4746 1492 4784 se
1501 4733 1680 4786 sorbuerunt.

1180 4802 1268 4853 Urbes
1281 4800 1397 4853 haustas
1407 4801 1486 4869 mari.

1181 4870 1224 4924 De
1235 4870 1384 4937 spiraculis
1395 4876 1543 4922 terrarum.

1181 4939 1225 4992 De
1236 4941 1319 4993 terris
1328 4953 1440 5005 semper
1450 4938 1648 4991 trementibus:
1661 4947 1692 4992 et
1702 4939 1736 4993 de
1746 4938 1795 4992 llu-

1198 5010 1356 5061 ctuantibus
1369 5008 1475 5061 insulis.

1182 5076 1290 5139 Quibus
1302 5080 1372 5131 locis
1383 5094 1438 5130 non
1449 5076 1576 5144 impluat.

1182 5147 1318 5200 Acerrats
1329 5153 1467 5203 terrarum
1478 5145 1621 5199 miracula

1183 5218 1246 5281 Qun
1264 5219 1373 5270 ratione
1391 5222 1486 5269 aestus
1506 5216 1594 5269 maris
1613 5215 1746 5269 accedunt
1766 5220 1795 5267 et

1197 5286 1338 5338 recedant.

991 5355 1021 5407 0.
1079 5358 1082 5363 “
1182 5355 1236 5406 Ubi
1249 5362 1343 5407 aestus
1353 5350 1581 5429 extrsratipuem
1592 5352 1665 5406 idem
1681 5349 1794 5402 faciam.

991 5425 1034 5476 ci.
1181 5423 1425 5477 Miruculsmarls.

990 5493 1047 5547 cii.
1182 5482 1795 5560 onaepotentisunmnurnmartnsds·

991 5562 1060 5618 ctu
1183 5562 1383 5685 QuaeSolip..
