4356 6014
345 326 409 386 220
457 320 490 383 G.
526 317 678 383 rotali
712 280 921 377 sacuam
955 307 1117 371 Nerua
1152 308 1335 371 Histoe.
1370 308 1616 371 L1B.xvi1t
1649 310 1744 371 CAP.
1776 315 1892 374 ta-ltr.

347 477 419 529 tinm
430 473 541 543 pondus
550 474 611 527 arat
616 465 749 526 Thracio,
756 459 905 528 Syriaque,
915 458 1017 516 deindo
1027 462 1151 530 etdegy·

348 546 419 612 ptio,
430 543 601 597 athletarum
612 551 672 592 cum
684 532 806 591 deviem,
827 543 944 595 (luorum
955 533 1095 598 monebas
1107 533 1149 582 iu·

348 614 451 667 mentis
459 612 569 671 similis,
579 618 657 673 quom
667 601 789 653 elisimus
800 598 923 653 ordinem
935 600 1052 655 fenerat.
1064 600 1151 653 Grae·

349 684 395 735 nio
405 690 434 737 et
446 680 589 733 Ponticam
600 669 735 732 laudarit,
747 667 821 736 quod
831 670 860 719 in
869 669 978 721 ltaliam
990 686 1045 721 nou
1055 684 1151 736 perce·

350 753 401 805 nit.
437 752 479 802 Ea
491 745 565 799 omrai
576 739 673 795 eadem
682 753 787 807 genere
799 738 880 805 grani
891 739 1026 805 praetulit
1035 739 1150 791 dracon-

350 822 429 882 tium,
438 813 601 879 strangian,
613 818 641 862 ct
652 808 838 871 Selenusiunu
859 816 1022 876 argumento
1035 808 1150 860 crassis·

349 889 412 941 simi
425 882 539 936 enlarni:
554 883 597 931 ita
606 878 703 946 pingui
712 879 774 933 solo
786 876 854 931 baec
865 890 971 943 genera
980 877 1150 945 assignabat.

348 950 533 1010 Lenissimum
553 956 584 1001 et
599 950 721 1001 maxime
732 951 824 1010 inane,
843 961 892 998 seu
904 946 1063 999 tenuissimi
1075 946 1149 998 cala·

347 1026 396 1086 mi,
408 1025 437 1074 in
453 1016 573 1071 humidis
584 1018 640 1070 seri
652 1020 773 1078 iubebat,
790 1017 922 1083 quoniam
942 1017 1033 1068 multo
1054 1020 1150 1083 egeret

348 1094 491 1146 alimento.
527 1089 590 1143 Hae
611 1087 691 1139 inere
708 1087 864 1139 sententiae
874 1085 1033 1141 Alexandro
1043 1085 1148 1154 Magno

346 1166 494 1229 regnante,
504 1173 566 1211 cum
577 1156 731 1209 clarissima
740 1155 795 1207 luit
805 1155 935 1215 Graecia,
956 1162 1040 1221 atque
1049 1155 1077 1204 in
1088 1161 1148 1205 toto

346 1240 485 1287 terrarum
497 1229 564 1281 orbe
574 1228 783 1294 potentissima:
796 1224 839 1275 ita
849 1229 990 1285 tamen,nt
1001 1230 1066 1275 ante
1077 1237 1148 1277 mor·

346 1299 480 1356 remeius
489 1296 571 1349 anais
582 1295 641 1348 fera
652 1294 752 1348 CXLV
764 1291 916 1359 Sophocles
932 1299 1016 1358 poeta
1026 1294 1054 1344 in
1066 1292 1149 1344 fabu-

344 1374 375 1425 la
385 1366 561 1435 Triptolemo
571 1365 743 1417 trumentum
753 1362 880 1413 italicum
895 1369 963 1415 ante
976 1367 1076 1415 runem
1085 1361 1147 1414 lau·

346 1440 466 1501 daverit,
475 1436 512 1491 ad
524 1436 638 1488 verbum
648 1431 787 1491 translata
795 1433 946 1485 sententia:

376 1508 606 1579 Etsortnsataos
617 1503 730 1563 ltaliam
738 1501 882 1573 fruniento
893 1505 991 1555 casem
1000 1498 1125 1555 candido.

345 1581 423 1642 Quae
433 1580 496 1629 laus
506 1573 656 1643 peculiaris
666 1571 806 1638 hodieque
815 1570 914 1623 italico
925 1576 978 1622 est.
1014 1572 1076 1633 Quo
1091 1585 1148 1623 ma·

344 1650 387 1718 gis
399 1647 533 1708 admiror,
543 1649 672 1711 posteros
679 1642 852 1695 Graecorum
860 1638 968 1693 nnllam
976 1639 1145 1691 mentionem

343 1712 689 1771 buirisfeeissai'nimeati.

378 1789 406 1841 2.
424 1786 504 1839 Nune
514 1798 548 1835 es
564 1780 608 1833 bis
620 1781 779 1849 gonoribus,
799 1793 872 1848 quae
882 1777 1001 1831 Romam
1013 1776 1146 1833 invehun-

343 1866 401 1920 tur,
420 1855 591 1908 levissimum
614 1859 657 1904 est
669 1851 819 1911 Gallicum,
839 1855 926 1915 atque
945 1847 1148 1902 aehersonrso

344 1927 506 1981 deectumr
526 1923 626 1991 quippe
638 1936 693 1973 non
704 1919 844 1973 excedunt
859 1920 888 1970 in
901 1918 1025 1973 modium
1036 1918 1147 1971 sirenas

342 1998 441 2057 libras,
460 1996 484 2046 si
498 1994 561 2061 quis
571 2006 686 2059 granum
698 1992 788 2057 ipsum
800 1989 944 2057 ponderet.
967 1988 1147 2047 AdiieitSar·

345 2064 547 2126 dunselibras,
567 2059 784 2117 Alexandrinum
800 2067 830 2112 et
844 2061 977 2115 trientes:
995 2056 1050 2111 lroc
1060 2066 1089 2111 et
1099 2057 1147 2109 Si-

344 2137 400 2189 culi
412 2134 529 2201 pondus.
565 2131 729 2185 Boeoticuar
746 2136 834 2183 totam
847 2127 948 2181 libram
960 2127 1053 2181 addit:
1074 2127 1147 2180 Atri-

344 2220 407 2259 enm
419 2211 447 2256 et
457 2201 617 2257 dodrantes.
652 2200 683 2252 ln
694 2197 896 2267 Transpadana
906 2198 991 2251 ltalia
1001 2199 1060 2250 scio
1072 2197 1145 2249 viee·

343 2290 395 2329 aas
406 2277 504 2341 quinus
519 2271 607 2323 linras
618 2270 702 2322 larris
712 2269 822 2322 modius
834 2266 969 2337 pendere:
990 2267 1067 2321 circa
1081 2267 1146 2319 Clu·

344 2345 417 2399 sirim
428 2350 458 2396 et
467 2356 557 2396 senas.
593 2341 655 2393 Lex
665 2348 742 2393 certe
753 2345 879 2401 naturae,
900 2338 971 2389 utin
983 2351 1147 2403 quocunque

344 2405 1147 2546 tritanii'innitiminiserinii:

470 2517 477 2533 ·
991 2509 999 2537 r

343 2553 462 2605 srrbaetu
474 2550 602 2619 congium
613 2564 702 2615 aquae
714 2548 815 2614 capiat.
852 2544 1023 2607 Quibusdam
1040 2545 1147 2614 generi·

342 2625 395 2674 bus
405 2637 456 2689 per
465 2635 497 2674 se
508 2619 625 2688 pondus,
635 2616 875 2670 sicutHalearico:
888 2614 983 2666 modin
995 2620 1073 2682 panis
1082 2630 1148 2685 poa-

344 2692 380 2745 do
392 2691 498 2745 XXXV
509 2689 610 2743 reddit„
646 2687 818 2752 Quibusdam
838 2685 911 2738 binis
928 2686 1032 2748 mistis,
1052 2686 1148 2751 ntCy·

342 2762 406 2830 prio
425 2767 453 2815 et
467 2759 665 2820 Alexandrino,
684 2756 739 2810 XX
749 2771 837 2825 prope
849 2754 936 2808 libras
947 2770 1001 2807 non
1013 2754 1148 2807 exceden-

342 2833 429 2884 tibus.
466 2831 599 2898 cyprium
620 2828 728 2879 fuscum
744 2832 797 2888 est,
818 2839 971 2892 panemque
983 2826 1094 2891 nigrum
1105 2823 1148 2876 fa·

344 2902 396 2952 eit:
417 2901 512 2969 itaque
534 2897 668 2951 miscetur
677 2895 894 2951 Alexandrinum
906 2893 1064 2957 ceaddam,
1085 2893 1146 2946 red·

344 2971 468 3037 dantque
488 2968 569 3035 XXV
589 2966 691 3032 pondo.
727 2964 899 3017 Thebaicum
924 2964 1010 3016 libras
1039 2962 1146 3019 adiicit.

343 3039 541 3103 Marinnaqua
551 3036 652 3103 subigi,
674 3034 748 3100 quod
767 3034 891 3101 plerique
906 3032 1055 3085 maritimis
1065 3034 1094 3085 in
1106 3033 1148 3086 lo·

345 3104 514 3163 cisiaoiunt,
534 3106 680 3155 oecmione
690 3102 818 3155 lucrandi
834 3103 908 3167 salis,
927 3103 1145 3155 inutilissimum.

343 3174 409 3228 Non
420 3171 522 3225 eliade
534 3183 619 3220 eausa
629 3173 834 3232 opportunlora
850 3173 956 3224 morbis
972 3187 1090 3240 corpora
1100 3186 1146 3225 ex·

345 3245 458 3295 sistunt.
477 3238 589 3293 Galliae
601 3244 631 3289 et
640 3236 795 3303 Hispaniae
806 3237 947 3289 trunsum
958 3243 987 3288 ln
1000 3249 1148 3305 potuere·

345 3311 451 3374 soluto,
471 3308 571 3377 quibus
592 3305 715 3361 diximus
737 3306 904 3378 generibus,
918 3306 1146 3374 spumaitacon·

346 3386 424 3435 ereta
434 3394 486 3448 pro
496 3378 635 3431 fermento
645 3382 774 3431 utantur.
803 3376 866 3441 Qua
876 3376 911 3430 de
922 3392 1006 3430 causa
1015 3374 1106 3431 levior
1115 3374 1148 3426 il·

343 3453 390 3516 lis,
406 3466 487 3519 quam
500 3448 612 3513 cuens,
622 3450 703 3516 panis
715 3454 768 3503 est.
1143 3500 1146 3507 ,

380 3521 408 3573 3.
425 3519 647 3574 Differestinest
658 3525 687 3572 et
697 3519 806 3573 calami.
843 3516 1148 3584 Crassiorquippeme·

343 3592 427 3646 lieris
439 3596 482 3645 etl
493 3589 610 3657 generis.
646 3589 779 3643 Plurimis
795 3587 895 3638 tunicis
907 3586 1059 3636 'l'hraoium
1072 3584 1146 3635 triti·

346 3677 408 3714 cum
428 3661 559 3722 vestrm,
579 3658 615 3709 ob
631 3657 717 3711 nimie
737 3658 844 3724 frigora
860 3655 900 3707 illi
913 3656 1011 3722 plagae
1025 3651 1146 3718 exquisi-

344 3739 415 3783 tum.
451 3728 557 3781 Eadem
573 3741 660 3780 causa
675 3736 703 3780 et
715 3727 855 3779 trimestre
866 3725 982 3784 invenit,
995 3720 1146 3775 detinenti·

343 3802 396 3852 bus
407 3806 498 3852 terras
509 3797 626 3859 nisibus,
648 3796 722 3864 quod
742 3795 826 3847 tertio
839 3793 900 3845 iero
911 3807 928 3842 a
938 3798 1002 3843 satu
1013 3805 1108 3843 mense
1116 3796 1147 3842 et

342 3870 373 3922 in
383 3868 493 3934 reliquo
504 3867 571 3921 orbe
582 3869 706 3920 metitur.
742 3866 826 3916 Totis
844 3861 898 3913 lroe
908 3859 1025 3924 Alpibus
1041 3869 1147 3923 notura,

343 3946 374 3990 et
394 3936 560 3989 hiemalibus
580 3934 732 4003 provinciis
754 3930 859 3983 nullum
869 3928 924 3983 hoc
938 3928 1080 3982 frumento
1091 3930 1146 3981 lao-

343 4007 410 4061 tius
437 4006 628 4059 Unicnlamum
638 4010 795 4070 praeterea,
807 4015 857 4052 nec
868 4014 982 4066 usquam
994 4012 1093 4064 capax:
1104 4014 1146 4050 sc·

289 4085 293 4095 '
341 4079 470 4144 ritusque
480 4090 535 4129 noe
546 4075 600 4125 nisi
611 4075 687 4126 teaui
703 4078 788 4124 terra
824 4071 874 4123 Est
887 4075 916 4121 et
926 4069 1059 4122 bimestre
1069 4069 1146 4121 eirea

343 4146 481 4201 Thraciae
492 4147 607 4206 denunt,
623 4142 696 4213 qued
708 4139 922 4209 quadragesimo
934 4138 990 4204 die,
1009 4155 1090 4208 quam
1102 4153 1147 4190 su·

343 4226 402 4272 tum
411 4227 464 4282 est,
476 4215 652 4271 statuissem:
669 4215 833 4279 miransque,
848 4211 918 4263 nulli
930 4209 1070 4262 fruniento
1083 4210 1146 4275 plns

342 4304 405 4344 esse
417 4288 559 4355 ponderis,
570 4290 600 4341 et
609 4283 764 4339 durioribus
776 4296 884 4335 carere.
913 4280 1008 4332 Utitur
1018 4294 1052 4333 eo
1062 4288 1092 4331 ct
1101 4279 1144 4332 Si·

342 4359 416 4419 cilia,
428 4367 456 4410 et
464 4355 736 4418 .tobais,rnontuosis
747 4358 866 4421 utraque
877 4350 1011 4419 portibus.
1029 4348 1147 4403 Euboea

340 4417 1146 4562 minti:nurcienrnniilinni

341 4562 513 4616 istimaverit
524 4575 595 4626 esse,
610 4579 672 4617 eum
682 4565 721 4615 sit
732 4563 964 4628 antiquissimum.
1018 4560 1093 4611 raeci
1104 4575 1145 4610 se·

341 4633 441 4684 tanioa
449 4635 564 4683 vasae
583 4633 712 4685 Tradunt
721 4633 750 4683 in
762 4630 874 4683 Bactris
883 4638 972 4691 grana
980 4630 1078 4678 tantae
1089 4643 1145 4678 nra·

343 4698 499 4770 gsitudinis
510 4699 581 4762 lieri,
592 4708 624 4754 ut
634 4701 746 4769 singula
756 4700 846 4764 spinas
855 4698 968 4745 nostras
977 4701 1109 4761 aequent.

380 4769 455 4821 ΧΙΙΙ.
472 4767 596 4821 Priscum
612 4785 648 4822 ex
665 4762 952 4821 oninibusiruiaentis
962 4763 1066 4816 seritur
1077 4762 1142 4817 lior·

281 4846 287 4859 '
344 4838 439 4890 mum.
475 4835 612 4889 Dabimus
622 4838 722 4891 ctdies
733 4833 851 4890 serendo
861 4834 962 4903 cuique
1008 4835 1077 4897 neri,
1097 4851 1142 4887 na·

341 4914 408 4959 tura
426 4905 600 4973 singulorum
612 4908 749 4974 exposita.
783 4903 950 4957 Hordeum!
989 4905 1142 4958 issatirum

342 4980 372 5027 et
381 4973 521 5037 silvestre,
532 4990 568 5027 er
575 4989 629 5040 qun
638 4976 720 5041 pasis
730 4972 804 5039 apud
814 4990 863 5027 eos
874 4975 1050 5043 praecipuus,
1056 4981 1087 5029 et
1093 4977 1142 5029 nli-

340 5060 382 5097 os.
403 5043 527 5097 Maxime
537 5043 648 5110 quidam
660 5056 747 5109 orysa
757 5044 931 5108 gaudeisart
941 5059 995 5111 qua
1005 5047 1141 5112 ptisanam

291 5126 298 5135 ¹
341 5114 500 5175 conficiunt,
520 5110 1033 5179 quarnreliqulmortslesexbordoa·
1070 5117 1142 5183 ory·

340 5183 471 5237 saemlia
482 5196 609 5243 menaea,
630 5194 717 5248 porro
725 5181 1026 5245 siniliuedlatiorar
1049 5183 1142 5239 altitu.

340 5254 378 5376 qlo
389 5253 528 5337 cubitalis,
546 5250 598 5305 ilos
614 5266 780 5322 purpureus,
799 5252 879 5306 radis
891 5266 1035 5319 gemmeae
1044 5259 1142 5310 rutilo·

373 5394 451 5448 xiv.
466 5388 695 5459 Antiquissimum
705 5391 734 5443 ia
743 5390 812 5464 cibis,
822 5390 968 5455 hordeum,
975 5391 1048 5445 sieut
1057 5391 1140 5447 Atlio·

339 5460 975 5530 niensirissrituldenandroauetoreapparet,
993 5468 1023 5514 ct
1031 5461 1139 5530 gladia·

1202 458 1506 517 ribmnrmenn'oois.
1524 456 2004 531 Graeeiperiusumaquabordeum

1203 531 1307 583 siccant
1317 536 1399 584 nocte
1409 546 1475 593 una,
1486 544 1520 581 ac
1529 536 1642 597 postero
1653 529 1699 583 die
1709 529 1825 599 famer,
1836 531 1938 586 deinde
1948 548 2004 586 mo·

1203 600 1240 655 lis
1251 601 1392 669 frangunt.
1428 600 1499 653 Sunt
1514 598 1560 666 qui
1580 598 1769 653 vehementius
1790 609 1895 655 tostum
1907 617 2002 655 rursus

1203 669 2002 794 itltffltiitbttitibt:titillantium

1202 753 2002 934 incinerantur&ri:misnam

1201 954 1230 1000 et
1239 955 1387 1016 purgatum
1399 914 1515 1001 molum.
1528 948 1701 1017 Quocunque
1711 954 1803 1001 autern
1813 918 2002 1018 generepraes

1201 1024 1309 1084 pareto,
1325 1017 1430 1069 vicenis
1441 1014 1540 1069 bordei
1550 1017 1640 1080 libris,
1661 1024 1756 1070 ternas
1766 1020 1880 1072 seminis
1891 1019 1952 1082 lini,
1973 1028 2003 1073 et

1200 1085 1343 1139 coriandri
1353 1085 1493 1146 selibram,
1503 1085 1626 1151 salisque
1636 1086 1793 1150 acetabulo,
1804 1095 1945 1142 torrentes
1956 1104 2002 1142 aa·
2027 1102 2032 1107 ·

1200 1161 1229 1207 te
1239 1154 1335 1207 omnia
1344 1155 1462 1205 nrisoent
1471 1155 1499 1204 in
1511 1153 1594 1206 nrolm
1617 1156 1673 1219 Qui
1687 1155 1791 1210 diutius
1802 1157 1901 1213 volunt
1911 1174 2001 1211 serra-

1201 1222 1423 1290 remanentne
1434 1237 1467 1275 ac
1476 1220 1632 1277 luriuribus
1642 1225 1831 1279 suiseondunt
1842 1229 1919 1280 noris
1932 1229 2001 1281 ecti-

1200 1294 1284 1347 libus.
1319 1291 1404 1346 ltalia
1418 1291 1480 1345 sino
1489 1292 1650 1359 perfusione
1660 1301 1767 1349 tostum
1778 1296 1807 1347 in
1818 1295 1948 1351 subtilem
1961 1298 2000 1350 ia·

1200 1366 1290 1418 rioam
1300 1363 1390 1426 molit,
1400 1362 1500 1416 iisdem
1512 1362 1626 1427 additis,
1636 1370 1720 1432 atque
1732 1367 1816 1420 etiarn
1827 1366 1914 1418 milio.
1949 1367 2000 1419 Pa·

1199 1449 1263 1487 nem
1285 1448 1320 1488 ex
1341 1432 1448 1486 hordeo
1465 1433 1590 1500 antiquis
1611 1435 1748 1488 usitatum
1769 1435 1829 1489 rita
1849 1434 1999 1498 damnarit,

1200 1502 1465 1571 quadrupedumque
1476 1502 1535 1557 fere
1547 1504 1624 1556 cibus
1634 1512 1685 1558 ost.

1235 1572 1296 1625 XV.
1314 1572 1445 1625 Ptisanae
1466 1571 1531 1624 inne
1552 1588 1618 1627 ustis
1639 1574 1827 1631 validissimas
1847 1574 1996 1629 saluberri-

1199 1657 1314 1709 musque
1335 1648 1481 1709 tantopere
1501 1644 1644 1709 probatur.
1680 1646 1771 1699 Unum
1790 1645 1921 1700 leudibus
1939 1647 1999 1697 eius

1200 1713 1331 1765 volumen
1354 1712 1459 1765 dicarit
1469 1711 1660 1779 Hippocrates
1681 1716 1870 1770 erlarimimis
1887 1714 1999 1768 medici·

1199 1782 1385 1837 saeseientia.
1421 1781 1554 1837 Ptisauoe
1572 1783 1685 1837 bonitas
1704 1788 1855 1854 praecipua
1865 1784 1997 1837 Uticensi.

1199 1854 1230 1906 ln
1242 1854 1372 1919 Aegypto
1384 1866 1451 1905 raro
1463 1858 1517 1916 est,
1532 1868 1604 1920 quae
1615 1855 1646 1906 iit
1658 1870 1692 1909 ex
1702 1855 1818 1916 hordeo,
1828 1855 1872 1907 cui
1881 1861 1949 1907 sunt
1960 1855 1998 1907 bi·

1200 1923 1230 1976 si
1247 1922 1353 1990 anguli.
1386 1922 1419 1973 ln
1430 1922 1546 1977 Baetica
1563 1930 1593 1977 et
1605 1924 1697 1981 amca
1709 1938 1806 2008 genus,
1826 1938 1861 1977 ex
1872 1938 1928 1990 quo
1940 1924 2000 1986 tier,

1200 1992 1312 2057 bordei,
1329 1992 1456 2063 glabrum
1466 1993 1592 2062 appellat
1602 1997 1764 2049 Turranius.
1800 1992 1999 2061 ldesnolyrarn
2016 2004 2031 2055 ,“
2088 2034 2092 2041 .
2119 2052 2124 2061 ⁴

1200 2070 1229 2116 et
1248 2078 1363 2131 oryzam
1385 2064 1501 2117 candem
1512 2065 1737 2118 esseexistimat.
1774 2062 1999 2117 Ptisaaaeronii·
2016 2062 2083 2109 tvai*

1199 2132 1315 2185 eioadee
1324 2132 1440 2201 vulgata
1450 2133 1524 2187 ratio
1535 2140 1589 2189 est.

1234 2201 1310 2255 livi.
1328 2200 1420 2254 Simili
1432 2203 1515 2258 modo
1526 2204 1660 2257 astritici
1671 2206 1898 2272 semisetmgum
1910 2203 1952 2266 tit,
1972 2203 1999 2253 in

1200 2273 1351 2337 mmqnnm
1360 2270 1508 2325 donitasnt
1522 2279 1551 2327 et
1560 2278 1698 2343 Aegypto.
1746 2324 1752 2335 ,

1233 2340 1320 2392 xvii.
1338 2340 1468 2407 dorylum
1489 2354 1556 2394 vero
1577 2357 1613 2397 es
1633 2342 1709 2395 omni
1729 2342 1826 2394 tritico
1836 2356 1869 2393 ac
1879 2339 1999 2408 siligine,

1199 2410 1248 2460 scd
1260 2410 1393 2475 optimum
1405 2425 1420 2462 e
1430 2410 1577 2463 trimestri.
1606 2413 1730 2466 lnrentio
1739 2413 1800 2465 eius
1810 2410 1879 2463 ctio
1889 2410 2000 2463 insulae

1199 2478 1330 2532 debetur:
1352 2484 1381 2532 et
1391 2477 1476 2533 bodie
1488 2479 1714 2539 laudatissimum
1725 2481 1789 2535 inde
1800 2486 1856 2534 est:
1878 2479 1999 2547 appella·

1199 2554 1257 2601 tum
1278 2549 1313 2603 ab
1333 2562 1377 2615 eo,
1398 2549 1626 2617 quodsiuemoln
1638 2554 1696 2606 liat.
1731 2550 1890 2603 Proximam
1903 2548 2000 2601 trime·

1200 2619 1263 2681 etri‚
1283 2619 1359 2686 quod
1379 2635 1396 2673 e
1414 2620 1530 2674 minime
1546 2622 1704 2688 ponderoso
1724 2620 1827 2673 tritico.
1862 2616 2000 2671 bladescit

1201 2689 1278 2743 dulci
1286 2702 1360 2757 uqun
1369 2688 1472 2758 ligneis
1481 2690 1566 2755 vasis,
1585 2692 1668 2747 itaut
1682 2693 1834 2758 integatur,
1855 2689 1999 2755 quinquies

1199 2758 1229 2811 in
1240 2758 1286 2812 die
1297 2765 1416 2815 mutata.
1451 2761 1555 2816 Melius
1567 2763 1593 2814 si
1604 2768 1633 2815 et
1643 2768 1743 2824 noctu,
1754 2762 1796 2811 ita
1806 2764 1837 2809 ut
1847 2758 2000 2809 misceatur

1200 2830 1316 2894 pariter.
1351 2824 1527 2893 Emolliturm
1538 2834 1615 2899 prius
1626 2847 1707 2899 quarn
1718 2836 1838 2892 suescat,
1849 2829 1939 2881 linteo
1949 2834 2000 2878 aut

1199 2901 1304 2964 sportis
1314 2908 1467 2965 saccatum,
1488 2902 1602 2967 tegulae
1613 2901 1769 2953 infunditur
1780 2899 1871 2951 illitae
1881 2898 2001 2950 fermen-

1199 2974 1239 3030 to,
1251 2974 1334 3033 atque
1345 2971 1387 3020 ita
1397 2970 1427 3020 in
1439 2969 1505 3022 Sole
1515 2969 1656 3022 densatur.
1693 2967 1760 3019 Post
1770 2966 1868 3018 Chium
1880 2965 2001 3018 marimo

1200 3036 1761 3105 laudaturcretieom,nroxilegyptinm.
1798 3034 1999 3087 Probaturau·

1196 3112 1252 3158 ιιιιι
1265 3105 1385 3167 laevore,
1406 3111 1435 3158 et
1445 3105 1574 3159 levitate:
1589 3113 1673 3174 atquo
1684 3112 1715 3158 ut
1724 3118 1822 3157 recens
1831 3102 1881 3154 sit:
1901 3106 1959 3155 iam
1972 3108 2002 3155 et

1197 3175 1295 3229 Catoni
1305 3176 1407 3227 dictum
1420 3176 1492 3242 apud
1505 3191 1565 3228 nos.

1232 3245 1333 3300 xviri.
1351 3244 1460 3298 Hordei
1482 3243 1576 3299 farina
1593 3250 1624 3299 et
1644 3243 1680 3299 ad
1693 3240 1860 3295 medendum
1872 3244 1999 3293 utantur.

1196 3314 1366 3376 Mimans,
1385 3315 1414 3361 in
1435 3330 1488 3367 usu
1507 3316 1704 3378 iumentorum,
1724 3312 1834 3380 ignibus
1844 3308 1956 3372 durato,
1966 3323 1999 3361 ao

1197 3382 1297 3446 posted
1308 3377 1421 3442 molito,
1438 3383 1556 3447 odisque
1574 3383 1697 3431 leumaua
1716 3397 1799 3428 mauu
1822 3378 1950 3429 demissis
1968 3378 1999 3428 ln

1199 3447 1302 3509 airum,
1323 3448 1444 3501 maiores
1454 3448 1539 3511 vires,
1556 3453 1688 3514 torosque
1699 3446 1824 3515 corporis
1835 3445 1903 3498 lieri.
1939 3444 1999 3513 Spi-

1200 3516 1613 3585 caeqrraedambinosordines
1623 3517 1735 3578 babent,
1756 3515 1892 3583 quaedam
1904 3514 1997 3597 plures

1199 3586 1484 3722 intestata.
1497 3583 1999 3718 irrinntrnrizinrn

1200 3726 1301 3787 didius,
1321 3724 1440 3791 nigrius,
1458 3725 1504 3776 vel
1515 3727 1559 3776 cui
1571 3738 1695 3790 purpura
1703 3730 1755 3778 est.
1787 3723 1893 3775 Ultimo
1903 3722 1938 3775 nd
1951 3738 1998 3790 po·

1200 3795 1320 3847 lentam:
1342 3801 1442 3847 contra
1463 3798 1646 3862 tempestates
1655 3791 1775 3846 candido
1786 3793 1910 3846 maxima
1921 3794 1996 3844 intir-

1199 3865 1291 3916 mitas.
1325 3863 1470 3917 Hordeum
1480 3864 1590 3933 frugum
1600 3864 1724 3917 omnium
1736 3865 1931 3918 mollissimum
1942 3869 1997 3917 est:

1198 3933 1255 3986 seri
1273 3947 1327 3984 non
1346 3932 1417 3996 snit,
1438 3933 1495 3985 nisi
1514 3934 1632 3987 insieco
1646 3935 1880 3998 etsalutaterra,
1901 3949 1934 3986 ae
1945 3933 1997 3985 nisi

1198 4003 1283 4055 laeta.
1318 4000 1404 4055 Palea
1423 4016 1458 4054 ex
1478 4004 1608 4070 optimis:
1630 4011 1785 4057 stramento
1804 4019 1871 4058 reso
1893 4001 1997 4055 nullum

1199 4078 1386 4139 comparatur.
1421 4072 1566 4127 Hordeum
1578 4088 1614 4127 ex
1629 4074 1706 4126 omui
1724 4074 1866 4128 frumento
1884 4073 1997 4124 minime

1199 4141 1406 4195 calamitosum:
1428 4143 1568 4209 quiaanta
1579 4143 1699 4206 tollitur,
1718 4159 1801 4211 quam
1813 4145 1937 4197 triticum
1950 4156 1994 4193 oc·

1199 4211 1400 4279 cupetrubign.
1435 4211 1531 4280 ltaque
1552 4214 1693 4280 sapientes
1713 4214 1855 4282 agricolae
1874 4214 1996 4266 triticum

1199 4279 1314 4335 eiramis
1332 4287 1441 4333 tantum
1462 4289 1568 4337 serunt.
1604 4283 1748 4337 Hordeum
1770 4284 1881 4339 sarculo
1892 4282 1948 4336 seri
1959 4278 1997 4331 di·

1199 4357 1273 4415 eunt,
1293 4357 1444 4419 propterea
1461 4354 1606 4407 celerrimo
1619 4354 1706 4407 redit:
1725 4352 1999 4419 fertilissimumque,

1199 4421 1273 4491 quod
1295 4423 1325 4473 in
1347 4422 1504 4489 Hispaniae
1516 4422 1783 4492 carthaginellprili
1800 4437 1896 4474 mense
1916 4419 1998 4472 colle·

1199 4502 1273 4544 ctam
1285 4498 1341 4544 est:
1352 4489 1406 4545 linc
1416 4495 1522 4547 seritur
1531 4494 1629 4547 eodem
1640 4507 1735 4546 mense
1745 4494 1772 4542 in
1780 4490 1940 4550 celtiberia,
1952 4503 2000 4543 eo·

1198 4562 1316 4629 demque
1327 4577 1400 4614 anno
1410 4562 1455 4614 bis
1469 4566 1605 4617 nascitur.
1641 4562 1761 4629 llepltur
1781 4572 1863 4609 omne
1876 4554 1997 4620 aprima

1198 4633 1294 4683 statim
1306 4631 1470 4684 maturitate
1482 4633 1668 4695 festinantius,
1679 4643 1759 4695 quan
1771 4633 1873 4678 cetera.
1886 4623 2000 4703 l'ragili

1195 4698 1996 4836 urrann:rnrmnimnantris:

1197 4846 1243 4892 cta
1254 4837 1417 4891 maturitate
1428 4838 1556 4891 tollatur.

1230 4909 1305 4963 xlx.
1316 4907 1459 4960 Frnnrenti
1470 4920 1573 4973 genera
1583 4920 1638 4959 aon
1647 4905 1742 4957 eadem
1753 4903 1869 4985 trbiqoes
1886 4901 1996 4956 necubi

1195 4978 1291 5031 eadem
1303 4982 1376 5037 sunt,
1393 4974 1494 5027 iisdem
1504 4976 1671 5029 noarinibos.
1707 4971 1922 5041 vulgatissima,
1942 4973 1996 5034 lar,

1195 5046 1268 5116 qnod
1280 5046 1413 5098 adoreum
1423 5054 1534 5098 veteres
1546 5044 1730 5113 appellavere,
1746 5044 1841 5112 siligo,
1859 5044 1993 5097 triticum.

1194 5115 1414 5182 Haecplurimis
1424 5116 1509 5168 terris
1524 5116 1691 5167 eommunia.
1725 5114 1828 5168 sciam
1839 5114 1995 5167 Galliarum

1214 5186 1316 5254 ropris,
1337 5185 1664 5253 copiosaetltaliaeest.
1700 5187 1827 5253 Aegypto
1848 5190 1941 5237 autern
1962 5196 1995 5234 ac

1194 5202 1304 5323 gymno,
1314 5255 1487 5324 ciliciaeque
1497 5257 1624 5317 etAsiae,
1634 5269 1669 5307 se
1679 5254 1816 5309 Graecim
1826 5252 1994 5321 peculiares,

1194 5340 1254 5387 sea,
1273 5326 1363 5394 olyra,
1382 5325 1469 5394 tipbe.
1504 5328 1649 5395 Aegyptus
1658 5324 1844 5394 similaginem
1856 5321 1995 5376 meumes

1194 5395 1451 5464 videamusque
1507 5398 1771 5462 mimiicaeparem.
1789 5394 1997 5457 Quiseautua·

1194 5472 1250 5529 tus,
1271 5480 1326 5517 noa
1336 5464 1440 5519 babent
1450 5410 1506 5519 aa
1540 5466 1592 5527 Est
1602 5473 1632 5520 et
1643 5464 1712 5519 haec
1722 5464 1823 5517 ltaliae
1833 5463 1861 5514 in
1874 5464 1992 5526 camm-

338 5540 434 5585 tosum
454 5534 629 5602 cognomine,
648 5532 695 5599 qui
714 5529 857 5586 hordearii
869 5532 1050 5587 vocabatur.
1083 5530 1140 5589 Po·
1193 5536 1242 5587 nia
1252 5536 1381 5598 manime,
1395 5550 1545 5604 semenque
1556 5537 1722 5606 appellatur.
1757 5534 1821 5587 Hoo
1839 5530 1925 5585 babet
1943 5543 1994 5581 no·

337 5600 443 5657 lentam
453 5616 565 5673 qaoque
575 5600 1048 5671 armnnssstinmspmtermt.
1071 5600 1138 5657 Plu·
1193 5605 1993 5675 meumsqrmcrsrautnosdocebtnaszpmpterquan
