4340 6018
356 322 416 391 loo
471 322 502 385 C.
544 318 698 383 PLlNll
741 316 952 380 sacuam
996 310 1166 379 N'ATUR.

352 486 428 533 mum
439 484 562 531 mensem
575 473 647 526 haud
657 484 776 539 unquam
787 467 880 520 malis
890 474 943 522 est
966 465 1158 536 Septimanca

353 551 409 601 nisi
418 548 508 616 pridie
529 552 676 615 posterove
696 537 843 606 plenilunii
864 538 917 602 die,
935 542 986 590 aut
1003 537 1157 590 interlunio

355 618 482 686 concepti
491 620 648 667 nascuntur.
682 606 863 660 l'ralatitinm
879 609 906 658 in
917 609 1045 677 Aegypto
1059 611 1113 669 cst,
1129 612 1158 657 et

354 697 454 741 uetare
466 685 552 754 gigni.
585 682 644 731 lam
654 677 766 743 quidem
779 682 808 729 et
822 680 852 728 in
863 677 947 729 ltalia
967 678 1039 729 tales
1061 681 1157 742 partus

354 757 539 813 essentiales,
561 756 656 801 centra
675 748 829 814 priscorum
850 747 1002 815 opiniones.
1039 746 1158 799 variant

353 816 423 880 haee
434 822 557 891 pluribus
569 815 668 868 modis.
705 814 824 870 Vestilia
835 817 863 867 G.
872 815 1008 879 llerdicii,
1019 830 1050 865 ac
1060 820 1159 880 postea

351 891 498 957 Pomponii
515 893 599 954 atque
610 885 695 938 Orfiti
705 887 925 940 clarissimorum
935 887 1037 937 civium
1046 884 1156 945 coniux,

351 976 386 1015 ex
397 960 441 1011 his
452 963 572 1025 quatuor
582 962 679 1022 partus
692 957 784 1017 enixa,
803 957 923 1022 septime
935 968 1044 1021 semper
1055 967 1157 1012 mense,

349 1030 448 1100 genuit
457 1026 577 1079 Suilium
589 1024 691 1076 aarum
701 1024 857 1087 undecimo,
877 1024 1061 1076 Corbulonem
1073 1021 1156 1088 septi·

348 1115 411 1161 nro,
432 1103 580 1162 utrumque
603 1095 763 1147 consulem:
793 1101 893 1161 postea
911 1092 1076 1145 Caesoniam
1098 1090 1157 1141 Caii
1178 1122 1179 1129 .

348 1167 484 1237 principis
494 1166 649 1232 coniugem,
661 1171 768 1215 octaro.
805 1164 835 1213 ln
846 1177 901 1230 quo
912 1163 1048 1215 mensium
1061 1175 1155 1210 nunte-

350 1252 382 1290 ro
392 1236 509 1305 genitis,
530 1233 858 1301 intraquadregesimum
872 1230 943 1283 diem
961 1231 1100 1281 maximus
1117 1228 1157 1279 la·

346 1307 411 1359 bor.
446 1302 581 1357 Gravidis
596 1311 698 1364 autem,
709 1310 810 1370 quarto
820 1308 850 1352 et
863 1309 960 1353 octavo
973 1315 1075 1361 mense,
1088 1298 1156 1350 leta·
1178 1366 1179 1369 Ἴ

348 1377 449 1444 lesque
459 1376 487 1425 in
497 1373 533 1425 iis
546 1375 671 1424 abortus.
707 1371 847 1422 ltlasurius
859 1379 958 1421 auctor
970 1375 1022 1431 est,
1033 1369 1065 1420 L.
1075 1368 1157 1434 'Papi-

349 1446 423 1497 rium
435 1445 607 1503 Praetorem,
629 1441 748 1492 secundo
759 1438 861 1491 herede
872 1440 933 1506 lege
944 1446 1053 1505 agente,
1071 1438 1158 1489 bono-

350 1530 412 1566 rum
427 1513 631 1579 possessionem
644 1518 813 1561 contraeunt
834 1508 961 1569 dedisse,
982 1523 1044 1559 cunr
1068 1514 1157 1557 nrater

351 1590 462 1652 partum
474 1597 504 1632 se
525 1580 589 1632 xltl
610 1579 749 1631 mensibus
764 1578 869 1647 diceret
886 1576 1004 1629 tulisse:
1027 1577 1156 1643 quoniam

350 1653 456 1705 nullum
469 1656 574 1702 certum
588 1657 694 1715 tempus
706 1648 830 1715 pariendi
842 1653 977 1698 statutum
988 1645 1138 1698 rideretur.

387 1716 420 1772 V.
439 1722 462 1771 A
474 1726 609 1784 conceptu
619 1717 727 1769 decimo
739 1716 792 1778 die,
804 1716 916 1768 dolores
926 1716 1043 1783 eapitis,
1064 1714 1157 1766 oculu·

351 1802 414 1844 rara
424 1788 576 1854 vertigines
586 1788 781 1854 tenebraeque,
792 1785 938 1837 festidium
950 1789 979 1837 in
989 1785 1074 1846 cibis,
1093 1783 1157 1836 red·

349 1859 468 1911 undatio
478 1855 620 1915 stomachi,
634 1856 741 1909 indices
750 1863 815 1906 sunt
825 1854 944 1908 hominis
955 1852 1088 1906 inchoati.
1100 1854 1157 1904 lile·

350 1931 406 1982 lior
417 1927 495 1981 color
506 1939 608 1978 marem
620 1925 728 1987 fcrenti,
739 1933 767 1978 et
777 1925 889 1978 facilior
898 1932 994 1991 partus
1006 1942 1013 1974 z
1025 1930 1117 1973 motus
1128 1925 1156 1973 in

349 2008 430 2051 utero
442 1995 653 2064 quadragesimo
664 1996 718 2048 die.
756 1996 905 2047 contraria
916 1996 1010 2045 omnia
1021 1996 1048 2043 in
1065 1993 1156 2044 altero

351 2084 436 2122 mxu:
456 2065 624 2133 ingestabile
635 2080 717 2127 onus,
737 2078 846 2115 murum
858 2071 888 2127 et¹
897 2064 1021 2132 inguinis
1032 2062 1102 2114 letis
1114 2069 1156 2113 tu·

350 2154 428 2190 mor:
451 2137 555 2204 primus
576 2141 669 2186 autem
689 2133 870 2201 nonagesimo
892 2131 938 2184 die
956 2138 1060 2183 motus.
1101 2128 1157 2182 Sed

349 2208 499 2275 plurimum
512 2202 654 2273 languoris
665 2205 691 2254 in
704 2212 822 2270 utroque
839 2216 923 2265 sexu,
943 2201 1076 2268 capillum
1097 2212 1157 2267 ger·

350 2278 474 2330 minuata
485 2280 576 2341 partu,
588 2281 616 2325 et
628 2276 656 2324 in
669 2272 838 2340 plenilunio:
859 2271 932 2338 quod
944 2280 1055 2338 tempus
1066 2270 1156 2321 editos

350 2358 460 2415 quoque
470 2343 591 2396 infantes
602 2342 750 2410 praecipue
761 2340 884 2393 infestat.
920 2340 1051 2407 lldeoqus
1070 2339 1156 2391 inces-

351 2434 407 2477 sus,
418 2422 502 2484 atque
515 2429 604 2474 omne,
615 2410 747 2478 quidquid
761 2412 814 2461 dici
826 2415 934 2476 potest,
944 2413 970 2460 in
983 2406 1101 2477 gravida
1113 2423 1155 2459 re·

349 2486 422 2538 fert:
441 2492 474 2536 ut
483 2482 649 2535 salsioribus
661 2481 730 2532 cibis
741 2495 817 2542 usae,
838 2486 978 2531 carentem
999 2477 1157 2547 unguiculis

349 2563 459 2624 partum
472 2552 574 2606 edant:
595 2558 638 2613 et,
659 2550 684 2601 si
695 2550 881 2615 respirarem,
901 2548 1041 2599 diliieilius
1052 2549 1157 2599 enitan-

348 2633 403 2676 tur.
421 2624 578 2676 ·0scitatio
599 2618 708 2686 quidem
730 2618 759 2669 ia
780 2618 861 2670 enisu
884 2619 977 2670 letalis
1000 2622 1061 2670 est:
1083 2616 1156 2668 sicut

350 2694 502 2746 sternuisse
514 2708 531 2743 a
542 2689 626 2751 coitu,
637 2689 805 2739 abortivum.
1093 2714 1103 2733 .

384 2759 690 2827 bliseretatqucetiam
702 2755 789 2823 pudet
809 2758 1002 2809 aestimantem
1019 2770 1101 2824 quam
1120 2756 1157 2807 sit

349 2832 451 2884 frivola
461 2830 623 2882 animalium
635 2827 825 2893 superbissimi
837 2830 916 2893 origo
928 2863 936 2890 ,
957 2841 1018 2876 cunr
1039 2827 1157 2892 plerum·

349 2916 402 2969 que
413 2901 528 2952 abortus
540 2913 625 2949 causa
635 2900 686 2947 fiat
696 2895 766 2947 odor
778 2911 795 2947 a
806 2896 981 2948 lucernarum
1004 2897 1155 2946 exstinctu.

351 2972 402 3022 liis
413 2968 558 3036 principiis
568 2972 720 3016 nascuntur
729 2968 850 3032 tyranni,
859 2965 901 3016 his
909 2963 1031 3016 carnifex
1040 2967 1156 3016 animus.

348 3042 392 3092 ‘l‘u
405 3038 451 3103 qui
462 3035 588 3102 eorporis
599 3034 702 3085 viribus
714 3034 785 3095 fidis,
797 3042 828 3085 tu
839 3037 885 3102 qui
898 3034 1028 3085 fortunae
1041 3047 1157 3085 munera

350 3105 529 3173 amplexaris,
538 3111 603 3156 ette
616 3119 650 3155 ue
658 3104 797 3155 alumnum
809 3103 921 3170 quidem
932 3104 990 3155 eius
1001 3103 1156 3164 existimas,

340 3176 400 3228 -sed
419 3180 548 3243 partum:
566 3180 598 3224 tu
615 3179 711 3225 tamen
733 3174 811 3224 cuius
833 3186 942 3239 semper
960 3173 1092 3221 tinctorio
1113 3178 1155 3222 est

350 3260 437 3306 mens,
448 3250 478 3294 tu
490 3246 534 3311 qul
543 3250 574 3294 te
585 3243 666 3295 deum
677 3242 778 3304 credis,
789 3240 884 3308 aliquo
895 3254 1025 3291 successu
1035 3247 1154 3299 tumens,

350 3317 421 3368 tanti
432 3314 525 3381 perire
533 3312 650 3380 potuisti
662 3331 669 3363 ε
692 3320 776 3378 atque
786 3312 869 3362 etium
881 3308 965 3361 hodie
977 3310 1093 3360 minoris
1104 3323 1154 3376 po·

349 3395 402 3448 tes,
423 3383 556 3451 quantulo
571 3381 709 3448 serpentis
720 3383 792 3431 ictus
813 3379 915 3432 dente:
935 3387 984 3431 aut
1003 3379 1103 3440 etium,
1124 3382 1155 3429 ut

348 3459 493 3508 Arracreon
508 3459 600 3519 poeta,
610 3452 690 3502 acino
702 3466 771 3501 urae
782 3464 898 3516 passae:
916 3458 947 3500 ut
958 3448 1060 3500 Fabius
1070 3448 1155 3500 Sena·

349 3529 527 3590 terpretetur,
540 3521 575 3574 io
588 3520 670 3570 lactis
690 3519 791 3571 haustu
807 3534 861 3569 uno
880 3518 936 3586 pilo
956 3518 1154 3585 strangulatus.

352 3594 377 3642 ts
388 3592 496 3643 demum
506 3587 635 3657 profecto
645 3589 731 3639 vitam
743 3603 832 3656 aequa
841 3590 921 3639 lance
931 3588 1094 3656 pensitabit,
1106 3586 1156 3655 qui

335 3660 457 3727 'selrrpm
468 3659 631 3727 fragilitatis
642 3657 779 3710 leonianae
790 3673 897 3709 mentor
905 3657 998 3708 fuerit.

383 3729 430 3782 Vl.
443 3732 472 3780 lu
482 3729 570 3794 pedes
582 3728 733 3793 procedere
743 3734 910 3789 nascentem,
918 3735 1016 3778 contra
1027 3734 1152 3777 naturam

348 3807 390 3852 est
401 3818 407 3849 ι
422 3812 477 3863 quo
488 3803 652 3862 argumento
663 3812 711 3849 eos
723 3796 899 3863 appellavere
911 3797 1055 3863 Agrippas,
1066 3802 1097 3845 ut
1107 3808 1153 3845 ae·

349 3883 397 3936 gre
409 3858 524 3935 paitost
547 3864 669 3929 qualiter
687 3866 726 3917 iti.
738 3867 885 3933 Agrippam
907 3864 1001 3916 ferunt
1020 3867 1154 3932 genitum,

350 3936 432 3987 unico
444 3948 531 4001 prope
544 3933 690 3986 felicitatis
701 3935 830 4000 exenrplo
840 3936 868 3983 in
879 3933 1007 3984 omuibus
1024 3932 1059 3985 ad
1083 3933 1154 3984 hunc

349 4005 459 4057 modum
470 4005 581 4073 genitis.
618 4005 781 4068 Quanquam
804 4004 828 4051 is
848 4016 956 4069 queque
978 4004 1095 4054 adversa
1109 4017 1153 4066 pe·

348 4075 412 4127 dum
421 4074 591 4135 svaletudine,
603 4074 705 4125 misera
716 4073 844 4130 lurcnta,
864 4071 988 4122 exercito
1010 4086 1071 4123 sevo
1083 4071 1155 4123 inter

348 4160 426 4197 eruta
436 4152 604 4210 mortesque,
624 4141 659 4192 ed
681 4141 765 4191 noxia
786 4154 923 4201 successu,
946 4140 1049 4191 infelici
1070 4142 1154 4191 terris

347 4216 434 4281 stirpe
444 4215 528 4277 omni,
549 4211 598 4263 sed
619 4224 668 4277 per
689 4215 821 4277 utrasque
837 4209 1003 4277 Agrippinas
1024 4211 1154 4274 maxime,

348 4299 418 4350 quae
431 4286 526 4336 Caium
537 4288 566 4333 et
576 4280 731 4332 Donaitium
745 4279 881 4335 Neronem
894 4279 1033 4347 principes
1054 4295 1155 4349 genue-

347 4367 392 4409 re,
415 4352 533 4403 totidem
546 4351 622 4403 faces
633 4348 866 4419 generislrumani
879 4367 886 4400 e
908 4359 1054 4415 praeterea
1065 4350 1155 4401 breri-

346 4426 407 4471 tate
418 4421 496 4480 scri,
517 4420 744 4488 quinquagesimo
757 4435 811 4471 uno
829 4426 925 4486 raptus
940 4434 1027 4480 anno,
1047 4421 1075 4470 in
1098 4427 1155 4471 tur·

348 4487 449 4540 mentis
461 4489 664 4541 adulteriorum
681 4490 820 4557 coniugis,
841 4491 985 4556 socerique
1007 4489 1155 4558 praegravi

348 4555 476 4618 servitio,
496 4556 736 4627 luisseaugurium
749 4560 920 4626 praeposteri
938 4559 1039 4610 natalis
1060 4559 1154 4611 existi·

349 4631 450 4677 matur.
485 4624 623 4677 Neronem
636 4642 746 4694 quoque
758 4629 841 4694 paulo
861 4636 927 4681 ante
947 4629 1106 4697 principem,
1126 4634 1155 4678 et

349 4700 410 4747 toto
423 4693 579 4759 principatu
590 4709 641 4745 suo
652 4694 760 4747 hostem
771 4699 880 4764 generis
892 4697 1016 4759 humaui,
1038 4697 1154 4763 pedibus

349 4763 473 4832 genitum
487 4776 588 4829 parens
605 4763 665 4813 eius
683 4764 781 4815 scribit
791 4769 952 4833 Agrippina.
988 4768 1054 4819 Ritu
1076 4774 1154 4818 natu·

349 4847 396 4884 rae
409 4833 500 4898 capite
512 4829 649 4882 bominem
660 4834 735 4900 gigni
749 4848 807 4883 mos
816 4842 869 4895 est,
882 4836 1000 4902 pedibus
1009 4835 1112 4888 efferri.

385 4900 443 4953 Vll.
463 4902 641 4966 auspicatius
652 4909 749 4953 enecta
760 4911 874 4967 parente
894 4906 1062 4971 gignuntur:
1083 4906 1155 4956 sieut

349 4968 442 5036 Scipio
453 4969 598 5021 Africanus
609 4970 686 5035 prior
697 4978 785 5031 natus,
806 4971 964 5038 primusque
976 4976 1127 5025 Caesarum
1138 4989 1155 5024 a

349 5052 430 5091 caeso
440 5040 543 5090 matris
554 5048 634 5090 uteru
647 5039 754 5090 dietus:
770 5038 869 5104 quade
881 5055 964 5091 causa
977 5052 1005 5095 et
1016 5046 1155 5095 Caesones

349 5108 491 5174 appellati.
528 5106 618 5158 Simili
630 5107 712 5159 modo
731 5116 812 5159 naurs
829 5107 1012 5174 ethianilius,
1034 5113 1156 5179 quicar·

349 5176 427 5229 tha'
482 5178 838 5229 rcumexeecltuintmvit.

412 5246 459 5297 lil.
476 5244 615 5313 Vopiscus
625 5245 827 5313 appellabaris
837 5247 965 5314 geminis,
987 5251 1034 5316 qui
1050 5252 1154 5305 retenti

349 5324 430 5367 atero
440 5322 630 5379 nascerentur,
640 5316 732 5367 altero
743 5316 892 5367 interemto
904 5318 1013 5369 abortu.
1029 5320 1154 5391 Namque

350 5388 479 5447 manime,
489 5384 544 5439 etsi
554 5398 628 5447 rara,
639 5386 715 5437 circa
725 5384 777 5437 huc
788 5385 923 5438 miracula
933 5388 1078 5441 exsistunt.

385 5454 431 5507 lx.
444 5455 566 5510 'Praeter
573 5455 729 5518 mulierem,
751 5471 840 5522 pauca
851 5456 983 5507 animalia
994 5457 1095 5509 coitum
1108 5476 1155 5514 no·

350 5525 550 5592 reregrarids.
584 5526 675 5577 ilnum
693 5525 803 5594 quidem
825 5530 947 5588 omnino,
968 5531 1016 5578 aut
1037 5529 1155 5582 alteram

350 5594 533 5659 superfuerat.
569 5595 709 5650 hetin
723 5597 911 5657 monumentis
929 5596 1013 5652 etlam
1033 5596 1155 5651 medico·

1208 314 1405 378 alsrult.
1449 312 1532 375 LlB.
1557 314 1633 374 Vll.
1675 310 1756 373 CAP.
1782 320 1827 379 b·
1845 316 1891 375 ll.

1208 476 1280 527 rum,
1293 472 1323 519 et
1333 467 1432 534 quibus
1442 466 1512 517 talia
1523 464 1680 516 consectari
1690 479 1774 520 curae
1786 465 1849 531 fuit,
1869 482 1928 520 uno
1939 470 2019 524 abor.

1208 536 1398 590 tuduodecim
1421 534 1569 603 puerperia
1589 540 1693 603 egesta.
1730 534 1784 588 Sed
1805 538 1853 599 ubi
1874 540 2019 607 paululum

1209 608 1343 673 temporis
1355 607 1428 657 inter
1439 604 1510 655 duos
1521 610 1673 670 conceptus
1685 605 1860 670 intercessit,
1869 615 2019 680 utrumque

1210 677 1369 744 perferturr
1390 682 1421 726 ut
1432 675 1461 725 in
1473 673 1593 725 Hercule
1605 680 1634 725 et
1644 673 1749 741 iphicle
1760 675 1849 730 fratre
1860 677 1921 730 eius
1934 695 2020 750 appa·

1211 746 1285 797 ruit:
1308 751 1337 798 et
1346 745 1375 796 in
1387 760 1435 807 en,
1455 756 1526 810 quae
1537 744 1648 810 gemino
1660 750 1755 810 partu,
1778 745 1897 798 alterum
1914 752 2018 803 marito

1210 815 1339 877 similem,
1359 815 1533 879 alterumque
1554 812 1680 864 adultero
1697 815 1812 882 genuit:
1835 817 1901 867 item
1913 818 1941 869 in
1954 820 2018 872 l’ro·

1210 885 1341 936 connesia
1352 884 1466 946 aneilla,
1486 898 1557 950 quae
1569 882 1692 934 eiusdem
1713 880 1770 934 diei
1785 884 1876 947 coitu,
1896 888 2017 941 alterum

1211 952 1323 1005 donrino
1333 954 1461 1014 similem,
1472 953 1591 1004 altemm
1603 954 1777 1017 procuratori
1790 956 1864 1006 eius:
1876 964 1905 1008 et
1915 957 1942 1008 in
1954 959 2019 1021 alia,

1211 1037 1281 1089 quae
1292 1039 1375 1074 unum
1393 1023 1467 1072 iusto
1482 1028 1578 1088 partu,
1601 1022 1721 1088 quinque
1739 1024 1876 1077 mensium
1897 1028 2017 1080 alterum

1210 1092 1308 1144 edidit.
1345 1092 1452 1142 Rursus
1461 1092 1491 1141 in
1504 1092 1573 1153 alia,
1593 1105 1664 1159 quae
1675 1097 1781 1158 septem
1795 1095 1931 1147 mensium
1943 1098 2018 1150 editu

1209 1161 1367 1229 puerperio,
1378 1161 1509 1211 insecutis
1520 1161 1662 1213 mensibus
1672 1161 1798 1229 geminos
1810 1164 1894 1216 enixa
1906 1173 1957 1217 est.

1243 1232 1279 1282 X.
1293 1231 1349 1281 lam
1361 1230 1412 1281 illa
1422 1229 1626 1297 vulgatarmic
1637 1245 1671 1283 ex
1680 1231 1798 1300 integris
1808 1240 1923 1287 truncos
1933 1234 2018 1305 gigni,

1210 1299 1360 1351 extrancis
1372 1300 1507 1367 integros,
1527 1299 1680 1367 eademque
1691 1310 1773 1368 parte
1784 1311 1898 1356 truncos
1910 1322 1917 1356 ε
1937 1307 2018 1374 signa

1210 1367 1354 1436 quaedam,
1366 1383 1536 1435 naevosque,
1557 1371 1742 1423 etaicatrices
1754 1372 1839 1424 etiam
1857 1377 2018 1443 regenerari

1209 1446 1311 1505 quarto
1323 1444 1413 1504 partu.
1430 1438 1570 1489 Dacorum
1581 1439 1701 1507 originis
1712 1449 1778 1492 nota
1790 1443 1818 1492 in
1830 1442 1946 1495 brachio
1956 1445 2017 1497 reti·

1210 1508 1294 1559 ditur.
1330 1509 1360 1559 ln
1373 1507 1539 1573 Lepidorum
1552 1515 1635 1576 gente
1645 1516 1719 1571 tres,
1738 1511 1900 1563 intermisso
1912 1513 2017 1578 ordine,

1210 1577 1330 1630 obducto
1343 1576 1504 1627 membrana
1515 1577 1607 1641 uculo,
1618 1579 1729 1646 genitos
1741 1581 1908 1646 accepimus.
1937 1582 2018 1635 Simi-

1209 1647 1252 1698 les
1262 1647 1374 1712 quidem
1387 1646 1459 1696 alios
1470 1661 1522 1696 aro
1536 1663 1542 1697 τ
1563 1655 1592 1699 et
1603 1662 1637 1698 ex
1649 1649 1764 1713 geminis
1775 1664 1884 1716 quoque
1897 1652 2017 1704 alterum

1208 1717 1294 1782 patri,
1305 1716 1422 1766 alterum
1434 1716 1517 1766 mutrl
1530 1733 1536 1765 :
1558 1731 1685 1784 annoque
1693 1725 1758 1785 post
1769 1720 1904 1785 genitum,
1914 1722 2016 1773 maiori

1209 1784 1328 1837 similem
1340 1782 1442 1847 fuisse,
1464 1792 1495 1834 nt
1506 1787 1655 1851 geminum.
1691 1787 1828 1848 Quasdam
1841 1787 1894 1840 sibi
1907 1792 2017 1848 similes

1209 1868 1320 1921 semper
1331 1867 1438 1919 parere,
1450 1855 1582 1920 quasdam
1594 1849 1664 1917 viro,
1685 1856 1818 1924 quasdam
1829 1858 1916 1922 nulli,
1937 1876 2019 1928 quas·

1210 1923 1273 1976 dam
1286 1924 1415 1975 feminam
1428 1925 1510 1990 patri,
1532 1938 1635 1977 nsarem
1656 1926 1721 1977 sibi.
1758 1926 1949 1980 indubitatum
1972 1942 2018 1983 ex·

1211 1993 1385 2060 emplumest
1395 1993 1492 2045 Nicaei
1504 1994 1604 2044 nubilis
1617 2003 1718 2061 pyctae
1725 1994 1964 2065 Byzantiigcniti,
1970 2002 2017 2068 qui

1210 2062 1351 2115 adulterio
1363 2061 1506 2129 aethiopis
1518 2070 1584 2114 natu
1593 2070 1698 2125 matre,
1719 2064 1759 2114 nil
1771 2081 1788 2116 a
1805 2067 1908 2119 ceteris
1925 2069 2018 2122 eulura

1209 2131 1366 2194 differente,
1375 2134 1436 2197 ipse
1447 2146 1525 2183 avum
1539 2133 1713 2200 regeneravit
1724 2132 1897 2203 Aethiopem.

1246 2201 1465 2253 Similitudinum
1479 2202 1589 2269 quidem
1600 2203 1629 2253 in
1641 2210 1733 2255 niente
1750 2206 1892 2270 reputatio
1913 2214 1969 2270 est,
1989 2216 2018 2261 et

1210 2271 1237 2320 in
1251 2286 1304 2338 qua
1317 2269 1467 2322 credantur
1478 2271 1567 2323 multa
1576 2271 1694 2324 fortuita
1707 2272 1825 2340 pollere,
1837 2279 1919 2338 risus,
1941 2277 2019 2329 audi·

1209 2347 1265 2402 tus,
1284 2340 1433 2402 memoria,
1453 2339 1625 2409 haustaeque
1636 2345 1772 2411 imagines
1787 2346 1838 2396 sub
1849 2346 1911 2414 ipso
1922 2362 2019 2400 couce-

1210 2416 1269 2477 ptu.
1305 2410 1449 2477 Cogitatio
1471 2413 1566 2472 etiam,
1594 2413 1757 2465 utriuslibet
1777 2413 1899 2467 animum
1921 2417 2016 2468 subite
2092 2459 2097 2467 .

1209 2478 1393 2540 transvolans,
1405 2478 1537 2546 eliingere
1548 2478 1758 2534 similitudinem
1771 2491 1818 2534 aut
1830 2485 1946 2537 miseere
1959 2486 2018 2537 eai-

1208 2548 1347 2599 stimatur.
1380 2548 1501 2616 ideoque
1513 2549 1606 2616 plures
1617 2550 1644 2602 in
1658 2549 1778 2614 homine,
1796 2567 1877 2620 quam
1894 2555 1921 2604 ln
1941 2561 2018 2606 cete·

1208 2617 1248 2669 ris
1259 2617 1386 2667 omnibus
1398 2618 1565 2672 animalibus
1578 2618 1772 2673 differentiae:
1793 2624 1922 2690 quoniam
1940 2623 2019 2675 velo·

1209 2687 1280 2738 citas
1292 2686 1502 2752 cogitationum,
1513 2689 1654 2755 animique
1667 2690 1807 2753 celeritas,
1819 2699 1846 2743 et
1857 2692 1961 2761 ingenii
1971 2708 2017 2742 ra·

1209 2756 1295 2807 rietas
1307 2756 1494 2809 multiformes
1507 2765 1586 2809 notas
1599 2759 1741 2827 imprimat
1755 2777 1761 2823 ;
1773 2776 1833 2813 cum
1846 2763 1945 2813 ceteris
1957 2764 2016 2813 ani-

1208 2825 1351 2876 orantibus
1361 2825 1520 2878 immobiles
1528 2827 1584 2877 sint
1595 2828 1689 2889 animi,
1709 2838 1738 2879 et
1755 2831 1860 2883 similes
1882 2832 2017 2895 omnibus,

1209 2893 1382 2961 singulisque
1393 2895 1422 2945 in
1431 2910 1483 2946 suo
1496 2895 1596 2961 cuique
1606 2910 1717 2961 genere.
1746 2899 1883 2952 Antiocho
1893 2903 1955 2968 regi
1966 2900 1984 2953 S
2008 2927 2019 2941 ·

1208 2965 1267 3014 riae
1277 2978 1293 3014 e
1303 2962 1384 3027 plebe
1395 2965 1507 3015 nomine
1519 2965 1650 3014 Artemon
1661 2966 1689 3013 in
1708 2971 1815 3015 tantum
1835 2967 1937 3020 similis
1955 2968 2019 3037 furt,

1208 3039 1239 3083 ut
1251 3030 1372 3082 Laodice
1383 3032 1486 3083 coniux
1498 3032 1593 3098 regia,
1613 3038 1712 3083 necato
1725 3031 1780 3082 iam
1791 3035 1943 3099 Antiocho,
1965 3039 2018 3089 mi·

1207 3114 1281 3150 mum
1296 3113 1344 3164 per
1355 3114 1416 3149 eum
1429 3099 1691 3166 commendationis,
1715 3104 1847 3185 regnique
1864 3108 2021 3159 successio·

1208 3170 1250 3219 nis
1263 3168 1411 3234 peregerit.
1435 3170 1539 3237 ltlagno
1551 3169 1685 3237 Pompeio
1696 3170 1796 3224 Vibius
1808 3173 1918 3240 quidam
1931 3191 1946 3227 e
1959 3177 2018 3242 ple·

1207 3238 1251 3299 be,
1263 3243 1291 3287 et
1301 3234 1442 3290 l‘ublicius
1454 3239 1537 3292 etiam
1548 3243 1685 3294 servitute
1697 3242 1843 3307 liberatus,
1863 3244 2019 3301 indiscrete

1207 3321 1293 3374 prope
1304 3309 1398 3375 specie
1410 3307 1488 3361 fuere
1499 3310 1621 3374 similes,
1641 3312 1713 3364 illud
1725 3328 1757 3363 os
1767 3314 1884 3382 probum
1900 3316 2018 3369 redden·

1208 3384 1260 3440 tes,
1272 3380 1415 3447 ipsumque
1425 3376 1561 3435 honorem
1572 3381 1692 3434 eximiae
1703 3382 1814 3434 frontis.
1838 3385 1940 3447 Qualis
1950 3402 2016 3439 cau·

1207 3462 1240 3498 sa
1251 3448 1324 3514 patri
1334 3463 1444 3515 quoque
1456 3449 1531 3513 eius,
1552 3450 1717 3519 Menogenis
1729 3453 1790 3504 coci
1806 3453 1849 3503 sui
1862 3469 2015 3521 cognomen

1209 3517 1341 3583 imposuit
1352 3516 1500 3569 Strabonis
1511 3534 1527 3569 a
1539 3520 1631 3586 specie
1643 3522 1787 3572 oculorum
1802 3537 1899 3574 nonten
1915 3522 2016 3575 hahen-

1208 3587 1259 3649 tis,
1277 3588 1376 3637 rhium
1387 3587 1519 3638 imitata:
1540 3596 1569 3639 et
1577 3587 1703 3655 Scipioni
1721 3589 1748 3639 in
1765 3606 1844 3643 serro
1866 3594 2017 3644 rictinraril

1208 3653 1360 3723 Serapione
1371 3657 1561 3724 negotiatoris
1571 3657 1621 3707 rili
1634 3659 1779 3725 mancipio.
1817 3660 1947 3714 Eiusdem
1971 3661 2015 3714 fa·

1209 3726 1303 3776 miliae
1314 3723 1437 3790 Scipioni
1458 3732 1521 3792 post
1535 3738 1597 3777 eum
1619 3742 1771 3794 cognormn
1783 3728 1893 3781 Salutio
1914 3732 2016 3783 mimam

1209 3793 1304 3844 dedit:
1335 3794 1407 3845 sieut
1427 3794 1561 3860 Spinther
1580 3796 1782 3861 secundarum,
1813 3800 2015 3867 tertiarumque

1208 3860 1378 3929 Pamphilus,
1389 3863 1509 3931 collegio
1521 3863 1636 3916 bentuli
1648 3872 1675 3917 et
1686 3867 1793 3920 ltletelli
1806 3882 1880 3921 coss.
1914 3873 1948 3922 'ln
1960 3884 2014 3939 quo

1208 3946 1342 4000 perquam
1354 3933 1514 3999 importune
1524 3932 1671 3986 fortuitum
1684 3934 1737 3987 hoc
1748 3953 1856 4007 quoque
1868 3938 1934 4000 fuit,
1947 3938 2015 3990 duo·

1206 4016 1267 4053 runi
1277 4002 1360 4053 simul
1373 4003 1523 4081 Consulum
1535 4003 1562 4054 in
1575 4018 1659 4055 scena
1669 4005 1807 4074 imagines
1818 4008 1901 4058 cerni.
1938 4008 1961 4059 R
1977 4008 2016 4059 di·

1207 4086 1286 4123 terso
1297 4071 1330 4122 {l-
1341 4070 1462 4123 Plancus
1472 4077 1581 4135 erator,
1602 4072 1731 4126 histrioni
1745 4076 1848 4127 Rubrio
1861 4090 2014 4143 cognomen

1207 4140 1348 4207 imposuit.
1376 4141 1481 4192 Rursus
1492 4143 1606 4195 Curioni
1620 4144 1693 4210 patri
1703 4143 1881 4206 Burbuleius,
1893 4148 2014 4213 itemque

1207 4210 1345 4262 Messalae
1364 4211 1497 4263 censorio
1512 4211 1697 4280 Menogenes,
1718 4214 1831 4280 perinde
1853 4214 2013 4267 histriones.

1207 4278 1295 4332 Sorae
1305 4279 1416 4348 quidem
1426 4279 1605 4333 Proconsulis
1616 4284 1701 4335 etlam
1714 4285 1811 4335 rictum
1825 4286 1850 4334 in
1864 4282 2014 4353 loquendo,

1207 4352 1483 4419 contractionemque
1504 4352 1630 4421 linguae,
1652 4360 1680 4404 et
1700 4353 1833 4405 sermonis
1857 4352 2014 4419 tantaleam,

1207 4434 1260 4471 nnn
1271 4419 1420 4487 imaginem
1434 4421 1530 4483 niodo,
1554 4424 1675 4490 piscator
1687 4422 1795 4487 quidam
1808 4423 1834 4471 in
1846 4420 1941 4474 Sicilia
1952 4421 2016 4474 red·

1207 4487 1289 4539 didit.
1308 4491 1405 4541 cassio
1416 4489 1521 4543 Severo
1533 4491 1637 4544 celebri
1649 4492 1764 4551 oraturi,
1773 4492 1934 4540 armentarii
1946 4490 2017 4541 ltlir·

1206 4558 1332 4609 millonis
1359 4559 1470 4611 obiecta
1484 4560 1639 4611 similitudo
1659 4566 1711 4610 est.
1749 4556 1888 4608 'l'oranius
1911 4571 2014 4626 mango

1206 4627 1327 4679 antonio
1340 4628 1396 4677 iam
1409 4631 1564 4690 triumviro,
1578 4628 1695 4679 eximios
1707 4625 1798 4675 fornia
1808 4639 1923 4691 pueros,
1944 4629 2015 4681 alte·

1206 4710 1266 4746 rum
1279 4696 1306 4746 in
1316 4696 1383 4746 Asia
1394 4697 1527 4764 genitum,
1547 4697 1666 4746 alterum
1678 4702 1755 4744 trans
1766 4693 1856 4759 lllpes,
1875 4700 1907 4745 ut
1926 4701 2013 4763 genii.

1207 4780 1258 4815 nos
1270 4764 1411 4815 vendidit:
1432 4770 1511 4814 anta
1527 4764 1620 4814 unitas
1636 4769 1705 4813 erat.
1742 4762 1892 4829 Postquam
1915 4765 2015 4820 deinde

1206 4846 1334 4883 senuenc
1344 4847 1492 4898 puerorum
1505 4832 1615 4883 detecta
1627 4830 1753 4882 lrautiea
1770 4832 1880 4884 furente
1897 4834 2013 4903 increpi-

1208 4906 1252 4951 tus
1263 4901 1386 4951 llntouio
1400 4908 1456 4964 est,
1470 4904 1542 4953 inter
1553 4901 1838 4967 dliansagnitudinem
1851 4904 1935 4968 pretii
1950 4918 2014 4956 eon·

1207 4976 1354 5036 querente,
1373 4974 1453 5029 (nam
1465 4969 1592 5022 ducentis
1608 4976 1748 5023 mercatus
1764 4978 1825 5023 crat
1844 4973 2014 5036 sestertiisti

1206 5038 1489 5104 responditversutus
1505 5041 1612 5108 ingenii
1628 5052 1744 5109 mango,
1767 5041 1802 5092 ob
1821 5042 1850 5093 id
1871 5043 1961 5109 ipsum
1981 5056 2014 5094 ee

1206 5110 1278 5159 tanti
1290 5108 1464 5169 vendidisse,
1486 5110 1617 5177 quonlam
1630 5127 1683 5161 non
1695 5118 1768 5162 esset
1779 5112 1850 5163 mira
1859 5110 2013 5164 similitudo

1206 5178 1234 5228 in
1244 5176 1312 5229 ullls
1322 5177 1420 5230 eodem
1431 5185 1511 5230 utero
1522 5180 1622 5231 editis:
1642 5180 1812 5233 diversarum
1824 5180 1935 5250 quidem
1945 5196 2012 5250 gen·

1206 5249 1277 5299 tium
1297 5248 1406 5299 natales
1427 5258 1483 5299 tam
1505 5250 1636 5301 concordi
1658 5251 1747 5319 figora
1767 5254 1901 5319 reperiri,
1930 5264 2014 5317 super

1207 5332 1316 5369 onrnem
1328 5333 1388 5369 esse
1401 5318 1582 5370 taxationem.
1618 5319 1749 5388 Adeoque
1759 5324 1951 5390 tempestiuam
1963 5318 2012 5370 ad·

1207 5387 1385 5440 mirationem
1396 5387 1499 5449 intulit,
1510 5396 1542 5439 ut
1552 5389 1601 5441 llle
1612 5392 1786 5457 proscriptor
1796 5393 1917 5451 animus,
1931 5387 2013 5440 modo

1208 5464 1236 5509 et
1249 5456 1416 5509 contumelia
1428 5455 1538 5521 furens,
1561 5470 1617 5513 neti
1628 5460 1704 5515 aliud
1723 5462 1848 5513 incensu
1870 5461 1957 5525 magn
1978 5472 2013 5513 ex

1208 5527 1322 5579 lmtnns
1333 5542 1383 5577 sua
1393 5524 1516 5579 duceret.

1243 5597 1289 5649 Rl.
1306 5596 1502 5663 listquaedam
1514 5598 1645 5666 privatim
1662 5596 1825 5652 iilssocilstio
1847 5606 2013 5662 armorum:
