4374 6014
302 316 307 325 “
339 306 402 371 ιιι
494 306 527 369 c.
552 302 702 366 aaran
736 299 946 364 uacuum
981 299 1147 363 aaron
1169 298 1362 362 nrsron.
1385 298 1467 359 sva.
1488 295 1645 358 xxxn.
1676 299 1769 361 cnr.
1791 307 1916 367 ιιι.

341 456 493 511 dmiatiles
504 457 533 509 in
545 457 607 508 cibo
615 459 754 509 recentes.
780 451 901 515 Quidam
913 452 949 506 oh
960 452 990 506 id
1000 458 1146 507 asservant

342 527 412 590 sule,
424 535 455 579 ut
466 527 534 578 dant
543 524 625 576 tritas
636 524 663 574 in
674 530 751 590 potu.

378 595 507 649 xxxix.
525 592 649 645 strombi
660 594 689 644 ia
699 597 779 644 aceto
793 589 954 658 putrefacti,
973 589 1144 660 lethargicos

344 662 574 720 excitautodore.
612 662 733 717 Prosunt
743 667 772 714 et
781 660 927 713 cardiacis.
964 660 1144 724 Cachectieis,

344 750 463 804 quorum
485 747 584 798 corpus
600 732 689 784 macie
701 733 858 793 conficitur,
880 733 977 783 tethea
987 730 1070 782 utilia
1079 735 1144 782 sunt

345 818 407 857 cum
418 808 523 854 ratane
533 800 626 853 melle.
662 801 835 869 llydropicis
853 800 979 852 medetur
988 801 1074 866 adeps
1085 799 1144 851 del·

343 872 423 943 phini
433 872 564 937 liquatus,
575 885 636 921 cum
648 874 712 922 vino
725 878 818 938 potus.
829 870 967 922 Gravitati
978 870 1088 935 saporis
1099 885 1144 921 oc·

345 942 468 995 curritur
487 941 569 991 tactis
580 941 694 992 naribus
704 946 856 1009 unguento,
878 946 927 991 aut
937 939 1080 1001 odoribus,
1101 938 1144 990 vel

344 1023 457 1078 quoquo
466 1004 551 1060 modo
565 1009 711 1061 obturatis.
737 1008 861 1062 Strornbi
872 1023 981 1077 quoque
992 1023 1088 1062 carnes
1096 1010 1145 1060 tri·

342 1086 400 1141 tae,
419 1086 448 1131 et
458 1079 485 1130 in
496 1079 579 1130 mulsi
589 1080 678 1131 tribus
690 1079 808 1131 heminis
821 1078 974 1145 parimodo
985 1093 1084 1145 aquae,
1095 1085 1145 1128 ant

344 1149 368 1200 si
379 1147 472 1201 febres
483 1149 548 1210 sint,
561 1165 595 1202 es
607 1164 679 1217 aqna
690 1150 781 1200 auulsa
792 1148 877 1201 datae
887 1148 1046 1216 proficiunt.
1074 1149 1144 1199 ltena

343 1233 444 1271 succus
464 1232 627 1270 cancrorum
644 1216 822 1271 fluviatilium
844 1234 904 1270 cunr
921 1218 1013 1270 melle.
1050 1217 1145 1268 Ranae

344 1302 454 1355 quoque
465 1291 611 1355 aquaticae
631 1290 659 1339 in
677 1289 740 1340 vino
751 1295 889 1340 retereet
909 1287 984 1340 farre
1003 1286 1145 1348 decoctae,

344 1372 378 1410 ac
400 1372 451 1424 pro
472 1359 535 1409 cibo
555 1364 673 1420 sumine,
692 1360 735 1409 ita
754 1365 785 1409 ut
797 1358 907 1410 bibatur
918 1372 952 1409 ex
963 1356 1060 1411 eodem
1072 1372 1145 1408 vase.

345 1425 398 1479 Vel
411 1427 523 1481 testudo
534 1426 635 1479 decisis
647 1428 771 1493 pedihus,
783 1428 885 1494 capite,
895 1426 1028 1489 candaci
1039 1427 1146 1477 intesti-

343 1496 387 1548 nis
397 1495 527 1558 exeratis,
537 1496 648 1563 reliqua
658 1513 742 1549 carne
753 1498 794 1548 ita
806 1497 928 1555 cortdita,
940 1504 972 1547 ut
983 1497 1054 1550 citra
1065 1496 1147 1546 fasti·

344 1565 422 1618 dium
432 1565 505 1616 sumi
516 1567 614 1631 possit.
651 1567 748 1619 caueri
758 1566 908 1619 fluviatiles
928 1580 963 1619 ea
977 1566 1039 1619 iure
1051 1565 1147 1628 sumti,

344 1640 375 1688 et
384 1633 531 1701 phthisicis
543 1635 676 1702 prodesse
685 1637 845 1687 traduntur.

379 1703 441 1755 xl..
463 1703 569 1755 Adusta
580 1706 818 1759 sanantureancri
835 1703 935 1758 marini
944 1704 990 1757 rel
1000 1703 1147 1756 fluviatilis

345 1772 452 1824 cisterc:
464 1779 492 1824 et
503 1788 537 1824 ea
547 1772 743 1840 quaeserveuti
751 1774 1054 1844 aqnacombustasunt.
1068 1774 1146 1826 llaec

345 1841 456 1894 curatio
476 1840 561 1893 ctiam
581 1843 657 1909 pilos
668 1846 795 1897 restituit
810 1861 872 1897 cum
883 1858 1015 1896 ranarum
1027 1842 1146 1894 fluviati-

342 1910 413 1962 lium
427 1910 528 1962 cinere.
564 1911 669 1964 Putant
689 1915 866 1967 ueniendum
879 1930 940 1966 cum
952 1927 1017 1965 cera
1027 1918 1055 1964 et
1065 1912 1147 1978 adipe

344 1980 453 2031 ursino.
489 1979 610 2034 Prodest
622 1982 679 2033 etii
700 1986 821 2036 rinarnm
835 1983 947 2050 pellium
959 1982 1035 2034 cinis.
1068 1982 1147 2050 lgnes

344 2064 441 2101 sacros
462 2050 641 2117 restinguunt
659 2068 792 2105 ranarum
811 2054 964 2105 virentium
975 2057 1085 2102 ventres
1098 2052 1147 2102 im·

342 2119 444 2242 positia
466 2119 582 2185 pedihus
602 2123 805 2188 posterioribus
826 2138 926 2189 pronas
942 2121 1094 2188 adalligari
1105 2122 1146 2172 iu·

366 2194 423 2251 crat,
435 2194 466 2239 ut
476 2188 618 2243 crebriore
630 2190 754 2244 anhelitu
767 2192 883 2259 prosint.
907 2192 1030 2243 Utuntur
1040 2198 1068 2242 et
1079 2192 1147 2241 silu-

344 2272 441 2309 rorum
453 2258 574 2325 cupitum
585 2260 687 2323 cinere,
695 2263 926 2314 salsamentorum
937 2275 971 2312 ex
983 2267 1071 2313 aceto.
1082 2259 1149 2310 Pru·

345 2329 431 2379 ritum
443 2329 618 2398 icabiemque
631 2347 684 2383 non
698 2330 839 2383 hominum
860 2330 952 2394 niodo,
973 2329 1022 2381 sed
1041 2337 1069 2381 et
1080 2344 1147 2396 qua·

346 2395 500 2463 drupedunr
513 2398 704 2452 efficacissime
714 2402 794 2454 sedat
805 2402 883 2454 iecur
893 2402 1056 2469 pastinacae
1068 2399 1149 2453 deco·

346 2466 551 2521 ctumiaoleo.

281 2568 292 2576 ⁶
380 2535 455 2588 xm.
474 2536 581 2591 Nervus
601 2540 645 2592 vel
666 2542 808 2610 praecisos
831 2555 1018 2608 purpurarum
1038 2537 1149 2600 callum,

274 2636 283 2651 ·
347 2619 443 2673 quase
455 2609 594 2673 operiunt,
613 2617 705 2662 tusam
718 2613 845 2678 glutinat.
882 2610 1148 2675 'l'etanicuscoagu-

345 2673 405 2728 lam
417 2677 498 2728 rituli
509 2678 624 2731 adiuvat
635 2681 664 2731 in
675 2684 738 2732 rino
747 2679 924 2748 potumoboli
933 2678 1067 2746 pondere:
1079 2678 1146 2729 item

345 2744 548 2813 ichthyocolla.
584 2750 732 2802 'l'remulos
743 2760 910 2812 castoreum,
930 2752 954 2800 si
966 2764 1001 2801 ex
1012 2747 1075 2800 oleo
1087 2762 1147 2814 per·

346 2829 383 2866 un
406 2822 497 2868 antur.
534 2814 639 2869 Muilos
650 2822 677 2869 in
690 2819 751 2870 cibo
762 2820 876 2872 inutiles
887 2819 982 2871 rvervis
993 2817 1111 2869 invenio.

411 2884 469 2934 fill.
488 2883 655 2952 Sanguinem
670 2889 729 2940 fleri
743 2890 857 2954 piscium
880 2888 942 2939 cibo
956 2894 1064 2955 putant,
1084 2885 1149 2936 sisti

343 2951 451 3020 polypo
473 2959 536 3004 tuso
557 2955 691 3024 illitoque.
729 2958 771 3010 De
791 2973 845 3026 quo
867 2964 897 3008 et
908 2955 976 3008 haec
987 2953 1148 3007 tradunturs

342 3022 462 3073 ιιιιιιιιιιι
475 3022 564 3088 ipsum
576 3040 610 3076 es
622 3042 684 3078 sese
696 3027 834 3087 emittere,
855 3032 883 3076 et
898 3025 961 3077 ideo
982 3040 1036 3076 non
1048 3023 1149 3076 dehere

344 3090 412 3141 adai
423 3091 452 3139 in
462 3090 619 3157 coquendo:
632 3095 723 3145 secari
730 3094 880 3145 arundine:
894 3093 969 3145 ferro
979 3093 1051 3145 eninr
1064 3092 1149 3154 infici,

346 3157 504 3224 vitiumque
515 3158 629 3217 trahere
639 3169 740 3213 natura
752 3163 905 3214 desinente.
932 3161 972 3212 nd
984 3163 1147 3230 sanguinem

344 3227 501 3280 sistendum
523 3235 551 3280 et
570 3244 699 3283 ranarum
712 3232 822 3284 illinunt
832 3231 963 3293 cinerem,
983 3232 1149 3300 reisangui·

343 3312 409 3350 nem
421 3297 616 3350 inarefactum.
646 3302 763 3366 Quidam
775 3318 810 3354 es
821 3317 855 3353 ca
864 3317 942 3364 rana,
954 3316 1034 3369 quam
1047 3301 1149 3353 Graeci

346 3367 498 3420 calamiten
508 3376 618 3433 vocant,
630 3374 761 3438 quoniam
774 3373 848 3424 inter
859 3369 1009 3424 arundines
1020 3371 1149 3424 frutices·

346 3454 401 3506 quc
411 3438 495 3499 vivat,
506 3440 621 3491 minima
631 3443 752 3492 omnium
762 3449 790 3494 et
799 3441 977 3503 viridissima,
986 3442 1148 3510 sanguinem

345 3507 503 3559 cineremve
524 3508 583 3558 lieri
602 3509 705 3561 iubent.
741 3511 833 3579 Aliqui
844 3519 872 3563 et
883 3512 1054 3563 nascentium
1066 3525 1148 3563 rana·

344 3590 407 3627 rum
419 3574 447 3625 in
459 3589 541 3641 aqua,
563 3576 661 3644 quibus
673 3578 764 3632 adbuc
776 3580 864 3632 cauda
875 3587 927 3645 est,
938 3583 965 3632 in
979 3579 1066 3633 calice
1078 3595 1148 3632 novo

346 3644 552 3695 combustarum
574 3647 702 3709 cinerem,
724 3649 749 3699 si
762 3663 811 3715 per
821 3665 901 3701 nares
923 3648 1001 3712 uuae
1024 3651 1149 3702 iniicien·

314 3720 317 3725 '
345 3709 420 3761 dnm.
440 3710 574 3761 Diversus
584 3711 752 3778 hirudinum,
763 3732 832 3783 quas
842 3719 1026 3785 sanguisugas
1036 3727 1148 3781 vocant,

345 3778 383 3831 ad
395 3776 597 3860 extrahendum
607 3784 770 3848 sanguinem
779 3801 845 3837 usus
857 3793 909 3838 est.
930 3789 1038 3853 Quippe
1050 3789 1147 3840 eudem

344 3854 422 3903 ratio
433 3860 538 3910 earum,
550 3864 623 3915 qnae
633 3854 870 3905 cucurbitularum
882 3855 1101 3921 medicinalium,
1113 3857 1149 3908 ad

345 3931 465 3985 corpora
476 3916 594 3970 levanda
604 3923 752 3990 sanguine,
771 3923 942 3991 spiramenta
953 3924 1087 3988 laxanda,
1108 3926 1149 3977 iu·

345 3987 465 4041 dicatur.
503 3986 557 4040 Sed
570 3989 684 4055 vitium,
706 3994 779 4061 quod
791 3993 929 4045 admissae
944 3995 1030 4047 semel
1042 3995 1148 4048 deside·

344 4059 419 4110 rium
431 4056 537 4110 faciunt
548 4060 622 4111 circa
633 4062 728 4113 eadem
741 4070 868 4131 tempora
884 4064 948 4116 anni
959 4080 1069 4131 senaper
1079 4065 1149 4119 eius·

327 4128 409 4199 ‘dem
422 4126 586 4181 medicinae.
599 4131 681 4183 Multi
694 4132 825 4202 podagris
837 4148 947 4201 quoque
959 4134 1148 4189 admittendas

343 4213 485 4252 censuere.
520 4198 662 4252 Decidunt
672 4203 817 4266 satietate,
837 4211 865 4256 et
877 4204 998 4270 pondere
1009 4206 1071 4273 ipso
1083 4221 1147 4257 san·

343 4269 437 4337 guinis
448 4268 604 4331 detractae,
625 4278 675 4323 aut
686 4274 744 4324 sule
765 4288 904 4343 aspersas.
940 4274 1095 4342 Aliquando
1107 4284 1147 4326 ta-

342 4352 409 4389 men
419 4340 502 4388 afllxa
513 4339 674 4404 relinquunt
686 4345 788 4409 capita,
806 4359 876 4410 quae
887 4359 972 4395 causa
982 4344 1098 4397 vulnera
1108 4347 1148 4397 in·

343 4404 485 4456 sanabilia
496 4407 570 4469 fucit,
582 4415 609 4459 et
620 4411 721 4462 multos
731 4412 878 4475 interimit,
888 4414 1146 4466 sicutMessalinnm

344 4487 361 4524 e
380 4473 569 4527 consularibus
592 4479 726 4542 patriciis,
747 4495 809 4531 cum
829 4482 864 4532 ad
877 4497 968 4549 genua
979 4484 1146 4536 admisisset.

342 4539 482 4592 lnvchuat
491 4546 567 4597 viras
580 4548 704 4599 remedio
716 4564 811 4601 verso:
830 4554 1006 4620 maximeque
1016 4553 1096 4605 rufae
1107 4554 1148 4604 ita

344 4605 545 4663 formidantur.
583 4617 658 4682 Ergo
679 4620 809 4685 augentia
824 4634 874 4670 ora
886 4617 1028 4672 forficibus
1039 4622 1146 4690 praeci·

344 4678 429 4729 dunt:
440 4680 570 4760 antelati
584 4685 747 4749 siphonibus
760 4688 990 4756 defiuitsanguis:
1003 4692 1148 4755 paulatim·

345 4760 400 4813 que
411 4750 587 4802 monentium
601 4757 695 4820 capita
705 4773 736 4809 se
746 4754 922 4818 connubunt,
931 4773 980 4809 nec
991 4758 1148 4825 relinquun-

344 4823 400 4867 tur.
437 4814 544 4869 Natura
555 4835 649 4872 earum
662 4825 826 4879 adversatur
838 4827 995 4890 cimicibus,
1016 4827 1147 4879 etsuffitu

346 4890 429 4936 necat
440 4899 497 4935 eos.
509 4885 681 4967 fibrinarum
695 4889 808 4962 peliiu'nv
822 4911 883 4947 cum
892 4898 954 4962 pice
963 4896 1147 4965 liquidacom-

344 4954 490 5005 bustarum
503 4958 582 5019 ernis,
605 4966 712 5013 uarium
726 4962 862 5031 profluvia
872 4966 958 5031 sistit,
976 4981 1059 5019 succo
1071 4966 1148 5035 porri

244 5074 248 5081 ,
319 5024 480 5089 ,mollitus

381 5094 480 5146 xalta.
501 5091 658 5149 attrahunt
669 5100 728 5153 tela
740 5104 852 5171 corpori
872 5103 1046 5159 inhaerentia
1057 5106 1147 5173 sepia·

344 5178 406 5216 rum
418 5170 508 5216 testae
519 5179 554 5215 es
568 5179 654 5231 aqua,
674 5171 906 5226 salsamentorum
919 5191 1033 5239 carnes,
1054 5176 1149 5228 cancri

346 5233 501 5287 fluviatiles
511 5233 583 5297 triti,
593 5232 672 5287 siluri
683 5235 838 5303 fluviatilis,
847 5245 895 5311 qui
905 5251 934 5296 et
945 5245 1013 5297 alibi
1024 5260 1104 5314 quam
1118 5248 1147 5297 in

343 5302 411 5357 Nilo
422 5304 555 5367 nascitur,
572 5320 668 5358 carnes
681 5306 831 5374 impositae
842 5321 966 5365 recentes
977 5316 1037 5367 sive
1047 5318 1148 5368 salsae.

344 5372 477 5427 Eiusdem
491 5376 560 5427 einis
572 5375 702 5437 extrahit,
712 5384 740 5430 et
750 5377 847 5446 adeps:
860 5387 888 5432 et
899 5384 969 5437 cinis
979 5388 1075 5453 spinae
1087 5387 1148 5438 cius

344 5442 433 5495 vicem
445 5447 535 5509 spodii
549 5446 671 5512 praebet.

379 5511 478 5564 xilv.
498 5515 620 5569 iialcsra
637 5532 708 5585 quae
726 5523 858 5584 serpunt,
879 5524 908 5570 et
920 5533 991 5586 quae
1008 5520 1036 5571 ln
1047 5520 1148 5574 hiser-

344 5590 482 5645 ereseunt,
506 5599 539 5636 aa
552 5588 645 5655 eapite
657 5602 815 5643 maenarum
827 5589 908 5654 clais,
920 5588 966 5644 rel
975 5589 1059 5643 siluri
1069 5607 1146 5645 coer·

1196 458 1249 507 nat.
1277 451 1473 504 Carcinumata
1485 462 1628 517 pmcamm
1642 452 1735 519 capita
1746 467 1893 507 sasnrnm:
1908 440 2001 511 edica·

1196 524 1257 575 cius
1267 522 1290 573 si
1302 522 1389 574 cineri
1399 534 1495 572 earum
1506 519 1750 584 circumnatat
1761 525 1855 577 cunila
1865 527 1999 594 capitata,

1195 592 1314 661 oleoque
1333 591 1506 657 subigantur.
1537 588 1637 640 Cancri
1657 592 1757 642 marini
1772 595 1842 645 cinis
1863 598 1921 648 usti
1937 612 1999 649 curn

1194 662 1317 729 plumbo,
1337 662 1531 712 carcinomata
1550 659 1710 726 compescit.
1746 662 2000 718 Adhocetfiuris·
2035 672 2041 681 ’

1195 731 1254 783 tilis
1273 730 1378 781 suflicit
1398 742 1460 780 cam
1473 727 1565 789 melle,
1586 726 1715 795 lineaque
1728 728 1867 798 lanugine.
1906 735 2001 804 Aliqui

1195 801 1304 853 malunt
1316 800 1425 851 nlrsmen
1438 796 1548 863 melque
1557 797 1675 848 misma
1685 796 1780 851 cineri.
1797 801 2002 872 Phagedaenae

1196 870 1283 922 siluro
1293 871 1459 928 inveterato,
1466 872 1495 918 et
1505 879 1566 917 carm
1579 866 1754 919 sandaracha
1761 869 1844 922 trito:
1857 872 2002 937 cacoethe,

1196 945 1225 993 et
1245 954 1360 1001 nomae,
1380 944 1410 990 et
1430 937 1620 1003 putrescentia
1639 936 1723 1003 cybio
1742 945 1836 990 vetere
1855 948 2001 995 sanantur.

1196 1011 1314 1065 Vermes
1325 1005 1418 1059 innati
1428 1019 1556 1057 ranarum
1567 1004 1635 1057 felle
1646 1006 1797 1058 tolluntur:
1810 1009 1922 1062 fistulae
1933 1026 1998 1080 ape·

1196 1078 1321 1140 riantur,
1343 1079 1538 1143 siccanturque
1556 1075 1735 1128 salsamentis
1747 1092 1809 1129 cum
1820 1077 1939 1132 linteolo
1949 1084 1998 1135 irn.

1197 1148 1301 1201 missis.
1335 1147 1467 1213 lntrnque
1487 1146 1608 1196 aiterum
1625 1147 1697 1198 diem
1718 1147 1820 1199 callum
1833 1164 1941 1202 onrnem
1953 1167 1999 1204 au·

1197 1218 1302 1280 ferunt,
1323 1225 1352 1268 et
1363 1214 1555 1284 putrescentis
1566 1212 1719 1278 hulcerum,
1739 1231 1867 1286 quaeque
1877 1228 1998 1288 serpunt,

1197 1286 1344 1354 emplastri
1354 1287 1437 1339 modo
1447 1285 1565 1336 subacta
1575 1291 1603 1335 et
1614 1285 1696 1337 illita.
1709 1287 1820 1339 hitales
1834 1296 1934 1357 purgat
1942 1291 1999 1343 hul·

1200 1372 1265 1410 cera
1275 1360 1300 1410 in
1312 1355 1435 1408 linteolis
1449 1355 1614 1419 concerptis.
1651 1356 1722 1408 item
1733 1355 1897 1409 echinorum
1911 1366 1999 1414 testae

1198 1427 1278 1479 cinis.
1315 1424 1502 1478 Carbunculus
1521 1424 1713 1475 coracinorum
1733 1425 1904 1479 salsamenta
1925 1429 1998 1482 illita

1198 1495 1360 1549 discutiunt.
1372 1496 1442 1546 ltem
1454 1492 1604 1543 mullorum
1616 1495 1778 1546 salsamenti
1790 1496 1865 1547 einis.
1878 1499 1997 1560 Quidam

1200 1567 1291 1634 capite
1302 1572 1410 1617 tantum
1429 1571 1548 1614 utuntur
1558 1578 1619 1614 eum
1633 1564 1730 1626 melle,
1750 1565 1793 1617 rel
1807 1568 1997 1619 coracinorum

1198 1651 1290 1688 carrae.
1327 1636 1466 1687 Mur-icum
1480 1632 1549 1683 cinis
1560 1647 1620 1683 cum
1634 1633 1697 1686 oleo
1709 1638 1847 1688 maiorem
1859 1636 1946 1688 tollit:
1957 1638 1998 1689 ci-

1198 1707 1328 1769 catrices,
1338 1703 1377 1756 fel
1388 1702 1544 1769 scorpionis
1557 1706 1666 1757 marini.

1234 1774 1320 1828 XLV.
1339 1772 1479 1826 verrucas
1496 1771 1574 1824 tollit
1583 1771 1660 1839 glani
1671 1773 1875 1825 iecuriliitum:
1897 1773 1997 1840 capitis

1199 1858 1358 1899 maenarum
1377 1842 1446 1895 cinis
1458 1855 1519 1893 cunr
1539 1841 1607 1893 allio
1620 1846 1715 1894 tritus:
1736 1843 1771 1894 ad
1786 1843 1996 1910 thymiacrudis

1198 1922 1330 1968 utuntur:
1351 1910 1390 1967 iel
1401 1911 1559 1978 scorpionis
1570 1913 1670 1963 nrarini
1680 1913 1746 1963 rufi:
1768 1913 1903 1965 smarides
1915 1914 1999 1965 tritas

1198 1986 1297 2039 illitae.
1315 1982 1384 2037 hies
1395 1979 1585 2032 defervefacta
1595 1984 1727 2050 unguium
1738 1982 1908 2046 scabritiam,
1918 1981 1999 2034 siais·

1199 2071 1252 2124 que
1264 2070 1279 2107 e
1291 2053 1384 2119 capite
1394 2065 1553 2102 maenarum
1566 2058 1708 2103 extenuat.

1235 2124 1335 2177 xavl.
1355 2120 1521 2173 Mulieribus
1537 2120 1619 2172 lactis
1634 2120 1742 2189 copiam
1759 2121 1827 2174 facit
1842 2121 1999 2191 glauciscus

1199 2196 1288 2248 ciure
1300 2198 1416 2252 sumtus,
1438 2196 1465 2241 et
1476 2190 1612 2241 smarides
1623 2206 1684 2241 cum
1697 2190 1806 2258 ptisana
1816 2199 1935 2255 samiae,
1954 2191 2001 2244 vei

1200 2280 1261 2317 cum
1273 2261 1414 2315 foeniculo
1424 2260 1566 2311 decoctae.
1578 2260 1713 2311 Mammas
1725 2261 1799 2326 ipsas
1809 2262 1944 2312 muricum
1954 2259 2001 2313 vel

1200 2347 1338 2402 purpurae
1353 2337 1490 2382 testarum
1502 2329 1571 2379 cinis
1581 2345 1640 2380 cunr
1654 2330 1736 2380 melle
1746 2329 1897 2381 efficaciter
1908 2338 2000 2382 sanat.

1201 2402 1299 2456 Cancri
1311 2399 1462 2454 fluviatiles
1474 2398 1551 2461 illiti,
1572 2399 1612 2449 rel
1626 2401 1731 2460 niarini,
1742 2401 1814 2464 pilos
1826 2399 1853 2448 in
1866 2413 2001 2462 ιιιιιιιιιιιιι,

1200 2474 1244 2526 vel
1265 2472 1399 2523 muricum
1421 2482 1518 2520 carnes
1533 2469 1678 2536 appositae
1698 2469 1810 2519 tollunt.
1847 2468 2002 2535 Squatinae

1200 2544 1291 2595 illitae
1313 2553 1436 2592 crescere
1455 2552 1591 2591 mammas
1606 2553 1659 2588 non
1677 2539 1830 2604 patiantur.
1868 2535 2002 2603 Delphini

1201 2614 1283 2679 adipe
1294 2611 1449 2662 linamenta
1458 2621 1575 2660 accensa
1586 2607 1710 2659 excitant
1722 2607 2001 2675 ruiracstranguiatu

1201 2694 1358 2750 oppressas.
1394 2679 1465 2749 item
1476 2676 1595 2729 strombi
1606 2678 1633 2727 in
1646 2684 1726 2730 aceto
1738 2677 1900 2745 putrefacti.
1935 2676 2001 2729 Per-

1201 2766 1293 2805 carum
1314 2749 1359 2803 rel
1379 2763 1538 2800 maenarum
1551 2748 1651 2815 capitis
1672 2745 1953 2807 cinisadmiatosale,
1972 2752 2001 2798 et

1201 2822 1302 2881 cunila,
1322 2819 1451 2884 oleoque,
1465 2818 1564 2871 rnlvae
1576 2818 1716 2869 medetur:
1738 2804 1880 2868 auditione
1892 2828 2000 2935 qaoque

1201 2888 1336 2945 secandas
1348 2886 1479 2939 detrahit.
1503 2889 1571 2938 ltem
1585 2888 1664 2937 rituli
1677 2886 1777 2936 alanni
1786 2886 1871 2952 adeps
1883 2885 1949 2937 insti
1964 2884 2002 2935 ia·

1201 2969 1248 3013 tur
1257 2960 1316 3027 igni
1327 2958 1440 3009 naribus
1456 2956 1703 3007 intermortuarum
1724 2955 1822 3006 vulsae
1833 2956 1916 3006 vitio:
1938 2967 2000 3006 coa-

1201 3031 1267 3100 gulo
1279 3028 1402 3080 eiusdem
1414 3025 1442 3075 in
1453 3024 1558 3076 vellere
1568 3025 1731 3090 imponitur.
1769 3024 1867 3076 Polam
1879 3025 2001 3075 nrarmus

1201 3099 1334 3165 alligatus
1346 3097 1450 3163 purgat
1460 3092 1573 3158 egregie
1587 3092 1732 3159 profluvia.
1770 3090 1866 3145 Echini
1878 3092 2000 3145 virentes

1201 3171 1256 3221 tusi
1268 3172 1297 3218 et
1307 3167 1335 3217 in
1348 3167 1413 3215 vino
1426 3161 1499 3214 dulci
1512 3161 1579 3227 poti.
1615 3160 1725 3213 Sistunt
1736 3168 1765 3213 et
1777 3162 1870 3213 cancri
1881 3159 1999 3214 fovisti:

1201 3239 1242 3292 les
1252 3236 1314 3288 triti
1325 3236 1353 3286 in
1362 3234 1427 3284 rino
1437 3233 1558 3300 potique.
1568 3231 1639 3283 ltenr
1651 3230 1732 3283 siluri
1741 3230 1845 3294 suffitu,
1854 3233 2002 3300 praecipue

1200 3307 1296 3368 Africi,
1317 3303 1460 3355 faciliores
1479 3308 1574 3367 partus
1595 3300 1656 3353 fieri
1678 3300 1816 3352 dicuntur.
1854 3302 1954 3353 Caneri
1968 3315 2003 3353 ex

1202 3391 1275 3446 aqua
1284 3375 1345 3442 poti
1356 3372 1495 3441 profluvia
1506 3371 1619 3424 sistere=
1633 3386 1667 3422 ex
1678 3369 1803 3438 hyssopo
1816 3387 1944 3442 purgare.
1965 3371 2003 3423 Et

1201 3448 1225 3499 si
1245 3453 1340 3514 partus
1363 3440 1567 3510 stranguletur,
1590 3440 1720 3492 similiter
1740 3442 1801 3507 poti
1820 3442 2003 3494 auxiliantur.

1201 3515 1322 3568 Eosdem
1344 3520 1471 3567 recentes
1482 3510 1528 3563 rel
1538 3510 1633 3562 aridos
1649 3511 1747 3562 bibunt
1759 3510 1793 3561 ad
1806 3518 1903 3578 partus
1915 3511 2003 3561 conti·

1202 3584 1317 3637 nendos.
1353 3584 1542 3649 Hippocrates
1564 3580 1599 3631 ad
1620 3582 1800 3648 purgationes
1821 3587 2002 3647 ovomuosque

1200 3660 1297 3725 partus
1308 3651 1398 3704 utitur
1408 3652 1473 3713 illis,
1485 3663 1546 3701 cunr
1557 3652 1648 3717 quinis
1660 3648 1766 3718 lapathi
1778 3649 1926 3709 radicibus,
1938 3666 2000 3700 curn

1200 3731 1264 3777 ruta
1275 3730 1303 3776 et
1316 3722 1432 3788 fuligine
1444 3719 1531 3781 tritis,
1542 3728 1570 3771 et
1582 3721 1608 3770 in
1621 3721 1710 3772 mulso
1722 3718 1793 3770 datis
1805 3718 1892 3783 potui.
1909 3717 2001 3770 fidens

1200 3796 1228 3847 in
1240 3796 1301 3845 iure
1313 3793 1384 3842 cocti
1396 3804 1456 3841 cum
1468 3788 1583 3853 lapatho
1595 3796 1622 3841 et
1635 3790 1712 3857 apio,
1733 3792 1885 3839 menstruas
1896 3801 2000 3855 purga-

1200 3865 1292 3916 tiones
1304 3857 1469 3927 erpediunt:
1482 3856 1621 3926 laetisque
1633 3861 1784 3913 ubertatem
1795 3856 1909 3909 faciunt.
1929 3858 2001 3909 ltem

1200 3936 1229 3986 in
1241 3931 1313 3985 febri
1325 3943 1395 3997 quae
1416 3927 1453 3977 sit
1471 3941 1532 3977 curn
1545 3929 1644 3994 eapitis
1661 3929 1804 3980 doloribus
1815 3934 1843 3979 et
1855 3925 2002 3978 oculorum

1203 4001 1398 4073 palpitatione,
1406 3996 1569 4049 mulieribus
1583 4000 1610 4049 in
1623 4001 1688 4050 rino
1698 4008 1808 4051 austero
1820 3996 1879 4065 poti
1890 3996 2002 4063 prodes·

1200 4071 1383 4125 radicantur.
1419 4066 1580 4119 castoreum
1593 4082 1626 4119 es
1640 4068 1730 4121 nrulso
1751 4074 1846 4135 potum
1859 4066 1999 4135 purgatio·

1200 4142 1281 4194 nibus
1291 4140 1418 4209 prodest:
1437 4142 1591 4204 contraque
1603 4138 1710 4189 vulvam
1723 4137 1858 4189 olfactum
1869 4152 1929 4188 cum
1941 4151 2001 4187 ace·

1200 4219 1230 4264 to
1243 4218 1272 4264 et
1282 4211 1353 4278 pice,
1364 4216 1412 4260 aut
1423 4205 1563 4258 subditum
1577 4207 1708 4273 pastillis.
1719 4207 1759 4259 nd
1771 4206 1906 4260 secvrndas
1918 4207 2000 4257 etiarn

1199 4283 1243 4333 uti
1263 4280 1359 4334 eodem
1383 4276 1497 4345 prodest
1516 4292 1576 4328 cum
1598 4291 1703 4343 panace
1720 4279 1746 4327 in
1759 4285 1880 4344 quatuor
1891 4273 2001 4345 cyathis

1200 4351 1273 4404 vini:
1290 4358 1320 4402 et
1332 4365 1348 4400 a
1360 4348 1464 4414 frigore
1476 4345 1669 4398 laborantibus
1680 4348 1767 4398 ternis
1779 4347 1878 4398 obolis.
1913 4343 1967 4397 Sed
1978 4345 2001 4395 sl

1199 4428 1358 4473 castoreum
1380 4417 1517 4468 fibrumve
1532 4416 1762 4482 supergrediatur
1773 4414 1899 4485 gravida,
1919 4414 2000 4465 abor·

1199 4498 1258 4543 tum
1270 4489 1364 4541 facere
1375 4487 1486 4548 dicitur,
1494 4492 1523 4539 et
1534 4486 1686 4551 periclitari
1700 4493 1805 4554 partus,
1815 4487 1839 4536 si
1850 4482 2002 4551 superfera-

1198 4566 1254 4612 tur.
1291 4559 1394 4610 Mirum
1406 4563 1435 4609 et
1446 4557 1519 4624 quod
1532 4556 1567 4608 de
1577 4557 1724 4623 torpedine
1735 4556 1862 4607 invenio:
1874 4553 1898 4605 ιι
1909 4553 2001 4619 capia-

1199 4637 1256 4692 tur,
1267 4644 1327 4680 cum
1339 4626 1419 4678 Luna
1431 4628 1457 4677 in
1469 4627 1556 4679 Libra
1567 4625 1767 4690 sit‚triduoque
1779 4629 1941 4672 asservetur
1951 4620 2004 4672 sab

1200 4699 1256 4760 dio,
1276 4697 1372 4750 faciles
1385 4703 1483 4764 partus
1495 4694 1588 4747 facere
1600 4702 1712 4761 postea,
1732 4692 1842 4758 quoties
1854 4687 2001 4741 inferetur.

1199 4768 1338 4820 adiuvare
1350 4774 1378 4819 et
1394 4765 1554 4833 pastinacae
1572 4763 1668 4815 radius
1681 4760 1850 4825 adalligatus
1867 4757 2002 4811 umbilico

1200 4839 1385 4896 existimatur,
1407 4838 1432 4885 si
1443 4833 1547 4883 virenti
1561 4831 1671 4884 ablatus
1682 4830 1729 4889 sit,
1740 4829 1858 4894 ipsaque
1869 4826 1961 4878 denuo
1972 4828 2002 4879 in

1200 4920 1276 4959 utare
1287 4903 1412 4953 dimissa.
1437 4903 1549 4953 invenio
1562 4896 1634 4966 apud
1647 4898 1779 4965 quosdam
1791 4897 1943 4948 ostraeium
1955 4912 2002 4949 vo·
2013 4910 2036 4937 ι
2131 4934 2137 4943 .

1200 4973 1268 5034 cari,
1279 4970 1351 5036 quoti
1362 4969 1450 5037 aliqui
1462 4967 1597 5038 onychem
1610 4972 1723 5019 vocant:
1741 4965 1795 5019 hoc
1807 4965 1930 5017 suflituor
1943 4966 2002 5019 vul·
2014 4980 2054 5036 ιζ’
2068 4972 2093 4991 ''

1199 5058 1250 5094 van
1270 5038 1368 5107 poenis
1387 5040 1457 5091 mire
1472 5036 1619 5091 'resistere
1655 5036 1777 5088 Odorem
1795 5053 1857 5088 esse
1871 5039 2002 5097 castorei,

1200 5110 1355 5175 meliusque
1367 5122 1428 5158 cum
1438 5123 1471 5158 eo
1483 5116 1574 5158 ustum
1595 5108 1739 5174 proficere.
1776 5105 1882 5158 Vetera
1893 5120 2003 5173 quoque

1199 5179 1313 5233 hulcera
1324 5184 1353 5229 et
1365 5174 1498 5229 cacoethe
1511 5175 1634 5227 «eiusdem
1647 5176 1739 5229 cinere
1750 5180 1852 5227 sanari.
1863 5176 1933 5227 Nam
1942 5188 2002 5226 car·

1199 5248 1336 5303 bunculos
1348 5254 1376 5299 et
1387 5246 1574 5299 carcinomata
1583 5245 1611 5296 in
1623 5244 1771 5297 mulierum
1784 5253 1863 5313 parte
1874 5257 2003 5304 praesen·

1199 5319 1310 5370 tissima
1322 5316 1446 5370 remedio
1457 5316 1550 5367 sanari
1562 5314 1675 5367 uadunt
1686 5330 1786 5367 cancro
1800 5313 1839 5366 fer

1199 5389 1268 5442 salis
1281 5385 1350 5440 flore
1361 5393 1485 5448 contuso,
1507 5392 1572 5453 post
1583 5384 1694 5452 plenam
1706 5384 1812 5436 Lunam

1199 5458 1285 5510 irato.

1234 5524 1347 5580 aava.
1365 5522 1537 5577 Psilothrum
1550 5521 1701 5648 estthpnni
1713 5538 1795 5589 sungu

1199 5597 1257 5652 sive
1268 5596 1400 5660 recentia,
1411 5593 1469 5649 sire
1479 5600 1600 5649 serrata.
1642 5608 1709 5648 ecor
1718 5593 1773 5647 etia
