4368 6008
25 3574 140 3623 natali&

250 297 284 356 C.
308 295 424 358 rata.
448 291 539 355 SEC.
562 289 661 351 Nat.
684 290 802 353 alst.
827 290 907 352 eta.
930 291 1046 355 xxiv.
1068 294 1159 356 ChP.
1184 293 1345 357 lll-ran.
1369 296 1452 357 tta.
1474 296 1580 359 XXV.
1603 298 1634 360 G.
1663 302 1727 359 l.2·
1767 300 1847 362 297.
1910 360 1919 368 .

180 450 251 505 luta.
276 446 407 502 idedetur
418 449 448 497 et
458 444 554 526 auibus
565 440 668 495 effossa
678 442 738 495 sine
749 441 835 507 icrro,
847 448 876 495 et
886 438 983 495 addita
1032 460 1093 497 com
1104 446 1236 516 axrrngiar
1247 445 1311 501 ideo
1321 449 1454 515 dactylon
1466 447 1647 516 appellantes,
1655 448 1722 516 quia
1732 447 1829 516 digitis

180 524 209 574 in
221 517 366 573 colluviem
379 514 498 594 pdturrs,
520 511 565 593 vel
576 528 610 564 ex
622 513 695 563 lacte
710 528 743 563 ac
752 513 825 563 vinu.
861 512 981 574 Quidam
1033 516 1184 571 medeatur.
1203 518 1330 570 Tertium
1342 532 1429 587 genus
1440 517 1556 583 dactyli,
1567 518 1615 569 sed
1626 518 1728 581 tenuis,
1739 518 1828 569 nasci·

183 591 316 644 adiiciunt
325 594 353 637 et
364 583 516 635 iodrentem
530 582 623 634 drcurc
634 588 777 647 oportere:
790 583 867 633 Haec
873 582 982 635 esther·
1032 593 1078 638 tur
1088 588 1115 638 in
1128 586 1283 654 parietinis,
1294 595 1343 639 aut
1354 587 1467 655 tegulis.
1503 586 1576 638 Huic
1591 588 1715 639 caustica
1724 588 1765 637 vi,
1776 594 1829 638 ω,

182 662 260 728 baar
279 667 460 720 ennumquam
471 649 982 731 Minervarepericsutbnsremeaium,
1032 655 1114 707 Sistit
1124 656 1239 707 hulcera
1251 670 1320 723 quae
1332 671 1377 708 scr
1395 664 1451 707 unt.
1488 654 1607 707 Gramen
1620 657 1705 723 capiti
1714 656 1829 707 ciream-

184 731 230 799 ²1¹¹i
262 724 555 801 eiussfflffltflv‘flnss„
701 786 707 800 ,
1032 725 1136 788 datum,
1146 724 1436 791 sanguinisenarrbns
1447 723 1581 776 fluxiones
1591 727 1674 776 sistit.
1702 718 1829 778 camelos

171 817 196 863 'r
219 793 326 847 chll.
344 790 492 863 'Q‘ssili’i'
506 788 663 841 ⁸¹¹¹⁸0¹il0¹¹
685 787 746 840 ⁸¹¹ss
763 787 981 841 “ledixtrunit
1032 809 1131 847 necare
1142 792 1301 845 traditoria
1313 794 1466 862 Babylonis
1474 794 1604 863 regione,
1624 794 1656 846 id
1664 795 1739 862 quod
1748 795 1830 847 iuxta

183 864 233 918 alii
243 862 354 915 herbam
367 874 415 928 per
426 874 465 921 sc,
477 873 560 924 quarn
572 865 601 909 ct
611 872 715 927 sygeon
725 864 903 910 vocaverunt.
928 857 981 910 Ne.
1031 864 1090 916 ,ω
1099 863 1232 915 mestus·

184 951 236 1005 que
246 932 322 984 aliud
335 931 369 982 do
380 944 414 982 ea
426 928 566 996 proditum
578 927 700 989 invenio,
709 943 789 995 quarn
801 928 830 978 in
841 927 981 981 montibus
1067 933 1149 985 cxli.
1168 932 1228 985 Nec
1242 932 1324 983 foeno
1335 930 1444 983 Graeco
1458 932 1552 985 minor
1568 933 1735 993 auctoritas,
1755 932 1829 998 qnod

183 1004 273 1057 nasci:
287 1003 458 1055 conibustam
470 1005 537 1064 potu
548 998 623 1051 ciere
634 1013 751 1061 menses,
761 1004 790 1048 ct
800 997 922 1064 pectoris
933 1011 981 1049 cx·
1031 1003 1100 1055 telin
1112 1007 1222 1064 vocant,
1238 999 1288 1053 alii
1299 996 1430 1067 curpho„
1446 1001 1531 1068 ,liqui
1544 1002 1671 1061 humus,
1682 1000 1731 1052 ,155
1743 1014 1827 1068 4⁰8⁰·

184 1072 364 1131 mentiones,
378 1068 534 1122 efficaciore
545 1067 696 1120 etiamnum
709 1067 817 1119 radice:
828 1081 912 1118 succo
923 1068 982 1117 eins
1033 1087 1122 1139 gerne,
1133 1071 1262 1138 qnoniam
1274 1069 1422 1122 corniculis
1432 1086 1526 1122 „emen
1537 1062 1580 1122 οἷς
1592 1071 1691 1132 single,
1711 1084 1763 1121 110,
1771 1070 1830 1131 3111.

183 1144 271 1196 ternis
283 1140 373 1192 obolis
384 1136 483 1190 hausto
493 1151 574 1190 renes
587 1138 694 1189 sanam:
713 1135 780 1188 addi
791 1135 912 1188 radicem
924 1136 982 1188 cius
1034 1140 1120 1195 clami,
1140 1141 1279 1207 quomodo
1290 1146 1439 1201 meream,
1454 1140 1579 1191 „01000
1592 1139 1742 1191 domimum
1778 1139 1829 1191 vi,

184 1218 214 1266 et
224 1212 253 1263 in
266 1211 443 1277 malagmata.

172 1288 196 1311 *t
218 1278 340 1331 exvltt.
359 1277 479 1329 Gramen
500 1275 589 1342 ipsum
608 1275 682 1327 inter
705 1273 806 1327 herbas
826 1273 983 1342 vulgatissi-

183 1363 268 1402 mum.
305 1346 479 1400 Geniculatis
490 1346 580 1413 serpit
591 1345 761 1407 internodiis,
783 1345 936 1410 crebroque
948 1345 983 1395 ab

183 1416 236 1481 bis,
249 1424 276 1469 et
287 1432 321 1469 cx
332 1417 475 1469 cacumine
486 1429 571 1465 novas
582 1414 690 1466 radices
699 1414 816 1480 spargit.
832 1412 914 1464 Folia
925 1415 983 1463 eius

182 1488 212 1539 in
232 1487 340 1553 reliquo
360 1487 426 1537 orbe
443 1484 470 1533 in
488 1483 645 1535 exilitatem
663 1484 837 1551 instigantur.
874 1482 904 1533 ln
918 1480 983 1532 Par·

142 1576 164 1615 4
183 1570 268 1608 nasso
281 1562 388 1605 tantum
400 1551 767 1620 adc1·aceaspecie,densius
779 1566 859 1619 quam
868 1548 983 1618 u'squam

181 1624 326 1686 fruticant,
342 1620 410 1675 ssore
422 1622 539 1672 odorato
552 1622 735 1687 candidoque.
753 1620 888 1673 iumentis
899 1620 985 1672 herba

182 1708 239 1747 non
249 1693 306 1744 aiio
317 1694 434 1758 gratior,
455 1690 513 1741 sive
525 1690 637 1752 viridis,
658 1692 717 1741 sive
729 1691 758 1740 in
771 1689 856 1740 ioeno
868 1689 984 1751 siccata,

183 1777 244 1815 cum
267 1760 349 1813 detur
367 1773 482 1826 mperes
501 1773 582 1824 aqua.
618 1758 736 1811 Succum
753 1773 863 1825 quoque
880 1761 939 1811 cius
956 1759 984 1808 in

182 1829 321 1883 Parnasso
332 1829 423 1895 excipi
434 1829 548 1877 tradunt
559 1836 673 1893 propter
684 1829 847 1880 ubertatem.
885 1827 984 1877 Dulcis

184 1898 229 1951 hic
240 1906 290 1951 est.
315 1898 345 1949 ln
355 1898 443 1949 vicem
454 1898 514 1945 eius
524 1896 552 1944 in
564 1896 670 1961 reliqua
683 1904 761 1961 parte
773 1901 910 1946 terrarum
922 1910 982 1945 suc·

185 1967 259 2021 cedit
281 1965 426 2020 decoctum
444 1963 480 2014 ad
494 1962 847 2031 vulneroconglutinanda,
869 1962 942 2030 quod
954 1970 983 2014 ct

183 2037 245 2105 ipsa
255 2035 342 2087 herba
352 2041 414 2086 tusa
425 2040 563 2102 praestat,
585 2041 732 2101 tueturque
742 2032 777 2084 ub
789 2030 984 2083 inflammatio·

182 2108 265 2158 nibus
276 2105 383 2173 plagas.
419 2103 543 2156 Decocto
555 2103 687 2155 adiicitur
697 2103 791 2153 vinum
803 2117 837 2153 ac
854 2101 925 2153 mci:
948 2101 982 2152 ab

182 2174 322 2242 aliquibus
343 2171 485 2235 etthonis,
507 2180 536 2225 et
550 2173 663 2240 piperis,
682 2170 865 2240 myrrhaeque
882 2171 984 2222 tertiae

183 2246 336 2313 portiones.
357 2243 513 2309 Rursusque
526 2244 653 2309 coquitur
664 2241 692 2292 in
700 2257 782 2293 nereo
794 2255 859 2291 vase
870 2239 906 2290 ad
917 2239 982 2291 den-

183 2315 251 2367 tium
270 2311 381 2365 dolores
400 2318 428 2365 et
444 2310 600 2380 epiphoras.
637 2312 727 2362 Radix
742 2309 857 2363 decocta
871 2310 898 2359 in
915 2308 983 2358 vino

183 2383 351 2435 torminibus
362 2381 496 2444 medetur,
514 2386 543 2431 et
554 2381 649 2432 urinae
659 2379 879 2437 difficultatibus,
892 2376 985 2428 hulce-

182 2453 313 2519 ribusque
334 2451 450 2502 vesicae.
487 2449 616 2501 Calauios
637 2449 750 2515 frangit.
787 2446 887 2498 Semen
904 2444 985 2499 vehe-

182 2521 303 2572 mentius
314 2520 421 2569 urinam
435 2518 563 2584 impellit
598 2517 695 2569 Alvum
713 2516 935 2580 vomitionesque
945 2514 982 2564 si·

182 2591 243 2643 stit.
260 2587 394 2640 Privatim
407 2593 500 2637 autern
511 2585 661 2635 draconum
673 2584 810 2635 morsibus
821 2583 984 2634 auxiliatur.

183 2656 254 2710 Sunt
267 2655 314 2721 qui
325 2653 453 2721 genicula
465 2653 622 2713 novem,ch
635 2653 724 2715 unius,
733 2652 777 2704 vel
788 2669 803 2704 c
816 2652 921 2703 duabus
933 2653 984 2703 tri·

181 2728 270 2778 busvc
282 2724 384 2784 herbis,
403 2723 437 2774 nd
450 2721 522 2775 hunc
533 2722 714 2773 articulorum
727 2736 869 2773 nnmerum
881 2720 984 2771 involvi

181 2795 248 2847 lana
259 2792 372 2846 sirecida
382 2792 461 2861 nigra
469 2793 592 2853 iubeant,
613 2791 649 2844 ad
661 2790 785 2843 remedia
795 2797 927 2853 strumae,
937 2804 984 2856 pa·

182 2879 323 2917 aurumve.
360 2862 484 2913 ieiunum
498 2861 599 2912 debere
612 2876 672 2912 esse
683 2860 730 2926 qui
743 2858 876 2927 colligat:
893 2858 933 2909 ita
943 2860 983 2910 ire

181 2933 212 2986 in
224 2932 336 2984 donnum
348 2930 470 2982 absentis
484 2930 527 2980 cui
544 2929 702 2993 medeatur,
723 2929 983 2995 supervenientique

182 3008 227 3055 ter
237 3002 343 3062 dicere,
361 3000 457 3051 ieiuno
469 2999 589 3050 ieiunum
603 2998 832 3051 medicamentum
846 2997 922 3058 dare,
943 3003 984 3047 at·

183 3087 236 3139 quc
256 3071 298 3121 ita
314 3067 489 3136 adalligare,
517 3068 664 3135 triduoque
683 3067 712 3118 id
729 3068 831 3121 inicere.
868 3066 949 3130 Quod
968 3081 983 3117 c

181 3142 338 3209 granrinum
360 3153 463 3205 genere
483 3145 590 3204 septem
608 3138 768 3207 internodia
780 3135 871 3197 habet,
893 3134 984 3187 edica·

183 3209 293 3262 cissime
305 3208 391 3274 capiti
402 3215 500 3260 contra
516 3207 627 3259 dolores
647 3206 826 3274 adalligatur.
863 3205 983 3267 Quidam

181 3286 299 3347 propter
309 3278 420 3329 vesicae
433 3278 572 3328 cruciatus
583 3275 728 3327 decoctum
751 3289 786 3326 ex
796 3275 859 3325 vino
870 3289 983 3341 gramen

186 3346 356 3401 addimidias
368 3361 384 3396 a
394 3346 513 3397 balineis
525 3344 584 3395 bibi
595 3345 698 3395 iubent.

218 3415 314 3468 cxix.
328 3414 398 3466 Sunt
409 3414 457 3479 qui
468 3420 497 3465 ct
508 3412 662 3463 aculeatum
670 3427 783 3480 gramen
792 3412 983 3462 vocenttriurn

181 3499 330 3553 generum:
353 3496 414 3534 cum
436 3485 464 3533 in
486 3482 626 3533 cacumine
647 3481 735 3532 aculei
756 3486 821 3530 sunt
835 3479 983 3545 plurimum

182 3552 271 3621 quini,
292 3551 426 3623 dactylon
446 3552 604 3619 appeliant:
628 3548 678 3601 hos
690 3549 855 3601 convolutos
870 3550 983 3601 naribus

180 3622 318 3684 inserunt,
330 3614 532 3689 extrahuntque
544 3620 686 3687 sanguinis
697 3619 787 3671 ciendi
799 3619 899 3685 gratia.
936 3619 981 3670 rii·

181 3697 254 3753 tero,
265 3689 338 3758 quod
351 3696 394 3742 est
405 3691 600 3757 qiauqumile,
612 3687 647 3739 ad
661 3685 835 3755 paronychia
847 3694 875 3739 ct
887 3693 981 3754 ptery-

184 3760 232 3826 gia
243 3763 384 3830 unguium,
395 3767 492 3812 etcum
506 3774 570 3811 caro
581 3759 719 3827 unguibus
730 3756 858 3821 increvit,
867 3763 984 3808 utuntur

1034 1214 1094 1265 cius
1106 1210 1220 1271 siccare,
1230 1208 1348 1271 mollire,
1360 1208 1523 1263 dissolvere.
1552 1208 1654 1261 Succus
1666 1207 1775 1259 decocti
1786 1206 1828 1265 ic·

1035 1281 1170 1332 minarum
1182 1279 1305 1346 pluribus
1316 1278 1397 1328 malie
1407 1278 1548 1329 subvenit:
1568 1277 1752 1338 niveduritia,
1771 1278 1830 1329 sire

1034 1348 1362 1411 tumor,sirecoutractio
1372 1348 1411 1398 sit
1421 1346 1528 1409 vulvae,
1537 1345 1679 1409 iocentur,
1688 1344 1829 1397 insidunt:

1034 1418 1155 1470 infusum
1167 1433 1276 1486 quoque
1287 1412 1409 1484 prodest.
1423 1416 1557 1467 Furiures
1567 1415 1595 1465 in
1606 1415 1677 1466 incia
1688 1420 1830 1468 extenuat.

1036 1487 1129 1554 Spleai
1142 1488 1237 1539 addito
1248 1488 1320 1538 nitro
1331 1487 1474 1538 decoctum
1488 1491 1516 1537 et
1526 1484 1685 1551 impositum
1694 1485 1830 1535 medetur.

1035 1559 1104 1609 item
1116 1571 1150 1608 ex
1164 1562 1253 1609 aceto.
1289 1555 1335 1607 Sic
1351 1562 1380 1606 et
1397 1555 1512 1605 iocineri
1526 1553 1680 1606 decoctum.
1716 1552 1830 1605 Diocles

1035 1625 1147 1678 difficile
1158 1623 1330 1691 parientibus
1340 1638 1433 1675 semen
1444 1625 1504 1675 cius
1515 1621 1593 1675 dedit
1604 1620 1745 1674 armabuli
1755 1636 1829 1672 men·

1034 1709 1102 1747 sura
1112 1695 1209 1747 tritum
1227 1696 1256 1745 in
1274 1709 1373 1746 novem
1385 1691 1494 1759 cyathis
1505 1706 1598 1759 sapae,
1619 1698 1722 1742 utrum
1733 1690 1832 1741 tertias

1035 1769 1128 1831 partes
1138 1764 1270 1823 biberint,
1292 1762 1385 1815 calida
1399 1762 1573 1813 lavarentur:
1594 1767 1624 1812 et
1634 1762 1662 1810 in
1674 1759 1775 1811 balaeo
1786 1773 1831 1808 su·

1035 1832 1165 1884 dantibus
1187 1831 1330 1883 dimidium
1350 1846 1384 1882 ex
1401 1831 1501 1883 relicto
1516 1831 1618 1882 iterum
1631 1829 1722 1879 dedit:
1741 1839 1833 1878 mon

1034 1903 1134 1954 balneo
1145 1902 1290 1967 reliquum,
1301 1916 1352 1967 pro
1364 1916 1472 1951 summo
1482 1900 1597 1952 auxilio.
1617 1897 1746 1949 Far-inem
1758 1895 1835 1948 ioeni

1034 1970 1135 2022 Graeci
1148 1985 1209 2021 cum
1222 1969 1336 2030 hordeo,
1356 1974 1405 2020 aut
1424 1969 1472 2019 lini
1490 1970 1596 2020 semine
1607 1966 1750 2019 decoctam
1762 1977 1835 2031 aqua

1034 2040 1126 2091 mulsa
1135 2046 1231 2089 contra
1245 2038 1342 2089 vulvae
1353 2041 1491 2089 cruciatus
1502 2036 1630 2088 subiecit.
1667 2038 1735 2086 ltem
1746 2034 1834 2100 impo·

1034 2109 1089 2159 suit
1100 2110 1156 2159 imo
1166 2108 1268 2159 ventri.
1304 2108 1418 2173 chras,
1436 2106 1598 2173 lentigines,
1618 2104 1758 2172 sulphuris
1771 2102 1834 2170 pari
1898 2102 1904 2113 '

1034 2178 1163 2242 portione
1174 2178 1262 2229 mixta
1273 2175 1363 2228 farina
1373 2175 1490 2237 curavit,
1505 2175 1580 2226 nitro
1589 2180 1656 2226 ante
1666 2178 1833 2240 praeparata

1035 2255 1111 2308 cute,
1130 2249 1242 2311 saepius
1262 2245 1307 2298 dic
1326 2246 1453 2308 illineaa,
1483 2246 1652 2311 perungique
1672 2241 1824 2308 prohibens

1033 2313 1200 2366 Theodorus
1218 2314 1304 2367 iocno
1325 2315 1437 2367 miscuit
1455 2320 1582 2380 quartam
1601 2320 1708 2379 partem
1720 2309 1835 2378 purgati

1033 2384 1165 2435 nasturtii
1179 2384 1313 2435 acerrimo
1324 2391 1403 2436 aceto
1421 2383 1457 2434 ad
1475 2384 1576 2450 lepras.
1612 2381 1720 2432 Damon
1739 2394 1834 2431 semen

1033 2451 1108 2502 iocni
1120 2452 1259 2504 acetabuli
1270 2451 1377 2503 dimidii
1389 2467 1518 2504 mensura
1539 2467 1600 2504 cum
1612 2466 1697 2517 sapae
1707 2456 1735 2501 et
1745 2463 1834 2515 aquae

1034 2535 1130 2571 novem
1142 2518 1253 2585 cyathis
1266 2520 1300 2570 ad
1313 2536 1419 2572 menses
1430 2521 1544 2572 ciendos
1566 2519 1643 2571 dedit
1660 2526 1738 2584 potu.
1775 2515 1834 2567 Nec

1033 2589 1187 2649 dubitatur,
1211 2590 1275 2654 quin
1294 2589 1437 2639 decoctum
1450 2588 1510 2640 eiua
1531 2588 1713 2639 utilissimum
1725 2585 1762 2634 sit
1773 2582 1834 2633 vui·

1034 2659 1086 2718 ris,
1098 2658 1301 2722 interaneisque
1312 2656 1515 2708 cxhulceratisr
1529 2654 1612 2705 sicuti
1623 2668 1717 2704 sennen
1728 2654 1832 2702 articu-

1034 2728 1069 2779 lis
1081 2733 1164 2793 atquc
1175 2725 1354 2791 praecordiis.
1391 2723 1419 2775 Si
1432 2738 1496 2774 vcro
1508 2737 1570 2774 cum
1593 2722 1683 2772 moira
1694 2720 1832 2788 decoqua-

1034 2803 1089 2855 tur,
1101 2802 1197 2861 postea
1208 2792 1305 2844 addito
1317 2794 1407 2845 mulso
1420 2799 1583 2859 potuaante
1594 2798 1686 2842 cetera
1695 2790 1833 2839 rulvisin·

1033 2866 1210 2928 teraneiaqne
1220 2863 1362 2915 laudatur:
1384 2862 1483 2930 qnippe
1495 2876 1555 2911 cum
1567 2874 1654 2925 vapor
1665 2873 1773 2925 quoque
1786 2858 1832 2909 dc-

1033 2937 1106 2986 eocti
1119 2931 1266 3000 plurimum
1278 2934 1379 2998 prosit:
1401 2932 1562 2997 alarumque
1573 2930 1659 2981 etiarn
1671 2926 1832 2995 graveolen-

1034 3004 1100 3053 tiam
1113 3003 1257 3053 dccnctum
1270 3000 1345 3053 inani
1357 3000 1493 3053 emendat.
1507 3000 1609 3051 Farina
1620 2996 1775 3065 porrigines
1786 3009 1831 3047 ca·

1034 3074 1100 3139 pitis
1112 3071 1286 3138 furfuresque
1298 3085 1357 3122 cnm
1376 3070 1441 3119 vino
1462 3075 1490 3119 ct
1509 3069 1585 3118 nitro
1607 3068 1735 3119 celeriter
1747 3063 1835 3117 tollit.

1034 3143 1063 3191 ln
1075 3140 1261 3208 hydromelite
1280 3146 1372 3190 autem
1385 3139 1500 3189 decocta
1519 3137 1615 3187 addita
1625 3135 1748 3201 axungia
1758 3135 1834 3202 geni·

1035 3210 1138 3263 talibus
1149 3209 1293 3261 medetur:
1304 3209 1370 3260 item
1383 3222 1464 3273 pano,
1476 3206 1606 3272 parotidi,
1618 3205 1768 3272 podagrae,
1778 3200 1834 3253 chi·

1033 3294 1140 3345 ragrae,
1152 3278 1287 3339 articulis,
1299 3278 1482 3341 carnibusque
1493 3289 1563 3341 quac
1574 3274 1708 3327 recedunt
1719 3273 1754 3323 ab
1765 3270 1834 3324 ossi·

1033 3348 1095 3399 bus:
1110 3354 1189 3399 aceto
1199 3362 1267 3399 vero
1277 3348 1393 3397 subacta
1403 3345 1518 3396 luxatis.
1538 3345 1661 3396 illinitur
1672 3350 1701 3395 et
1711 3344 1778 3395 lieni
1789 3341 1835 3393 de·

1034 3423 1115 3469 encta
1125 3417 1153 3466 in
1165 3422 1245 3467 aceto
1256 3423 1284 3469 et
1295 3415 1377 3467 melle
1386 3421 1506 3465 tantum.
1544 3413 1740 3463 carcinomata
1749 3412 1833 3462 subo·

1034 3494 1080 3537 cta
1090 3499 1123 3536 ex
1134 3485 1198 3534 vino
1211 3492 1325 3550 purgat:
1337 3497 1401 3534 mov
1413 3481 1509 3532 addito
1522 3481 1604 3532 melle
1616 3486 1756 3547 persanat.
1775 3477 1835 3530 ”Su-

1035 3556 1119 3604 mitur
1138 3559 1167 3604 et
1177 3555 1294 3604 sorbitio
1332 3551 1422 3603 iarina
1441 3550 1478 3603 ad
1496 3556 1594 3615 pectus
1615 3546 1835 3611 exhulccratum,

1033 3623 1080 3673 lon
1120 3637 1201 3688 mque
1213 3624 1281 3672 tussi
1313 3659 1320 3673 .
1349 3619 1405 3671 Diu
1416 3621 1590 3686 decoquitur,
1600 3619 1689 3671 donoc
1698 3618 1833 3669 amaritu-

1034 3692 1071 3743 do
1083 3637 1204 3743 ddsinat.
1235 3691 1338 3743 Postea
1349 3690 1534 3744 meladditnr.
1559 3689 1639 3742 Nunc
1648 3689 1711 3756 ipsa
1721 3685 1834 3740 claritas

1034 3761 1183 3814 herbarum
1196 3758 1310 3812 dicetur.

281 3936 1718 3969 *w

616 4066 665 4151 C.
723 4067 994 4152 PLINII
1050 4069 1404 4157 SECUNDI

233 4242 963 4381 aaruaanrs

1066 4243 1785 4348 Hlsuealaa

757 4444 1039 4520 LIBER
1106 4447 1257 4522 XXV.

891 4654 1138 4675 ἡ

183 4749 451 4846 l.1esaqunenunc
468 4775 576 4827 dicetur
593 4773 739 4825 herbarum
750 4775 879 4840 claritas,
902 4777 985 4830 medi·

184 4851 262 4901 cinae
273 4854 380 4899 tantum
392 4847 527 4915 gignente
540 4859 586 4896 eas
598 4844 708 4906 tellure,
729 4846 757 4895 in
769 4844 982 4898 admirationem

184 4934 266 4971 curae
278 4919 429 4984 priscorum
442 4915 661 4984 diligentiaeque
673 4915 792 4965 animum
806 4916 872 4980 agit.
906 4914 983 4968 Nihil

185 5003 252 5055 ergo
266 4990 431 5038 intentatum
442 4986 670 5050 inexpertumque
681 4983 738 5034 illis
750 4983 817 5035 iuit:
830 4983 896 5035 nihil
909 4985 984 5037 dein·

119 5050 124 5059 ⁴
136 5042 142 5051 ’
183 5056 218 5108 dc
229 5056 410 5116 occultatum,
431 5053 560 5120 quodque
580 5067 633 5104 non
644 5052 781 5120 prodesse
792 5053 913 5118 posteris
922 5056 983 5107 vci-

183 5124 251 5176 lent.
287 5126 322 5176 Αἰ
333 5139 383 5174 nus
395 5123 539 5174 elaborata
550 5123 585 5172 iis
596 5122 769 5173 abscondere
780 5129 863 5188 atque
873 5126 981 5191 suppri-

184 5194 437 5260 merecnpimus,et
447 5192 578 5244 fraudare
588 5193 672 5242 vitam
684 5191 769 5242 etiarn
781 5192 881 5244 alienis
893 5194 981 5246 bonis.

182 5264 225 5314 lta
235 5270 311 5315 certo
323 5261 489 5324 recondunt,
511 5263 557 5328 qui
570 5275 657 5326 pauca
672 5259 765 5327 aliqua
777 5277 894 5323 trevere,
914 5264 982 5314 invi-

183 5329 279 5385 de'ntcs
301 5332 378 5383 aliis:
401 5338 429 5380 at
450 5332 586 5383 nemum
610 5329 719 5389 docere,
740 5330 768 5381 in
784 5333 981 5384 auctoritatem

183 5400 315 5454 scientiae
327 5406 391 5451 est.-

182 5471 271 5522 vandn
282 5472 341 5521 vita
352 5482 378 5517 m

184 5553 242 5590 rum
254 5540 303 5591 diu
313 5538 368 5589 iam

220 5610 265 5660 en.
276 5624 318 5662 ra.
339 5606 365 5659 ii

716 5400 788 5451 *ndis
799 5398 887 5462 bovis,
899 5416 931 5452 ac
940 5400 982 5451 iu·

754 5482 766 5496 ¹
780 5485 847 5521 onus
858 5470 980 5537 ingenio·

1036 4781 1114 4834 iacta
1124 4787 1246 4834 veterum
1260 4779 1391 4846 perirent.
1401 4777 1437 4829 At
1447 4773 1574 4826 hercules
1584 4772 1694 4841 singola
1703 4772 1836 4840 quosdam

1037 4853 1150 4904 inventa
1170 4851 1285 4903 deorum
1304 4861 1418 4899 numero
1438 4843 1585 4896 addidere:
1606 4845 1729 4894 oninium
1742 4842 1837 4908 utique

1034 4922 1118 4972 vitam
1127 4921 1276 4973 clariorem
1291 4918 1380 4969 iecere
1391 4913 1602 4981 cognominibus
1613 4911 1770 4970 herbarum,
1780 4919 1836 4961 tam

1034 4990 1152 5058 benigne
1162 4992 1282 5057 gratiam
1291 4985 1426 5039 memoria
1436 4982 1586 5036 referente.
1598 4982 1622 5034 N
1624 4998 1659 5033 oa
1671 4997 1758 5048 aeque
1768 4978 1836 5031 haec

1035 5075 1101 5110 cura
1111 5074 1207 5111 eorum
1219 5059 1292 5109 mira
1302 5059 1331 5107 in
1342 5053 1401 5117 his,
1421 5068 1491 5121 quae
1502 5059 1565 5104 satu
1575 5051 1765 5111 blandiuntur,
1786 5053 1835 5098 ant

1034 5129 1097 5181 cibo
1107 5129 1240 5180 invitant:
1263 5126 1387 5178 eulmina
1396 5137 1505 5191 quoque
1516 5121 1650 5173 montium
1663 5120 1777 5171 inviset
1788 5128 1834 5195 ⁸.⁰'

1033 5198 1167 5250 litudines
1178 5196 1300 5257 abditas,
1319 5194 1463 5259 omnisque
1474 5198 1565 5244 terrae
1574 5191 1658 5241 libras
1670 5184 1785 5239 scrutati
1796 5198 1836 5232 sn·

1032 5282 1141 5329 venere,
1164 5265 1230 5335 qnid
1243 5278 1368 5333 quaeque
1389 5261 1470 5314 radix
1486 5261 1616 5327 polleret,
1637 5256 1672 5307 ad
1684 5269 1754 5323 quos
1767 5264 1835 5301 usus

1032 5334 1179 5388 herbarum
1191 5335 1263 5387 iolia
1274 5333 1455 5401 pertinerent,
1467 5333 1550 5382 etiam
1562 5322 1773 5395 quadrupedum
1786 5333 1834 5385 pa·

1032 5405 1098 5456 bulo
1109 5407 1216 5459 intacta
1226 5405 1262 5457 ad
1273 5403 1372 5457 salutis
1383 5416 1449 5454 usus
1459 5404 1609 5451 tementes.

1066 5476 1098 5527 ll.
1117 5475 1211 5528 Minus
1222 5474 1284 5538 hoc,
1295 5488 1378 5542 quaro
1392 5485 1442 5539 par
1453 5472 1525 5529 erat,
1548 5461 1640 5515 nostri
1653 5444 1840 5511 celebravere·

836 5554 887 5605 lue
904 5545 980 5593 recto
1030 5545 1150 5597 omnium
1161 5544 1313 5598 utilitatum
1326 5547 1356 5598 et
1367 5541 1502 5593 vinctum
1512 5527 1704 5598 rapacissimi.
1715 5526 1838 5582 Primus·

1391 5607 1425 5659 38
