4368 6008
290 295 503 363 etenim:
538 293 746 361 saeuus:
778 262 948 365 saluus.
981 298 1171 366 arares.
1203 298 1710 370 LlB.xllVl.chl³.1e·28.
1788 309 1851 377 sm

195 452 239 507 vel
249 448 412 519 saigniaam
425 447 632 503 reiicieatibns:
654 446 782 503 coi'vitio
790 452 821 503 nt
829 449 1000 520 plantaginis
1052 452 1194 509 Gentiana
1204 451 1360 508 rnaddncta
1372 452 1462 522 pridie
1473 453 1595 510 contrita
1608 455 1718 517 denarii
1728 459 1852 528 pendere

194 535 294 575 succus
306 518 442 573 medetur.
465 518 503 571 Et
514 519 667 575 Vettonica
678 518 769 573 obelis
778 519 870 574 tribus
879 526 908 574 in
919 537 1000 589 aqua,
1051 524 1082 577 in
1093 526 1151 577 vini
1162 521 1271 593 cyathis
1281 524 1379 576 tribus.

196 597 296 646 canus
307 591 999 658 priuileutas,canusquemaeataseascreutiuues.
1086 593 1161 646 xiil
1179 593 1205 647 ³.
1215 592 1306 660 {icum
1317 593 1456 646 radiculas
1466 597 1566 648 tenues
1576 592 1669 661 hahet,
1686 597 1877 666 nigraque-a

196 658 451 733 Quamdiu
464 657 614 711 drachmae
624 657 759 726 pondere,
778 661 1001 728 cumpiaeisnu·
1051 658 1215 716 adolentes.
1251 662 1382 714 Medetur
1396 678 1450 714 nen
1466 664 1549 715 mado
1564 667 1685 731 pectoris
1695 668 1850 734 doloribus,
1929 719 1938 733 ,

197 730 266 785 cleis
277 729 412 782 undecim.
423 728 582 795 Peucedani
591 727 837 796 inconspectum
847 730 1000 796 doloribus,
1051 738 1102 785 aut
1111 732 1221 794 lateris,
1231 730 1282 783 sed
1293 737 1322 783 et
1333 733 1484 785 cruditates
1495 733 1620 797 discutit,
1632 735 1755 788 iucunde
1766 754 1849 806 sapo-

197 804 351 855 etacoruns
362 798 501 861 subvenit,
511 805 541 851 et
550 798 614 851 ideo
625 797 763 851 antidotis
775 799 917 855 miscetur.
927 803 998 854 Tris·
1050 817 1090 855 re.
1119 802 1281 856 verbenaca
1290 815 1356 852 vero
1368 803 1494 861 omnibus
1505 804 1655 857 visceribus
1665 806 1800 870 medetur,
1811 809 1850 861 la·

197 867 360 939 sidaucum:
381 870 447 920 item
460 866 702 937 Scythieaherbs.
738 869 999 923 Eudamumomui·
1050 871 1167 935 teribus,
1184 870 1371 939 pulmonibus,
1385 871 1562 935 iocineribus,
1572 870 1691 926 thoraci.
1726 874 1850 930 Peculiu-

195 939 247 993 has
257 938 381 1006 pectoris
392 936 479 999 vitiis,
489 938 569 1000 tussi,
581 944 610 989 et
621 937 770 1004 purulenta
780 941 999 1005 exscreantibus,
1051 942 1121 994 riter
1131 948 1225 993 autem
1236 938 1420 1007 pulmonibus,
1440 947 1470 993 et
1480 956 1548 1009 quies
1559 942 1593 994 ab
1604 941 1646 994 bis
1657 943 1775 1011 phthisis
1788 954 1848 999 ten·
1856 954 1879 1001 ÷

196 1009 288 1063 obolis
299 1006 532 1073 tribusinpasso.
569 1008 702 1060 Totidem
719 1009 898 1073 verbascum,
917 1010 997 1062 cuius
1051 1017 1103 1074 tut,
1113 1010 1194 1063 radix
1204 1008 1308 1081 herbae
1319 1009 1500 1079 consiliginis,
1517 1026 1599 1078 quam
1610 1016 1850 1079 superlucentem

197 1086 241 1133 est
251 1077 304 1131 llos
314 1074 605 1131 aureus.‘l'antahuic
616 1079 657 1128 vis
669 1083 760 1140 est,ut
771 1077 901 1131 iumentis
913 1081 998 1132 etiam
1052 1080 1195 1132 diximus?
1206 1078 1286 1131 suuni
1301 1076 1411 1145 quidem
1431 1085 1461 1131 et
1471 1081 1580 1146 pecoris
1596 1085 1685 1134 omnis
1694 1085 1847 1136 remedium

196 1164 254 1202 non
264 1147 447 1201 tussientibus
458 1146 554 1209 medo,
574 1146 624 1199 sed
634 1146 686 1198 ilia
695 1162 804 1215 queque
814 1146 1000 1212 trahentibus,
1053 1164 1184 1217 praesens
1196 1156 1239 1203 est
1251 1148 1408 1214 pulmonum
1419 1147 1499 1211 vitio,
1514 1149 1560 1201 vei
1571 1152 1689 1205 traiecta
1699 1159 1807 1205 tantum
1819 1154 1850 1205 in

198 1218 351 1273 auxilietur
360 1224 441 1284 potu:
455 1216 528 1283 quod
538 1222 566 1268 et
577 1217 611 1268 ds
622 1215 761 1270 Gentiana
772 1218 890 1284 reperio.
909 1217 1000 1271 Badis
1051 1220 1187 1271 auricula.
1223 1218 1287 1271 liibi
1298 1217 1380 1269 debet
1390 1231 1425 1269 ex
1436 1232 1524 1285 aqua,
1544 1217 1696 1288 haberique
1707 1221 1736 1272 in
1747 1237 1795 1275 are
1806 1238 1850 1275 as·

85 1310 90 1319 ·
196 1287 320 1341 camum
331 1286 578 1348 commanducata,
597 1291 626 1337 et
638 1287 667 1337 in
678 1286 741 1338 vino
753 1286 924 1351 madefacta,
944 1303 998 1339 non
1051 1289 1133 1341 sidus
1149 1290 1201 1341 sub
1216 1288 1320 1356 lingua.
1356 1286 1594 1356 Superdcieseius
1609 1288 1850 1345 berbaeansitin

195 1359 267 1409 tussi
279 1364 401 1419 tautum,
411 1354 461 1407 sed
472 1361 502 1408 et
510 1354 639 1408 taccitus
648 1355 771 1425 prodest.
784 1358 910 1425 Hyssopi
921 1358 999 1426 quin·
1052 1359 1148 1428 aliquo
1165 1373 1227 1420 usu,
1249 1356 1339 1409 adhuc
1359 1358 1496 1410 incertum
1515 1363 1568 1410 est.
1603 1359 1724 1412 lienibus
1735 1361 1850 1428 prodest

196 1441 251 1494 que
263 1426 334 1479 ranri
345 1440 407 1477 cum
418 1424 525 1478 duobus
534 1432 615 1479 rutae
627 1433 656 1479 et
662 1425 999 1481 lanuinusdecoctitbo-
1052 1428 1223 1498 plantaginis
1235 1428 1331 1489 cibus,
1352 1427 1518 1482 vettonicae
1532 1433 1629 1496 potus,
1648 1434 1789 1505 agaricum
1801 1447 1849 1500 pe·

196 1501 431 1564 nnccmpurgnnt.
1052 1494 1291 1561 tumutintussi.

195 1636 311 1687 dicitur.
348 1635 485 1688 linceius
497 1649 611 1702 generas
646 1636 791 1688 silvestris
807 1638 999 1701 ubinascitur,
1051 1639 1099 1691 ubi
1110 1637 1213 1691 alludit
1223 1630 1305 1699 unda,
1317 1650 1405 1703 aeque
1416 1637 1445 1688 in
1457 1639 1535 1698 mari,
1547 1651 1637 1704 neque
1647 1636 1677 1688 in
1690 1638 1850 1701 sicco,iolio

195 1705 310 1756 subesse
321 1719 409 1771 aquas
420 1702 551 1756 credunt:
574 1710 604 1757 et
614 1702 666 1757 hac
677 1704 781 1758 habeut
797 1706 907 1775 signum
922 1708 999 1776 squi-
1050 1709 1134 1761 isatis
1146 1705 1290 1767 crassiore,
1301 1706 1395 1774 palmo
1406 1706 1474 1767 alto,
1485 1704 1514 1757 in
1525 1720 1656 1758 mucrone
1667 1706 1765 1769 diviso,
1777 1706 1849 1758 radi·

195 1773 282 1840 leges.
317 1773 400 1825 Folia
410 1779 476 1824 sunt
486 1773 648 1837 maiuscula,
668 1789 750 1842 quam
761 1775 999 1845 ederae,'quinque
1048 1793 1081 1830 ee
1092 1777 1165 1839 alba,
1177 1777 1305 1839 odorata,
1315 1790 1419 1840 crassa,
1430 1775 1514 1827 calidi
1523 1780 1629 1842 gustus.
1663 1775 1754 1827 Datur
1766 1773 1850 1842 hepa-

195 1848 371 1907 autseptcm,
391 1841 665 1907 subalbidaaterra,
674 1858 793 1911 superne
802 1845 919 1912 pallida,
940 1849 999 1897 sine
1048 1848 1112 1900 :icis
1132 1848 1162 1898 in
1178 1845 1252 1899 larre
1267 1844 1390 1898 decocta.
1427 1847 1507 1898 ilaec
1524 1844 1610 1898 herba
1629 1845 1728 1898 eadem
1740 1846 1852 1897 videtui·

196 1910 283 1971 caule,
292 1911 353 1963 sine
363 1908 443 1971 llere,
454 1911 515 1962 sine
525 1914 640 1975 semine,
651 1914 745 1963 radice
757 1915 844 1965 tenui.
880 1915 999 1974 Quidem
1048 1916 1222 1983 quibusdam,
1253 1914 1430 1979 uaepoiium,
1448 1913 1833 1982 dequasuolocodlrinrus.

197 1977 312 2033 eandem
324 1978 515 2032 essebcchiun
532 1984 562 2031 et
579 1979 636 2033 alio
656 1979 767 2033 nomine
785 1979 999 2047 chamaeleucen
1082 1984 1184 2037 Xxlll.
1203 1984 1229 2032 2.
1255 1978 1453 2049 ‚runsplraenm
1477 1975 1593 2035 ilrernis
1603 1984 1740 2048 viridibus
1749 1984 1840 2035 roseis

195 2054 305 2119 putant.
334 2047 427 2100 Huius
439 2047 534 2101 aridae
546 2064 610 2101 curu
620 2048 715 2103 radice
725 2046 818 2103 fumus
827 2065 877 2117 per
887 2050 999 2103 arundi-
1050 2068 1103 2121 que
1115 2066 1164 2120 per
1175 2049 1282 2105 caulem
1293 2049 1385 2113 loliis,
1405 2051 1436 2100 in
1448 2063 1534 2116 posca
1549 2055 1713 2120 sanguinem
1725 2052 1853 2107 reiiclen·

194 2132 258 2171 uem
277 2116 393 2170 haustus
414 2123 443 2170 et
459 2118 626 2182 devoratus,
645 2126 767 2173 veterem
782 2134 882 2173 sanare
896 2121 1000 2172 dicitur
1049 2122 1124 2174 tibus
1137 2120 1273 2173 medetur.

196 2186 311 2239 tussim:
332 2187 421 2240 sedin
439 2186 693 2255 singulosbaustus
709 2204 821 2257 passum
831 2190 998 2259 gustandum
1084 2189 1186 2242 xxiv.
1204 2188 1230 2242 3.
1242 2188 1360 2241 iocineri
1376 2190 1469 2239 sutem
1485 2184 1573 2242 herba
1591 2189 1783 2261 malundrum,
1804 2206 1876 2257 ιιι-ς

197 2261 250 2309 est.
1050 2274 1131 2311 scens
1143 2259 1170 2309 in
1182 2264 1276 2328 segete
1287 2272 1320 2309 ac
1331 2255 1434 2325 pratis,
1454 2257 1525 2310 llere
1542 2259 1606 2311 alba
1619 2258 1744 2314 odorata.
1783 2261 1850 2315 aius

175 2346 200 2375 ψ
232 2322 321 2378 lel.
338 2324 472 2381 2Alters
482 2340 500 2377 a
509 2325 674 2393 quibusdam
684 2326 775 2395 salvia
785 2326 952 2394 appellatur,
962 2326 998 2376 sl·
1051 2328 1205 2381 cauliculus
1216 2328 1371 2379 conteritur
1382 2343 1416 2380 ex
1427 2327 1494 2379 rino
1504 2335 1609 2383 vetere.

195 2393 272 2447 milis
283 2397 431 2463 pcrbascu:
443 2398 599 2448 conteritur
610 2411 644 2448 ea
655 2403 684 2449 et
695 2397 789 2448 colata
799 2396 902 2455 caleiit,
915 2400 1000 2461 atque
1087 2396 1171 2447 xilv.
1189 2397 1215 2448 4.
1225 2399 1294 2449 item
1310 2395 1397 2449 herba
1412 2395 1567 2450 chalcetum
1587 2415 1602 2449 e
1620 2398 1708 2450 vineis
1728 2401 1852 2450 contrita

195 2466 240 2519 its
250 2465 287 2517 ad
297 2469 395 2518 tussim
407 2466 560 2530 laterisque
571 2464 684 2517 doleres
695 2465 813 2517 bibitur:
825 2470 1000 2516 cuntraseor·
1051 2464 1213 2532 imponitur.
1249 2464 1358 2516 Faciles
1373 2473 1498 2531 praestat
1514 2466 1680 2519 vomitiones
1691 2468 1772 2518 radia
1783 2469 1850 2519 vet-

195 2535 296 2603 piones
312 2534 410 2586 cadem
427 2544 456 2586 et
473 2531 859 2586 draconmnrarinoseliicax.
895 2532 1000 2583 Contra
1051 2535 1170 2595 tunicae,
1190 2532 1306 2585 ellebori
1327 2533 1419 2593 modo,
1440 2533 1480 2586 iv
1500 2531 1640 2586 drachmis
1656 2535 1684 2584 in
1699 2549 1780 2600 passo
1801 2542 1851 2586 aut

194 2610 340 2669 serpentes
352 2616 461 2668 quoque
472 2616 507 2653 ea
517 2600 581 2653 oleo
593 2606 707 2669 perungi
725 2617 758 2654 ea
769 2599 891 2668 prodest.
927 2601 1000 2667 llys·
1051 2602 1151 2655 nrulso.
1187 2603 1348 2671 llyssupum
1360 2602 1456 2652 tritum
1467 2617 1530 2655 cum
1542 2603 1625 2656 melle
1636 2603 1747 2665 utilius,
1769 2617 1849 2669 prae·

194 2672 257 2738 aopi
269 2670 417 2722 fasciculus
429 2671 501 2722 'cum
519 2671 674 2738 quadrante
686 2670 777 2724 mellis
787 2669 953 2738 decoquitur
963 2670 999 2722 ad
1050 2678 1142 2725 sumto
1156 2666 1293 2723 nas'turtio
1304 2668 1351 2721 aut
1362 2670 1465 2723 irione:

195 2742 306 2792 tussim.
1086 2742 1111 2795 h.
1131 2740 1330 2807 Molemonium
1353 2739 1463 2791 denarii
1482 2738 1613 2806 pondere.
1650 2742 1702 2793 list
1720 2741 1849 2809 etsilybo
1887 2778 1896 2800 ζ

233 2808 332 2861 livill.
352 2807 465 2860 Lateris
485 2815 514 2861 ct
535 2808 659 2875 pectoris
675 2808 820 2860 doloribus
837 2808 998 2860 verbascum
1050 2812 1156 2877 lacteus
1167 2825 1273 2872 succus,
1285 2810 1334 2875 qui
1346 2807 1479 2861 densatus
1490 2809 1520 2859 in
1533 2809 1645 2876 gummi,
1660 2811 1778 2862 sumitur
1788 2827 1848 2863 cum
1885 2816 1892 2824 '

196 2894 257 2929 cusu
271 2886 334 2929 ruta
344 2893 378 2931 ea
390 2874 476 2945 aqua:
489 2877 653 2932 vettonicae
666 2877 756 2931 farina
764 2879 870 2932 bibitur
881 2892 914 2931 ea
927 2891 1000 2945 acqua
1051 2879 1135 2933 nrelie
1146 2895 1230 2947 supra
1241 2879 1317 2931 dicto
1329 2877 1467 2946 pondere:
1484 2880 1685 2947 praecipueque
1696 2881 1781 2934 bilem
1794 2889 1849 2934 tra-

192 2946 297 3023 pulida.
1051 2949 1102 3002 bit.
1139 2950 1243 3001 Rursus
1254 2950 1357 3000 sistunt
1369 2948 1550 3001 vuaritionem
1562 2951 1701 3002 cunrinnnr
1711 2951 1848 3013 silvestre,

232 3014 413 3069 Stomachum
425 3017 592 3069 corroborat
602 3015 742 3068 scordotis
752 3031 865 3079 succus,
884 3019 999 3067 centau·
1050 3019 1218 3071 vettonicae
1229 3018 1337 3070 farine:
1360 3023 1507 3069 sumuntur
1518 3033 1551 3069 ex
1564 3033 1641 3086 aqua
1676 3020 1849 3088 abstergunt

8 1546 14 1947 ἱ
192 1574 199 1619 l
232 1564 307 1618 ilvl.
326 1563 476 1618 1.Tussim
486 1563 569 1617 sedat
587 1563 722 1634 liechies,
738 1580 810 1633 quse
821 1572 851 1620 et
860 1567 999 1639 tussilago
1046 1598 1073 1649 ἢ,
1086 1568 1174 1622 xxll.
1193 1565 1217 1619 1.
1228 1565 1383 1633 Tripoiium
1405 1566 1434 1618 in
1452 1566 1600 1618 maritimis
1621 1568 1744 1620 nascitur
1764 1569 1889 1633 suniat

196 3085 277 3148 tiana
296 3086 436 3137 Gentiana
447 3101 480 3137 ea
491 3101 563 3153 aqua
574 3093 665 3154 potae.
701 3087 837 3155 Plantago
848 3091 897 3139 aut
907 3099 957 3153 per
967 3100 998 3136 se

195 3161 290 3209 sumta
309 3155 338 3205 in
354 3156 426 3217 cibo,
446 3161 496 3207 aut
513 3172 574 3207 curn
594 3156 681 3219 lente,
700 3157 824 3209 alicaeve
834 3155 1000 3208 sorbitione.

196 3225 349 3278 vettonica
359 3225 430 3275 alias
440 3225 533 3292 gravis
549 3224 713 3289 stomacho,
735 3227 806 3279 vitis
815 3233 908 3278 tamea
919 3232 1000 3278 sanat

194 3303 274 3364 pota,
295 3293 341 3347 vel
361 3294 440 3345 loliis
462 3295 700 3346 commanducata.
737 3295 805 3346 item
816 3295 999 3347 aristolochia

194 3372 277 3433 pota:
288 3362 429 3431 agaricum
442 3363 636 3414 manducatum
648 3365 799 3426 siccum,ut
810 3380 843 3418 ea
851 3365 999 3416 intervallo

193 3449 302 3486 merum
315 3433 479 3483 sorbeatur:
501 3430 657 3497 nymphaea
665 3430 787 3485 heraclia
797 3434 883 3485 illita:
900 3449 998 3500 peuce·

194 3501 263 3555 dani
273 3515 379 3551 succus.
415 3499 540 3567 Psyllion
552 3501 699 3552 ardoribus
711 3502 879 3568 imponitur:
898 3502 942 3553 rel
956 3518 1000 3554 co·

194 3568 312 3641 tyledon
324 3569 392 3621 trita
403 3584 465 3620 cum
475 3568 599 3637 polenta,
609 3570 655 3623 vel
667 3572 786 3635 ameum.

230 3639 305 3692 XlX.
325 3636 351 3690 1.
363 3638 459 3689 llloion
475 3653 560 3706 scapo
579 3649 622 3692 est
637 3640 753 3704 striato,
775 3640 849 3693 loliis
860 3641 999 3704 mollibus,

195 3709 299 3779 parvis,
310 3707 405 3760 radice
417 3709 453 3761 lv
467 3708 631 3776 digitorum,
642 3708 669 3759 in
681 3725 735 3777 qua
747 3719 872 3765 extrema
883 3711 943 3761 allii
955 3725 998 3762 ea·

195 3784 249 3847 put
258 3784 309 3830 est.
325 3776 327 3781 '
347 3775 471 3829 Vocatur
482 3794 500 3830 a
511 3778 676 3844 quibusdam
687 3795 784 3849 syron.
813 3781 854 3832 Ea
867 3781 931 3831 rino
943 3786 998 3829 sto-

195 3844 294 3901 macho
319 3852 347 3900 et
369 3847 519 3913 dispansae
541 3847 679 3901 medetur:
712 3850 885 3901 centaurium
910 3848 997 3900 rricius

197 3917 360 3983 ecligmate:
383 3917 515 3983 plantago
527 3933 608 3969 succe
620 3917 664 3971 rel
678 3918 755 3971 cibo:
776 3918 944 3970 vettonicae
956 3927 999 3968 tu·

197 4001 246 4038 sae
257 3984 348 4052 pondo
361 3984 442 4046 libra,
461 3986 552 4038 meliis
562 3988 648 4040 Attici
659 3991 810 4049 semuncia,
823 4003 857 4039 ex
869 4003 942 4056 aqua
954 4002 997 4038 ca·

196 4055 255 4107 lida
266 4054 391 4120 quetidie
402 4054 569 4105 bibentibus.
590 4053 789 4118 Aristolochia,
798 4056 843 4107 rel
854 4057 997 4123 agaricon,

198 4123 288 4175 obolis
309 4124 395 4173 ternis
415 4138 450 4174 ea
472 4136 544 4188 aqua
563 4122 664 4183 calida,
686 4131 735 4174 aut
751 4123 824 4179 lacte
839 4125 909 4175 asini
922 4132 996 4189 pota.

198 4190 409 4257 cissanthemos
429 4189 465 4240 ad
477 4189 663 4256 orthopnoeas
674 4191 796 4243 bibitur:
819 4193 885 4242 item
899 4191 997 4257 hyssu-

195 4276 263 4330 pum
275 4268 303 4312 et
313 4256 496 4309 asthmaticis.
532 4258 696 4325 Peucedani,
710 4275 811 4311 succus
828 4263 855 4311 in
867 4259 999 4311 iocineris

196 4329 352 4388 doloribus,
374 4332 403 4378 et
413 4326 535 4392 pectoris
546 4327 706 4394 laterisque,
728 4331 752 4379 si
766 4329 857 4382 lehres
868 4343 922 4378 non
934 4329 997 4379 sint.

195 4397 367 4465 Sanguinem
378 4410 489 4464 quoque
499 4397 701 4463 exspuentibus
712 4398 841 4450 subvenit
849 4400 999 4465 agaricum,

194 4464 350 4521 victoriati
363 4464 487 4530 pondere
497 4464 605 4529 tritum,
627 4473 656 4518 et
670 4468 698 4517 in
710 4467 793 4521 mulsi
806 4468 925 4535 quinque
935 4482 1000 4534 cya-

196 4535 253 4589 this
264 4533 370 4586 datum.
406 4534 482 4586 idem
495 4543 524 4587 et
534 4550 662 4588 amomon
675 4536 752 4589 facit.

231 4605 351 4660 locineri
362 4603 491 4672 privatim
501 4605 623 4657 Teucria
636 4602 998 4668 bibiturrecens,drschmis

195 4674 244 4737 IV,
264 4675 293 4726 in
308 4689 410 4741 pascae
427 4672 550 4727 hemina:
570 4677 737 4729 vettonicae
757 4674 887 4728 drachma
903 4690 958 4725 una
969 4675 998 4724 in

196 4760 272 4811 aqua
283 4744 376 4796 calicia
387 4744 497 4812 cyathis
508 4744 614 4795 tribus:
636 4745 670 4796 ad
681 4747 772 4798 cordis
781 4745 860 4807 ritis,
876 4746 905 4796 in
917 4742 997 4809 lrigi-

197 4813 251 4866 dae
262 4813 373 4881 cyathis
384 4814 501 4866 duobus.
538 4812 728 4880 quinquefolii
742 4831 840 4867 succus
859 4814 999 4876 iocineris,

197 4889 227 4937 et
239 4883 376 4948 pulmonis
398 4882 484 4945 vitiis,
504 4882 722 4950 sanguinemque
744 4885 948 4946 reiicicatibus,
971 4890 999 4936 et

197 4952 351 5032 cuicunque
373 4952 518 5020 sanguinis
538 4951 607 5003 vitio
624 4952 698 5003 intus
712 4954 842 5005 occurrit.
879 4954 998 5005 iocineri

1052 3088 1176 3149 fastidia,
1196 3087 1405 3154 cruditatesque
1417 3087 1557 3152 digerunt,
1577 3087 1703 3151 daucum,
1720 3089 1850 3142 vettoni-

1052 3173 1100 3210 cae
1113 3157 1203 3209 larina
1213 3171 1247 3210 ex
1258 3172 1330 3224 aqua
1341 3154 1440 3218 mulsa,
1457 3157 1590 3222 plantago
1602 3155 1718 3208 decocta
1728 3158 1850 3209 caulium

1051 3224 1144 3280 modo.
1180 3226 1325 3294 Singultus
1342 3223 1507 3289 hemionium
1525 3226 1618 3277 sedat:
1640 3226 1706 3277 item
1717 3227 1850 3279 aristolo-

1051 3296 1124 3351 chia.
1162 3295 1289 3363 Suspicio
1303 3293 1453 3365 clymenus.
1490 3293 1849 3361 Pleuriticisetperipneu·
1943 3300 1952 3311 “

1051 3366 1167 3419 manicis
1178 3364 1350 3418 centaurium
1363 3364 1463 3413 nraius:
1486 3364 1554 3415 ltenr
1567 3363 1719 3431 hyssopum
1734 3364 1848 3416 bibitur.

1050 3435 1208 3488 Pleuriticis
1220 3432 1373 3500 peucedani
1382 3447 1489 3484 succus.

1055 3496 1184 3555 ixxvl.
1202 3505 1228 3556 e.
1245 3502 1336 3563 Halus
1357 3506 1457 3561 autem,
1478 3515 1559 3568 quam
1581 3500 1655 3553 Galli
1677 3501 1719 3553 sic
1738 3508 1878 3562 vocante

1052 3575 1149 3627 l'eneti
1162 3579 1315 3632 cotoneum,
1327 3569 1452 3623 medetur
1462 3570 1557 3621 lateri:
1572 3571 1637 3620 item
1650 3572 1772 3633 renibus,
1784 3585 1849 3622 eon·

1050 3644 1190 3709 vulsisque
1201 3648 1229 3693 et
1241 3642 1339 3708 ruptis.
1370 3638 1475 3690 Similis
1488 3645 1529 3691 est
1542 3639 1651 3690 cunilae
1663 3639 1792 3701 bubulae,
1803 3654 1848 3690 ca·

1050 3713 1204 3763 cunrinibus
1215 3707 1431 3778 thymo,'dulcis,
1443 3714 1472 3761 et
1482 3708 1559 3760 sitim
1570 3708 1789 3771 sedans,radicis
1799 3709 1847 3760 ali·

1049 3781 1177 3843 bisibus,
1189 3780 1255 3832 alibi
1269 3781 1373 3845 nigrae.

1084 3848 1199 3901 xilvll.
1217 3851 1243 3901 7.
1259 3847 1379 3899 Eosdem
1401 3845 1516 3898 effectus
1535 3846 1563 3897 ia
1586 3846 1683 3907 lateris
1704 3845 1848 3898 doloribus

1048 3917 1134 3972 habet
1146 3917 1335 3985 chamaerops,
1347 3918 1464 3984 myrteis
1475 3916 1549 3969 circa
1561 3918 1668 3970 caulem
1678 3915 1796 3983 geminis
1806 3913 1848 3964 io-

1049 3990 1105 4047 liis,
1117 3989 1254 4053 capitibus
1266 3986 1420 4038 Graeculae
1431 4000 1520 4048 rosae,
1532 4001 1566 4037 ea
1578 3987 1640 4037 vino
1650 3992 1724 4052 pota.
1742 3981 1846 4033 ischia·

1049 4057 1127 4108 dicos
1139 4057 1250 4109 delores
1260 4063 1288 4108 et
1300 4055 1395 4121 spinae
1406 4055 1480 4106 lerat
1490 4053 1632 4122 agaricum
1644 4059 1756 4120 potum,
1778 4059 1808 4100 ut
1819 4049 1846 4099 ia

1049 4126 1128 4177 tussi.
1373 4142 1378 4151 ·

1084 4195 1110 4244 8.
1128 4192 1195 4243 ltern
1206 4190 1379 4253 stoechadis,
1396 4196 1445 4242 aut
1454 4187 1620 4240 vettonicae
1631 4186 1720 4239 lerina
1731 4201 1765 4239 ex
1775 4184 1873 4252 aquai

1050 4260 1147 4311 mulsa.

1084 4326 1212 4379 xxvlll.
1231 4327 1383 4378 Plurimum
1407 4322 1626 4375 tamen‘hnmini
1644 4324 1748 4385 negotii
1769 4320 1847 4374 airus

1050 4397 1172 4459 exhibet,
1194 4395 1271 4457 cuius
1292 4409 1376 4447 causa
1392 4393 1484 4445 maior
1502 4407 1566 4459 pars
1587 4391 1747 4443 mortalium
1767 4391 1846 4444 iirit.

1028 4464 1029 4467 ’
1049 4467 1124 4519 ilias
1137 4467 1208 4517 enim
1221 4466 1298 4516 cibos
1310 4479 1363 4515 aon
1374 4462 1549 4523 transmittit,
1565 4461 1701 4512 aliusnon
1714 4460 1847 4522 continet,

1049 4537 1119 4589 alias
1132 4552 1184 4587 non
1196 4536 1277 4603 capit,
1288 4534 1358 4586 alias
1369 4547 1423 4583 non
1436 4532 1554 4582 coniicit.
1590 4533 1685 4596 anue
1697 4544 1788 4582 mores
1799 4546 1846 4582 re·

1049 4623 1124 4669 nere,
1136 4613 1166 4656 ut
1179 4605 1261 4656 homo
1274 4603 1393 4656 maxime
1404 4600 1469 4653 cibo
1479 4606 1583 4668 pereat.
1621 4600 1771 4651 Pessimum
1784 4613 1846 4650 cor·

1049 4691 1146 4743 porum
1159 4691 1208 4727 vas
1219 4676 1355 4736 instat,ut
1368 4671 1501 4728 creditor,
1510 4676 1537 4721 et
1546 4668 1847 4735 saepiusdieappeliat.

1051 4746 1141 4797 liuius
1156 4745 1248 4813 gratia
1260 4743 1407 4810 praecipue
1419 4740 1539 4792 avaritia
1556 4754 1588 4790 ex
1611 4739 1707 4789 alitur:
1731 4737 1793 4789 huic
1804 4737 1846 4788 lu·

1049 4815 1130 4867 suria
1141 4813 1282 4865 conditur:
1294 4811 1519 4883 huicnarigatur
1530 4807 1565 4860 ad
1576 4753 1691 4873 Phasin:
1708 4805 1773 4859 huic
1782 4822 1845 4873 pro-

1050 4884 1126 4936 lundi
1138 4884 1209 4935 rada
1219 4885 1408 4950 exquiruntur.
1425 4878 1464 4931 Et
1476 4892 1556 4930 uerno
1568 4878 1718 4928 utilitatem
1731 4877 1792 4928 eius
1801 4891 1848 4927 ae·

1049 4956 1152 5014 sitisset,
1163 4951 1408 5005 consummationis
1419 4948 1565 5001 foeditate.
1593 4946 1669 5015 Ergo
1680 4944 1847 4999 numerosis·

1048 5025 1121 5074 sima
1131 5030 1173 5074 est
1184 5022 1260 5075 circa
1270 5019 1338 5072 hanc
1351 5018 1507 5070 uredicinae
1515 5030 1609 5083 opera.
1799 5080 1805 5093 .

1084 5094 1166 5144 Sistit
1188 5106 1248 5141 eam
1270 5088 1407 5153 scordotis
1428 5102 1531 5147 recens,
1553 5082 1687 5136 drachma
1701 5097 1762 5134 cunr
1779 5093 1845 5129 vruo

1049 5163 1126 5223 trita,
1147 5160 1190 5211 vel
1205 5161 1320 5211 decocta
1333 5165 1408 5225 putu.
1443 5153 1605 5223 Polemonia
1618 5166 1726 5220 quoque
1744 5156 1772 5201 et
1784 5146 1847 5212 dys-

1048 5231 1177 5283 entericis
1191 5244 1224 5280 ex
1236 5229 1301 5279 vino
1313 5228 1410 5278 datur:
1430 5226 1556 5276 verbasci
1568 5222 1646 5275 radix
1659 5227 1847 5287 potaexaqua

8 5042 32 5101 ,4
46 5008 146 5073 «μμ-ιζ
157 5016 371 5091 {-·anagallidep
381 5023 450 5074 mire
460 5028 585 5088 prosunt.
597 5021 710 5089 Capuan
723 5022 836 5074 herbam
847 5022 893 5089 qui
906 5022 998 5084 edere,

195 5090 283 5143 bilem
301 5106 350 5156 per
361 5093 467 5144 urinam
486 5091 613 5143 reddunt.
649 5092 760 5144 Acorea
776 5091 894 5144 iocineri
904 5091 997 5144 mede·

195 5166 251 5221 tur,
262 5158 370 5212 thoraci
383 5169 538 5227 quoquest
548 5161 729 5227 praecordiis.

230 5228 293 5280 XX.
310 5230 336 5280 2.
356 5228 496 5297 Ephedra,
516 5231 551 5282 ab
564 5230 626 5281 aliis
638 5231 769 5284 anabasis
780 5236 888 5291 vocata,
909 5229 998 5281 nasci·

195 5306 241 5349 tur
252 5306 367 5349 ventoso
378 5299 437 5350 lere
449 5292 555 5361 tr'actu,
575 5300 710 5352 scandens
728 5303 855 5353 arborem
872 5306 900 5351 et
911 5316 942 5351 cx
956 5316 998 5351 ra·
1049 5301 1164 5351 duorum
1184 5297 1334 5363 digitorum
1355 5293 1558 5362 magnitudine:
1578 5288 1751 5368 nymphaeae
1768 5283 1848 5366 hera·

194 5367 246 5418 mis
260 5366 442 5434 propendens,
449 5365 517 5418 ioiin
529 5367 703 5427 nulio,cir·ris
714 5385 871 5427 numerosa,
879 5371 923 5435 qni
935 5378 998 5421 suist
1048 5371 1118 5421 elisa
1139 5383 1231 5418 semen
1253 5381 1314 5417 cum
1330 5365 1395 5414 vino
1416 5369 1528 5428 potum:
1550 5360 1631 5412 radia
1642 5366 1833 5434 :superiorem
1933 5428 1943 5433 ,

193 5438 271 5489 iunci
283 5436 445 5504 geniculati,
458 5435 551 5487 radice
562 5437 674 5504 pallida.
695 5439 785 5490 Datur
795 5454 829 5490 ex
840 5438 903 5488 vino
917 5439 996 5504 nigro
1048 5440 1123 5505 phio,
1135 5434 1281 5486 drachmae
1292 5433 1414 5501 pandere
1425 5446 1460 5483 ea
1471 5439 1561 5483 aceto.
1598 5426 1695 5476 Samen
1708 5422 1846 5502 plantagi-

193 5512 305 5559 auntero
317 5510 385 5556 trita
398 5504 433 5557 ad
445 5508 553 5566 tussim,
568 5508 696 5573 suspiria,
715 5515 848 5559 tormina:
870 5514 899 5559 et
909 5506 998 5557 sorbi-
1047 5509 1089 5558 nis
1100 5509 1127 5558 in
1139 5504 1202 5555 vino
1211 5497 1321 5563 tritum,
1341 5502 1387 5555 vel
1396 5502 1458 5567 ipsa
1469 5515 1502 5552 er
1515 5502 1595 5549 aceto
1607 5498 1694 5572 cocta,
1713 5497 1763 5542 aut
1773 5490 1847 5542 alica

193 5577 270 5628 tione
292 5574 377 5639 iacta,
400 5575 429 5627 in
448 5589 531 5642 quam
553 5575 645 5627 vinum
664 5577 731 5629 addi
751 5576 891 5630 convenit.
928 5576 997 5629 ltcm
1048 5573 1357 5631 easuccoeiussumta.
1392 5571 1463 5622 item
1475 5580 1536 5620 cun:
1546 5558 1681 5616 lenticula
1693 5568 1782 5625 cocta,
1802 5559 1847 5613 rel
