4340 6018
352 309 393 369 98
510 302 545 365 C·
588 302 736 366 Putitii
779 302 982 363 SECUNDl
1027 298 1192 361 nni'ult
1236 301 1421 363 HISTOR
1466 298 1656 361 ultavit.
1699 300 1791 360 etr.
1812 308 1842 362 2.

351 460 524 527 casaperta,
545 452 714 523 quambene.
749 450 846 516 ltaque
858 450 938 502 multi
950 450 1092 514 exstitere,
1107 451 1155 519 qui

351 546 405 581 nnn
428 527 505 580 nasci
526 528 661 594 optimum
681 527 833 582 censerent,
855 527 903 571 aut
925 535 1005 588 quarn
1027 521 1155 574 ocissime

352 598 470 652 aboleri.
567 606 575 617 ⁸

387 667 440 719 Uni
452 663 630 718 animantium
643 659 733 709 luctus
745 662 788 709 est
798 655 894 720 datus,
916 659 964 710 uni
979 660 1106 721 luxuria,
1127 666 1156 711 et

352 736 463 805 quidem
476 727 725 784 innumerabilibus
736 726 834 789 modis,
847 742 879 780 ac
890 742 938 795 per
950 729 1060 797 singula
1072 744 1155 780 urent·

351 806 420 857 bra:
440 803 487 853 uni
499 798 624 858 ambitio,
637 797 682 846 uni
695 797 821 858 avaritia,
842 799 890 847 uui
901 799 1034 851 immensa
1045 797 1155 850 risendi

351 873 461 941 cupido,
482 869 528 919 uni
538 866 718 931 superstitio,
739 867 788 916 uni
799 867 959 932 sepulturae
970 883 1050 930 cura,
1072 875 1155 934 atquc

351 946 433 995 eiiam
446 945 550 1006 postse
561 935 595 985 de
608 934 713 987 futuro.
749 935 828 986 Nulli
848 938 906 988 rita
928 937 1063 1005 fragilior,
1084 937 1155 989 nulli

350 1024 440 1063 rerum
454 1005 573 1058 orricium
587 1004 676 1055 libido
689 1005 786 1068 maior,
806 1005 874 1056 nulli
897 1020 984 1072 paror
1004 1004 1154 1069 confusior,

350 1079 419 1131 nulli
430 1076 520 1127 rabies
531 1074 632 1124 acrior.
652 1074 780 1140 Denique
792 1081 888 1125 cetera
899 1076 1052 1126 animantia
1062 1076 1090 1125 in
1102 1090 1153 1127 suo

348 1162 451 1217 genere
482 1145 548 1195 robe
560 1141 684 1210 degunt:
708 1144 879 1210 congregari
886 1144 1018 1205 videmus,
1039 1151 1154 1196 etstare

348 1224 445 1268 contra
457 1161 612 1265 gissimilia.
649 1211 774 1264 Leonum
787 1211 885 1263 feritas
901 1212 975 1263 inter
992 1229 1022 1264 se
1037 1228 1091 1265 nou
1113 1212 1153 1264 di·

349 1289 450 1339 micat:
480 1284 648 1350 serpentium
662 1295 769 1331 morsus
780 1296 832 1330 non
845 1281 916 1347 petit
927 1287 1087 1347 serpentes:
1118 1297 1154 1334 ne

349 1356 433 1408 rnaris
446 1352 557 1422 quidem
569 1350 679 1402 belluae
692 1364 725 1401 ae
735 1349 836 1416 pisces,
848 1352 901 1401 uisi
911 1350 938 1400 in
950 1350 1060 1403 diversa
1069 1366 1152 1419 gene·

348 1440 387 1488 rs,
399 1424 537 1542 saerpunt.
559 1423 595 1473 At
607 1419 736 1474 hercules
747 1417 852 1471 homini
862 1420 984 1486 plurima
994 1435 1029 1473 ex
1041 1419 1153 1473 homine

348 1501 506 1547 suntnraa.

382 1582 420 1632 Et
431 1579 466 1631 de
478 1574 660 1629 unirersitate
672 1575 783 1644 quidem
793 1576 902 1643 generis
914 1572 1038 1637 humani,
1051 1587 1153 1643 magna

348 1648 513 1716 expertein
527 1646 664 1698 relatione
676 1646 799 1711 gentium
812 1644 944 1697 diximus.
971 1644 1068 1712 Neque
1078 1647 1151 1695 enim

347 1722 419 1773 ritus
430 1731 576 1784 moresque
587 1730 657 1766 nunc
675 1719 827 1766 tractamus
842 1717 1015 1779 innumeros,
1035 1728 1069 1764 ae
1086 1713 1153 1764 toti-

348 1789 411 1843 dem
423 1802 518 1856 paene,
538 1791 607 1853 qnot
629 1790 696 1835 sunt
716 1781 856 1835 hominum
878 1792 994 1836 coetus:
1016 1783 1151 1850 quaedam

348 1866 441 1912 tamen
454 1854 527 1908 haud
540 1854 696 1907 omittenda
707 1852 787 1915 duco,
806 1853 984 1922 maximeque
1005 1853 1118 1922 longius
1134 1866 1153 1902 a

348 1929 417 1981 mari
429 1924 587 1992 degentium
600 1941 607 1988 3
628 1923 658 1973 in
671 1923 770 1991 quibus
781 1924 942 1993 prodigiosa
951 1923 990 1975 aii
1011 1937 1047 1974 ua
1062 1928 1090 1974 et
1108 1924 1151 1972 in·

348 1996 491 2050 credibilia
501 1994 596 2045 multis
608 1994 696 2045 risum
708 1994 745 2044 iri
756 1991 829 2044 haud
846 1993 952 2045 dubito.
989 1939 1057 2056 auis
1077 1993 1151 2043 enim

348 2065 506 2131 Aethiopas,
526 2069 674 2130 antequam
686 2068 823 2124 cerneret,
846 2061 987 2116 crediditi
1015 2068 1063 2112 aut
1086 2060 1150 2127 quid

347 2134 615 2195 noomimculucst,
638 2130 836 2200 cumprimum
859 2134 886 2183 in
909 2131 1038 2184 notitiam
1060 2129 1151 2181 reniti

347 2206 434 2268 Quam
446 2204 670 2255 multafierinon
692 2216 788 2269 posse,
808 2203 968 2269 priusquam
989 2203 1047 2251 sint
1068 2199 1151 2260 facta,

346 2272 528 2327 iudicanturi
550 2270 675 2325 Naturae
687 2285 752 2322 vere
764 2285 857 2323 rerum
869 2274 910 2324 ris
921 2281 1005 2338 atque
1017 2269 1150 2321 maiestas

345 2347 371 2396 in
387 2344 515 2396 omnibus
528 2342 674 2393 momentis
684 2339 738 2392 lide
749 2346 843 2393 caret:
865 2341 890 2391 si
906 2342 969 2407 quis
986 2338 1069 2391 niodo
1087 2353 1148 2405 par-

346 2418 388 2464 tes
399 2413 467 2475 cius,
479 2428 512 2464 ac
522 2427 577 2462 non
587 2417 675 2462 totam
689 2411 890 2477 complectatur
900 2411 1005 2461 animo.
1048 2407 1089 2461 Ne
1100 2423 1148 2474 pa·

347 2497 438 2545 sones,
450 2488 498 2534 ant
508 2481 638 2564 tigrium,
648 2479 899 2548 pantherarumque
910 2479 1046 2540 maculas,
1068 2485 1096 2530 et
1108 2482 1150 2528 tot

345 2551 508 2605 aniuralium
519 2557 641 2617 picturas
654 2564 995 2619 canimenrorem,pnrrum
1009 2545 1149 2611 dictu,sed

345 2624 507 2676 immensum
520 2619 725 2681 aestimatione,
736 2626 779 2670 tot
789 2621 914 2686 gentium
927 2633 1086 2680 sessiones,
1107 2623 1151 2668 tot

343 2692 465 2760 linguae,
485 2696 566 2743 tanta
578 2688 710 2756 loquendi
722 2690 854 2751 varietas,
874 2698 904 2740 ut
915 2698 1045 2740 externus
1057 2687 1149 2739 alieno

344 2777 431 2830 paens
442 2762 543 2813 nonsit
556 2756 675 2810 hominis
692 2758 759 2811 nice.
796 2758 853 2810 lam
871 2760 901 2810 in
924 2759 995 2811 facie
1016 2758 1149 2822 vultuque

344 2837 516 2894 nostro,cum
529 2828 584 2878 sint
596 2827 693 2880 decem
705 2835 754 2879 ant
766 2828 850 2893 paulo
862 2828 944 2893 plura
953 2824 1150 2886 membranul-

345 2903 387 2953 las
399 2903 468 2953 duas
479 2902 508 2954 in
520 2904 564 2949 tot
576 2896 699 2949 millibus
710 2895 850 2948 hominum
862 2897 1031 2949 indiscretas
1044 2895 1149 2961 effigies

346 2972 499 3024 exsistere:
523 2967 596 3034 quod
608 2981 654 3017 ars
666 2965 742 3017 nulla
752 2966 780 3017 in
791 2965 885 3032 paucis
896 2980 1009 3018 numero
1027 2969 1150 3031 praestet

345 3039 513 3093 affectando.
548 3035 607 3088 Nee
618 3042 712 3088 tamen
723 3051 774 3103 ego
786 3036 814 3085 in
825 3035 965 3102 plerisque
983 3049 1078 3086 eorum
1099 3032 1147 3082 ob-

344 3114 480 3178 stringam
493 3106 575 3160 fideut
588 3120 687 3167 nisam,
699 3106 847 3172 potiusque
858 3105 892 3155 ad
905 3112 1033 3156 auctores
1044 3103 1150 3169 relega·

344 3180 390 3241 bo,
422 3179 451 3229 ui
462 3177 553 3230 dubiis
565 3174 717 3227 reddentur
726 3175 868 3226 onmibus:
885 3174 967 3226 modo
979 3188 1013 3225 ne
1023 3172 1059 3223 sit
1070 3171 1148 3225 fasti·

344 3247 391 3298 dio
403 3196 628 3313 graecosseqm,
650 3250 730 3296 tanto
748 3242 855 3297 maiore
875 3258 972 3295 corum
994 3241 1148 3310 diligentia,

345 3318 386 3371 rel
398 3334 464 3371 cura
474 3316 637 3372 vetustiore.

379 3403 414 3456 ll.
433 3404 502 3455 Esse
514 3401 682 3469 Scytharum
694 3414 806 3468 genera,
817 3397 965 3466 etquidem
977 3397 1068 3464 plura,
1079 3411 1150 3463 quae

345 3473 509 3539 corporibus
530 3470 657 3522 humanis
679 3476 869 3529 vescerentur,
890 3468 1082 3519 indicarimus.
1120 3465 1149 3516 ld

343 3545 434 3609 ipsum
447 3539 611 3592 incredibile
626 3540 761 3599 fortasse,
782 3539 811 3589 ni
832 3538 987 3604 cogitemus
1008 3537 1035 3586 in
1058 3531 1148 3586 medio

345 3614 412 3663 orbe
423 3619 571 3670 terrarum,
582 3623 615 3660 sc
624 3607 722 3660 Sicilia
732 3615 761 3659 et
772 3608 853 3659 ltalia
865 3608 950 3658 foisse
960 3612 1057 3674 gentes
1067 3602 1149 3654 huius

344 3682 478 3742 monstri,
500 3679 638 3745 Cyclopas
655 3684 683 3729 et
699 3677 919 3746 Laestrygonas,
942 3682 971 3727 et
992 3674 1149 3740 irnperrime

343 3757 422 3799 trans
434 3748 516 3814 ltlpes
529 3746 666 3798 hominem
679 3747 817 3799 immolari
829 3749 953 3813 gentium
965 3759 1059 3796 earum
1072 3758 1148 3795 nrore

343 3816 476 3869 solitum:
497 3815 569 3883 quod
586 3817 696 3883 paulum
713 3832 730 3867 a
745 3815 899 3867 mandendo
920 3817 1009 3866 abest.
1046 3813 1100 3865 Sed
1121 3819 1150 3864 et

343 3886 424 3937 iuxta
432 3899 489 3946 eos,
498 3885 548 3951 qui
557 3893 621 3937 sunt
632 3885 666 3937 ad
677 3885 901 3951 septemtrionem
913 3881 1074 3944 versi‚haud
1087 3897 1148 3949 pro.

343 3954 388 4005 cul
405 3953 439 4005 ab
454 3954 515 4020 ipso
526 3955 667 4022 Aquilonis
689 3959 802 4012 exortu,
822 3967 962 4018 specuque
983 3954 1043 4005 eius
1064 3951 1148 4013 dicto,

344 4037 425 4090 quem
438 4023 529 4077 locum
542 4023 687 4089 Gescliton
699 4019 854 4086 appellant,
878 4020 1034 4088 produntur
1044 4023 1148 4074 Ariara-

342 4094 470 4161 spi,quos
479 4093 666 4152 diximus,uno
676 4089 758 4141 oculo
768 4090 797 4139 in
805 4088 898 4144 fronte
909 4082 1002 4143 media
1012 4092 1146 4159 insignes:

342 4164 442 4229 quibus
453 4161 566 4214 assidue
578 4158 680 4211 bellum
692 4174 754 4210 esse
771 4159 846 4212 circa
866 4161 981 4214 metalla
1002 4176 1061 4214 cum
1084 4175 1148 4228 gry-

343 4232 415 4299 phis,
437 4229 676 4284 ferarumvolueri
687 4244 803 4296 genere,
824 4230 1000 4299 qualerulgo
1019 4230 1147 4293 traditur,

342 4307 456 4351 eruente
467 4316 502 4353 ex
513 4298 648 4353 cuniculis
659 4314 756 4350 aurum
767 4335 775 4361 ,
795 4300 866 4353 urica
875 4302 1029 4368 cupiditate
1040 4309 1068 4354 et
1079 4302 1146 4354 feris

344 4368 575 4431 custodientibus,
586 4376 616 4422 et
625 4369 777 4436 Arimaspis
788 4371 969 4438 rapientibus,
990 4371 1079 4433 nrulti,
1098 4371 1147 4424 sed

343 4436 464 4488 maxime
474 4438 599 4492 illustres
610 4439 785 4507 Herodotus,
806 4448 836 4494 et
849 4443 974 4495 Aristeas
990 4441 1147 4495 Proconne-

344 4505 544 4560 siusscribunt.

379 4586 469 4655 Super
490 4591 561 4643 alios
581 4600 674 4647 autem
696 4594 944 4662 Anthropophagos
964 4593 1098 4660 Scythas,
1118 4598 1146 4649 in

345 4655 464 4723 quadam
479 4660 605 4713 convalle
617 4678 718 4728 magna
727 4665 796 4714 imai
809 4664 917 4722 montis,
930 4663 1008 4728 regio
1019 4673 1147 4734 est,quue

345 4732 462 4777 vocatur
472 4727 633 4789 Abarimon,
645 4732 673 4780 in
685 4746 738 4796 qua
749 4732 892 4781 silvestres
904 4730 1001 4781 rirunt
1010 4732 1146 4798 homines,

344 4796 450 4845 aversis
462 4803 526 4861 post
537 4810 618 4847 crura
629 4798 740 4861 plantis,
761 4799 880 4850 eximiae
889 4800 1062 4867 velocitatis,
1083 4820 1145 4871 pas·

345 4863 396 4912 sim
410 4878 471 4914 cum
483 4862 550 4914 feris
561 4872 701 4929 rogantes.
722 4866 783 4916 Hos
794 4868 821 4917 in
832 4868 887 4918 alio
899 4886 953 4920 uon
965 4873 1072 4938 spirare
1083 4891 1145 4925 cae·

345 4931 382 4992 lo,
391 4929 511 4999 ideoque
522 4932 556 4985 ad
568 4933 699 4984 finitimos
710 4948 790 5002 reges
801 4952 853 4987 non
867 4940 998 5005 pertrahi,
1011 4959 1099 5010 neque
1110 4944 1144 4995 ad

343 4997 528 5053 Alexandrum
543 5003 590 5053 llis
613 5017 676 5055 nom
695 5013 863 5069 pertractos,
885 5009 993 5063 Baeton
1013 5013 1144 5065 itinerum

343 5016 665 5138 elusmensurproeNdit.
931 5084 935 5089 ·

378 5152 490 5208 Priores
500 5155 768 5226 Anthropophagos,
791 5173 859 5226 quos
870 5160 905 5214 ad
919 5166 1144 5229 septemtrionem

343 5239 404 5277 esse
415 5223 533 5278 diximus
543 5228 639 5281 decem
657 5227 763 5280 dierum
779 5229 879 5285 itinere
900 5248 985 5299 supra
996 5235 1145 5303 Borysthe-

343 5309 405 5346 nens
417 5298 649 5360 aninemossibus
661 5296 843 5350 humanorum
856 5302 976 5368 capitum
989 5303 1144 5368 biberecu·

342 5364 470 5431 tibusque
485 5381 546 5418 cum
569 5367 670 5434 capillo
692 5383 741 5435 pro
763 5372 926 5423 mantelibus
946 5381 1009 5425 ante
1030 5383 1145 5443 pectora

342 5433 392 5497 uti,
402 5435 528 5502 isigonus
538 5436 708 5489 Nicaeensis
729 5436 802 5491 ldem
814 5439 840 5490 in
852 5442 970 5492 Albania
979 5445 1055 5510 gigni
1066 5461 1145 5512 quos·

343 5500 405 5554 dam
416 5505 515 5571 glauca
527 5506 669 5558 oculorum
682 5507 759 5569 acie,
780 5524 796 5560 a
808 5511 929 5576 pueritia
946 5513 1038 5563 statim
1052 5530 1144 5578 canus,

343 5570 390 5634 qui
400 5580 484 5626 noctu
496 5576 641 5646 plusquam
653 5576 776 5632 interdiu
786 5587 908 5633 cernant.
947 5580 1022 5632 idem
1044 5583 1144 5639 itinere

1207 449 1314 502 dierum
1327 451 1420 504 decem
1432 464 1515 517 supra
1522 448 1724 518 Borysthenem
1735 448 1917 505 Sauromatas
1927 453 2012 506 tertia

1207 519 1252 571 dic
1263 521 1353 574 cibum
1365 535 1464 588 capere
1479 533 1596 585 semper.
1684 581 1689 592 ⁵

1241 590 1338 643 Crates
1350 584 1536 656 Pergamenus
1553 589 1581 639 in
1594 587 1781 654 llellesponto
1797 590 1873 642 circs
1889 589 2012 653 Parium,

1205 674 1293 729 genus
1305 656 1544 718 huminum-fnisse
1554 658 1650 720 tradit,
1657 673 1727 725 quos
1735 658 1910 728 Ophiogenes
1917 670 2011 725 cocat,

1206 730 1375 795 serpentium
1391 728 1465 778 ictus
1482 734 1611 779 contactu
1631 727 1723 778 levare
1744 728 1857 789 solitos,
1879 737 1907 780 et
1927 745 2010 782 manu
2091 736 2097 759 ’

1206 798 1340 865 imposita
1351 812 1457 849 venena
1467 796 1613 848 extrahere
1625 796 1744 862 corpori.
1757 795 1847 849 Varro
1858 799 2011 849 etisumum

1207 883 1267 919 esse
1281 882 1383 934 paucos
1398 867 1452 929 ibi,
1464 880 1578 933 quorum
1591 865 1695 917 salivae
1706 872 1805 918 contra
1817 868 1888 917 ictus
1898 881 2009 933 serpen·

1206 937 1275 988 tium
1289 936 1458 988 medeantur.
1495 934 1602 987 Similis
1619 940 1647 985 et
1661 937 1690 985 in
1705 933 1805 996 Africa,
1816 952 1883 1004 gens
1899 935 2009 1003 Psylla·

1204 1022 1266 1058 rum
1279 1006 1341 1066 fuit,
1352 1013 1382 1056 ut
1392 1003 1610 1072 Agatharchides
1621 1005 1732 1065 scribit,
1749 1019 1766 1055 a
1779 1004 1874 1073 Psyllo
1889 1020 1955 1072 rege
1966 1005 2009 1057 di·

1206 1082 1260 1137 cta,
1281 1077 1359 1126 cuius
1370 1074 1524 1140 sepulcrum
1537 1077 1563 1124 iu
1574 1080 1653 1141 parte
1663 1074 1787 1140 Syrtium
1805 1076 1940 1126 maiorum
1957 1082 2008 1127 eat.

1206 1145 1312 1196 Horum
1325 1145 1434 1208 corpori
1446 1142 1597 1210 ingenitum
1610 1142 1664 1197 fuit
1676 1144 1751 1194 virus
1762 1144 1878 1195 exitiale
1897 1156 2010 1210 serpeu-

1206 1214 1290 1275 tibus,
1300 1218 1328 1264 et
1339 1217 1416 1263 cuius
1427 1211 1514 1264 odore
1524 1213 1649 1278 sopirent
1659 1227 1715 1263 eas.
1752 1214 1814 1264 Mos
1827 1228 1892 1265 vero
1903 1213 2010 1266 liberos

1205 1284 1314 1351 genitos
1325 1283 1452 1348 protinus
1463 1281 1614 1334 abiiciendi
1624 1282 1794 1333 saevissimis
1806 1298 1909 1345 earum,
1920 1296 2009 1351 eoque

1204 1365 1307 1420 genere
1318 1350 1477 1417 pudicitiam
1490 1352 1636 1417 coniugum
1649 1352 1825 1417 experiendi,
1845 1366 1899 1404 non
1911 1352 2008 1419 proili-

1206 1420 1348 1489 gientibus
1370 1419 1529 1471 adulterino
1554 1421 1687 1488 sanguine
1713 1427 1794 1472 natos
1820 1423 2009 1489 serpentibus.

1204 1491 1432 1557 Haeogcnsipsa
1450 1488 1561 1556 quidem
1582 1504 1669 1557 prope
1690 1490 1880 1544 internecione
1899 1491 2010 1545 sublata

1204 1567 1248 1612 est
1259 1576 1276 1612 a
1287 1558 1504 1621 Nasamonibus,
1524 1559 1571 1625 qui
1582 1575 1653 1610 nunc
1665 1574 1713 1611 eas
1724 1568 1820 1612 tenent
1838 1560 1935 1614 sedes:
1957 1577 2009 1630 ge-

1204 1646 1256 1682 nus
1266 1636 1359 1681 tamen
1372 1628 1513 1680 hominum
1525 1642 1559 1679 ex
1572 1627 1615 1691 iis,
1627 1631 1673 1694 qui
1684 1630 1874 1697 profugerant,
1886 1637 1935 1681 aut
1946 1644 2009 1681 cum

1205 1707 1357 1768 pugnatum
1369 1704 1420 1760 est,
1430 1698 1593 1759 abfuerant,
1615 1696 1751 1767 hodieque
1762 1708 1889 1753 remanet
1900 1703 1927 1751 in
1940 1714 2008 1766 pau·

1205 1770 1253 1820 cis.
1290 1767 1388 1820 Simile
1397 1774 1426 1818 et
1436 1767 1464 1818 in
1476 1767 1558 1818 ltalia
1569 1768 1725 1820 Marsorum
1737 1782 1825 1835 genus
1834 1769 1927 1831 durat,
1938 1780 2009 1835 quos

1204 1855 1221 1891 a
1232 1839 1328 1890 Circae
1339 1837 1398 1889 lilio
1410 1843 1487 1888 ortos
1497 1845 1620 1899 serrant,
1632 1843 1660 1889 et
1670 1838 1732 1888 ideo
1742 1841 1831 1891 inesse
1842 1839 1877 1890 iis
1887 1839 1942 1890 rim
1955 1854 2005 1891 na·

1203 1907 1322 1961 totalem
1334 1922 1404 1959 eam.
1442 1906 1478 1957 Et
1488 1913 1580 1958 tamen
1592 1909 1720 1958 omnibus
1731 1905 1887 1958 hominibus
1908 1914 2010 1961 contra

1203 1984 1347 2045 serpentes
1357 1977 1432 2027 inest
1442 1990 1595 2027 venenum:
1613 1977 1766 2043 ‘feruntque
1776 1978 1846 2029 ictas
1857 1977 1956 2038 salira,
1977 1982 2009 2027 ut

1203 2047 1335 2099 ferventis
1347 2061 1435 2114 aquae
1447 2052 1604 2096 contactum
1617 2045 1721 2113 fugere.
1741 2048 1822 2109 Quod
1834 2049 1857 2098 si
1869 2048 1897 2097 in
1911 2044 2008 2098 fauces

1202 2118 1403 2183 penetraverit,
1414 2115 1499 2191 etiam
1512 2117 1583 2168 niori
1594 2132 1601 2165 ι
1623 2115 1708 2183 idque
1718 2117 1837 2169 maxime
1847 2115 1959 2168 humani
1968 2116 2007 2168 ie·

1201 2201 1338 2239 runrorrs.

1238 2256 1328 2324 Supra
1339 2253 1512 2306 Nasamonas
1524 2255 1701 2324 confinesque
1710 2255 1768 2308 illis
1777 2255 1932 2323 Machlyae,
1953 2256 2006 2307 An·

1203 2325 1345 2392 ‹lrogynos
1364 2339 1426 2375 esse
1448 2324 1590 2391 utriusque
1612 2335 1736 2387 naturae,
1758 2327 1834 2379 inter
1853 2341 1883 2376 se
1900 2323 2008 2376 vicibus

1203 2402 1345 2455 coeuntes,
1353 2392 1531 2459 calliphanes
1543 2394 1639 2447 tradit.
1657 2397 1824 2448 Aristoteles
1835 2394 1933 2446 adiicit
1942 2394 2008 2445 dex·

1203 2470 1273 2515 tram
1287 2478 1431 2515 mammam
1444 2463 1479 2512 iis
1490 2463 1608 2527 virilem,
1619 2465 1726 2517 laenam
1738 2466 1900 2518 muliebrem
1911 2478 1982 2515 esse.

1237 2534 1266 2584 in
1278 2531 1374 2585 eadem
1387 2531 1480 2584 Africa
1491 2530 1612 2592 familias
1622 2537 1754 2601 quasdam
1775 2535 2007 2593 effascinantium,

1204 2603 1329 2671 isigonus
1347 2609 1376 2653 et
1387 2600 1620 2669 Nymphodorus:
1643 2619 1758 2672 quorum
1780 2603 1941 2657 laudatione
1961 2604 2005 2652 in·

1202 2679 1312 2724 tereant
1323 2674 1449 2739 probata,
1459 2681 1588 2726 arescant
1598 2668 1721 2736 arbores,
1732 2678 1906 2727 enroriantur
1917 2670 2007 2722 infan-

1202 2751 1254 2794 tes.
1281 2745 1350 2794 Esse
1362 2741 1484 2794 eiusdem
1496 2745 1607 2810 generis
1619 2744 1645 2793 in
1658 2745 1794 2797 Triballis
1805 2753 1833 2798 et
1844 2742 1949 2812 illyriis
1960 2740 2007 2792 ad·

1202 2812 1261 2863 iicit
1272 2811 1416 2877 isigonus,
1437 2812 1485 2876 qui
1503 2815 1563 2864 risu
1581 2826 1690 2878 quoque
1706 2814 1886 2876 effascinent,
1906 2810 2005 2862 interi·

1202 2887 1331 2946 nrantque
1349 2894 1418 2946 quos
1440 2879 1545 2931 diutius
1567 2883 1734 2944 intueantur,
1754 2884 1836 2934 iratis
1856 2879 2007 2949 praecipue

1202 2949 1307 3000 oculis:
1330 2950 1402 3013 quod
1416 2963 1511 3002 eorum
1524 2949 1627 3000 malum
1638 2950 1748 3002 facilius
1759 2953 1864 3003 sentire
1879 2948 2006 3016 puberes.

1203 3017 1362 3069 Notabilius
1373 3032 1444 3080 esse,
1465 3017 1539 3083 quod
1552 3018 1672 3084 pupillas
1683 3021 1762 3071 binas
1772 3020 1801 3068 in
1813 3020 1900 3069 oculis
1911 3021 2007 3087 singu-

1202 3088 1237 3138 lis
1247 3085 1375 3137 habeant
1411 3086 1501 3137 liuius
1520 3086 1629 3153 generis
1650 3094 1679 3138 et
1700 3088 1816 3138 feminas
1838 3083 2008 3150 iohythia,

1202 3171 1272 3224 quae
1283 3160 1422 3205 vocantur
1432 3154 1560 3220 Bithyae,
1576 3155 1668 3222 prodit
1678 3155 1866 3223 Apollonides.
1886 3153 2006 3221 Phylar-

1201 3225 1268 3278 chus
1278 3231 1306 3276 et
1318 3225 1345 3274 iu
1358 3223 1445 3274 Ponto
1456 3221 1620 3277 'l'hibiorum
1633 3239 1734 3292 genus,
1754 3225 1909 3291 multosque
1933 3223 2007 3276 alins

1201 3294 1322 3348 eiusdem
1335 3299 1451 3344 naturae
1463 3311 1470 3343 ι
1485 3308 1600 3360 quorum
1611 3303 1691 3346 notas
1702 3296 1791 3347 tradit
1802 3296 1830 3345 in
1841 3295 1930 3346 altero
1941 3309 2008 3345 ocu·

1201 3363 1229 3416 lo
1240 3366 1377 3429 genituram
1390 3363 1524 3430 pupillam
1537 3382 1544 3415 ι
1566 3366 1593 3415 in
1605 3366 1695 3417 altero
1706 3366 1768 3433 equi
1782 3365 1908 3432 effigiem.
1937 3364 2006 3413 lios·

1201 3434 1262 3484 dem
1274 3440 1419 3499 praeterea
1429 3449 1484 3486 non
1499 3449 1580 3501 posse
1591 3436 1688 3504 mergi,
1703 3452 1737 3487 ne
1750 3443 1826 3487 reste
1838 3432 1948 3501 quidem
1960 3433 2005 3483 de·

1201 3509 1340 3571 gravatos.
1375 3503 1460 3556 Haud
1478 3503 1613 3565 dissimile
1629 3505 1663 3556 iis
1683 3521 1769 3574 genus
1782 3504 1954 3556 Pharnacem
1975 3500 2005 3551 in

1200 3572 1351 3638 Aethiopia
1370 3573 1505 3640 prodidit.
1514 3573 1638 3636 Damon,
1667 3589 1784 3643 quorum
1805 3572 1891 3626 sudor
1910 3571 2002 3624 tabem

1201 3643 1338 3695 contactis
1348 3646 1510 3710 corporibus
1520 3642 1630 3710 ,afferat

1236 3710 1363 3763 feminas
1374 3710 1486 3779 quidem
1500 3728 1594 3764 onmes
1606 3714 1709 3782 ubique
1722 3712 1784 3765 risu
1800 3727 1913 3772 nocere,
1934 3724 2004 3777 quae

1201 3782 1324 3849 duplices
1335 3783 1456 3848 pupillas
1468 3782 1601 3845 habeant,
1623 3785 1721 3837 Cicero
1736 3799 1846 3852 quoque
1863 3779 1936 3849 apud
1953 3794 2005 3830 nos

1200 3858 1362 3904 auctorest.
1399 3852 1473 3903 Adeo
1485 3861 1616 3915 naturae,
1635 3870 1696 3906 cum
1709 3852 1830 3906 ferarum
1844 3863 1948 3904 arerem
1959 3864 2005 3901 re·

1199 3920 1292 3973 scendi
1303 3919 1431 3973 humanis
1442 3923 1591 3974 visceribus
1609 3925 1636 3975 in
1657 3924 1767 3976 homine
1788 3922 1943 3990 genuisset,
1964 3918 2004 3983 gi·

1199 4006 1282 4060 gnere
1294 3996 1379 4042 etiarn
1392 3995 1419 4042 in
1432 3998 1493 4043 toto
1505 4007 1631 4059 corpore,
1651 3998 1717 4046 etin
1731 3990 1902 4060 quorundam
1915 3988 2004 4041 oeulis

1199 4075 1308 4179 quoque
1319 4076 1426 4113 seriens
1437 4062 1542 4129 placuit
1554 4079 1561 4112 z
1581 4078 1615 4116 ne
1627 4063 1692 4132 qnid
1703 4077 1816 4131 usquam
1834 4060 1901 4113 mali
1920 4065 2004 4121 essct,

1199 4146 1253 4199 quo
1284 4133 1310 4180 in
1321 4129 1433 4181 hunnine
1445 4147 1498 4181 non
1511 4139 1593 4182 essct.

1232 4200 1315 4251 Haud
1328 4199 1423 4268 procul
1435 4200 1503 4252 urbe
1516 4201 1603 4252 Roma
1613 4201 1643 4252 in
1652 4201 1826 4253 Faliscorum
1838 4212 1906 4268 agro
1923 4196 2004 4249 fanni·

1198 4268 1253 4320 liae
1263 4278 1328 4320 sunt
1341 4284 1461 4336 paucae,
1482 4285 1553 4338 quae
1563 4277 1696 4323 vocantur
1708 4271 1808 4336 ilirpi:
1831 4270 1883 4322 hae
1901 4268 2003 4320 sacriti-

1192 4337 1242 4403 ‚cio
1253 4354 1353 4401 annuo,
1361 4338 1434 4406 quod
1446 4341 1477 4397 fit
1488 4339 1523 4391 ad
1536 4348 1656 4392 urentem
1668 4340 1948 4408 Soractemiipollini,
1958 4351 2002 4387 su·

1199 4424 1248 4476 per
1258 4409 1412 4461 ansbustam
1424 4410 1492 4478 ligni
1505 4418 1608 4462 struem
1621 4410 1794 4463 arrrbulantes
1805 4426 1859 4462 nou
1880 4410 2001 4461 adurun-

1197 4487 1251 4531 tur.
1299 4482 1334 4532 lit
1356 4481 1390 4532 ob
1411 4478 1439 4532 id
1462 4489 1594 4547 perpetuo
1616 4479 1860 4532 senatusconsulto
1882 4477 2003 4529 militiae

1198 4549 1375 4619 carniumque
1385 4551 1502 4603 aliorum
1515 4565 1656 4601 munerum
1670 4550 1842 4601 vacationem
1854 4542 1964 4594 habent.

1232 4620 1412 4681 Quorundam
1433 4622 1544 4686 corpori
1566 4623 1658 4684 partes
1680 4622 1830 4668 nascuntur
1851 4612 1885 4663 ad
1906 4612 2004 4680 aliqua

1197 4688 1337 4738 mirabiles
1350 4708 1356 4739 :
1379 4692 1452 4739 sicut
1461 4685 1570 4757 Pyrrho
1582 4688 1639 4752 regi
1652 4686 1746 4750 pollex
1758 4687 1784 4733 in
1799 4683 1897 4732 dextro
1920 4681 2001 4749 pede,

1197 4754 1274 4807 cuius
1286 4763 1362 4806 tactu
1373 4756 1489 4805 lienosis
1500 4754 1670 4807 medebatur.
1708 4754 1790 4803 llunc
1800 4753 1918 4803 cremari
1939 4766 2001 4802 cum

1196 4825 1303 4891 reliquo
1315 4838 1430 4890 corpore
1442 4838 1495 4873 non
1507 4824 1631 4888 potuisse
1648 4820 1777 4885 tradunt,
1799 4820 2001 4889 conditumque

1196 4893 1288 4944 loculo
1300 4894 1327 4943 in
1340 4892 1454 4957 templo.

1231 4961 1381 5029 Praecipue
1394 4960 1474 5013 india
1490 4959 1709 5028 Aethiopumque
1730 4968 1835 5013 tractus
1856 4960 1999 5013 miraculis

1195 5038 1311 5082 scatent.
1349 5030 1472 5083 Maxima
1482 5030 1509 5081 in
1521 5029 1598 5081 india
1613 5030 1765 5097 gignuntur
1780 5032 1921 5083 animalis.
1958 5032 2001 5083 ln·

1196 5100 1267 5151 dicio
1279 5105 1342 5150 sum
1354 5116 1436 5151 canes
1447 5098 1611 5166 grandiores
1621 5100 1732 5151 ceteris.
1756 5100 1875 5151 Arbores
1888 5098 1999 5167 quidem

1196 5170 1479 5236 tantacproeecitatis
1501 5168 1658 5230 traduntur,
1679 5175 1719 5219 ut.
1730 5170 1840 5239 sagittis
1861 5170 2002 5236 superiaci

1195 5246 1342 5304 nequeant.
1379 5239 1457 5289 llaec
1468 5238 1538 5290 facit
1548 5239 1661 5290 ubertas
1672 5241 1738 5301 soli,
1761 5240 1908 5307 temperies
1920 5238 2002 5301 caeli,

1195 5322 1328 5374 aquarum
1341 5306 1522 5370 abundantia,
1546 5311 1580 5371 (si
1593 5308 1682 5360 libeat
1693 5309 1820 5372 credere)
1837 5316 1868 5361 ut
1883 5310 1934 5361 sub
1946 5322 2002 5360 uua

1195 5378 1249 5429 ficu
1271 5384 1379 5429 turmae
1398 5379 1552 5429 condantur
1571 5378 1702 5446 equitum.
1747 5378 1903 5432 Arundines
1932 5392 2000 5429 reru

1195 5454 1289 5499 tantae
1301 5446 1489 5514 proceritatis,
1499 5455 1529 5499 ut
1539 5448 1649 5515 singula
1660 5450 1819 5502 internodia
1828 5452 1911 5501 alcea
1923 5446 2000 5499 nari·

1195 5517 1281 5584 gabiii
1296 5525 1391 5568 ternos
1403 5515 1542 5570 interdurn
1555 5516 1679 5572 honrines
1691 5518 1793 5575 ferant.

1228 5586 1335 5640 Multos
1343 5586 1384 5640 ibi
1395 5588 1481 5657 quina
1492 5588 1587 5643 cubita
1596 5598 1706 5643 constat
1727 5587 1900 5659 longitudine
1919 5600 2001 5640 exce·
