<?xml version="1.0" encoding="UTF-8"?>
<!DOCTYPE html PUBLIC "-//W3C//DTD XHTML 1.0 Transitional//EN"
    "http://www.w3.org/TR/xhtml1/DTD/xhtml1-transitional.dtd">
<html xmlns="http://www.w3.org/1999/xhtml" xml:lang="en" lang="en">
 <head>
  <title>
</title>
<meta http-equiv="Content-Type" content="text/html;charset=utf-8" />
  <meta name='ocr-system' content='tesseract 3.04.00' />
  <meta name='ocr-capabilities' content='ocr_page ocr_carea ocr_par ocr_line ocrx_word'/>
</head>
<body>
  <div class='ocr_page' id='page_1' title='image "./historiaenatura00plingoog/historiaenatura00plingoog_0332.png"; bbox 0 0 4368 6008; ppageno 0'>
   <div class='ocr_carea' id='block_1_1' title="bbox 277 270 1830 353">
    <p class='ocr_par' dir='ltr' id='par_1_1' title="bbox 277 270 1830 353">
     <span class='ocr_line' id='line_1_1' title="bbox 277 270 1830 353; baseline 0.003 -6"><span class='ocrx_word' id='word_1_1' title='bbox 277 287 310 347; x_wconf 85' lang='lat' dir='ltr'>c.</span> <span class='ocrx_word' id='word_1_2' title='bbox 344 283 497 345; x_wconf 79' lang='lat' dir='ltr'>rainu</span> <span class='ocrx_word' id='word_1_3' title='bbox 530 281 739 344; x_wconf 78' lang='lat' dir='ltr'>sacuam</span> <span class='ocrx_word' id='word_1_4' title='bbox 773 280 942 345; x_wconf 78' lang='lat' dir='ltr'>aaron.</span> <span class='ocrx_word' id='word_1_5' title='bbox 976 270 1171 346; x_wconf 77' lang='lat' dir='ltr'>aaaron</span> <span class='ocrx_word' id='word_1_6' title='bbox 1205 285 1462 349; x_wconf 82' lang='lat' dir='ltr'>uio.xxv11.</span> <span class='ocrx_word' id='word_1_7' title='bbox 1493 286 1726 351; x_wconf 76' lang='lat' dir='ltr'>clauo-ra.</span> <span class='ocrx_word' id='word_1_8' title='bbox 1770 292 1830 353; x_wconf 82' lang='lat'>³21</span> 
     </span>
    </p>
   </div>
   <div class='ocr_carea' id='block_1_2' title="bbox 9 431 1933 1605">
    <p class='ocr_par' dir='ltr' id='par_1_2' title="bbox 9 431 1933 1605">
     <span class='ocr_line' id='line_1_2' title="bbox 185 431 1834 506; baseline 0.003 -17"><span class='ocrx_word' id='word_1_9' title='bbox 185 439 300 489; x_wconf 79' lang='lat' dir='ltr'>rorant.</span> <span class='ocrx_word' id='word_1_10' title='bbox 336 432 432 485; x_wconf 72' lang='lat' dir='ltr'>lactis</span> <span class='ocrx_word' id='word_1_11' title='bbox 442 444 551 501; x_wconf 86' lang='lat' dir='ltr'>quoque</span> <span class='ocrx_word' id='word_1_12' title='bbox 563 434 678 487; x_wconf 84' lang='lat' dir='ltr'>ubertas</span> <span class='ocrx_word' id='word_1_13' title='bbox 694 431 987 487; x_wconf 75' lang='lat' dir='ltr'>inremuneratum·</span> <span class='ocrx_word' id='word_1_14' title='bbox 1038 433 1322 488; x_wconf 71' lang='lat' dir='ltr'>nesradlraerenthls</span> <span class='ocrx_word' id='word_1_15' title='bbox 1332 435 1409 487; x_wconf 78' lang='lat' dir='ltr'>estut</span> <span class='ocrx_word' id='word_1_16' title='bbox 1419 434 1584 502; x_wconf 52' lang='lat' dir='ltr'>pampineis</span> <span class='ocrx_word' id='word_1_17' title='bbox 1594 436 1758 504; x_wconf 75' lang='lat' dir='ltr'>quibusdan.</span> <span class='ocrx_word' id='word_1_18' title='bbox 1769 439 1834 506; x_wconf 83' lang='lat' dir='ltr'>lpse</span> 
     </span>
     <span class='ocr_line' id='line_1_3' title="bbox 189 503 1834 576; baseline 0.003 -19"><span class='ocrx_word' id='word_1_19' title='bbox 189 514 245 558; x_wconf 89' lang='lat' dir='ltr'>tur.</span> <span class='ocrx_word' id='word_1_20' title='bbox 283 503 409 555; x_wconf 77' lang='lat' dir='ltr'>sumitur</span> <span class='ocrx_word' id='word_1_21' title='bbox 419 503 479 554; x_wconf 88' lang='lat' dir='ltr'>eius</span> <span class='ocrx_word' id='word_1_22' title='bbox 490 505 531 555; x_wconf 90' lang='lat' dir='ltr'>rei</span> <span class='ocrx_word' id='word_1_23' title='bbox 543 518 627 555; x_wconf 86' lang='lat' dir='ltr'>causa</span> <span class='ocrx_word' id='word_1_24' title='bbox 638 518 672 555; x_wconf 78' lang='lat' dir='ltr'>er</span> <span class='ocrx_word' id='word_1_25' title='bbox 683 518 764 570; x_wconf 83' lang='lat' dir='ltr'>aqua.</span> <span class='ocrx_word' id='word_1_26' title='bbox 1038 507 1140 568; x_wconf 82' lang='lat' dir='ltr'>airum,</span> <span class='ocrx_word' id='word_1_27' title='bbox 1152 511 1355 572; x_wconf 68' lang='lat' dir='ltr'>menumquam</span> <span class='ocrx_word' id='word_1_28' title='bbox 1366 519 1472 555; x_wconf 86' lang='lat' dir='ltr'>amnem</span> <span class='ocrx_word' id='word_1_29' title='bbox 1483 505 1680 557; x_wconf 88' lang='lat' dir='ltr'>abundantiam</span> <span class='ocrx_word' id='word_1_30' title='bbox 1691 510 1834 576; x_wconf 87' lang='lat' dir='ltr'>sanguinis</span> 
     </span>
     <span class='ocr_line' id='line_1_4' title="bbox 226 571 1749 642; baseline 0.003 -18"><span class='ocrx_word' id='word_1_31' title='bbox 226 573 285 625; x_wconf 79' lang='lat' dir='ltr'>LX.</span> <span class='ocrx_word' id='word_1_32' title='bbox 304 571 465 638; x_wconf 74' lang='lat' dir='ltr'>Glycyside,</span> <span class='ocrx_word' id='word_1_33' title='bbox 486 587 567 638; x_wconf 86' lang='lat' dir='ltr'>quam</span> <span class='ocrx_word' id='word_1_34' title='bbox 581 572 669 640; x_wconf 90' lang='lat' dir='ltr'>aliqui</span> <span class='ocrx_word' id='word_1_35' title='bbox 680 572 840 635; x_wconf 80' lang='lat' dir='ltr'>Paeoniam,</span> <span class='ocrx_word' id='word_1_36' title='bbox 861 578 911 625; x_wconf 85' lang='lat' dir='ltr'>aut</span> <span class='ocrx_word' id='word_1_37' title='bbox 920 587 986 642; x_wconf 87' lang='lat' dir='ltr'>peu·</span> <span class='ocrx_word' id='word_1_38' title='bbox 1039 576 1122 629; x_wconf 85' lang='lat' dir='ltr'>sistit.</span> <span class='ocrx_word' id='word_1_39' title='bbox 1158 574 1301 640; x_wconf 74' lang='lat' dir='ltr'>spissandi</span> <span class='ocrx_word' id='word_1_40' title='bbox 1312 572 1510 640; x_wconf 87' lang='lat' dir='ltr'>cohibendique</span> <span class='ocrx_word' id='word_1_41' title='bbox 1521 582 1646 626; x_wconf 86' lang='lat' dir='ltr'>naturam</span> <span class='ocrx_word' id='word_1_42' title='bbox 1658 574 1749 628; x_wconf 86' lang='lat' dir='ltr'>habet.</span> 
     </span>
     <span class='ocr_line' id='line_1_5' title="bbox 192 641 1924 712; baseline -0.001 -17"><span class='ocrx_word' id='word_1_43' title='bbox 192 642 312 695; x_wconf 87' lang='lat' dir='ltr'>torobon</span> <span class='ocrx_word' id='word_1_44' title='bbox 325 648 434 700; x_wconf 75' lang='lat' dir='ltr'>nocant,</span> <span class='ocrx_word' id='word_1_45' title='bbox 450 642 557 693; x_wconf 88' lang='lat' dir='ltr'>caulem</span> <span class='ocrx_word' id='word_1_46' title='bbox 570 641 655 692; x_wconf 89' lang='lat' dir='ltr'>habet</span> <span class='ocrx_word' id='word_1_47' title='bbox 666 641 749 692; x_wconf 85' lang='lat' dir='ltr'>dudm</span> <span class='ocrx_word' id='word_1_48' title='bbox 760 643 926 705; x_wconf 87' lang='lat' dir='ltr'>cubitorum,</span> <span class='ocrx_word' id='word_1_49' title='bbox 944 657 988 693; x_wconf 89' lang='lat' dir='ltr'>co-</span> <span class='ocrx_word' id='word_1_50' title='bbox 1075 642 1161 694; x_wconf 80' lang='lat' dir='ltr'><strong>Lxx.</strong></span> <span class='ocrx_word' id='word_1_51' title='bbox 1180 644 1316 710; x_wconf 74' lang='lat' dir='ltr'>isopyron</span> <span class='ocrx_word' id='word_1_52' title='bbox 1327 643 1414 710; x_wconf 89' lang='lat' dir='ltr'>aliqui</span> <span class='ocrx_word' id='word_1_53' title='bbox 1425 642 1572 709; x_wconf 83' lang='lat' dir='ltr'>phasiolon</span> <span class='ocrx_word' id='word_1_54' title='bbox 1581 651 1688 707; x_wconf 83' lang='lat' dir='ltr'>vocant,</span> <span class='ocrx_word' id='word_1_55' title='bbox 1700 644 1831 712; x_wconf 86' lang='lat' dir='ltr'>quoniam</span> <span class='ocrx_word' id='word_1_56' title='bbox 1841 670 1866 689; x_wconf 67' lang='lat'>⁴·</span> <span class='ocrx_word' id='word_1_57' title='bbox 1921 684 1924 693; x_wconf 79' lang='grc'>,</span> 
     </span>
     <span class='ocr_line' id='line_1_6' title="bbox 9 708 1933 809; baseline -0.002 -45"><span class='ocrx_word' id='word_1_58' title='bbox 9 714 12 809; x_wconf 40' lang='lat' dir='ltr'>p</span> <span class='ocrx_word' id='word_1_59' title='bbox 194 710 353 765; x_wconf 78' lang='lat' dir='ltr'>anitentibus</span> <span class='ocrx_word' id='word_1_60' title='bbox 366 708 473 759; x_wconf 86' lang='lat' dir='ltr'>duobus</span> <span class='ocrx_word' id='word_1_61' title='bbox 484 716 531 760; x_wconf 89' lang='lat' dir='ltr'>aut</span> <span class='ocrx_word' id='word_1_62' title='bbox 541 711 641 771; x_wconf 89' lang='lat' dir='ltr'>tribus,</span> <span class='ocrx_word' id='word_1_63' title='bbox 661 711 836 774; x_wconf 86' lang='lat' dir='ltr'>subrutilum,</span> <span class='ocrx_word' id='word_1_64' title='bbox 857 712 988 764; x_wconf 71' lang='lat' dir='ltr'>cateiam</span> <span class='ocrx_word' id='word_1_65' title='bbox 1039 712 1150 774; x_wconf 82' lang='lat' dir='ltr'>iulium,</span> <span class='ocrx_word' id='word_1_66' title='bbox 1172 710 1245 777; x_wconf 87' lang='lat' dir='ltr'>quod</span> <span class='ocrx_word' id='word_1_67' title='bbox 1257 719 1299 762; x_wconf 89' lang='lat' dir='ltr'>est</span> <span class='ocrx_word' id='word_1_68' title='bbox 1310 713 1389 762; x_wconf 84' lang='lat' dir='ltr'>anisu</span> <span class='ocrx_word' id='word_1_69' title='bbox 1401 712 1507 774; x_wconf 88' lang='lat' dir='ltr'>simile,</span> <span class='ocrx_word' id='word_1_70' title='bbox 1525 712 1554 761; x_wconf 93' lang='lat' dir='ltr'>in</span> <span class='ocrx_word' id='word_1_71' title='bbox 1565 713 1707 779; x_wconf 87' lang='lat' dir='ltr'>pampinos</span> <span class='ocrx_word' id='word_1_72' title='bbox 1719 721 1830 782; x_wconf 87' lang='lat' dir='ltr'>torque·</span> <span class='ocrx_word' id='word_1_73' title='bbox 1927 740 1933 761; x_wconf 83' lang='lat' dir='ltr'>t</span> 
     </span>
     <span class='ocr_line' id='line_1_7' title="bbox 195 777 1833 848; baseline 0.001 -15"><span class='ocrx_word' id='word_1_74' title='bbox 195 781 233 834; x_wconf 86' lang='lat' dir='ltr'>ri:</span> <span class='ocrx_word' id='word_1_75' title='bbox 254 778 324 830; x_wconf 83' lang='lat' dir='ltr'>lolia</span> <span class='ocrx_word' id='word_1_76' title='bbox 334 777 430 844; x_wconf 79' lang='lat' dir='ltr'>qualia</span> <span class='ocrx_word' id='word_1_77' title='bbox 439 777 527 841; x_wconf 87' lang='lat' dir='ltr'>isatis,</span> <span class='ocrx_word' id='word_1_78' title='bbox 547 779 702 846; x_wconf 82' lang='lat' dir='ltr'>pinguiora,</span> <span class='ocrx_word' id='word_1_79' title='bbox 714 780 939 848; x_wconf 75' lang='lat' dir='ltr'>rotundioraque,</span> <span class='ocrx_word' id='word_1_80' title='bbox 960 787 989 833; x_wconf 87' lang='lat' dir='ltr'>et</span> <span class='ocrx_word' id='word_1_81' title='bbox 1039 790 1095 833; x_wconf 88' lang='lat' dir='ltr'>tur.</span> <span class='ocrx_word' id='word_1_82' title='bbox 1129 779 1334 846; x_wconf 76' lang='lat' dir='ltr'>capitularum</span> <span class='ocrx_word' id='word_1_83' title='bbox 1345 782 1485 830; x_wconf 90' lang='lat' dir='ltr'>insummo</span> <span class='ocrx_word' id='word_1_84' title='bbox 1497 781 1833 847; x_wconf 86' lang='lat' dir='ltr'>rauletenuis,plenase·</span> 
     </span>
     <span class='ocr_line' id='line_1_8' title="bbox 193 846 1832 917; baseline 0.001 -16"><span class='ocrx_word' id='word_1_85' title='bbox 193 850 315 902; x_wconf 82' lang='lat' dir='ltr'>minora:</span> <span class='ocrx_word' id='word_1_86' title='bbox 326 862 419 897; x_wconf 87' lang='lat' dir='ltr'>semen</span> <span class='ocrx_word' id='word_1_87' title='bbox 431 846 459 895; x_wconf 89' lang='lat' dir='ltr'>ia</span> <span class='ocrx_word' id='word_1_88' title='bbox 472 848 587 915; x_wconf 72' lang='lat' dir='ltr'>siliquis,</span> <span class='ocrx_word' id='word_1_89' title='bbox 598 848 673 899; x_wconf 87' lang='lat' dir='ltr'>aliud</span> <span class='ocrx_word' id='word_1_90' title='bbox 680 864 767 916; x_wconf 84' lang='lat' dir='ltr'>grano</span> <span class='ocrx_word' id='word_1_91' title='bbox 775 852 899 913; x_wconf 91' lang='lat' dir='ltr'>rubente,</span> <span class='ocrx_word' id='word_1_92' title='bbox 911 849 987 901; x_wconf 86' lang='lat' dir='ltr'>aliud</span> <span class='ocrx_word' id='word_1_93' title='bbox 1039 851 1124 902; x_wconf 86' lang='lat' dir='ltr'>minis</span> <span class='ocrx_word' id='word_1_94' title='bbox 1134 846 1287 902; x_wconf 86' lang='lat' dir='ltr'>melanthil.</span> <span class='ocrx_word' id='word_1_95' title='bbox 1324 850 1426 899; x_wconf 82' lang='lat' dir='ltr'>Contra</span> <span class='ocrx_word' id='word_1_96' title='bbox 1436 851 1549 910; x_wconf 87' lang='lat' dir='ltr'>tussim,</span> <span class='ocrx_word' id='word_1_97' title='bbox 1569 857 1599 901; x_wconf 88' lang='lat' dir='ltr'>et</span> <span class='ocrx_word' id='word_1_98' title='bbox 1609 856 1702 901; x_wconf 87' lang='lat' dir='ltr'>cetera</span> <span class='ocrx_word' id='word_1_99' title='bbox 1712 852 1832 917; x_wconf 75' lang='lat' dir='ltr'>pectoris</span> 
     </span>
     <span class='ocr_line' id='line_1_9' title="bbox 177 917 1833 986; baseline 0.002 -17"><span class='ocrx_word' id='word_1_100' title='bbox 177 918 283 986; x_wconf 68' lang='lat' dir='ltr'>aigro.</span> <span class='ocrx_word' id='word_1_101' title='bbox 319 917 382 968; x_wconf 90' lang='lat' dir='ltr'>Duo</span> <span class='ocrx_word' id='word_1_102' title='bbox 393 923 484 965; x_wconf 85' lang='lat' dir='ltr'>autem</span> <span class='ocrx_word' id='word_1_103' title='bbox 498 932 602 985; x_wconf 84' lang='lat' dir='ltr'>genera</span> <span class='ocrx_word' id='word_1_104' title='bbox 613 925 683 970; x_wconf 87' lang='lat' dir='ltr'>sunt.</span> <span class='ocrx_word' id='word_1_105' title='bbox 721 919 835 970; x_wconf 85' lang='lat' dir='ltr'>Femina</span> <span class='ocrx_word' id='word_1_106' title='bbox 845 920 986 971; x_wconf 79' lang='lat' dir='ltr'>existima·</span> <span class='ocrx_word' id='word_1_107' title='bbox 1039 921 1117 983; x_wconf 83' lang='lat' dir='ltr'>vitia,</span> <span class='ocrx_word' id='word_1_108' title='bbox 1137 918 1266 972; x_wconf 72' lang='lat' dir='ltr'>eumelio</span> <span class='ocrx_word' id='word_1_109' title='bbox 1277 923 1327 971; x_wconf 84' lang='lat' dir='ltr'>eat</span> <span class='ocrx_word' id='word_1_110' title='bbox 1336 932 1408 984; x_wconf 87' lang='lat' dir='ltr'>aqua</span> <span class='ocrx_word' id='word_1_111' title='bbox 1417 918 1519 971; x_wconf 71' lang='lat' dir='ltr'>mulsae</span> <span class='ocrx_word' id='word_1_112' title='bbox 1539 918 1605 971; x_wconf 90' lang='lat' dir='ltr'>item</span> <span class='ocrx_word' id='word_1_113' title='bbox 1617 919 1733 971; x_wconf 88' lang='lat' dir='ltr'>iocineri</span> <span class='ocrx_word' id='word_1_114' title='bbox 1743 921 1833 972; x_wconf 89' lang='lat' dir='ltr'>utilis·</span> 
     </span>
     <span class='ocr_line' id='line_1_10' title="bbox 170 983 1118 1055; baseline 0.001 -15"><span class='ocrx_word' id='word_1_115' title='bbox 170 985 333 1050; x_wconf 63' lang='lat' dir='ltr'>liuncuius</span> <span class='ocrx_word' id='word_1_116' title='bbox 347 983 487 1035; x_wconf 88' lang='lat' dir='ltr'>radicibus</span> <span class='ocrx_word' id='word_1_117' title='bbox 498 1001 548 1036; x_wconf 88' lang='lat' dir='ltr'>reu</span> <span class='ocrx_word' id='word_1_118' title='bbox 560 986 652 1038; x_wconf 89' lang='lat' dir='ltr'>balani</span> <span class='ocrx_word' id='word_1_119' title='bbox 660 986 801 1055; x_wconf 88' lang='lat' dir='ltr'>longiores</span> <span class='ocrx_word' id='word_1_120' title='bbox 807 989 919 1040; x_wconf 86' lang='lat' dir='ltr'>circiter</span> <span class='ocrx_word' id='word_1_121' title='bbox 925 994 988 1040; x_wconf 81' lang='lat' dir='ltr'>oeta</span> <span class='ocrx_word' id='word_1_122' title='bbox 1039 991 1118 1042; x_wconf 66' lang='lat' dir='ltr'>mma.</span> 
     </span>
     <span class='ocr_line' id='line_1_11' title="bbox 195 1052 1833 1123; baseline -0.001 -14"><span class='ocrx_word' id='word_1_123' title='bbox 195 1052 475 1109; x_wconf 80' lang='lat' dir='ltr'>autseradhaerent.</span> <span class='ocrx_word' id='word_1_124' title='bbox 511 1053 988 1123; x_wconf 62' lang='lat' dir='ltr'>Masplureehabeaquoniamnon</span> <span class='ocrx_word' id='word_1_125' title='bbox 1026 1075 1050 1121; x_wconf 77' lang='lat'>4</span> <span class='ocrx_word' id='word_1_126' title='bbox 1074 1057 1175 1111; x_wconf 79' lang='lat' dir='ltr'>Lxxt.</span> <span class='ocrx_word' id='word_1_127' title='bbox 1193 1053 1603 1123; x_wconf 83' lang='lat' dir='ltr'>Lathyrisloliahabetmulta,</span> <span class='ocrx_word' id='word_1_128' title='bbox 1623 1056 1833 1108; x_wconf 87' lang='lat' dir='ltr'>lactucaesiml·</span> 
     </span>
     <span class='ocr_line' id='line_1_12' title="bbox 194 1122 1834 1192; baseline 0.001 -16"><span class='ocrx_word' id='word_1_129' title='bbox 194 1136 250 1176; x_wconf 87' lang='lat' dir='ltr'>una</span> <span class='ocrx_word' id='word_1_130' title='bbox 259 1122 351 1175; x_wconf 87' lang='lat' dir='ltr'>radice</span> <span class='ocrx_word' id='word_1_131' title='bbox 362 1122 443 1171; x_wconf 80' lang='lat' dir='ltr'>nixus</span> <span class='ocrx_word' id='word_1_132' title='bbox 454 1129 510 1185; x_wconf 86' lang='lat' dir='ltr'>eet,</span> <span class='ocrx_word' id='word_1_133' title='bbox 531 1124 613 1191; x_wconf 88' lang='lat' dir='ltr'>palmi</span> <span class='ocrx_word' id='word_1_134' title='bbox 625 1125 792 1189; x_wconf 91' lang='lat' dir='ltr'>altitudine,</span> <span class='ocrx_word' id='word_1_135' title='bbox 808 1124 988 1192; x_wconf 82' lang='lat' dir='ltr'>candidaque.</span> <span class='ocrx_word' id='word_1_136' title='bbox 1041 1128 1089 1187; x_wconf 87' lang='lat' dir='ltr'>lia,</span> <span class='ocrx_word' id='word_1_137' title='bbox 1101 1126 1237 1189; x_wconf 84' lang='lat' dir='ltr'>tenuiore,</span> <span class='ocrx_word' id='word_1_138' title='bbox 1247 1126 1373 1191; x_wconf 86' lang='lat' dir='ltr'>germina</span> <span class='ocrx_word' id='word_1_139' title='bbox 1383 1125 1487 1186; x_wconf 88' lang='lat' dir='ltr'>multa,</span> <span class='ocrx_word' id='word_1_140' title='bbox 1507 1127 1645 1191; x_wconf 77' lang='lat' dir='ltr'>inquibus</span> <span class='ocrx_word' id='word_1_141' title='bbox 1657 1141 1750 1177; x_wconf 87' lang='lat' dir='ltr'>semen</span> <span class='ocrx_word' id='word_1_142' title='bbox 1760 1127 1834 1177; x_wconf 88' lang='lat' dir='ltr'>tuni·</span> 
     </span>
     <span class='ocr_line' id='line_1_13' title="bbox 193 1191 1833 1262; baseline 0 -15"><span class='ocrx_word' id='word_1_143' title='bbox 193 1196 236 1247; x_wconf 85' lang='lat' dir='ltr'>Ea</span> <span class='ocrx_word' id='word_1_144' title='bbox 248 1200 330 1260; x_wconf 86' lang='lat' dir='ltr'>gustu</span> <span class='ocrx_word' id='word_1_145' title='bbox 343 1191 500 1259; x_wconf 77' lang='lat' dir='ltr'>adstringit.</span> <span class='ocrx_word' id='word_1_146' title='bbox 537 1193 668 1244; x_wconf 78' lang='lat' dir='ltr'>Feminae</span> <span class='ocrx_word' id='word_1_147' title='bbox 678 1193 747 1247; x_wconf 81' lang='lat' dir='ltr'>folia</span> <span class='ocrx_word' id='word_1_148' title='bbox 757 1194 896 1262; x_wconf 80' lang='lat' dir='ltr'>myrrham</span> <span class='ocrx_word' id='word_1_149' title='bbox 909 1194 988 1245; x_wconf 85' lang='lat' dir='ltr'>redo·</span> <span class='ocrx_word' id='word_1_150' title='bbox 1040 1196 1109 1247; x_wconf 90' lang='lat' dir='ltr'>culis</span> <span class='ocrx_word' id='word_1_151' title='bbox 1131 1196 1304 1256; x_wconf 79' lang='lat' dir='ltr'>continetur,</span> <span class='ocrx_word' id='word_1_152' title='bbox 1325 1201 1357 1245; x_wconf 92' lang='lat' dir='ltr'>ut</span> <span class='ocrx_word' id='word_1_153' title='bbox 1374 1196 1514 1260; x_wconf 86' lang='lat' dir='ltr'>capparis:</span> <span class='ocrx_word' id='word_1_154' title='bbox 1537 1210 1606 1261; x_wconf 88' lang='lat' dir='ltr'>quae</span> <span class='ocrx_word' id='word_1_155' title='bbox 1621 1193 1833 1259; x_wconf 83' lang='lat' dir='ltr'>cunrinaruere,</span> 
     </span>
     <span class='ocr_line' id='line_1_14' title="bbox 193 1260 1835 1331; baseline 0 -17"><span class='ocrx_word' id='word_1_156' title='bbox 193 1261 262 1321; x_wconf 87' lang='lat' dir='ltr'>ient,</span> <span class='ocrx_word' id='word_1_157' title='bbox 274 1267 302 1312; x_wconf 90' lang='lat' dir='ltr'>et</span> <span class='ocrx_word' id='word_1_158' title='bbox 311 1260 442 1313; x_wconf 88' lang='lat' dir='ltr'>densiora</span> <span class='ocrx_word' id='word_1_159' title='bbox 452 1266 525 1312; x_wconf 89' lang='lat' dir='ltr'>sant.</span> <span class='ocrx_word' id='word_1_160' title='bbox 543 1261 703 1314; x_wconf 86' lang='lat' dir='ltr'>Nascuntur</span> <span class='ocrx_word' id='word_1_161' title='bbox 713 1266 740 1313; x_wconf 89' lang='lat' dir='ltr'>in</span> <span class='ocrx_word' id='word_1_162' title='bbox 752 1265 838 1315; x_wconf 82' lang='lat' dir='ltr'>silvie.</span> <span class='ocrx_word' id='word_1_163' title='bbox 862 1262 989 1314; x_wconf 80' lang='lat' dir='ltr'>Tradunt</span> <span class='ocrx_word' id='word_1_164' title='bbox 1040 1265 1198 1318; x_wconf 76' lang='lat' dir='ltr'>eximuntur</span> <span class='ocrx_word' id='word_1_165' title='bbox 1206 1278 1295 1330; x_wconf 86' lang='lat' dir='ltr'>grana</span> <span class='ocrx_word' id='word_1_166' title='bbox 1306 1263 1409 1329; x_wconf 76' lang='lat' dir='ltr'>piperis</span> <span class='ocrx_word' id='word_1_167' title='bbox 1422 1263 1617 1331; x_wconf 79' lang='lat' dir='ltr'>pinguitudine,</span> <span class='ocrx_word' id='word_1_168' title='bbox 1640 1264 1764 1326; x_wconf 85' lang='lat' dir='ltr'>candida,</span> <span class='ocrx_word' id='word_1_169' title='bbox 1776 1262 1835 1314; x_wconf 92' lang='lat' dir='ltr'>dul·</span> 
     </span>
     <span class='ocr_line' id='line_1_15' title="bbox 194 1328 1835 1401; baseline 0 -18"><span class='ocrx_word' id='word_1_170' title='bbox 194 1338 278 1383; x_wconf 87' lang='lat' dir='ltr'>noctu</span> <span class='ocrx_word' id='word_1_171' title='bbox 290 1328 471 1390; x_wconf 79' lang='lat' dir='ltr'>effodiendas,</span> <span class='ocrx_word' id='word_1_172' title='bbox 488 1330 615 1396; x_wconf 85' lang='lat' dir='ltr'>quoniam</span> <span class='ocrx_word' id='word_1_173' title='bbox 626 1333 689 1397; x_wconf 86' lang='lat' dir='ltr'>pico</span> <span class='ocrx_word' id='word_1_174' title='bbox 701 1333 804 1384; x_wconf 83' lang='lat' dir='ltr'>Martio</span> <span class='ocrx_word' id='word_1_175' title='bbox 814 1333 948 1399; x_wconf 90' lang='lat' dir='ltr'>impetum</span> <span class='ocrx_word' id='word_1_176' title='bbox 959 1332 988 1382; x_wconf 90' lang='lat' dir='ltr'>in</span> <span class='ocrx_word' id='word_1_177' title='bbox 1040 1334 1098 1394; x_wconf 88' lang='lat' dir='ltr'>eia,</span> <span class='ocrx_word' id='word_1_178' title='bbox 1118 1332 1214 1384; x_wconf 80' lang='lat' dir='ltr'>facilia</span> <span class='ocrx_word' id='word_1_179' title='bbox 1224 1339 1352 1399; x_wconf 88' lang='lat' dir='ltr'>purgata.</span> <span class='ocrx_word' id='word_1_180' title='bbox 1386 1333 1571 1385; x_wconf 70' lang='lat' dir='ltr'>Haterianus</span> <span class='ocrx_word' id='word_1_181' title='bbox 1586 1335 1835 1401; x_wconf 85' lang='lat' dir='ltr'>inaquapuraeui</span> 
     </span>
     <span class='ocr_line' id='line_1_16' title="bbox 195 1397 1834 1469; baseline -0.001 -17"><span class='ocrx_word' id='word_1_182' title='bbox 195 1399 292 1452; x_wconf 88' lang='lat' dir='ltr'>oeulos</span> <span class='ocrx_word' id='word_1_183' title='bbox 305 1397 436 1458; x_wconf 81' lang='lat' dir='ltr'>iaciente,</span> <span class='ocrx_word' id='word_1_184' title='bbox 446 1399 566 1451; x_wconf 89' lang='lat' dir='ltr'>interdiu</span> <span class='ocrx_word' id='word_1_185' title='bbox 576 1402 762 1467; x_wconf 87' lang='lat' dir='ltr'>periculosum</span> <span class='ocrx_word' id='word_1_186' title='bbox 774 1402 819 1453; x_wconf 86' lang='lat' dir='ltr'>sit.</span> <span class='ocrx_word' id='word_1_187' title='bbox 846 1401 989 1452; x_wconf 72' lang='lat' dir='ltr'>lindisi-e·</span> <span class='ocrx_word' id='word_1_188' title='bbox 1040 1402 1131 1455; x_wconf 86' lang='lat' dir='ltr'>mulsa</span> <span class='ocrx_word' id='word_1_189' title='bbox 1147 1410 1215 1469; x_wconf 89' lang='lat' dir='ltr'>pota</span> <span class='ocrx_word' id='word_1_190' title='bbox 1231 1402 1397 1469; x_wconf 86' lang='lat' dir='ltr'>hydropicos</span> <span class='ocrx_word' id='word_1_191' title='bbox 1415 1408 1523 1452; x_wconf 74' lang='lat' dir='ltr'>sanant</span> <span class='ocrx_word' id='word_1_192' title='bbox 1559 1400 1685 1452; x_wconf 84' lang='lat' dir='ltr'>Trahunt</span> <span class='ocrx_word' id='word_1_193' title='bbox 1701 1408 1729 1453; x_wconf 89' lang='lat' dir='ltr'>et</span> <span class='ocrx_word' id='word_1_194' title='bbox 1742 1402 1834 1453; x_wconf 88' lang='lat' dir='ltr'>bilem.</span> 
     </span>
     <span class='ocr_line' id='line_1_17' title="bbox 193 1465 1835 1537; baseline 0 -17"><span class='ocrx_word' id='word_1_195' title='bbox 193 1481 227 1520; x_wconf 83' lang='lat' dir='ltr'>ro</span> <span class='ocrx_word' id='word_1_196' title='bbox 238 1482 298 1518; x_wconf 88' lang='lat' dir='ltr'>cum</span> <span class='ocrx_word' id='word_1_197' title='bbox 309 1465 467 1528; x_wconf 74' lang='lat' dir='ltr'>effodiatur,</span> <span class='ocrx_word' id='word_1_198' title='bbox 482 1471 633 1534; x_wconf 90' lang='lat' dir='ltr'>periculum</span> <span class='ocrx_word' id='word_1_199' title='bbox 644 1485 706 1522; x_wconf 90' lang='lat' dir='ltr'>esse</span> <span class='ocrx_word' id='word_1_200' title='bbox 715 1487 749 1521; x_wconf 85' lang='lat' dir='ltr'>ae</span> <span class='ocrx_word' id='word_1_201' title='bbox 761 1470 842 1522; x_wconf 88' lang='lat' dir='ltr'>sedes</span> <span class='ocrx_word' id='word_1_202' title='bbox 852 1469 988 1537; x_wconf 78' lang='lat' dir='ltr'>procidat.</span> <span class='ocrx_word' id='word_1_203' title='bbox 1041 1473 1094 1535; x_wconf 75' lang='lat' dir='ltr'>Qui</span> <span class='ocrx_word' id='word_1_204' title='bbox 1106 1471 1296 1525; x_wconf 73' lang='lat' dir='ltr'>vehementius</span> <span class='ocrx_word' id='word_1_205' title='bbox 1307 1469 1421 1536; x_wconf 89' lang='lat' dir='ltr'>purgari</span> <span class='ocrx_word' id='word_1_206' title='bbox 1431 1470 1537 1533; x_wconf 79' lang='lat' dir='ltr'>volunt,</span> <span class='ocrx_word' id='word_1_207' title='bbox 1549 1485 1610 1521; x_wconf 91' lang='lat' dir='ltr'>cum</span> <span class='ocrx_word' id='word_1_208' title='bbox 1621 1469 1755 1521; x_wconf 72' lang='lat' dir='ltr'>folliculis</span> <span class='ocrx_word' id='word_1_209' title='bbox 1766 1469 1835 1536; x_wconf 85' lang='lat' dir='ltr'>ipsis</span> 
     </span>
     <span class='ocr_line' id='line_1_18' title="bbox 194 1534 1834 1605; baseline 0 -18"><span class='ocrx_word' id='word_1_210' title='bbox 194 1536 299 1603; x_wconf 83' lang='lat' dir='ltr'>Magna</span> <span class='ocrx_word' id='word_1_211' title='bbox 310 1534 339 1584; x_wconf 92' lang='lat' dir='ltr'>id</span> <span class='ocrx_word' id='word_1_212' title='bbox 351 1538 474 1587; x_wconf 75' lang='lat' dir='ltr'>vnmmte</span> <span class='ocrx_word' id='word_1_213' title='bbox 485 1538 519 1587; x_wconf 86' lang='lat' dir='ltr'>ad</span> <span class='ocrx_word' id='word_1_214' title='bbox 531 1539 744 1592; x_wconf 81' lang='lat' dir='ltr'>ostentationem</span> <span class='ocrx_word' id='word_1_215' title='bbox 761 1543 800 1591; x_wconf 87' lang='lat' dir='ltr'>rai</span> <span class='ocrx_word' id='word_1_216' title='bbox 813 1540 906 1590; x_wconf 89' lang='lat' dir='ltr'>lictum</span> <span class='ocrx_word' id='word_1_217' title='bbox 918 1540 990 1590; x_wconf 86' lang='lat' dir='ltr'>arbi·</span> <span class='ocrx_word' id='word_1_218' title='bbox 1040 1547 1208 1593; x_wconf 80' lang='lat' dir='ltr'>suntantea:</span> <span class='ocrx_word' id='word_1_219' title='bbox 1220 1556 1283 1592; x_wconf 90' lang='lat' dir='ltr'>nam</span> <span class='ocrx_word' id='word_1_220' title='bbox 1295 1538 1466 1590; x_wconf 90' lang='lat' dir='ltr'>stomachum</span> <span class='ocrx_word' id='word_1_221' title='bbox 1478 1539 1599 1590; x_wconf 86' lang='lat' dir='ltr'>laedunt.</span> <span class='ocrx_word' id='word_1_222' title='bbox 1634 1538 1729 1605; x_wconf 91' lang='lat' dir='ltr'>ltaque</span> <span class='ocrx_word' id='word_1_223' title='bbox 1741 1539 1834 1588; x_wconf 81' lang='lat' dir='ltr'>inuen-</span> 
     </span>
    </p>
   </div>
   <div class='ocr_carea' id='block_1_3' title="bbox 193 1603 1836 1738">
    <p class='ocr_par' dir='ltr' id='par_1_3' title="bbox 193 1603 1836 1738">
     <span class='ocr_line' id='line_1_19' title="bbox 194 1603 1836 1677; baseline 0.002 -22"><span class='ocrx_word' id='word_1_224' title='bbox 194 1612 265 1656; x_wconf 85' lang='lat' dir='ltr'>tror.</span> <span class='ocrx_word' id='word_1_225' title='bbox 301 1603 606 1657; x_wconf 78' lang='lat' dir='ltr'>Ueusinhisdivereus.</span> <span class='ocrx_word' id='word_1_226' title='bbox 642 1609 736 1661; x_wconf 84' lang='lat' dir='ltr'>Rubra</span> <span class='ocrx_word' id='word_1_227' title='bbox 753 1611 825 1661; x_wconf 92' lang='lat' dir='ltr'>enim</span> <span class='ocrx_word' id='word_1_228' title='bbox 843 1623 988 1677; x_wconf 86' lang='lat' dir='ltr'>granaru·</span> <span class='ocrx_word' id='word_1_229' title='bbox 1041 1617 1099 1660; x_wconf 92' lang='lat' dir='ltr'>tum</span> <span class='ocrx_word' id='word_1_230' title='bbox 1110 1617 1167 1665; x_wconf 84' lang='lat' dir='ltr'>est,</span> <span class='ocrx_word' id='word_1_231' title='bbox 1188 1616 1221 1655; x_wconf 78' lang='lat' dir='ltr'>ne</span> <span class='ocrx_word' id='word_1_232' title='bbox 1236 1624 1297 1657; x_wconf 76' lang='lat' dir='ltr'>erim</span> <span class='ocrx_word' id='word_1_233' title='bbox 1315 1609 1390 1667; x_wconf 86' lang='lat' dir='ltr'>pisce</span> <span class='ocrx_word' id='word_1_234' title='bbox 1401 1615 1451 1657; x_wconf 87' lang='lat' dir='ltr'>aut</span> <span class='ocrx_word' id='word_1_235' title='bbox 1464 1607 1525 1658; x_wconf 83' lang='lat' dir='ltr'>iure</span> <span class='ocrx_word' id='word_1_236' title='bbox 1536 1607 1682 1672; x_wconf 79' lang='lat' dir='ltr'>gallinacei</span> <span class='ocrx_word' id='word_1_237' title='bbox 1698 1620 1836 1659; x_wconf 80' lang='lat' dir='ltr'>sumeren-</span> 
     </span>
     <span class='ocr_line' id='line_1_20' title="bbox 193 1671 1097 1738; baseline -0.002 -16"><span class='ocrx_word' id='word_1_238' title='bbox 193 1671 292 1723; x_wconf 88' lang='lat' dir='ltr'>hcntes</span> <span class='ocrx_word' id='word_1_239' title='bbox 306 1687 415 1723; x_wconf 89' lang='lat' dir='ltr'>meuses</span> <span class='ocrx_word' id='word_1_240' title='bbox 429 1673 539 1734; x_wconf 86' lang='lat' dir='ltr'>sistunt,</span> <span class='ocrx_word' id='word_1_241' title='bbox 559 1675 610 1726; x_wconf 80' lang='lat' dir='ltr'>XV</span> <span class='ocrx_word' id='word_1_242' title='bbox 627 1674 688 1726; x_wconf 86' lang='lat' dir='ltr'>iere</span> <span class='ocrx_word' id='word_1_243' title='bbox 702 1683 770 1738; x_wconf 84' lang='lat' dir='ltr'>pota</span> <span class='ocrx_word' id='word_1_244' title='bbox 786 1679 814 1721; x_wconf 87' lang='lat' dir='ltr'>in</span> <span class='ocrx_word' id='word_1_245' title='bbox 826 1682 890 1720; x_wconf 81' lang='lat' dir='ltr'>rino</span> <span class='ocrx_word' id='word_1_246' title='bbox 902 1684 989 1737; x_wconf 80' lang='lat' dir='ltr'>nigro.</span> <span class='ocrx_word' id='word_1_247' title='bbox 1040 1677 1097 1723; x_wconf 90' lang='lat' dir='ltr'>tur.</span> 
     </span>
    </p>
   </div>
   <div class='ocr_carea' id='block_1_4' title="bbox 9 1737 1878 4211">
    <p class='ocr_par' dir='ltr' id='par_1_4' title="bbox 118 1737 1878 2220">
     <span class='ocr_line' id='line_1_21' title="bbox 118 1737 1878 1808; baseline 0.001 -15"><span class='ocrx_word' id='word_1_248' title='bbox 118 1750 125 1759; x_wconf 91' lang='grc'><em>·</em></span> <span class='ocrx_word' id='word_1_249' title='bbox 193 1739 284 1807; x_wconf 86' lang='lat' dir='ltr'>Nigra</span> <span class='ocrx_word' id='word_1_250' title='bbox 293 1740 478 1807; x_wconf 77' lang='lat' dir='ltr'>granarulris</span> <span class='ocrx_word' id='word_1_251' title='bbox 489 1742 653 1803; x_wconf 87' lang='lat' dir='ltr'>medeatur,</span> <span class='ocrx_word' id='word_1_252' title='bbox 672 1756 705 1793; x_wconf 79' lang='lat' dir='ltr'>ea</span> <span class='ocrx_word' id='word_1_253' title='bbox 720 1755 803 1807; x_wconf 89' lang='lat' dir='ltr'>passo</span> <span class='ocrx_word' id='word_1_254' title='bbox 814 1740 938 1789; x_wconf 80' lang='lat' dir='ltr'>sutrino</span> <span class='ocrx_word' id='word_1_255' title='bbox 949 1745 990 1788; x_wconf 91' lang='lat' dir='ltr'>to·</span> <span class='ocrx_word' id='word_1_256' title='bbox 1075 1738 1186 1790; x_wconf 79' lang='lat' dir='ltr'>Lxxll.</span> <span class='ocrx_word' id='word_1_257' title='bbox 1197 1737 1430 1807; x_wconf 87' lang='lat' dir='ltr'>Leontopetalon,</span> <span class='ocrx_word' id='word_1_258' title='bbox 1441 1739 1491 1790; x_wconf 88' lang='lat' dir='ltr'>alii</span> <span class='ocrx_word' id='word_1_259' title='bbox 1502 1738 1635 1806; x_wconf 90' lang='lat' dir='ltr'>rhapeion</span> <span class='ocrx_word' id='word_1_260' title='bbox 1644 1747 1755 1804; x_wconf 76' lang='lat' dir='ltr'>rocam,</span> <span class='ocrx_word' id='word_1_261' title='bbox 1765 1740 1836 1795; x_wconf 80' lang='lat' dir='ltr'>rollo</span> <span class='ocrx_word' id='word_1_262' title='bbox 1850 1758 1878 1808; x_wconf 62' lang='lat' dir='ltr'>a·</span> 
     </span>
     <span class='ocr_line' id='line_1_22' title="bbox 192 1806 1837 1875; baseline 0 -13"><span class='ocrx_word' id='word_1_263' title='bbox 192 1810 280 1862; x_wconf 89' lang='lat' dir='ltr'>tidem</span> <span class='ocrx_word' id='word_1_264' title='bbox 299 1814 375 1873; x_wconf 92' lang='lat' dir='ltr'>pota.</span> <span class='ocrx_word' id='word_1_265' title='bbox 413 1808 501 1858; x_wconf 72' lang='lat' dir='ltr'>liudis</span> <span class='ocrx_word' id='word_1_266' title='bbox 521 1824 614 1860; x_wconf 89' lang='lat' dir='ltr'>omnes</span> <span class='ocrx_word' id='word_1_267' title='bbox 631 1809 736 1860; x_wconf 85' lang='lat' dir='ltr'>ventris</span> <span class='ocrx_word' id='word_1_268' title='bbox 749 1809 859 1859; x_wconf 89' lang='lat' dir='ltr'>dolores</span> <span class='ocrx_word' id='word_1_269' title='bbox 870 1806 950 1858; x_wconf 86' lang='lat' dir='ltr'>sedat</span> <span class='ocrx_word' id='word_1_270' title='bbox 961 1806 989 1856; x_wconf 88' lang='lat' dir='ltr'>in</span> <span class='ocrx_word' id='word_1_271' title='bbox 1041 1807 1190 1867; x_wconf 88' lang='lat' dir='ltr'>brassicae,</span> <span class='ocrx_word' id='word_1_272' title='bbox 1210 1808 1289 1859; x_wconf 88' lang='lat' dir='ltr'>caule</span> <span class='ocrx_word' id='word_1_273' title='bbox 1300 1809 1476 1875; x_wconf 81' lang='lat' dir='ltr'>semipedali:</span> <span class='ocrx_word' id='word_1_274' title='bbox 1497 1810 1559 1860; x_wconf 89' lang='lat' dir='ltr'>alae</span> <span class='ocrx_word' id='word_1_275' title='bbox 1569 1809 1681 1871; x_wconf 89' lang='lat' dir='ltr'>multae,</span> <span class='ocrx_word' id='word_1_276' title='bbox 1701 1826 1795 1863; x_wconf 90' lang='lat' dir='ltr'>semen</span> <span class='ocrx_word' id='word_1_277' title='bbox 1807 1811 1837 1862; x_wconf 88' lang='lat' dir='ltr'>in</span> 
     </span>
     <span class='ocr_line' id='line_1_23' title="bbox 194 1875 1838 1946; baseline 0.001 -17"><span class='ocrx_word' id='word_1_278' title='bbox 194 1878 268 1939; x_wconf 76' lang='lat' dir='ltr'>eino,</span> <span class='ocrx_word' id='word_1_279' title='bbox 289 1877 436 1942; x_wconf 79' lang='lat' dir='ltr'>alvumque</span> <span class='ocrx_word' id='word_1_280' title='bbox 446 1884 560 1943; x_wconf 80' lang='lat' dir='ltr'>purgat:</span> <span class='ocrx_word' id='word_1_281' title='bbox 582 1885 662 1929; x_wconf 86' lang='lat' dir='ltr'>sanat</span> <span class='ocrx_word' id='word_1_282' title='bbox 674 1875 895 1941; x_wconf 82' lang='lat' dir='ltr'>opisthotonum,</span> <span class='ocrx_word' id='word_1_283' title='bbox 916 1889 988 1926; x_wconf 90' lang='lat' dir='ltr'>mur·</span> <span class='ocrx_word' id='word_1_284' title='bbox 1042 1878 1193 1935; x_wconf 84' lang='lat' dir='ltr'>cacumine,</span> <span class='ocrx_word' id='word_1_285' title='bbox 1203 1875 1232 1926; x_wconf 92' lang='lat' dir='ltr'>in</span> <span class='ocrx_word' id='word_1_286' title='bbox 1244 1876 1365 1944; x_wconf 83' lang='lat' dir='ltr'>siliquis,</span> <span class='ocrx_word' id='word_1_287' title='bbox 1377 1878 1474 1929; x_wconf 86' lang='lat' dir='ltr'>ciceris</span> <span class='ocrx_word' id='word_1_288' title='bbox 1485 1878 1581 1929; x_wconf 87' lang='lat' dir='ltr'>modo:</span> <span class='ocrx_word' id='word_1_289' title='bbox 1592 1878 1670 1930; x_wconf 83' lang='lat' dir='ltr'>radix</span> <span class='ocrx_word' id='word_1_290' title='bbox 1683 1893 1750 1946; x_wconf 91' lang='lat' dir='ltr'>rapo</span> <span class='ocrx_word' id='word_1_291' title='bbox 1762 1880 1838 1930; x_wconf 91' lang='lat' dir='ltr'>simi·</span> 
     </span>
     <span class='ocr_line' id='line_1_24' title="bbox 194 1943 1838 2012; baseline 0.001 -14"><span class='ocrx_word' id='word_1_292' title='bbox 194 1947 257 1999; x_wconf 82' lang='lat' dir='ltr'>bum</span> <span class='ocrx_word' id='word_1_293' title='bbox 269 1944 777 2012; x_wconf 71' lang='lat' dir='ltr'>regionareaes,vesicamrarteriam</span> <span class='ocrx_word' id='word_1_294' title='bbox 787 1952 878 1995; x_wconf 87' lang='lat' dir='ltr'>autem</span> <span class='ocrx_word' id='word_1_295' title='bbox 892 1950 989 1997; x_wconf 85' lang='lat' dir='ltr'>atsto·</span> <span class='ocrx_word' id='word_1_296' title='bbox 1041 1944 1084 2005; x_wconf 83' lang='lat' dir='ltr'>lle,</span> <span class='ocrx_word' id='word_1_297' title='bbox 1097 1943 1219 2010; x_wconf 82' lang='lat' dir='ltr'>grandis,</span> <span class='ocrx_word' id='word_1_298' title='bbox 1230 1944 1317 2012; x_wconf 87' lang='lat' dir='ltr'>nigra.</span> <span class='ocrx_word' id='word_1_299' title='bbox 1353 1947 1485 1999; x_wconf 89' lang='lat' dir='ltr'>Nascitur</span> <span class='ocrx_word' id='word_1_300' title='bbox 1495 1947 1524 1997; x_wconf 90' lang='lat' dir='ltr'>in</span> <span class='ocrx_word' id='word_1_301' title='bbox 1535 1947 1618 1999; x_wconf 78' lang='lat' dir='ltr'>arria</span> <span class='ocrx_word' id='word_1_302' title='bbox 1640 1946 1729 1998; x_wconf 81' lang='lat' dir='ltr'>Radix</span> <span class='ocrx_word' id='word_1_303' title='bbox 1741 1948 1838 2000; x_wconf 82' lang='lat' dir='ltr'>adver·</span> 
     </span>
     <span class='ocr_line' id='line_1_25' title="bbox 194 2011 1836 2083; baseline 0 -17"><span class='ocrx_word' id='word_1_304' title='bbox 194 2013 320 2067; x_wconf 85' lang='lat' dir='ltr'>maehum</span> <span class='ocrx_word' id='word_1_305' title='bbox 343 2011 458 2065; x_wconf 74' lang='lat' dir='ltr'>demota</span> <span class='ocrx_word' id='word_1_306' title='bbox 478 2014 508 2062; x_wconf 89' lang='lat' dir='ltr'>in</span> <span class='ocrx_word' id='word_1_307' title='bbox 527 2014 605 2063; x_wconf 85' lang='lat' dir='ltr'>vino:</span> <span class='ocrx_word' id='word_1_308' title='bbox 632 2012 778 2080; x_wconf 81' lang='lat' dir='ltr'>alvumque</span> <span class='ocrx_word' id='word_1_309' title='bbox 800 2013 889 2064; x_wconf 87' lang='lat' dir='ltr'>sistit:</span> <span class='ocrx_word' id='word_1_310' title='bbox 913 2018 990 2064; x_wconf 86' lang='lat' dir='ltr'>cetur</span> <span class='ocrx_word' id='word_1_311' title='bbox 1040 2020 1119 2066; x_wconf 88' lang='lat' dir='ltr'>satur</span> <span class='ocrx_word' id='word_1_312' title='bbox 1131 2014 1251 2063; x_wconf 89' lang='lat' dir='ltr'>omnium</span> <span class='ocrx_word' id='word_1_313' title='bbox 1263 2018 1433 2080; x_wconf 87' lang='lat' dir='ltr'>serpentium</span> <span class='ocrx_word' id='word_1_314' title='bbox 1454 2017 1602 2083; x_wconf 84' lang='lat' dir='ltr'>generibus</span> <span class='ocrx_word' id='word_1_315' title='bbox 1619 2030 1653 2069; x_wconf 86' lang='lat' dir='ltr'>ex</span> <span class='ocrx_word' id='word_1_316' title='bbox 1672 2016 1738 2068; x_wconf 81' lang='lat' dir='ltr'>rino</span> <span class='ocrx_word' id='word_1_317' title='bbox 1755 2022 1836 2082; x_wconf 79' lang='lat' dir='ltr'>potas</span> 
     </span>
     <span class='ocr_line' id='line_1_26' title="bbox 194 2080 1819 2149; baseline 0 -13"><span class='ocrx_word' id='word_1_318' title='bbox 194 2085 387 2137; x_wconf 88' lang='lat' dir='ltr'>etiamooatra</span> <span class='ocrx_word' id='word_1_319' title='bbox 398 2080 500 2131; x_wconf 83' lang='lat' dir='ltr'>malurn</span> <span class='ocrx_word' id='word_1_320' title='bbox 513 2082 990 2148; x_wconf 84' lang='lat' dir='ltr'>mentis:sedinmedendoquatuor</span> <span class='ocrx_word' id='word_1_321' title='bbox 1040 2081 1471 2149; x_wconf 85' lang='lat' dir='ltr'>necaliaresceieriusproiicit.</span> <span class='ocrx_word' id='word_1_322' title='bbox 1507 2086 1598 2137; x_wconf 87' lang='lat' dir='ltr'>Datur</span> <span class='ocrx_word' id='word_1_323' title='bbox 1607 2090 1637 2137; x_wconf 91' lang='lat' dir='ltr'>et</span> <span class='ocrx_word' id='word_1_324' title='bbox 1647 2080 1819 2136; x_wconf 87' lang='lat' dir='ltr'>lsehladicie.</span> 
     </span>
     <span class='ocr_line' id='line_1_27' title="bbox 196 2148 1862 2220; baseline 0.002 -16"><span class='ocrx_word' id='word_1_325' title='bbox 196 2150 344 2204; x_wconf 88' lang='lat' dir='ltr'>drachmae</span> <span class='ocrx_word' id='word_1_326' title='bbox 355 2150 426 2201; x_wconf 82' lang='lat' dir='ltr'>satis</span> <span class='ocrx_word' id='word_1_327' title='bbox 436 2156 509 2200; x_wconf 89' lang='lat' dir='ltr'>sunt.</span> <span class='ocrx_word' id='word_1_328' title='bbox 531 2148 624 2200; x_wconf 81' lang='lat' dir='ltr'>Grana</span> <span class='ocrx_word' id='word_1_329' title='bbox 635 2151 714 2218; x_wconf 84' lang='lat' dir='ltr'>nigra</span> <span class='ocrx_word' id='word_1_330' title='bbox 724 2151 895 2203; x_wconf 78' lang='lat' dir='ltr'>auxiliantur</span> <span class='ocrx_word' id='word_1_331' title='bbox 905 2154 935 2201; x_wconf 89' lang='lat' dir='ltr'>et</span> <span class='ocrx_word' id='word_1_332' title='bbox 946 2165 990 2201; x_wconf 91' lang='lat' dir='ltr'>su·</span> <span class='ocrx_word' id='word_1_333' title='bbox 1074 2149 1203 2202; x_wconf 82' lang='lat' dir='ltr'>Llllllll.</span> <span class='ocrx_word' id='word_1_334' title='bbox 1221 2151 1364 2219; x_wconf 56' lang='lat' dir='ltr'>laycapsos</span> <span class='ocrx_word' id='word_1_335' title='bbox 1375 2153 1556 2220; x_wconf 83' lang='lat' dir='ltr'>longioribus,</span> <span class='ocrx_word' id='word_1_336' title='bbox 1571 2168 1651 2219; x_wconf 89' lang='lat' dir='ltr'>quam</span> <span class='ocrx_word' id='word_1_337' title='bbox 1663 2152 1783 2215; x_wconf 88' lang='lat' dir='ltr'>lactuca,</span> <span class='ocrx_word' id='word_1_338' title='bbox 1793 2158 1862 2209; x_wconf 78' lang='lat' dir='ltr'>estt</span> 
     </span>
    </p>

    <p class='ocr_par' dir='ltr' id='par_1_5' title="bbox 107 2217 1870 2905">
     <span class='ocr_line' id='line_1_28' title="bbox 107 2217 1838 2290; baseline -0.001 -16"><span class='ocrx_word' id='word_1_339' title='bbox 107 2262 117 2277; x_wconf 82' lang='lat'>.</span> <span class='ocrx_word' id='word_1_340' title='bbox 195 2220 382 2290; x_wconf 87' lang='lat' dir='ltr'>pressionibus</span> <span class='ocrx_word' id='word_1_341' title='bbox 393 2217 545 2280; x_wconf 89' lang='lat' dir='ltr'>nocturnis,</span> <span class='ocrx_word' id='word_1_342' title='bbox 556 2220 583 2269; x_wconf 92' lang='lat' dir='ltr'>in</span> <span class='ocrx_word' id='word_1_343' title='bbox 594 2220 657 2271; x_wconf 76' lang='lat' dir='ltr'>rino</span> <span class='ocrx_word' id='word_1_344' title='bbox 668 2227 744 2285; x_wconf 86' lang='lat' dir='ltr'>pota,</span> <span class='ocrx_word' id='word_1_345' title='bbox 764 2234 818 2286; x_wconf 89' lang='lat' dir='ltr'>quo</span> <span class='ocrx_word' id='word_1_346' title='bbox 831 2219 934 2270; x_wconf 88' lang='lat' dir='ltr'>dictum</span> <span class='ocrx_word' id='word_1_347' title='bbox 946 2223 990 2270; x_wconf 83' lang='lat' dir='ltr'>est</span> <span class='ocrx_word' id='word_1_348' title='bbox 1040 2219 1127 2282; x_wconf 86' lang='lat' dir='ltr'>iuliis,</span> <span class='ocrx_word' id='word_1_349' title='bbox 1137 2219 1383 2287; x_wconf 85' lang='lat' dir='ltr'>crassioribusque.</span> <span class='ocrx_word' id='word_1_350' title='bbox 1396 2222 1481 2274; x_wconf 84' lang='lat' dir='ltr'>Caule</span> <span class='ocrx_word' id='word_1_351' title='bbox 1493 2222 1585 2288; x_wconf 86' lang='lat' dir='ltr'>longo,</span> <span class='ocrx_word' id='word_1_352' title='bbox 1596 2220 1714 2282; x_wconf 82' lang='lat' dir='ltr'>hirsuto,</span> <span class='ocrx_word' id='word_1_353' title='bbox 1725 2220 1838 2274; x_wconf 83' lang='lat' dir='ltr'>adratis</span> 
     </span>
     <span class='ocr_line' id='line_1_29' title="bbox 195 2287 1838 2356; baseline 0 -14"><span class='ocrx_word' id='word_1_354' title='bbox 195 2304 317 2342; x_wconf 81' lang='lat' dir='ltr'>numero.</span> <span class='ocrx_word' id='word_1_355' title='bbox 355 2287 494 2340; x_wconf 69' lang='lat' dir='ltr'>stomachi</span> <span class='ocrx_word' id='word_1_356' title='bbox 505 2302 569 2338; x_wconf 80' lang='lat' dir='ltr'>vero</span> <span class='ocrx_word' id='word_1_357' title='bbox 581 2289 769 2351; x_wconf 87' lang='lat' dir='ltr'>erosiunibus,</span> <span class='ocrx_word' id='word_1_358' title='bbox 787 2294 816 2340; x_wconf 90' lang='lat' dir='ltr'>et</span> <span class='ocrx_word' id='word_1_359' title='bbox 826 2303 888 2339; x_wconf 87' lang='lat' dir='ltr'>esse</span> <span class='ocrx_word' id='word_1_360' title='bbox 898 2303 940 2348; x_wconf 88' lang='lat' dir='ltr'>ea,</span> <span class='ocrx_word' id='word_1_361' title='bbox 962 2291 991 2338; x_wconf 88' lang='lat' dir='ltr'>et</span> <span class='ocrx_word' id='word_1_362' title='bbox 1041 2287 1669 2356; x_wconf 82' lang='lat' dir='ltr'>multisoubitalibus,lloreparro,purpureo.</span> <span class='ocrx_word' id='word_1_363' title='bbox 1706 2290 1838 2342; x_wconf 79' lang='lat' dir='ltr'>Nascitur</span> 
     </span>
     <span class='ocr_line' id='line_1_30' title="bbox 192 2355 1838 2429; baseline 0 -18"><span class='ocrx_word' id='word_1_364' title='bbox 192 2360 299 2411; x_wconf 84' lang='lat' dir='ltr'>illinire</span> <span class='ocrx_word' id='word_1_365' title='bbox 319 2357 441 2423; x_wconf 89' lang='lat' dir='ltr'>prodest.</span> <span class='ocrx_word' id='word_1_366' title='bbox 477 2356 697 2422; x_wconf 75' lang='lat' dir='ltr'>Suppurationes</span> <span class='ocrx_word' id='word_1_367' title='bbox 711 2371 819 2423; x_wconf 90' lang='lat' dir='ltr'>quoque</span> <span class='ocrx_word' id='word_1_368' title='bbox 835 2355 990 2407; x_wconf 88' lang='lat' dir='ltr'>discutiun-</span> <span class='ocrx_word' id='word_1_369' title='bbox 1041 2358 1068 2408; x_wconf 93' lang='lat' dir='ltr'>in</span> <span class='ocrx_word' id='word_1_370' title='bbox 1081 2358 1291 2423; x_wconf 87' lang='lat' dir='ltr'>campestribus.</span> <span class='ocrx_word' id='word_1_371' title='bbox 1306 2358 1428 2409; x_wconf 88' lang='lat' dir='ltr'>lllinitur</span> <span class='ocrx_word' id='word_1_372' title='bbox 1436 2373 1496 2410; x_wconf 90' lang='lat' dir='ltr'>cum</span> <span class='ocrx_word' id='word_1_373' title='bbox 1508 2358 1600 2410; x_wconf 86' lang='lat' dir='ltr'>larina</span> <span class='ocrx_word' id='word_1_374' title='bbox 1612 2356 1768 2412; x_wconf 85' lang='lat' dir='ltr'>hordeacea</span> <span class='ocrx_word' id='word_1_375' title='bbox 1777 2359 1838 2429; x_wconf 87' lang='lat' dir='ltr'>igni</span> 
     </span>
     <span class='ocr_line' id='line_1_31' title="bbox 196 2424 1839 2494; baseline -0.001 -15"><span class='ocrx_word' id='word_1_376' title='bbox 196 2434 254 2480; x_wconf 86' lang='lat' dir='ltr'>tur:</span> <span class='ocrx_word' id='word_1_377' title='bbox 271 2432 399 2478; x_wconf 84' lang='lat' dir='ltr'>recentes</span> <span class='ocrx_word' id='word_1_378' title='bbox 409 2426 488 2491; x_wconf 86' lang='lat' dir='ltr'>nigro</span> <span class='ocrx_word' id='word_1_379' title='bbox 499 2426 614 2486; x_wconf 73' lang='lat' dir='ltr'>sentina,</span> <span class='ocrx_word' id='word_1_380' title='bbox 634 2431 742 2476; x_wconf 83' lang='lat' dir='ltr'>veteres</span> <span class='ocrx_word' id='word_1_381' title='bbox 752 2427 845 2476; x_wconf 87' lang='lat' dir='ltr'>rubro.</span> <span class='ocrx_word' id='word_1_382' title='bbox 881 2424 991 2474; x_wconf 87' lang='lat' dir='ltr'>Utrum·</span> <span class='ocrx_word' id='word_1_383' title='bbox 1041 2439 1129 2479; x_wconf 82' lang='lat' dir='ltr'>sacro.</span> <span class='ocrx_word' id='word_1_384' title='bbox 1159 2424 1658 2490; x_wconf 74' lang='lat' dir='ltr'>Sudoreslnlebribusmoret,sucoo</span> <span class='ocrx_word' id='word_1_385' title='bbox 1669 2427 1839 2494; x_wconf 81' lang='lat' dir='ltr'>aquascali-</span> 
     </span>
     <span class='ocr_line' id='line_1_32' title="bbox 196 2492 1715 2562; baseline -0.007 -15"><span class='ocrx_word' id='word_1_386' title='bbox 196 2510 249 2562; x_wconf 90' lang='lat' dir='ltr'>que</span> <span class='ocrx_word' id='word_1_387' title='bbox 259 2495 414 2546; x_wconf 73' lang='lat' dir='ltr'>auxilietur</span> <span class='ocrx_word' id='word_1_388' title='bbox 424 2509 439 2544; x_wconf 87' lang='lat' dir='ltr'>a</span> <span class='ocrx_word' id='word_1_389' title='bbox 450 2500 576 2558; x_wconf 83' lang='lat' dir='ltr'>serpente</span> <span class='ocrx_word' id='word_1_390' title='bbox 586 2494 740 2560; x_wconf 84' lang='lat' dir='ltr'>percussis:</span> <span class='ocrx_word' id='word_1_391' title='bbox 752 2499 780 2545; x_wconf 89' lang='lat' dir='ltr'>et</span> <span class='ocrx_word' id='word_1_392' title='bbox 790 2494 884 2559; x_wconf 88' lang='lat' dir='ltr'>pueris</span> <span class='ocrx_word' id='word_1_393' title='bbox 893 2498 993 2544; x_wconf 75' lang='lat' dir='ltr'>conus</span> <span class='ocrx_word' id='word_1_394' title='bbox 1042 2492 1094 2544; x_wconf 87' lang='lat' dir='ltr'>dae</span> <span class='ocrx_word' id='word_1_395' title='bbox 1103 2492 1238 2544; x_wconf 82' lang='lat' dir='ltr'>admixto.</span> <span class='ocrx_word' id='word_1_396' title='bbox 1710 2528 1715 2537; x_wconf 91' lang='lat'><em>.</em></span> 
     </span>
     <span class='ocr_line' id='line_1_33' title="bbox 197 2559 1870 2628; baseline 0 -13"><span class='ocrx_word' id='word_1_397' title='bbox 197 2565 329 2622; x_wconf 89' lang='lat' dir='ltr'>calculos,</span> <span class='ocrx_word' id='word_1_398' title='bbox 341 2561 493 2625; x_wconf 88' lang='lat' dir='ltr'>incipiente</span> <span class='ocrx_word' id='word_1_399' title='bbox 504 2568 581 2611; x_wconf 89' lang='lat' dir='ltr'>stran</span> <span class='ocrx_word' id='word_1_400' title='bbox 621 2562 671 2611; x_wconf 76' lang='lat' dir='ltr'>ria</span> <span class='ocrx_word' id='word_1_401' title='bbox 1008 2602 1011 2609; x_wconf 95' lang='lat'><em>.</em></span> <span class='ocrx_word' id='word_1_402' title='bbox 1076 2559 1203 2612; x_wconf 78' lang='lat' dir='ltr'>Lxle.</span> <span class='ocrx_word' id='word_1_403' title='bbox 1221 2561 1296 2612; x_wconf 89' lang='lat' dir='ltr'>lnter</span> <span class='ocrx_word' id='word_1_404' title='bbox 1306 2575 1402 2613; x_wconf 83' lang='lat' dir='ltr'>omnes</span> <span class='ocrx_word' id='word_1_405' title='bbox 1413 2559 1514 2612; x_wconf 87' lang='lat' dir='ltr'>herhas</span> <span class='ocrx_word' id='word_1_406' title='bbox 1525 2559 1707 2628; x_wconf 87' lang='lat' dir='ltr'>lithospermo</span> <span class='ocrx_word' id='word_1_407' title='bbox 1716 2561 1786 2615; x_wconf 90' lang='lat' dir='ltr'>nihil</span> <span class='ocrx_word' id='word_1_408' title='bbox 1795 2569 1870 2615; x_wconf 62' lang='lat' dir='ltr'>est*</span> 
     </span>
     <span class='ocr_line' id='line_1_34' title="bbox 200 2627 1838 2698; baseline -0.002 -17"><span class='ocrx_word' id='word_1_409' title='bbox 200 2630 308 2682; x_wconf 61' lang='lat' dir='ltr'>-ehxl</span> <span class='ocrx_word' id='word_1_410' title='bbox 326 2627 585 2696; x_wconf 87' lang='lat' dir='ltr'>Gnaphalionaliic</span> <span class='ocrx_word' id='word_1_411' title='bbox 606 2628 893 2690; x_wconf 75' lang='lat' dir='ltr'>amaezeionrocant,</span> <span class='ocrx_word' id='word_1_412' title='bbox 914 2627 992 2679; x_wconf 83' lang='lat' dir='ltr'>cuius</span> <span class='ocrx_word' id='word_1_413' title='bbox 1042 2628 1209 2681; x_wconf 90' lang='lat' dir='ltr'>mirabilius.</span> <span class='ocrx_word' id='word_1_414' title='bbox 1232 2630 1322 2696; x_wconf 76' lang='lat' dir='ltr'>Aliqui</span> <span class='ocrx_word' id='word_1_415' title='bbox 1333 2645 1366 2681; x_wconf 89' lang='lat' dir='ltr'>ae</span> <span class='ocrx_word' id='word_1_416' title='bbox 1386 2627 1515 2696; x_wconf 84' lang='lat' dir='ltr'>onychen</span> <span class='ocrx_word' id='word_1_417' title='bbox 1527 2636 1637 2691; x_wconf 81' lang='lat' dir='ltr'>vocant,</span> <span class='ocrx_word' id='word_1_418' title='bbox 1648 2630 1695 2680; x_wconf 87' lang='lat' dir='ltr'>alli</span> <span class='ocrx_word' id='word_1_419' title='bbox 1707 2628 1777 2683; x_wconf 86' lang='lat' dir='ltr'>Dios</span> <span class='ocrx_word' id='word_1_420' title='bbox 1805 2646 1838 2698; x_wconf 79' lang='lat' dir='ltr'>y.</span> 
     </span>
     <span class='ocr_line' id='line_1_35' title="bbox 197 2646 1838 2766; baseline 0 -16"><span class='ocrx_word' id='word_1_421' title='bbox 197 2697 274 2750; x_wconf 80' lang='lat' dir='ltr'>foliis</span> <span class='ocrx_word' id='word_1_422' title='bbox 290 2699 362 2750; x_wconf 88' lang='lat' dir='ltr'>albis</span> <span class='ocrx_word' id='word_1_423' title='bbox 378 2698 561 2763; x_wconf 84' lang='lat' dir='ltr'>mollibusque</span> <span class='ocrx_word' id='word_1_424' title='bbox 573 2712 624 2764; x_wconf 90' lang='lat' dir='ltr'>pro</span> <span class='ocrx_word' id='word_1_425' title='bbox 636 2704 760 2750; x_wconf 89' lang='lat' dir='ltr'>tomento</span> <span class='ocrx_word' id='word_1_426' title='bbox 772 2702 902 2749; x_wconf 88' lang='lat' dir='ltr'>utuntur:</span> <span class='ocrx_word' id='word_1_427' title='bbox 923 2711 991 2750; x_wconf 87' lang='lat' dir='ltr'>sane</span> <span class='ocrx_word' id='word_1_428' title='bbox 1042 2713 1102 2763; x_wconf 90' lang='lat' dir='ltr'>ron,</span> <span class='ocrx_word' id='word_1_429' title='bbox 1114 2700 1164 2752; x_wconf 90' lang='lat' dir='ltr'>alli</span> <span class='ocrx_word' id='word_1_430' title='bbox 1176 2699 1337 2751; x_wconf 87' lang='lat' dir='ltr'>llerarleoe.</span> <span class='ocrx_word' id='word_1_431' title='bbox 1367 2646 1462 2750; x_wconf 48' lang='lat' dir='ltr'>{leuba</span> <span class='ocrx_word' id='word_1_432' title='bbox 1473 2698 1670 2766; x_wconf 83' lang='lat' dir='ltr'>quincuncialis</span> <span class='ocrx_word' id='word_1_433' title='bbox 1681 2697 1749 2763; x_wconf 85' lang='lat' dir='ltr'>lere,</span> <span class='ocrx_word' id='word_1_434' title='bbox 1761 2646 1838 2751; x_wconf 47' lang='lat' dir='ltr'>milis</span> 
     </span>
     <span class='ocr_line' id='line_1_36' title="bbox 197 2766 1838 2839; baseline -0.002 -17"><span class='ocrx_word' id='word_1_435' title='bbox 197 2774 227 2822; x_wconf 86' lang='lat' dir='ltr'>et</span> <span class='ocrx_word' id='word_1_436' title='bbox 236 2768 339 2821; x_wconf 88' lang='lat' dir='ltr'>similia</span> <span class='ocrx_word' id='word_1_437' title='bbox 349 2774 422 2819; x_wconf 89' lang='lat' dir='ltr'>sunt.</span> <span class='ocrx_word' id='word_1_438' title='bbox 460 2766 551 2817; x_wconf 85' lang='lat' dir='ltr'>Datur</span> <span class='ocrx_word' id='word_1_439' title='bbox 565 2768 594 2818; x_wconf 92' lang='lat' dir='ltr'>in</span> <span class='ocrx_word' id='word_1_440' title='bbox 610 2768 675 2819; x_wconf 85' lang='lat' dir='ltr'>vino</span> <span class='ocrx_word' id='word_1_441' title='bbox 691 2767 850 2819; x_wconf 88' lang='lat' dir='ltr'>austeroad</span> <span class='ocrx_word' id='word_1_442' title='bbox 863 2766 991 2833; x_wconf 87' lang='lat' dir='ltr'>dysente·</span> <span class='ocrx_word' id='word_1_443' title='bbox 1044 2770 1129 2839; x_wconf 89' lang='lat' dir='ltr'>dupio</span> <span class='ocrx_word' id='word_1_444' title='bbox 1150 2769 1312 2829; x_wconf 89' lang='lat' dir='ltr'>maioribus,</span> <span class='ocrx_word' id='word_1_445' title='bbox 1333 2782 1413 2835; x_wconf 88' lang='lat' dir='ltr'>quam</span> <span class='ocrx_word' id='word_1_446' title='bbox 1434 2774 1524 2830; x_wconf 89' lang='lat' dir='ltr'>rutae,</span> <span class='ocrx_word' id='word_1_447' title='bbox 1543 2767 1657 2817; x_wconf 86' lang='lat' dir='ltr'>ramulis</span> <span class='ocrx_word' id='word_1_448' title='bbox 1677 2769 1838 2828; x_wconf 75' lang='lat' dir='ltr'>surculoeis,</span> 
     </span>
     <span class='ocr_line' id='line_1_37' title="bbox 195 2834 1839 2905; baseline -0.001 -16"><span class='ocrx_word' id='word_1_449' title='bbox 195 2839 280 2889; x_wconf 87' lang='lat' dir='ltr'>riam:</span> <span class='ocrx_word' id='word_1_450' title='bbox 296 2837 401 2889; x_wconf 85' lang='lat' dir='ltr'>ventris</span> <span class='ocrx_word' id='word_1_451' title='bbox 412 2834 566 2888; x_wconf 84' lang='lat' dir='ltr'>solutiones</span> <span class='ocrx_word' id='word_1_452' title='bbox 577 2851 739 2905; x_wconf 87' lang='lat' dir='ltr'>mensesque</span> <span class='ocrx_word' id='word_1_453' title='bbox 750 2837 895 2888; x_wconf 88' lang='lat' dir='ltr'>mulierum</span> <span class='ocrx_word' id='word_1_454' title='bbox 907 2835 991 2888; x_wconf 85' lang='lat' dir='ltr'>sistit.</span> <span class='ocrx_word' id='word_1_455' title='bbox 1044 2838 1229 2892; x_wconf 74' lang='lat' dir='ltr'>emsitudine</span> <span class='ocrx_word' id='word_1_456' title='bbox 1249 2837 1336 2889; x_wconf 70' lang='lat' dir='ltr'>iuncis</span> <span class='ocrx_word' id='word_1_457' title='bbox 1357 2836 1429 2905; x_wconf 85' lang='lat' dir='ltr'>gerit</span> <span class='ocrx_word' id='word_1_458' title='bbox 1443 2837 1522 2887; x_wconf 77' lang='lat' dir='ltr'>iuxta</span> <span class='ocrx_word' id='word_1_459' title='bbox 1533 2835 1602 2887; x_wconf 83' lang='lat' dir='ltr'>lolia</span> <span class='ocrx_word' id='word_1_460' title='bbox 1616 2835 1739 2902; x_wconf 79' lang='lat' dir='ltr'>singulae</span> <span class='ocrx_word' id='word_1_461' title='bbox 1749 2837 1839 2889; x_wconf 81' lang='lat' dir='ltr'>veluti</span> 
     </span>
    </p>

    <p class='ocr_par' dir='ltr' id='par_1_6' title="bbox 81 2904 1839 2975">
     <span class='ocr_line' id='line_1_38' title="bbox 81 2904 1839 2975; baseline 0.001 -18"><span class='ocrx_word' id='word_1_462' title='bbox 81 2970 84 2975; x_wconf 23' lang='grc' dir='ltr'>Ι</span> <span class='ocrx_word' id='word_1_463' title='bbox 196 2905 353 2958; x_wconf 87' lang='lat' dir='ltr'>lnlumlitur</span> <span class='ocrx_word' id='word_1_464' title='bbox 364 2912 458 2957; x_wconf 88' lang='lat' dir='ltr'>autom</span> <span class='ocrx_word' id='word_1_465' title='bbox 470 2911 605 2959; x_wconf 83' lang='lat' dir='ltr'>tenesmo.</span> <span class='ocrx_word' id='word_1_466' title='bbox 639 2906 763 2958; x_wconf 86' lang='lat' dir='ltr'>illinitur</span> <span class='ocrx_word' id='word_1_467' title='bbox 773 2912 802 2959; x_wconf 89' lang='lat' dir='ltr'>et</span> <span class='ocrx_word' id='word_1_468' title='bbox 811 2907 992 2973; x_wconf 87' lang='lat' dir='ltr'>putrescenti·</span> <span class='ocrx_word' id='word_1_469' title='bbox 1043 2908 1188 2969; x_wconf 87' lang='lat' dir='ltr'>barbulas,</span> <span class='ocrx_word' id='word_1_470' title='bbox 1209 2913 1237 2958; x_wconf 90' lang='lat' dir='ltr'>et</span> <span class='ocrx_word' id='word_1_471' title='bbox 1247 2920 1340 2959; x_wconf 87' lang='lat' dir='ltr'>esrum</span> <span class='ocrx_word' id='word_1_472' title='bbox 1359 2907 1387 2956; x_wconf 89' lang='lat' dir='ltr'>in</span> <span class='ocrx_word' id='word_1_473' title='bbox 1399 2905 1585 2956; x_wconf 85' lang='lat' dir='ltr'>cacuminibus</span> <span class='ocrx_word' id='word_1_474' title='bbox 1596 2904 1707 2971; x_wconf 87' lang='lat' dir='ltr'>lapillos</span> <span class='ocrx_word' id='word_1_475' title='bbox 1718 2905 1839 2959; x_wconf 84' lang='lat' dir='ltr'>candore</span> 
     </span>
    </p>

    <p class='ocr_par' dir='ltr' id='par_1_7' title="bbox 75 2973 1872 3179">
     <span class='ocr_line' id='line_1_39' title="bbox 190 2973 1840 3042; baseline -0.001 -16"><span class='ocrx_word' id='word_1_476' title='bbox 190 2973 407 3027; x_wconf 81' lang='lat' dir='ltr'>bushulceram.</span> <span class='ocrx_word' id='word_1_477' title='bbox 1044 2984 1073 3030; x_wconf 89' lang='lat' dir='ltr'>et</span> <span class='ocrx_word' id='word_1_478' title='bbox 1084 2977 1257 3029; x_wconf 87' lang='lat' dir='ltr'>rotunditate</span> <span class='ocrx_word' id='word_1_479' title='bbox 1278 2976 1499 3042; x_wconf 73' lang='lat' dir='ltr'>margaritarum,</span> <span class='ocrx_word' id='word_1_480' title='bbox 1519 2974 1711 3041; x_wconf 84' lang='lat' dir='ltr'>magnitudine</span> <span class='ocrx_word' id='word_1_481' title='bbox 1731 2975 1840 3036; x_wconf 81' lang='lat' dir='ltr'>ciceris,</span> 
     </span>
     <span class='ocr_line' id='line_1_40' title="bbox 176 3040 1840 3113; baseline -0.001 -18"><span class='ocrx_word' id='word_1_482' title='bbox 176 3083 181 3087; x_wconf 90' lang='lat'>.</span> <span class='ocrx_word' id='word_1_483' title='bbox 230 3044 315 3096; x_wconf 78' lang='lat' dir='ltr'>Lxll.</span> <span class='ocrx_word' id='word_1_484' title='bbox 333 3041 522 3113; x_wconf 81' lang='lat' dir='ltr'>Gallidraganr</span> <span class='ocrx_word' id='word_1_485' title='bbox 534 3040 991 3095; x_wconf 84' lang='lat' dir='ltr'>vocstXenocrateeleucacantho</span> <span class='ocrx_word' id='word_1_486' title='bbox 1044 3046 1148 3098; x_wconf 87' lang='lat' dir='ltr'>duritia</span> <span class='ocrx_word' id='word_1_487' title='bbox 1158 3060 1224 3097; x_wconf 85' lang='lat' dir='ltr'>vero</span> <span class='ocrx_word' id='word_1_488' title='bbox 1234 3045 1353 3112; x_wconf 83' lang='lat' dir='ltr'>lapidea.</span> <span class='ocrx_word' id='word_1_489' title='bbox 1376 3043 1440 3113; x_wconf 85' lang='lat' dir='ltr'>ipsi,</span> <span class='ocrx_word' id='word_1_490' title='bbox 1451 3058 1505 3111; x_wconf 88' lang='lat' dir='ltr'>qua</span> <span class='ocrx_word' id='word_1_491' title='bbox 1515 3044 1649 3109; x_wconf 84' lang='lat' dir='ltr'>pediculis</span> <span class='ocrx_word' id='word_1_492' title='bbox 1661 3042 1840 3110; x_wconf 75' lang='lat' dir='ltr'>adhaereant,</span> 
     </span>
     <span class='ocr_line' id='line_1_41' title="bbox 75 3111 1872 3179; baseline 0 -16"><span class='ocrx_word' id='word_1_493' title='bbox 75 3112 321 3173; x_wconf 40' lang='lat' dir='ltr'>unianimam,</span> <span class='ocrx_word' id='word_1_494' title='bbox 332 3113 482 3178; x_wconf 84' lang='lat' dir='ltr'>palustrem</span> <span class='ocrx_word' id='word_1_495' title='bbox 495 3119 523 3163; x_wconf 87' lang='lat' dir='ltr'>et</span> <span class='ocrx_word' id='word_1_496' title='bbox 535 3112 685 3179; x_wconf 88' lang='lat' dir='ltr'>spinosam,</span> <span class='ocrx_word' id='word_1_497' title='bbox 698 3113 776 3165; x_wconf 90' lang='lat' dir='ltr'>caule</span> <span class='ocrx_word' id='word_1_498' title='bbox 787 3112 938 3175; x_wconf 74' lang='lat' dir='ltr'>ferulaceo,</span> <span class='ocrx_word' id='word_1_499' title='bbox 950 3112 990 3162; x_wconf 91' lang='lat' dir='ltr'>al·</span> <span class='ocrx_word' id='word_1_500' title='bbox 1045 3114 1205 3166; x_wconf 82' lang='lat' dir='ltr'>cavernulas</span> <span class='ocrx_word' id='word_1_501' title='bbox 1215 3112 1364 3174; x_wconf 84' lang='lat' dir='ltr'>habent,et</span> <span class='ocrx_word' id='word_1_502' title='bbox 1373 3115 1447 3165; x_wconf 87' lang='lat' dir='ltr'>intus</span> <span class='ocrx_word' id='word_1_503' title='bbox 1458 3128 1560 3164; x_wconf 86' lang='lat' dir='ltr'>semen.</span> <span class='ocrx_word' id='word_1_504' title='bbox 1572 3111 1704 3164; x_wconf 85' lang='lat' dir='ltr'>Nascitur</span> <span class='ocrx_word' id='word_1_505' title='bbox 1715 3113 1840 3164; x_wconf 87' lang='lat' dir='ltr'>etinlta·</span> <span class='ocrx_word' id='word_1_506' title='bbox 1860 3136 1872 3153; x_wconf 52' lang='lat' dir='ltr'>a</span> 
     </span>
    </p>

    <p class='ocr_par' dir='ltr' id='par_1_8' title="bbox 9 3166 1852 3879">
     <span class='ocr_line' id='line_1_42' title="bbox 60 3166 1840 3298; baseline -0.001 -65.007"><span class='ocrx_word' id='word_1_507' title='bbox 47 3166 129 3251; x_wconf 51' lang='lat' dir='ltr'>:zm</span> <span class='ocrx_word' id='word_1_508' title='bbox 149 3188 235 3247; x_wconf 48' lang='lat' dir='ltr'>gio,</span> <span class='ocrx_word' id='word_1_509' title='bbox 256 3181 301 3232; x_wconf 87' lang='lat' dir='ltr'>cui</span> <span class='ocrx_word' id='word_1_510' title='bbox 322 3195 429 3231; x_wconf 91' lang='lat' dir='ltr'>summo</span> <span class='ocrx_word' id='word_1_511' title='bbox 449 3182 542 3249; x_wconf 86' lang='lat' dir='ltr'>capite</span> <span class='ocrx_word' id='word_1_512' title='bbox 559 3180 686 3236; x_wconf 81' lang='lat' dir='ltr'>inhaeret</span> <span class='ocrx_word' id='word_1_513' title='bbox 697 3182 789 3234; x_wconf 89' lang='lat' dir='ltr'>simile</span> <span class='ocrx_word' id='word_1_514' title='bbox 799 3196 861 3232; x_wconf 79' lang='lat' dir='ltr'>oro.</span> <span class='ocrx_word' id='word_1_515' title='bbox 899 3181 928 3232; x_wconf 91' lang='lat' dir='ltr'>ln</span> <span class='ocrx_word' id='word_1_516' title='bbox 939 3180 992 3232; x_wconf 84' lang='lat' dir='ltr'>hoc</span> <span class='ocrx_word' id='word_1_517' title='bbox 1043 3184 1092 3246; x_wconf 86' lang='lat' dir='ltr'>lia,</span> <span class='ocrx_word' id='word_1_518' title='bbox 1104 3184 1153 3236; x_wconf 89' lang='lat' dir='ltr'>sed</span> <span class='ocrx_word' id='word_1_519' title='bbox 1165 3183 1387 3235; x_wconf 83' lang='lat' dir='ltr'>laudatissimum</span> <span class='ocrx_word' id='word_1_520' title='bbox 1397 3183 1425 3233; x_wconf 91' lang='lat' dir='ltr'>ln</span> <span class='ocrx_word' id='word_1_521' title='bbox 1437 3183 1528 3233; x_wconf 83' lang='lat' dir='ltr'>Creta.</span> <span class='ocrx_word' id='word_1_522' title='bbox 1540 3180 1597 3232; x_wconf 92' lang='lat' dir='ltr'>Nec</span> <span class='ocrx_word' id='word_1_523' title='bbox 1608 3180 1754 3298; x_wconf 54' lang='lat' dir='ltr'>quidquam</span> <span class='ocrx_word' id='word_1_524' title='bbox 1766 3180 1840 3233; x_wconf 84' lang='lat' dir='ltr'>inter</span> 
     </span>
     <span class='ocr_line' id='line_1_43' title="bbox 9 3248 1840 3325; baseline -0.001 -23"><span class='ocrx_word' id='word_1_525' title='bbox 9 3264 10 3325; x_wconf 60' lang='lat' dir='ltr'>l</span> <span class='ocrx_word' id='word_1_526' title='bbox 38 3248 842 3323; x_wconf 47' lang='lat' dir='ltr'>‚wgffp&#39;crescenteaetaterermiculoenarsiti-edunt,</span> <span class='ocrx_word' id='word_1_527' title='bbox 863 3263 992 3317; x_wconf 88' lang='lat' dir='ltr'>quospy·</span> <span class='ocrx_word' id='word_1_528' title='bbox 1043 3252 1143 3305; x_wconf 88' lang='lat' dir='ltr'>herbae</span> <span class='ocrx_word' id='word_1_529' title='bbox 1153 3254 1259 3304; x_wconf 87' lang='lat' dir='ltr'>maiore</span> <span class='ocrx_word' id='word_1_530' title='bbox 1271 3252 1381 3319; x_wconf 88' lang='lat' dir='ltr'>quidem</span> <span class='ocrx_word' id='word_1_531' title='bbox 1392 3251 1526 3303; x_wconf 85' lang='lat' dir='ltr'>miraculo</span> <span class='ocrx_word' id='word_1_532' title='bbox 1538 3251 1643 3315; x_wconf 84' lang='lat' dir='ltr'>aspexi.</span> <span class='ocrx_word' id='word_1_533' title='bbox 1696 3251 1840 3301; x_wconf 83' lang='lat' dir='ltr'>&#39;antusest</span> 
     </span>
     <span class='ocr_line' id='line_1_44' title="bbox 9 3315 1838 3387; baseline -0.003 -14"><span class='ocrx_word' id='word_1_534' title='bbox 9 3370 10 3373; x_wconf 76' lang='grc'>,</span> <span class='ocrx_word' id='word_1_535' title='bbox 120 3334 125 3343; x_wconf 89' lang='lat'><em>·</em></span> <span class='ocrx_word' id='word_1_536' title='bbox 194 3318 262 3379; x_wconf 79' lang='lat' dir='ltr'>xiie</span> <span class='ocrx_word' id='word_1_537' title='bbox 281 3318 408 3369; x_wconf 87' lang='lat' dir='ltr'>conditos</span> <span class='ocrx_word' id='word_1_538' title='bbox 428 3318 576 3385; x_wconf 86' lang='lat' dir='ltr'>adalligari</span> <span class='ocrx_word' id='word_1_539' title='bbox 597 3335 657 3372; x_wconf 90' lang='lat' dir='ltr'>cum</span> <span class='ocrx_word' id='word_1_540' title='bbox 675 3335 746 3387; x_wconf 87' lang='lat' dir='ltr'>pane</span> <span class='ocrx_word' id='word_1_541' title='bbox 760 3317 873 3370; x_wconf 88' lang='lat' dir='ltr'>brachio</span> <span class='ocrx_word' id='word_1_542' title='bbox 884 3318 919 3370; x_wconf 90' lang='lat' dir='ltr'>ad</span> <span class='ocrx_word' id='word_1_543' title='bbox 931 3334 991 3369; x_wconf 87' lang='lat' dir='ltr'>eam</span> <span class='ocrx_word' id='word_1_544' title='bbox 1044 3322 1137 3383; x_wconf 88' lang='lat' dir='ltr'>decor,</span> <span class='ocrx_word' id='word_1_545' title='bbox 1157 3322 1460 3374; x_wconf 84' lang='lat' dir='ltr'>velutauriiicumarte</span> <span class='ocrx_word' id='word_1_546' title='bbox 1471 3319 1589 3371; x_wconf 85' lang='lat' dir='ltr'>alternis</span> <span class='ocrx_word' id='word_1_547' title='bbox 1609 3319 1681 3366; x_wconf 90' lang='lat' dir='ltr'>lnter</span> <span class='ocrx_word' id='word_1_548' title='bbox 1693 3315 1762 3368; x_wconf 86' lang='lat' dir='ltr'>lolia</span> <span class='ocrx_word' id='word_1_549' title='bbox 1773 3330 1838 3368; x_wconf 87' lang='lat' dir='ltr'>can·</span> 
     </span>
     <span class='ocr_line' id='line_1_45' title="bbox 9 3383 1837 3461; baseline -0.002 -22"><span class='ocrx_word' id='word_1_550' title='bbox 9 3412 10 3461; x_wconf 54' lang='lat' dir='ltr'>p</span> <span class='ocrx_word' id='word_1_551' title='bbox 194 3385 446 3456; x_wconf 88' lang='lat' dir='ltr'>partem,quadens</span> <span class='ocrx_word' id='word_1_552' title='bbox 454 3387 560 3448; x_wconf 88' lang='lat' dir='ltr'>doleat,</span> <span class='ocrx_word' id='word_1_553' title='bbox 567 3390 691 3454; x_wconf 88' lang='lat' dir='ltr'>mireque</span> <span class='ocrx_word' id='word_1_554' title='bbox 700 3389 776 3440; x_wconf 85' lang='lat' dir='ltr'>illico</span> <span class='ocrx_word' id='word_1_555' title='bbox 787 3388 913 3440; x_wconf 91' lang='lat' dir='ltr'>dolorem</span> <span class='ocrx_word' id='word_1_556' title='bbox 919 3388 991 3438; x_wconf 86' lang='lat' dir='ltr'>tolli.</span> <span class='ocrx_word' id='word_1_557' title='bbox 1044 3392 1202 3443; x_wconf 84' lang='lat' dir='ltr'>dicentibus</span> <span class='ocrx_word' id='word_1_558' title='bbox 1213 3391 1385 3454; x_wconf 84' lang='lat' dir='ltr'>margaritis:</span> <span class='ocrx_word' id='word_1_559' title='bbox 1406 3392 1463 3435; x_wconf 84' lang='lat' dir='ltr'>tam</span> <span class='ocrx_word' id='word_1_560' title='bbox 1484 3385 1623 3450; x_wconf 81' lang='lat' dir='ltr'>exquisita</span> <span class='ocrx_word' id='word_1_561' title='bbox 1634 3383 1783 3436; x_wconf 85' lang='lat' dir='ltr'>dillicuitas</span> <span class='ocrx_word' id='word_1_562' title='bbox 1795 3385 1837 3436; x_wconf 87' lang='lat' dir='ltr'>la·</span> 
     </span>
     <span class='ocr_line' id='line_1_46' title="bbox 9 3451 1840 3539; baseline -0.002 -30"><span class='ocrx_word' id='word_1_563' title='bbox 9 3466 10 3539; x_wconf 58' lang='lat' dir='ltr'>l</span> <span class='ocrx_word' id='word_1_564' title='bbox 193 3456 298 3509; x_wconf 82' lang='lat' dir='ltr'>Valere</span> <span class='ocrx_word' id='word_1_565' title='bbox 316 3469 370 3506; x_wconf 85' lang='lat' dir='ltr'>non</span> <span class='ocrx_word' id='word_1_566' title='bbox 382 3454 487 3507; x_wconf 87' lang='lat' dir='ltr'>diutius</span> <span class='ocrx_word' id='word_1_567' title='bbox 505 3471 594 3521; x_wconf 88' lang='lat' dir='ltr'>anno,</span> <span class='ocrx_word' id='word_1_568' title='bbox 613 3465 640 3511; x_wconf 90' lang='lat' dir='ltr'>et</span> <span class='ocrx_word' id='word_1_569' title='bbox 650 3458 693 3509; x_wconf 89' lang='lat' dir='ltr'>itu</span> <span class='ocrx_word' id='word_1_570' title='bbox 708 3460 731 3510; x_wconf 84' lang='lat' dir='ltr'>si</span> <span class='ocrx_word' id='word_1_571' title='bbox 743 3464 845 3511; x_wconf 88' lang='lat' dir='ltr'>terram</span> <span class='ocrx_word' id='word_1_572' title='bbox 862 3471 918 3510; x_wconf 84' lang='lat' dir='ltr'>nou</span> <span class='ocrx_word' id='word_1_573' title='bbox 928 3458 993 3512; x_wconf 88' lang='lat' dir='ltr'>atti·</span> <span class='ocrx_word' id='word_1_574' title='bbox 1044 3460 1118 3526; x_wconf 88' lang='lat' dir='ltr'>pidis</span> <span class='ocrx_word' id='word_1_575' title='bbox 1130 3474 1164 3510; x_wconf 83' lang='lat' dir='ltr'>ex</span> <span class='ocrx_word' id='word_1_576' title='bbox 1177 3456 1262 3508; x_wconf 89' lang='lat' dir='ltr'>herba</span> <span class='ocrx_word' id='word_1_577' title='bbox 1272 3453 1421 3506; x_wconf 76' lang='lat' dir='ltr'>succutis.</span> <span class='ocrx_word' id='word_1_578' title='bbox 1442 3454 1535 3504; x_wconf 86' lang='lat' dir='ltr'>lacere</span> <span class='ocrx_word' id='word_1_579' title='bbox 1544 3451 1716 3518; x_wconf 85' lang='lat' dir='ltr'>atquehumi</span> <span class='ocrx_word' id='word_1_580' title='bbox 1727 3466 1840 3521; x_wconf 83' lang='lat' dir='ltr'>serpere</span> 
     </span>
     <span class='ocr_line' id='line_1_47' title="bbox 191 3519 1840 3593; baseline -0.001 -19"><span class='ocrx_word' id='word_1_581' title='bbox 191 3523 297 3593; x_wconf 88' lang='lat' dir='ltr'>gerint.</span> <span class='ocrx_word' id='word_1_582' title='bbox 1045 3534 1173 3579; x_wconf 85' lang='lat' dir='ltr'>auctores</span> <span class='ocrx_word' id='word_1_583' title='bbox 1184 3525 1306 3576; x_wconf 88' lang='lat' dir='ltr'>tradunt.</span> <span class='ocrx_word' id='word_1_584' title='bbox 1339 3523 1399 3590; x_wconf 74' lang='lat' dir='ltr'>ligo</span> <span class='ocrx_word' id='word_1_585' title='bbox 1411 3521 1527 3582; x_wconf 78' lang='lat' dir='ltr'>vulsum,</span> <span class='ocrx_word' id='word_1_586' title='bbox 1538 3535 1591 3571; x_wconf 89' lang='lat' dir='ltr'>non</span> <span class='ocrx_word' id='word_1_587' title='bbox 1604 3519 1761 3573; x_wconf 86' lang='lat' dir='ltr'>haerentem</span> <span class='ocrx_word' id='word_1_588' title='bbox 1773 3521 1840 3573; x_wconf 79' lang='lat' dir='ltr'>viat.</span> 
     </span>
     <span class='ocr_line' id='line_1_48' title="bbox 230 3590 1839 3661; baseline -0.002 -17"><span class='ocrx_word' id='word_1_589' title='bbox 230 3591 329 3644; x_wconf 79' lang='lat' dir='ltr'>Llilll.</span> <span class='ocrx_word' id='word_1_590' title='bbox 351 3591 459 3657; x_wconf 68' lang='lat' dir='ltr'>lloleus</span> <span class='ocrx_word' id='word_1_591' title='bbox 479 3594 508 3642; x_wconf 88' lang='lat' dir='ltr'>in</span> <span class='ocrx_word' id='word_1_592' title='bbox 524 3594 600 3645; x_wconf 75' lang='lat' dir='ltr'>saule</span> <span class='ocrx_word' id='word_1_593' title='bbox 618 3595 744 3647; x_wconf 87' lang='lat' dir='ltr'>nascitur</span> <span class='ocrx_word' id='word_1_594' title='bbox 759 3595 850 3649; x_wconf 86' lang='lat' dir='ltr'>siccis.</span> <span class='ocrx_word' id='word_1_595' title='bbox 886 3596 993 3650; x_wconf 78' lang='lat' dir='ltr'>Aristus</span> <span class='ocrx_word' id='word_1_596' title='bbox 1043 3596 1081 3646; x_wconf 86' lang='lat' dir='ltr'>lis</span> <span class='ocrx_word' id='word_1_597' title='bbox 1091 3594 1198 3661; x_wconf 89' lang='lat' dir='ltr'>lapillis</span> <span class='ocrx_word' id='word_1_598' title='bbox 1210 3591 1357 3645; x_wconf 84' lang='lat' dir='ltr'>drachmae</span> <span class='ocrx_word' id='word_1_599' title='bbox 1368 3592 1488 3658; x_wconf 90' lang='lat' dir='ltr'>pondere</span> <span class='ocrx_word' id='word_1_600' title='bbox 1501 3590 1575 3657; x_wconf 86' lang='lat' dir='ltr'>potis</span> <span class='ocrx_word' id='word_1_601' title='bbox 1591 3593 1618 3641; x_wconf 93' lang='lat' dir='ltr'>in</span> <span class='ocrx_word' id='word_1_602' title='bbox 1631 3592 1695 3642; x_wconf 80' lang='lat' dir='ltr'>vino</span> <span class='ocrx_word' id='word_1_603' title='bbox 1707 3591 1771 3642; x_wconf 92' lang='lat' dir='ltr'>albo</span> <span class='ocrx_word' id='word_1_604' title='bbox 1782 3590 1839 3642; x_wconf 87' lang='lat' dir='ltr'>cal·</span> 
     </span>
     <span class='ocr_line' id='line_1_49' title="bbox 195 3659 1839 3729; baseline -0.002 -16"><span class='ocrx_word' id='word_1_605' title='bbox 195 3661 281 3713; x_wconf 86' lang='lat' dir='ltr'>habet</span> <span class='ocrx_word' id='word_1_606' title='bbox 291 3661 319 3711; x_wconf 90' lang='lat' dir='ltr'>iu</span> <span class='ocrx_word' id='word_1_607' title='bbox 332 3662 483 3721; x_wconf 86' lang='lat' dir='ltr'>cacumine,</span> <span class='ocrx_word' id='word_1_608' title='bbox 493 3663 570 3713; x_wconf 90' lang='lat' dir='ltr'>tenui</span> <span class='ocrx_word' id='word_1_609' title='bbox 581 3663 686 3713; x_wconf 85' lang='lat' dir='ltr'>culmo:</span> <span class='ocrx_word' id='word_1_610' title='bbox 707 3664 788 3729; x_wconf 89' lang='lat' dir='ltr'>quale</span> <span class='ocrx_word' id='word_1_611' title='bbox 801 3666 933 3716; x_wconf 76' lang='lat' dir='ltr'>hairdeum</span> <span class='ocrx_word' id='word_1_612' title='bbox 946 3678 989 3715; x_wconf 90' lang='lat' dir='ltr'>re·</span> <span class='ocrx_word' id='word_1_613' title='bbox 1045 3665 1122 3716; x_wconf 92' lang='lat' dir='ltr'>culos</span> <span class='ocrx_word' id='word_1_614' title='bbox 1134 3663 1224 3715; x_wconf 72' lang='lat' dir='ltr'>tranei</span> <span class='ocrx_word' id='word_1_615' title='bbox 1236 3663 1357 3729; x_wconf 87' lang='lat' dir='ltr'>pellique</span> <span class='ocrx_word' id='word_1_616' title='bbox 1368 3667 1485 3722; x_wconf 88' lang='lat' dir='ltr'>constat,</span> <span class='ocrx_word' id='word_1_617' title='bbox 1492 3667 1521 3711; x_wconf 89' lang='lat' dir='ltr'>et</span> <span class='ocrx_word' id='word_1_618' title='bbox 1530 3660 1716 3727; x_wconf 79' lang='lat' dir='ltr'>stranguriam</span> <span class='ocrx_word' id='word_1_619' title='bbox 1727 3659 1839 3710; x_wconf 86' lang='lat' dir='ltr'>discuti.</span> 
     </span>
     <span class='ocr_line' id='line_1_50' title="bbox 195 3704 1840 3799; baseline -0.003 -16"><span class='ocrx_word' id='word_1_620' title='bbox 195 3731 297 3783; x_wconf 89' lang='lat' dir='ltr'>stibile.</span> <span class='ocrx_word' id='word_1_621' title='bbox 309 3730 387 3781; x_wconf 86' lang='lat' dir='ltr'>llaec</span> <span class='ocrx_word' id='word_1_622' title='bbox 396 3730 471 3781; x_wconf 84' lang='lat' dir='ltr'>circa</span> <span class='ocrx_word' id='word_1_623' title='bbox 481 3739 564 3797; x_wconf 83' lang='lat' dir='ltr'>eaput</span> <span class='ocrx_word' id='word_1_624' title='bbox 574 3731 751 3798; x_wconf 81' lang='lat' dir='ltr'>alligata,rei</span> <span class='ocrx_word' id='word_1_625' title='bbox 763 3734 836 3782; x_wconf 90' lang='lat' dir='ltr'>circa</span> <span class='ocrx_word' id='word_1_626' title='bbox 847 3732 992 3793; x_wconf 89' lang='lat' dir='ltr'>lacertum,</span> <span class='ocrx_word' id='word_1_627' title='bbox 1044 3734 1138 3799; x_wconf 84' lang='lat' dir='ltr'>Neque</span> <span class='ocrx_word' id='word_1_628' title='bbox 1148 3735 1176 3782; x_wconf 89' lang='lat' dir='ltr'>in</span> <span class='ocrx_word' id='word_1_629' title='bbox 1188 3704 1243 3782; x_wconf 58' lang='lat' dir='ltr'>affin</span> <span class='ocrx_word' id='word_1_630' title='bbox 1255 3730 1399 3782; x_wconf 90' lang='lat' dir='ltr'>herbarum</span> <span class='ocrx_word' id='word_1_631' title='bbox 1412 3729 1479 3781; x_wconf 86' lang='lat' dir='ltr'>tides</span> <span class='ocrx_word' id='word_1_632' title='bbox 1487 3729 1595 3781; x_wconf 80' lang='lat' dir='ltr'>estrisu</span> <span class='ocrx_word' id='word_1_633' title='bbox 1603 3727 1749 3791; x_wconf 87' lang='lat' dir='ltr'>statim,ad</span> <span class='ocrx_word' id='word_1_634' title='bbox 1757 3741 1840 3794; x_wconf 84' lang='lat' dir='ltr'>quam</span> 
     </span>
     <span class='ocr_line' id='line_1_51' title="bbox 195 3797 1852 3879; baseline 0 -27"><span class='ocrx_word' id='word_1_635' title='bbox 195 3798 451 3866; x_wconf 88' lang='lat' dir='ltr'>educitecorpore</span> <span class='ocrx_word' id='word_1_636' title='bbox 469 3800 580 3851; x_wconf 86' lang='lat' dir='ltr'>aristae.</span> <span class='ocrx_word' id='word_1_637' title='bbox 616 3801 735 3862; x_wconf 80' lang='lat' dir='ltr'>Quidam</span> <span class='ocrx_word' id='word_1_638' title='bbox 752 3801 830 3853; x_wconf 91' lang='lat' dir='ltr'>obid</span> <span class='ocrx_word' id='word_1_639' title='bbox 846 3802 992 3853; x_wconf 78' lang='lat' dir='ltr'>aristidem</span> <span class='ocrx_word' id='word_1_640' title='bbox 1044 3803 1209 3879; x_wconf 73' lang='lat' dir='ltr'>mpdicinom</span> <span class='ocrx_word' id='word_1_641' title='bbox 1221 3805 1286 3851; x_wconf 83' lang='lat' dir='ltr'>nata</span> <span class='ocrx_word' id='word_1_642' title='bbox 1296 3801 1342 3850; x_wconf 87' lang='lat' dir='ltr'>sit.</span> <span class='ocrx_word' id='word_1_643' title='bbox 1353 3802 1402 3851; x_wconf 77' lang='lat' dir='ltr'>list</span> <span class='ocrx_word' id='word_1_644' title='bbox 1413 3806 1507 3850; x_wconf 74' lang='lat' dir='ltr'>alitem</span> <span class='ocrx_word' id='word_1_645' title='bbox 1519 3798 1578 3849; x_wconf 86' lang='lat' dir='ltr'>eius</span> <span class='ocrx_word' id='word_1_646' title='bbox 1589 3797 1744 3864; x_wconf 69' lang='lat' dir='ltr'>aperiendi</span> <span class='ocrx_word' id='word_1_647' title='bbox 1753 3803 1852 3854; x_wconf 82' lang='lat' dir='ltr'>etiarn‘</span> 
     </span>
    </p>

    <p class='ocr_par' dir='ltr' id='par_1_9' title="bbox 195 3867 1600 3934">
     <span class='ocr_line' id='line_1_52' title="bbox 195 3867 1600 3934; baseline -0.003 -14"><span class='ocrx_word' id='word_1_648' title='bbox 195 3875 305 3920; x_wconf 73' lang='lat' dir='ltr'>vocant.</span> <span class='ocrx_word' id='word_1_649' title='bbox 330 3898 345 3929; x_wconf 53' lang='lat' dir='ltr'>a</span> <span class='ocrx_word' id='word_1_650' title='bbox 1043 3872 1104 3922; x_wconf 89' lang='lat' dir='ltr'>sine</span> <span class='ocrx_word' id='word_1_651' title='bbox 1114 3876 1228 3921; x_wconf 87' lang='lat' dir='ltr'>auctore</span> <span class='ocrx_word' id='word_1_652' title='bbox 1237 3873 1297 3921; x_wconf 81' lang='lat' dir='ltr'>risu</span> <span class='ocrx_word' id='word_1_653' title='bbox 1309 3869 1404 3921; x_wconf 87' lang='lat' dir='ltr'>statim</span> <span class='ocrx_word' id='word_1_654' title='bbox 1415 3868 1493 3919; x_wconf 87' lang='lat' dir='ltr'>nosci</span> <span class='ocrx_word' id='word_1_655' title='bbox 1504 3867 1600 3934; x_wconf 84' lang='lat' dir='ltr'>possit.</span> 
     </span>
    </p>

    <p class='ocr_par' dir='ltr' id='par_1_10' title="bbox 82 3935 1840 4141">
     <span class='ocr_line' id='line_1_53' title="bbox 82 3935 1839 4005; baseline 0.001 -19"><span class='ocrx_word' id='word_1_656' title='bbox 82 3978 90 4003; x_wconf 73' lang='lat'>,</span> <span class='ocrx_word' id='word_1_657' title='bbox 110 3937 327 3995; x_wconf 44' lang='lat' dir='ltr'>„sanabilia</span> <span class='ocrx_word' id='word_1_658' title='bbox 346 3937 478 4003; x_wconf 84' lang='lat' dir='ltr'>llyosiris</span> <span class='ocrx_word' id='word_1_659' title='bbox 488 3936 584 3989; x_wconf 91' lang='lat' dir='ltr'>intubo</span> <span class='ocrx_word' id='word_1_660' title='bbox 595 3938 708 3999; x_wconf 70' lang='lat' dir='ltr'>monilis,</span> <span class='ocrx_word' id='word_1_661' title='bbox 729 3937 778 3989; x_wconf 87' lang='lat' dir='ltr'>sed</span> <span class='ocrx_word' id='word_1_662' title='bbox 791 3938 891 4000; x_wconf 69' lang='lat' dir='ltr'>aanor,</span> <span class='ocrx_word' id='word_1_663' title='bbox 911 3944 941 3990; x_wconf 89' lang='lat' dir='ltr'>et</span> <span class='ocrx_word' id='word_1_664' title='bbox 950 3945 992 3990; x_wconf 89' lang='lat' dir='ltr'>ta·</span> <span class='ocrx_word' id='word_1_665' title='bbox 1078 3940 1190 3992; x_wconf 77' lang='lat' dir='ltr'><strong>LXXV.</strong></span> <span class='ocrx_word' id='word_1_666' title='bbox 1207 3939 1424 4005; x_wconf 58' lang='lat' dir='ltr'>lrapisrulgaris</span> <span class='ocrx_word' id='word_1_667' title='bbox 1436 3935 1703 3988; x_wconf 79' lang='lat' dir='ltr'>iurtafluminalert</span> <span class='ocrx_word' id='word_1_668' title='bbox 1715 3946 1839 3988; x_wconf 86' lang='lat' dir='ltr'>museum</span> 
     </span>
     <span class='ocr_line' id='line_1_54' title="bbox 194 4005 1840 4071; baseline -0.002 -13"><span class='ocrx_word' id='word_1_669' title='bbox 194 4010 241 4058; x_wconf 87' lang='lat' dir='ltr'>ctu</span> <span class='ocrx_word' id='word_1_670' title='bbox 253 4021 283 4056; x_wconf 87' lang='lat' dir='ltr'>us</span> <span class='ocrx_word' id='word_1_671' title='bbox 304 4007 391 4057; x_wconf 84' lang='lat' dir='ltr'>orior:</span> <span class='ocrx_word' id='word_1_672' title='bbox 402 4005 562 4056; x_wconf 80' lang='lat' dir='ltr'>vulneribus</span> <span class='ocrx_word' id='word_1_673' title='bbox 574 4012 690 4057; x_wconf 88' lang='lat' dir='ltr'>contusa</span> <span class='ocrx_word' id='word_1_674' title='bbox 701 4007 844 4071; x_wconf 85' lang='lat' dir='ltr'>praeclare</span> <span class='ocrx_word' id='word_1_675' title='bbox 856 4006 991 4058; x_wconf 84' lang='lat' dir='ltr'>medetur.</span> <span class='ocrx_word' id='word_1_676' title='bbox 1044 4011 1160 4071; x_wconf 89' lang='lat' dir='ltr'>siccum,</span> <span class='ocrx_word' id='word_1_677' title='bbox 1180 4023 1285 4059; x_wconf 87' lang='lat' dir='ltr'>canum.</span> <span class='ocrx_word' id='word_1_678' title='bbox 1322 4008 1377 4057; x_wconf 88' lang='lat' dir='ltr'>llic</span> <span class='ocrx_word' id='word_1_679' title='bbox 1387 4006 1505 4057; x_wconf 78' lang='lat' dir='ltr'>fricatur</span> <span class='ocrx_word' id='word_1_680' title='bbox 1515 4005 1605 4068; x_wconf 84' lang='lat' dir='ltr'>altero</span> <span class='ocrx_word' id='word_1_681' title='bbox 1617 4005 1720 4071; x_wconf 88' lang='lat' dir='ltr'>lupide,</span> <span class='ocrx_word' id='word_1_682' title='bbox 1742 4005 1840 4055; x_wconf 88' lang='lat' dir='ltr'>addita</span> 
     </span>
     <span class='ocr_line' id='line_1_55' title="bbox 180 4020 1840 4141; baseline -0.002 -16"><span class='ocrx_word' id='word_1_683' title='bbox 180 4086 207 4135; x_wconf 60' lang='lat' dir='ltr'>a·</span> <span class='ocrx_word' id='word_1_684' title='bbox 229 4020 314 4125; x_wconf 45' lang='lat' dir='ltr'>aaz.</span> <span class='ocrx_word' id='word_1_685' title='bbox 330 4072 488 4124; x_wconf 84' lang='lat' dir='ltr'>Holosteon</span> <span class='ocrx_word' id='word_1_686' title='bbox 498 4074 558 4125; x_wconf 85' lang='lat' dir='ltr'>sine</span> <span class='ocrx_word' id='word_1_687' title='bbox 571 4074 676 4125; x_wconf 89' lang='lat' dir='ltr'>duritia</span> <span class='ocrx_word' id='word_1_688' title='bbox 689 4081 740 4133; x_wconf 87' lang='lat' dir='ltr'>est,</span> <span class='ocrx_word' id='word_1_689' title='bbox 752 4073 838 4125; x_wconf 87' lang='lat' dir='ltr'>herbo</span> <span class='ocrx_word' id='word_1_690' title='bbox 847 4089 881 4125; x_wconf 84' lang='lat' dir='ltr'>ex</span> <span class='ocrx_word' id='word_1_691' title='bbox 893 4074 991 4127; x_wconf 85' lang='lat' dir='ltr'>adrer-</span> <span class='ocrx_word' id='word_1_692' title='bbox 1044 4076 1164 4128; x_wconf 89' lang='lat' dir='ltr'>hominis</span> <span class='ocrx_word' id='word_1_693' title='bbox 1174 4077 1276 4127; x_wconf 74' lang='lat' dir='ltr'>salivas</span> <span class='ocrx_word' id='word_1_694' title='bbox 1299 4074 1349 4125; x_wconf 89' lang='lat' dir='ltr'>illo</span> <span class='ocrx_word' id='word_1_695' title='bbox 1363 4073 1455 4141; x_wconf 88' lang='lat' dir='ltr'>lapide</span> <span class='ocrx_word' id='word_1_696' title='bbox 1470 4075 1595 4141; x_wconf 86' lang='lat' dir='ltr'>tangitur</span> <span class='ocrx_word' id='word_1_697' title='bbox 1603 4073 1747 4139; x_wconf 84' lang='lat' dir='ltr'>impetigo.</span> <span class='ocrx_word' id='word_1_698' title='bbox 1784 4070 1840 4133; x_wconf 70' lang='lat' dir='ltr'>aaa</span> 
     </span>
    </p>

    <p class='ocr_par' dir='ltr' id='par_1_11' title="bbox 195 4140 1233 4211">
     <span class='ocr_line' id='line_1_56' title="bbox 195 4140 1233 4211; baseline -0.002 -15"><span class='ocrx_word' id='word_1_699' title='bbox 195 4156 227 4196; x_wconf 86' lang='lat' dir='ltr'>so</span> <span class='ocrx_word' id='word_1_700' title='bbox 239 4141 380 4209; x_wconf 85' lang='lat' dir='ltr'>appellata</span> <span class='ocrx_word' id='word_1_701' title='bbox 389 4154 406 4189; x_wconf 86' lang='lat' dir='ltr'>a</span> <span class='ocrx_word' id='word_1_702' title='bbox 417 4140 539 4201; x_wconf 83' lang='lat' dir='ltr'>Graecis,</span> <span class='ocrx_word' id='word_1_703' title='bbox 559 4142 633 4194; x_wconf 86' lang='lat' dir='ltr'>sicut</span> <span class='ocrx_word' id='word_1_704' title='bbox 643 4142 680 4192; x_wconf 87' lang='lat' dir='ltr'>lel</span> <span class='ocrx_word' id='word_1_705' title='bbox 692 4141 781 4201; x_wconf 85' lang='lat' dir='ltr'>dulce,</span> <span class='ocrx_word' id='word_1_706' title='bbox 803 4145 896 4193; x_wconf 88' lang='lat' dir='ltr'>tenuis</span> <span class='ocrx_word' id='word_1_707' title='bbox 907 4156 992 4208; x_wconf 88' lang='lat' dir='ltr'>usque</span> <span class='ocrx_word' id='word_1_708' title='bbox 1043 4146 1145 4211; x_wconf 89' lang='lat' dir='ltr'>tangit,</span> <span class='ocrx_word' id='word_1_709' title='bbox 1156 4144 1233 4204; x_wconf 87' lang='lat' dir='ltr'>dicit,</span> 
     </span>
    </p>
   </div>
   <div class='ocr_carea' id='block_1_5' title="bbox 195 4202 1839 4396">
    <p class='ocr_par' dir='ltr' id='par_1_12' title="bbox 195 4202 1839 4396">
     <span class='ocr_line' id='line_1_57' title="bbox 195 4202 1769 4321; baseline -0.008 -57"><span class='ocrx_word' id='word_1_710' title='bbox 195 4214 224 4264; x_wconf 89' lang='lat' dir='ltr'>ia</span> <span class='ocrx_word' id='word_1_711' title='bbox 236 4209 428 4277; x_wconf 85' lang='lat' dir='ltr'>capillamenti</span> <span class='ocrx_word' id='word_1_712' title='bbox 440 4208 753 4276; x_wconf 63' lang='lat' dir='ltr'>speeiem,lonffl&#39;tudine</span> <span class='ocrx_word' id='word_1_713' title='bbox 764 4215 883 4275; x_wconf 87' lang='lat' dir='ltr'>quatuor</span> <span class='ocrx_word' id='word_1_714' title='bbox 892 4210 992 4276; x_wconf 88' lang='lat' dir='ltr'>digito·</span> <span class='ocrx_word' id='word_1_715' title='bbox 1113 4207 1223 4271; x_wconf 69' lang='lat' dir='ltr'>enirm</span> <span class='ocrx_word' id='word_1_716' title='bbox 1233 4207 1399 4273; x_wconf 68' lang='grc' dir='ltr'>κανθαρίδες,</span> <span class='ocrx_word' id='word_1_717' title='bbox 1411 4203 1487 4261; x_wconf 74' lang='grc' dir='ltr'><em>λύκος</em></span> <span class='ocrx_word' id='word_1_718' title='bbox 1497 4204 1586 4321; x_wconf 61' lang='lat' dir='ltr'>typice</span> <span class='ocrx_word' id='word_1_719' title='bbox 1595 4203 1664 4269; x_wconf 76' lang='grc' dir='ltr'>ὔμμι</span> <span class='ocrx_word' id='word_1_720' title='bbox 1675 4202 1769 4284; x_wconf 57' lang='lat' dir='ltr'>didere,</span> 
     </span>
     <span class='ocr_line' id='line_1_58' title="bbox 195 4271 1839 4396; baseline -0.005 -64"><span class='ocrx_word' id='word_1_721' title='bbox 195 4293 324 4339; x_wconf 86' lang='lat' dir='ltr'>rum‚ceu</span> <span class='ocrx_word' id='word_1_722' title='bbox 336 4291 465 4343; x_wconf 84' lang='lat' dir='ltr'>gramen:</span> <span class='ocrx_word' id='word_1_723' title='bbox 478 4277 554 4327; x_wconf 82' lang='lat' dir='ltr'>toliis</span> <span class='ocrx_word' id='word_1_724' title='bbox 566 4279 702 4343; x_wconf 85' lang='lat' dir='ltr'>angustis,</span> <span class='ocrx_word' id='word_1_725' title='bbox 715 4277 991 4396; x_wconf 67' lang='lat' dir='ltr'>adstringensgustu.</span> <span class='ocrx_word' id='word_1_726' title='bbox 1077 4274 1202 4326; x_wconf 56' lang='lat' dir='ltr'>llxxvl.</span> <span class='ocrx_word' id='word_1_727' title='bbox 1222 4275 1347 4327; x_wconf 84' lang='lat' dir='ltr'>Limeum</span> <span class='ocrx_word' id='word_1_728' title='bbox 1366 4272 1451 4323; x_wconf 88' lang='lat' dir='ltr'>herba</span> <span class='ocrx_word' id='word_1_729' title='bbox 1465 4273 1622 4338; x_wconf 83' lang='lat' dir='ltr'>appelatur</span> <span class='ocrx_word' id='word_1_730' title='bbox 1637 4271 1763 4331; x_wconf 80' lang='lat' dir='ltr'>aGallrs,</span> <span class='ocrx_word' id='word_1_731' title='bbox 1784 4285 1839 4338; x_wconf 87' lang='lat' dir='ltr'>qus</span> 
     </span>
    </p>
   </div>
   <div class='ocr_carea' id='block_1_6' title="bbox 184 4339 1948 5588">
    <p class='ocr_par' dir='ltr' id='par_1_13' title="bbox 184 4339 1948 5588">
     <span class='ocr_line' id='line_1_59' title="bbox 195 4339 1839 4412; baseline -0.005 -11"><span class='ocrx_word' id='word_1_732' title='bbox 195 4348 329 4401; x_wconf 88' lang='lat' dir='ltr'>Nascitur</span> <span class='ocrx_word' id='word_1_733' title='bbox 338 4346 368 4395; x_wconf 91' lang='lat' dir='ltr'>in</span> <span class='ocrx_word' id='word_1_734' title='bbox 378 4344 496 4395; x_wconf 79' lang='lat' dir='ltr'>collinus</span> <span class='ocrx_word' id='word_1_735' title='bbox 506 4347 634 4397; x_wconf 87' lang='lat' dir='ltr'>terrenis.</span> <span class='ocrx_word' id='word_1_736' title='bbox 651 4347 721 4397; x_wconf 89' lang='lat' dir='ltr'>Usus</span> <span class='ocrx_word' id='word_1_737' title='bbox 732 4346 794 4396; x_wconf 89' lang='lat' dir='ltr'>eius</span> <span class='ocrx_word' id='word_1_738' title='bbox 804 4361 822 4398; x_wconf 89' lang='lat' dir='ltr'>a</span> <span class='ocrx_word' id='word_1_739' title='bbox 853 4347 992 4408; x_wconf 76' lang='lat' dir='ltr'>comulsa,</span> <span class='ocrx_word' id='word_1_740' title='bbox 1044 4345 1199 4412; x_wconf 82' lang='lat' dir='ltr'>sagittaria</span> <span class='ocrx_word' id='word_1_741' title='bbox 1211 4350 1312 4394; x_wconf 81' lang='lat' dir='ltr'>venatu</span> <span class='ocrx_word' id='word_1_742' title='bbox 1326 4344 1435 4409; x_wconf 84' lang='lat' dir='ltr'>tingunt</span> <span class='ocrx_word' id='word_1_743' title='bbox 1447 4341 1659 4400; x_wconf 82' lang='lat' dir='ltr'>medicamento,</span> <span class='ocrx_word' id='word_1_744' title='bbox 1675 4339 1747 4405; x_wconf 89' lang='lat' dir='ltr'>quod</span> <span class='ocrx_word' id='word_1_745' title='bbox 1759 4353 1839 4392; x_wconf 80' lang='lat' dir='ltr'>vene·</span> 
     </span>
     <span class='ocr_line' id='line_1_60' title="bbox 195 4406 1838 4484; baseline -0.006 -15"><span class='ocrx_word' id='word_1_746' title='bbox 195 4422 288 4484; x_wconf 88' lang='lat' dir='ltr'>rupta,</span> <span class='ocrx_word' id='word_1_747' title='bbox 299 4415 327 4464; x_wconf 91' lang='lat' dir='ltr'>ln</span> <span class='ocrx_word' id='word_1_748' title='bbox 338 4413 403 4463; x_wconf 81' lang='lat' dir='ltr'>rino</span> <span class='ocrx_word' id='word_1_749' title='bbox 415 4419 491 4477; x_wconf 84' lang='lat' dir='ltr'>puta.</span> <span class='ocrx_word' id='word_1_750' title='bbox 512 4414 550 4464; x_wconf 84' lang='lat' dir='ltr'>Et</span> <span class='ocrx_word' id='word_1_751' title='bbox 560 4416 676 4466; x_wconf 79' lang='lat' dir='ltr'>vulnera</span> <span class='ocrx_word' id='word_1_752' title='bbox 687 4429 797 4481; x_wconf 86' lang='lat' dir='ltr'>qaoque</span> <span class='ocrx_word' id='word_1_753' title='bbox 808 4415 991 4482; x_wconf 82' lang='lat' dir='ltr'>conglutinat.</span> <span class='ocrx_word' id='word_1_754' title='bbox 1044 4428 1108 4465; x_wconf 90' lang='lat' dir='ltr'>num</span> <span class='ocrx_word' id='word_1_755' title='bbox 1122 4414 1273 4463; x_wconf 86' lang='lat' dir='ltr'>cervarium</span> <span class='ocrx_word' id='word_1_756' title='bbox 1284 4418 1396 4461; x_wconf 78' lang='lat' dir='ltr'>rorant.</span> <span class='ocrx_word' id='word_1_757' title='bbox 1431 4411 1475 4461; x_wconf 75' lang='lat' dir='ltr'>Ex</span> <span class='ocrx_word' id='word_1_758' title='bbox 1487 4406 1539 4460; x_wconf 86' lang='lat' dir='ltr'>hac</span> <span class='ocrx_word' id='word_1_759' title='bbox 1549 4410 1577 4460; x_wconf 94' lang='lat' dir='ltr'>in</span> <span class='ocrx_word' id='word_1_760' title='bbox 1587 4416 1646 4460; x_wconf 89' lang='lat' dir='ltr'>tres</span> <span class='ocrx_word' id='word_1_761' title='bbox 1657 4407 1762 4459; x_wconf 90' lang='lat' dir='ltr'>modios</span> <span class='ocrx_word' id='word_1_762' title='bbox 1772 4409 1838 4459; x_wconf 89' lang='lat' dir='ltr'>sali·</span> 
     </span>
     <span class='ocr_line' id='line_1_61' title="bbox 195 4476 1837 4548; baseline -0.005 -10"><span class='ocrx_word' id='word_1_763' title='bbox 195 4486 266 4539; x_wconf 92' lang='lat' dir='ltr'>Nam</span> <span class='ocrx_word' id='word_1_764' title='bbox 278 4491 306 4536; x_wconf 92' lang='lat' dir='ltr'>et</span> <span class='ocrx_word' id='word_1_765' title='bbox 316 4496 412 4535; x_wconf 80' lang='lat' dir='ltr'>carum</span> <span class='ocrx_word' id='word_1_766' title='bbox 424 4497 456 4533; x_wconf 88' lang='lat' dir='ltr'>co</span> <span class='ocrx_word' id='word_1_767' title='bbox 497 4491 568 4545; x_wconf 87' lang='lat' dir='ltr'>ntur,</span> <span class='ocrx_word' id='word_1_768' title='bbox 585 4484 689 4535; x_wconf 85' lang='lat' dir='ltr'>addita.</span> <span class='ocrx_word' id='word_1_769' title='bbox 1043 4483 1100 4533; x_wconf 79' lang='lat' dir='ltr'>rati</span> <span class='ocrx_word' id='word_1_770' title='bbox 1111 4480 1230 4543; x_wconf 85' lang='lat' dir='ltr'>additur,</span> <span class='ocrx_word' id='word_1_771' title='bbox 1251 4487 1383 4548; x_wconf 86' lang='lat' dir='ltr'>quantum</span> <span class='ocrx_word' id='word_1_772' title='bbox 1395 4479 1422 4530; x_wconf 91' lang='lat' dir='ltr'>in</span> <span class='ocrx_word' id='word_1_773' title='bbox 1434 4495 1516 4531; x_wconf 88' lang='lat' dir='ltr'>unam</span> <span class='ocrx_word' id='word_1_774' title='bbox 1529 4480 1659 4547; x_wconf 77' lang='lat' dir='ltr'>sagittam</span> <span class='ocrx_word' id='word_1_775' title='bbox 1677 4476 1742 4527; x_wconf 88' lang='lat' dir='ltr'>addi</span> <span class='ocrx_word' id='word_1_776' title='bbox 1751 4478 1837 4529; x_wconf 80' lang='lat' dir='ltr'>solet:</span> 
     </span>
     <span class='ocr_line' id='line_1_62' title="bbox 184 4545 1836 4619; baseline -0.005 -13"><span class='ocrx_word' id='word_1_777' title='bbox 184 4556 209 4595; x_wconf 72' lang='lat'><em>4</em></span> <span class='ocrx_word' id='word_1_778' title='bbox 229 4553 330 4608; x_wconf 80' lang='lat' dir='ltr'>val.</span> <span class='ocrx_word' id='word_1_779' title='bbox 349 4552 462 4618; x_wconf 85' lang='lat' dir='ltr'>ilippop</span> <span class='ocrx_word' id='word_1_780' title='bbox 483 4558 579 4604; x_wconf 82' lang='lat' dir='ltr'>seston</span> <span class='ocrx_word' id='word_1_781' title='bbox 592 4554 718 4604; x_wconf 86' lang='lat' dir='ltr'>nascitur</span> <span class='ocrx_word' id='word_1_782' title='bbox 728 4552 756 4602; x_wconf 89' lang='lat' dir='ltr'>in</span> <span class='ocrx_word' id='word_1_783' title='bbox 768 4552 863 4617; x_wconf 89' lang='lat' dir='ltr'>spinis,</span> <span class='ocrx_word' id='word_1_784' title='bbox 885 4565 918 4603; x_wconf 79' lang='lat' dir='ltr'>ex</span> <span class='ocrx_word' id='word_1_785' title='bbox 931 4553 990 4619; x_wconf 89' lang='lat' dir='ltr'>qni·</span> <span class='ocrx_word' id='word_1_786' title='bbox 1043 4555 1084 4604; x_wconf 89' lang='lat' dir='ltr'>ita</span> <span class='ocrx_word' id='word_1_787' title='bbox 1095 4550 1151 4602; x_wconf 81' lang='lat' dir='ltr'>olla</span> <span class='ocrx_word' id='word_1_788' title='bbox 1163 4550 1320 4602; x_wconf 84' lang='lat' dir='ltr'>demittitur</span> <span class='ocrx_word' id='word_1_789' title='bbox 1333 4549 1417 4600; x_wconf 86' lang='lat' dir='ltr'>boum</span> <span class='ocrx_word' id='word_1_790' title='bbox 1430 4548 1555 4599; x_wconf 83' lang='lat' dir='ltr'>lancibus</span> <span class='ocrx_word' id='word_1_791' title='bbox 1571 4549 1599 4598; x_wconf 93' lang='lat' dir='ltr'>in</span> <span class='ocrx_word' id='word_1_792' title='bbox 1615 4545 1728 4597; x_wconf 83' lang='lat' dir='ltr'>morbis.</span> <span class='ocrx_word' id='word_1_793' title='bbox 1764 4546 1836 4597; x_wconf 79' lang='lat' dir='ltr'>nlti-</span> 
     </span>
     <span class='ocr_line' id='line_1_63' title="bbox 195 4616 1838 4691; baseline -0.005 -15"><span class='ocrx_word' id='word_1_794' title='bbox 195 4626 246 4676; x_wconf 88' lang='lat' dir='ltr'>bus</span> <span class='ocrx_word' id='word_1_795' title='bbox 258 4624 329 4674; x_wconf 89' lang='lat' dir='ltr'>liunt</span> <span class='ocrx_word' id='word_1_796' title='bbox 338 4636 442 4672; x_wconf 88' lang='lat' dir='ltr'>aeneae</span> <span class='ocrx_word' id='word_1_797' title='bbox 454 4620 596 4689; x_wconf 68' lang='lat' dir='ltr'>lullom&#39;ae,</span> <span class='ocrx_word' id='word_1_798' title='bbox 607 4622 668 4674; x_wconf 88' lang='lat' dir='ltr'>sine</span> <span class='ocrx_word' id='word_1_799' title='bbox 679 4621 827 4683; x_wconf 90' lang='lat' dir='ltr'>cauliculo,</span> <span class='ocrx_word' id='word_1_800' title='bbox 844 4621 903 4673; x_wconf 87' lang='lat' dir='ltr'>sine</span> <span class='ocrx_word' id='word_1_801' title='bbox 914 4619 992 4685; x_wconf 88' lang='lat' dir='ltr'>ilnre,</span> <span class='ocrx_word' id='word_1_802' title='bbox 1043 4622 1104 4691; x_wconf 86' lang='lat' dir='ltr'>gari</span> <span class='ocrx_word' id='word_1_803' title='bbox 1118 4626 1215 4686; x_wconf 85' lang='lat' dir='ltr'>postea</span> <span class='ocrx_word' id='word_1_804' title='bbox 1225 4620 1260 4671; x_wconf 92' lang='lat' dir='ltr'>ad</span> <span class='ocrx_word' id='word_1_805' title='bbox 1272 4621 1417 4688; x_wconf 86' lang='lat' dir='ltr'>praesepia</span> <span class='ocrx_word' id='word_1_806' title='bbox 1429 4624 1556 4683; x_wconf 88' lang='lat' dir='ltr'>oportet,</span> <span class='ocrx_word' id='word_1_807' title='bbox 1578 4616 1667 4667; x_wconf 87' lang='lat' dir='ltr'>donec</span> <span class='ocrx_word' id='word_1_808' title='bbox 1677 4620 1838 4681; x_wconf 78' lang='lat' dir='ltr'>purgentur,</span> 
     </span>
     <span class='ocr_line' id='line_1_64' title="bbox 197 4681 1838 4760; baseline -0.005 -16"><span class='ocrx_word' id='word_1_809' title='bbox 197 4692 327 4760; x_wconf 85' lang='lat' dir='ltr'>capitulis</span> <span class='ocrx_word' id='word_1_810' title='bbox 337 4698 444 4742; x_wconf 85' lang='lat' dir='ltr'>tantum</span> <span class='ocrx_word' id='word_1_811' title='bbox 457 4691 602 4753; x_wconf 88' lang='lat' dir='ltr'>inanibus,</span> <span class='ocrx_word' id='word_1_812' title='bbox 624 4698 653 4743; x_wconf 92' lang='lat' dir='ltr'>et</span> <span class='ocrx_word' id='word_1_813' title='bbox 671 4690 749 4742; x_wconf 85' lang='lat' dir='ltr'>loliis</span> <span class='ocrx_word' id='word_1_814' title='bbox 761 4692 866 4756; x_wconf 76' lang='lat' dir='ltr'>parvis,</span> <span class='ocrx_word' id='word_1_815' title='bbox 886 4691 991 4754; x_wconf 88' lang='lat' dir='ltr'>multis,</span> <span class='ocrx_word' id='word_1_816' title='bbox 1043 4690 1176 4753; x_wconf 84' lang='lat' dir='ltr'>(insanire</span> <span class='ocrx_word' id='word_1_817' title='bbox 1187 4689 1260 4741; x_wconf 76' lang='lat' dir='ltr'>entim</span> <span class='ocrx_word' id='word_1_818' title='bbox 1271 4690 1362 4741; x_wconf 86' lang='lat' dir='ltr'>solent</span> <span class='ocrx_word' id='word_1_819' title='bbox 1371 4692 1390 4750; x_wconf 75' lang='lat' dir='ltr'>a)</span> <span class='ocrx_word' id='word_1_820' title='bbox 1402 4688 1425 4738; x_wconf 89' lang='lat' dir='ltr'>si</span> <span class='ocrx_word' id='word_1_821' title='bbox 1435 4688 1521 4738; x_wconf 80' lang='lat' dir='ltr'>sudor</span> <span class='ocrx_word' id='word_1_822' title='bbox 1531 4683 1778 4752; x_wconf 50' lang='lat' dir='ltr'>insequitur„aque</span> <span class='ocrx_word' id='word_1_823' title='bbox 1788 4681 1838 4736; x_wconf 77' lang='lat' dir='ltr'>iri·</span> 
     </span>
     <span class='ocr_line' id='line_1_65' title="bbox 196 4757 1255 4829; baseline -0.005 -17"><span class='ocrx_word' id='word_1_824' title='bbox 196 4758 324 4813; x_wconf 87' lang='lat' dir='ltr'>herbacei</span> <span class='ocrx_word' id='word_1_825' title='bbox 344 4760 460 4822; x_wconf 90' lang='lat' dir='ltr'>coloris,</span> <span class='ocrx_word' id='word_1_826' title='bbox 481 4760 621 4811; x_wconf 78' lang='lat' dir='ltr'>radicirlas</span> <span class='ocrx_word' id='word_1_827' title='bbox 644 4761 749 4813; x_wconf 86' lang='lat' dir='ltr'>habens</span> <span class='ocrx_word' id='word_1_828' title='bbox 769 4760 862 4821; x_wconf 84' lang='lat' dir='ltr'>albas,</span> <span class='ocrx_word' id='word_1_829' title='bbox 884 4760 990 4811; x_wconf 89' lang='lat' dir='ltr'>molles.</span> <span class='ocrx_word' id='word_1_830' title='bbox 1042 4760 1107 4829; x_wconf 85' lang='lat' dir='ltr'>glda</span> <span class='ocrx_word' id='word_1_831' title='bbox 1118 4757 1255 4825; x_wconf 80' lang='lat' dir='ltr'>perfundi.</span> 
     </span>
     <span class='ocr_line' id='line_1_66' title="bbox 197 4822 1839 4899; baseline -0.005 -16"><span class='ocrx_word' id='word_1_832' title='bbox 197 4828 298 4883; x_wconf 80' lang='lat' dir='ltr'>Saccus</span> <span class='ocrx_word' id='word_1_833' title='bbox 312 4844 405 4881; x_wconf 88' lang='lat' dir='ltr'>earum</span> <span class='ocrx_word' id='word_1_834' title='bbox 418 4829 582 4894; x_wconf 83' lang='lat' dir='ltr'>exprimitur</span> <span class='ocrx_word' id='word_1_835' title='bbox 593 4837 713 4891; x_wconf 86' lang='lat' dir='ltr'>aestate,</span> <span class='ocrx_word' id='word_1_836' title='bbox 734 4828 770 4880; x_wconf 80' lang='lat' dir='ltr'>arl</span> <span class='ocrx_word' id='word_1_837' title='bbox 781 4828 941 4880; x_wconf 77' lang='lat' dir='ltr'>solvendam</span> <span class='ocrx_word' id='word_1_838' title='bbox 953 4829 991 4880; x_wconf 89' lang='lat' dir='ltr'>al·</span> <span class='ocrx_word' id='word_1_839' title='bbox 1077 4825 1215 4880; x_wconf 55' lang='lat' dir='ltr'>lillllVll.</span> <span class='ocrx_word' id='word_1_840' title='bbox 1226 4828 1319 4899; x_wconf 58' lang='lat' dir='ltr'>laeuos</span> <span class='ocrx_word' id='word_1_841' title='bbox 1329 4824 1490 4877; x_wconf 80' lang='lat' dir='ltr'>Mercuriali</span> <span class='ocrx_word' id='word_1_842' title='bbox 1501 4822 1609 4882; x_wconf 85' lang='lat' dir='ltr'>similis,</span> <span class='ocrx_word' id='word_1_843' title='bbox 1618 4832 1719 4873; x_wconf 83' lang='lat' dir='ltr'>nomen</span> <span class='ocrx_word' id='word_1_844' title='bbox 1730 4834 1765 4873; x_wconf 83' lang='lat' dir='ltr'>ex</span> <span class='ocrx_word' id='word_1_845' title='bbox 1775 4834 1839 4874; x_wconf 76' lang='lat' dir='ltr'>cau·</span> 
     </span>
     <span class='ocr_line' id='line_1_67' title="bbox 198 4889 1839 4967; baseline -0.006 -16"><span class='ocrx_word' id='word_1_846' title='bbox 198 4914 271 4961; x_wconf 80' lang='lat' dir='ltr'>rum,</span> <span class='ocrx_word' id='word_1_847' title='bbox 292 4900 380 4950; x_wconf 87' lang='lat' dir='ltr'>tribus</span> <span class='ocrx_word' id='word_1_848' title='bbox 392 4898 492 4958; x_wconf 86' lang='lat' dir='ltr'>obolis,</span> <span class='ocrx_word' id='word_1_849' title='bbox 512 4900 631 4950; x_wconf 81' lang='lat' dir='ltr'>maxime</span> <span class='ocrx_word' id='word_1_850' title='bbox 643 4899 670 4949; x_wconf 94' lang='lat' dir='ltr'>in</span> <span class='ocrx_word' id='word_1_851' title='bbox 681 4898 867 4950; x_wconf 88' lang='lat' dir='ltr'>comitialibus</span> <span class='ocrx_word' id='word_1_852' title='bbox 878 4900 991 4960; x_wconf 85' lang='lat' dir='ltr'>morbis,</span> <span class='ocrx_word' id='word_1_853' title='bbox 1043 4912 1076 4950; x_wconf 90' lang='lat' dir='ltr'>sa</span> <span class='ocrx_word' id='word_1_854' title='bbox 1086 4897 1203 4963; x_wconf 89' lang='lat' dir='ltr'>accepit,</span> <span class='ocrx_word' id='word_1_855' title='bbox 1226 4911 1275 4963; x_wconf 87' lang='lat' dir='ltr'>per</span> <span class='ocrx_word' id='word_1_856' title='bbox 1284 4895 1404 4947; x_wconf 85' lang='lat' dir='ltr'>medium</span> <span class='ocrx_word' id='word_1_857' title='bbox 1415 4893 1515 4967; x_wconf 80' lang='lat' dir='ltr'>lolium</span> <span class='ocrx_word' id='word_1_858' title='bbox 1530 4889 1647 4943; x_wconf 84' lang='lat' dir='ltr'>candida</span> <span class='ocrx_word' id='word_1_859' title='bbox 1658 4891 1735 4942; x_wconf 88' lang='lat' dir='ltr'>linea</span> <span class='ocrx_word' id='word_1_860' title='bbox 1749 4897 1839 4942; x_wconf 88' lang='lat' dir='ltr'>trans·</span> 
     </span>
     <span class='ocr_line' id='line_1_68' title="bbox 197 4958 1837 5046; baseline -0.007 -25"><span class='ocrx_word' id='word_1_861' title='bbox 197 4968 373 5029; x_wconf 83' lang='lat' dir='ltr'>attremuiis,</span> <span class='ocrx_word' id='word_1_862' title='bbox 395 4965 568 5034; x_wconf 83' lang='lat' dir='ltr'>hydropicis.</span> <span class='ocrx_word' id='word_1_863' title='bbox 603 4968 707 5019; x_wconf 81' lang='lat' dir='ltr'>contra</span> <span class='ocrx_word' id='word_1_864' title='bbox 717 4967 877 5034; x_wconf 73' lang='lat' dir='ltr'>vertigines,</span> <span class='ocrx_word' id='word_1_865' title='bbox 894 4967 990 5019; x_wconf 85' lang='lat' dir='ltr'>ortho-</span> <span class='ocrx_word' id='word_1_866' title='bbox 1042 4963 1706 5046; x_wconf 66' lang='lat' dir='ltr'>currente:quaremepoleuconquidamrpcant.</span> <span class='ocrx_word' id='word_1_867' title='bbox 1732 4958 1837 5010; x_wconf 77' lang='lat' dir='ltr'>Sueuos</span> 
     </span>
     <span class='ocr_line' id='line_1_69' title="bbox 196 5026 1838 5173; baseline -0.01 -14"><span class='ocrx_word' id='word_1_868' title='bbox 196 5036 734 5171; x_wconf 38' lang='lat' dir='ltr'>pnflwilllrssggsgllm&#39;izfieshabet</span> <span class='ocrx_word' id='word_1_869' title='bbox 750 5106 839 5173; x_wconf 88' lang='lat' dir='ltr'>ligura</span> <span class='ocrx_word' id='word_1_870' title='bbox 854 5102 991 5157; x_wconf 83' lang='lat' dir='ltr'>silrestrle</span> <span class='ocrx_word' id='word_1_871' title='bbox 1041 5026 1838 5171; x_wconf 39' lang='lat' dir='ltr'>tffilffztsldlgt⁸32:th:gfgufflaepae&#39;ilcgltrmaffionfglra</span> 
     </span>
     <span class='ocr_line' id='line_1_70' title="bbox 195 5168 1948 5243; baseline -0.01 -16"><span class='ocrx_word' id='word_1_872' title='bbox 195 5176 290 5243; x_wconf 88' lang='lat' dir='ltr'>myrti,</span> <span class='ocrx_word' id='word_1_873' title='bbox 309 5188 464 5234; x_wconf 66' lang='lat' dir='ltr'>concavas</span> <span class='ocrx_word' id='word_1_874' title='bbox 485 5174 573 5239; x_wconf 87' lang='lat' dir='ltr'>inosa,</span> <span class='ocrx_word' id='word_1_875' title='bbox 592 5175 659 5226; x_wconf 86' lang='lat' dir='ltr'>etin</span> <span class='ocrx_word' id='word_1_876' title='bbox 672 5174 715 5225; x_wconf 88' lang='lat' dir='ltr'>his</span> <span class='ocrx_word' id='word_1_877' title='bbox 727 5188 777 5226; x_wconf 89' lang='lat' dir='ltr'>ceu</span> <span class='ocrx_word' id='word_1_878' title='bbox 791 5174 909 5240; x_wconf 76' lang='lat' dir='ltr'>lingulas,</span> <span class='ocrx_word' id='word_1_879' title='bbox 920 5173 991 5226; x_wconf 79' lang='lat' dir='ltr'>folio</span> <span class='ocrx_word' id='word_1_880' title='bbox 1044 5176 1153 5225; x_wconf 88' lang='lat' dir='ltr'>marina</span> <span class='ocrx_word' id='word_1_881' title='bbox 1169 5188 1277 5225; x_wconf 81' lang='lat' dir='ltr'>venena</span> <span class='ocrx_word' id='word_1_882' title='bbox 1293 5168 1398 5223; x_wconf 79' lang='lat' dir='ltr'>efficax.</span> <span class='ocrx_word' id='word_1_883' title='bbox 1434 5168 1559 5237; x_wconf 74' lang='lat' dir='ltr'>Speciem</span> <span class='ocrx_word' id='word_1_884' title='bbox 1569 5170 1631 5222; x_wconf 87' lang='lat' dir='ltr'>eius</span> <span class='ocrx_word' id='word_1_885' title='bbox 1641 5172 1769 5219; x_wconf 86' lang='lat' dir='ltr'>auctores</span> <span class='ocrx_word' id='word_1_886' title='bbox 1780 5173 1837 5210; x_wconf 88' lang='lat' dir='ltr'>non</span> <span class='ocrx_word' id='word_1_887' title='bbox 1945 5176 1948 5181; x_wconf 56' lang='lat'><strong>⁴</strong></span> 
     </span>
     <span class='ocr_line' id='line_1_71' title="bbox 264 5226 1837 5310; baseline -0.013 -13"><span class='ocrx_word' id='word_1_888' title='bbox 264 5261 281 5297; x_wconf 92' lang='lat' dir='ltr'>o</span> <span class='ocrx_word' id='word_1_889' title='bbox 293 5250 414 5297; x_wconf 83' lang='lat' dir='ltr'>exeunte</span> <span class='ocrx_word' id='word_1_890' title='bbox 423 5242 458 5294; x_wconf 92' lang='lat' dir='ltr'>de</span> <span class='ocrx_word' id='word_1_891' title='bbox 480 5242 553 5294; x_wconf 87' lang='lat' dir='ltr'>oliis.</span> <span class='ocrx_word' id='word_1_892' title='bbox 590 5244 696 5310; x_wconf 76' lang='lat' dir='ltr'>Capitis</span> <span class='ocrx_word' id='word_1_893' title='bbox 707 5244 831 5296; x_wconf 89' lang='lat' dir='ltr'>dolorem</span> <span class='ocrx_word' id='word_1_894' title='bbox 843 5257 948 5294; x_wconf 88' lang='lat' dir='ltr'>corona</span> <span class='ocrx_word' id='word_1_895' title='bbox 956 5257 991 5295; x_wconf 82' lang='lat' dir='ltr'>ex</span> <span class='ocrx_word' id='word_1_896' title='bbox 1042 5243 1166 5303; x_wconf 88' lang='lat' dir='ltr'>tradunt,</span> <span class='ocrx_word' id='word_1_897' title='bbox 1177 5257 1229 5293; x_wconf 88' lang='lat' dir='ltr'>noc</span> <span class='ocrx_word' id='word_1_898' title='bbox 1241 5241 1325 5301; x_wconf 87' lang='lat' dir='ltr'>aliud,</span> <span class='ocrx_word' id='word_1_899' title='bbox 1340 5252 1420 5308; x_wconf 87' lang='lat' dir='ltr'>quarn</span> <span class='ocrx_word' id='word_1_900' title='bbox 1431 5242 1589 5293; x_wconf 79' lang='lat' dir='ltr'>silvestrem</span> <span class='ocrx_word' id='word_1_901' title='bbox 1601 5234 1749 5287; x_wconf 88' lang='lat' dir='ltr'>latioribus</span> <span class='ocrx_word' id='word_1_902' title='bbox 1759 5226 1837 5279; x_wconf 75' lang='lat' dir='ltr'>loliis</span> 
     </span>
     <span class='ocr_line' id='line_1_72' title="bbox 215 5305 1657 5379; baseline -0.009 -11"><span class='ocrx_word' id='word_1_903' title='bbox 215 5311 504 5379; x_wconf 79' lang='lat' dir='ltr'>isimpositaminuit·</span> <span class='ocrx_word' id='word_1_904' title='bbox 809 5305 816 5322; x_wconf 82' lang='lat'>&#39;</span> <span class='ocrx_word' id='word_1_905' title='bbox 1043 5310 1500 5373; x_wconf 84' lang='lat' dir='ltr'>esseeiilcaciorem,hanesemine</span> <span class='ocrx_word' id='word_1_906' title='bbox 1512 5308 1657 5360; x_wconf 84' lang='lat' dir='ltr'>acriorem.</span> 
     </span>
     <span class='ocr_line' id='line_1_73' title="bbox 227 5368 1871 5451; baseline -0.008 -16.331"><span class='ocrx_word' id='word_1_907' title='bbox 227 5380 353 5434; x_wconf 79' lang='lat' dir='ltr'>vaua</span> <span class='ocrx_word' id='word_1_908' title='bbox 365 5380 522 5445; x_wconf 85' lang='lat' dir='ltr'>llypecoon</span> <span class='ocrx_word' id='word_1_909' title='bbox 531 5379 561 5430; x_wconf 88' lang='lat' dir='ltr'>in</span> <span class='ocrx_word' id='word_1_910' title='bbox 571 5379 714 5449; x_wconf 84' lang='lat' dir='ltr'>segetibus</span> <span class='ocrx_word' id='word_1_911' title='bbox 726 5380 854 5440; x_wconf 80' lang='lat' dir='ltr'>nascitur,</span> <span class='ocrx_word' id='word_1_912' title='bbox 864 5378 991 5431; x_wconf 80' lang='lat' dir='ltr'>foliisru-</span> <span class='ocrx_word' id='word_1_913' title='bbox 1078 5379 1227 5432; x_wconf 55' lang='lat' dir='ltr'>[lxxviii.</span> <span class='ocrx_word' id='word_1_914' title='bbox 1239 5378 1447 5451; x_wconf 52' lang='lat' dir='ltr'>lgeucogrephip</span> <span class='ocrx_word' id='word_1_915' title='bbox 1459 5378 1635 5446; x_wconf 73' lang='lat' dir='ltr'>qualisnam,</span> <span class='ocrx_word' id='word_1_916' title='bbox 1641 5368 1772 5447; x_wconf 64' lang='lat' dir='ltr'>scriptam</span> <span class='ocrx_word' id='word_1_917' title='bbox 1780 5376 1836 5415; x_wconf 71' lang='lat' dir='ltr'>aon</span> <span class='ocrx_word' id='word_1_918' title='bbox 1858 5394 1871 5409; x_wconf 77' lang='lat'><strong>·</strong></span> 
     </span>
     <span class='ocr_line' id='line_1_74' title="bbox 195 5431 1838 5517; baseline 0.001 -19"><span class='ocrx_word' id='word_1_919' title='bbox 195 5453 247 5503; x_wconf 87' lang='lat' dir='ltr'>tae.</span> <span class='ocrx_word' id='word_1_920' title='bbox 259 5450 365 5503; x_wconf 89' lang='lat' dir='ltr'>Natura</span> <span class='ocrx_word' id='word_1_921' title='bbox 376 5448 437 5500; x_wconf 82' lang='lat' dir='ltr'>eius</span> <span class='ocrx_word' id='word_1_922' title='bbox 448 5447 555 5510; x_wconf 89' lang='lat' dir='ltr'>eadem,</span> <span class='ocrx_word' id='word_1_923' title='bbox 585 5463 637 5501; x_wconf 89' lang='lat' dir='ltr'>uae</span> <span class='ocrx_word' id='word_1_924' title='bbox 648 5452 792 5516; x_wconf 80' lang='lat' dir='ltr'>papaveris</span> <span class='ocrx_word' id='word_1_925' title='bbox 802 5462 893 5499; x_wconf 86' lang='lat' dir='ltr'>succo.</span> <span class='ocrx_word' id='word_1_926' title='bbox 1041 5450 1144 5517; x_wconf 82' lang='lat' dir='ltr'>reperi:</span> <span class='ocrx_word' id='word_1_927' title='bbox 1165 5448 1238 5516; x_wconf 81' lang='lat' dir='ltr'>quud</span> <span class='ocrx_word' id='word_1_928' title='bbox 1249 5464 1282 5501; x_wconf 90' lang='lat' dir='ltr'>eo</span> <span class='ocrx_word' id='word_1_929' title='bbox 1293 5450 1383 5517; x_wconf 86' lang='lat' dir='ltr'>magis</span> <span class='ocrx_word' id='word_1_930' title='bbox 1395 5448 1494 5509; x_wconf 88' lang='lat' dir='ltr'>miror,</span> <span class='ocrx_word' id='word_1_931' title='bbox 1516 5444 1644 5511; x_wconf 75' lang='lat' dir='ltr'>quonism</span> <span class='ocrx_word' id='word_1_932' title='bbox 1655 5433 1735 5484; x_wconf 63' lang='lat' dir='ltr'>”flul</span> <span class='ocrx_word' id='word_1_933' title='bbox 1744 5431 1838 5499; x_wconf 65' lang='grc' dir='ltr'><strong>ΡΜΙ·</strong></span> 
     </span>
     <span class='ocr_line' id='line_1_75' title="bbox 230 5465 1836 5588; baseline -0.006 -17"><span class='ocrx_word' id='word_1_934' title='bbox 230 5518 325 5571; x_wconf 80' lang='lat' dir='ltr'>Llilll-</span> <span class='ocrx_word' id='word_1_935' title='bbox 350 5465 733 5581; x_wconf 54' lang='lat' dir='ltr'>¹¹···*²·*¹·=3³¹³smnt‚</span> <span class='ocrx_word' id='word_1_936' title='bbox 754 5518 992 5585; x_wconf 84' lang='lat' dir='ltr'>quaeoxymyrri·</span> <span class='ocrx_word' id='word_1_937' title='bbox 1041 5518 1486 5588; x_wconf 77' lang='lat' dir='ltr'>misangulnemexecreantibus,</span> <span class='ocrx_word' id='word_1_938' title='bbox 1502 5501 1836 5565; x_wconf 62' lang='lat' dir='ltr'>inbutobdbffllffll·</span> 
     </span>
    </p>
   </div>
   <div class='ocr_carea' id='block_1_7' title="bbox 251 5593 1509 5651">
    <p class='ocr_par' dir='ltr' id='par_1_14' title="bbox 251 5593 1509 5651">
     <span class='ocr_line' id='line_1_76' title="bbox 251 5593 1509 5651; baseline -0.009 0"><span class='ocrx_word' id='word_1_939' title='bbox 251 5600 297 5651; x_wconf 77' lang='lat' dir='ltr'>l’a</span> <span class='ocrx_word' id='word_1_940' title='bbox 1475 5593 1509 5640; x_wconf 82' lang='lat' dir='ltr'>ll</span> 
     </span>
    </p>
   </div>
   <div class='ocr_carea' id='block_1_8' title="bbox 0 0 2190 6004">
    <p class='ocr_par' dir='ltr' id='par_1_15' title="bbox 0 0 2190 6004">
     <span class='ocr_line' id='line_1_77' title="bbox 0 0 2190 6004; baseline 0 0"><span class='ocrx_word' id='word_1_941' title='bbox 0 0 2190 6004; x_wconf 95' lang='lat' dir='ltr'> </span> 
     </span>
    </p>
   </div>
   <div class='ocr_carea' id='block_1_9' title="bbox 160 5842 261 5951">
    <p class='ocr_par' dir='ltr' id='par_1_16' title="bbox 160 5842 261 5951">
     <span class='ocr_line' id='line_1_78' title="bbox 160 5842 261 5951; baseline 0 0"><span class='ocrx_word' id='word_1_942' title='bbox 160 5842 261 5951; x_wconf 68' lang='grc' dir='ltr'><em>Α</em></span> 
     </span>
    </p>
   </div>
  </div>
 </body>
</html>
