4356 6014
338 252 400 309 214

342 398 431 470 quiin
445 393 666 453 lieissrsistunt,
689 388 948 441 aliinascunturax
964 384 1051 454 ipsis:
1071 384 1142 438 alios

341 470 426 539 parit,
446 467 495 536 qui
515 470 633 518 vocatur
654 463 793 511 cerastes:
816 469 912 506 omnes
921 462 1015 509 tamea
1026 455 1055 507 in
1067 467 1148 507 cera·

342 549 407 593 sten
427 538 591 605 figurantur,
611 540 764 589 sonumque
784 521 871 573 edunt
881 525 989 589 parvuli
1002 524 1142 575 stridoris.

343 610 382 662 Et
391 608 489 659 sorlms
501 601 584 655 arbor
593 595 743 649 infestatur
755 591 914 643 vermiculis
922 592 1142 659 rulisetpilosis,

344 685 428 745 atque
438 676 480 725 ita
490 667 633 721 emoritur.
662 661 797 727 Mespilus
809 674 917 730 quoque
928 662 957 712 in
968 668 1082 714 senecta
1092 660 1141 712 ob·

344 746 428 800 noxia
438 741 464 793 si
474 735 571 788 morbo
580 736 631 785 est.
822 746 825 755 ¹

377 815 403 864 4.
422 803 562 862 sideratio
573 799 749 855 totaecaeio
768 806 888 854 mactat.
924 801 1103 867 Quapropter
1113 805 1142 851 et

343 876 449 951 grando
468 877 497 927 in
511 872 555 924 his
570 872 662 923 causis
672 870 795 939 intelligi
805 870 901 923 debet:
922 877 951 923 et
962 869 1142 922 carbuncula-

342 952 394 1011 tio,
415 954 443 999 et
464 943 539 1011 quod
552 943 711 1008 pruinarum
721 940 943 1001 iniuriaeveuit.
979 938 1143 991 Haecenim

343 1031 428 1071 verno
439 1022 535 1081 tepore
546 1011 681 1074 invitatis,
703 1018 731 1061 et
742 1024 888 1076 erumpere
899 1009 1065 1062 audentibus
1074 1008 1143 1059 satis

341 1085 473 1140 mollibus
483 1080 617 1143 insidens,
626 1081 720 1133 adurit
732 1080 914 1132 lactescentes
921 1081 1144 1147 germinumocu·

341 1159 395 1220 los,
407 1153 479 1224 quod
492 1155 522 1203 in
533 1150 602 1202 ilore
614 1149 809 1202 carbunculum
821 1156 930 1201 vocant.
950 1149 1071 1201 Pruinae
1082 1162 1142 1214 per·

341 1225 478 1279 niciosior
488 1228 595 1282 natura,
616 1219 744 1286 quoniam
757 1219 836 1285 lapsa
845 1217 977 1285 persidet,
999 1218 1140 1285 gelatque,

342 1313 376 1349 ac
395 1310 430 1348 ne
451 1308 521 1347 aura
538 1290 649 1357 quidem
659 1287 886 1356 ulladepellitur,
904 1290 1034 1355 quianon
1046 1286 1141 1338 fitnisi

340 1368 460 1419 immoto
472 1375 536 1414 acre
547 1365 577 1412 et
586 1373 692 1412 sereno.
703 1357 849 1425 Proprium
859 1365 952 1409 tamen
963 1356 1142 1409 siderationis

341 1442 395 1498 est,
416 1434 466 1486 sub
477 1437 542 1484 ortu
551 1429 635 1480 Canis
645 1428 800 1479 siccitatum
812 1441 908 1494 vapor,
924 1442 984 1479 cum
996 1426 1099 1478 insitae
1109 1440 1142 1477 ae

342 1504 470 1557 novellae
483 1501 598 1554 arbores
610 1499 776 1561 moriamur,
784 1498 932 1565 praecipue
942 1496 1142 1560 licus,etvites.

344 1573 415 1625 Olea
426 1579 539 1639 praeter
549 1568 818 1629 vermiculationem,
838 1582 919 1633 quam
931 1581 1019 1634 aeque
1029 1580 1062 1617 ac
1073 1567 1142 1617 ficus

343 1644 440 1706 sentit,
451 1642 558 1691 clavum
571 1639 657 1691 etiam
668 1637 786 1704 patitur,
801 1637 860 1688 sive
871 1636 986 1705 fungum
998 1636 1094 1702 placet
1104 1634 1144 1686 di·

344 1713 378 1773 ci,
388 1712 431 1765 vel
443 1709 584 1777 patellam.
600 1707 681 1759 llaec
691 1713 734 1759 est
744 1705 817 1758 Solis
825 1708 949 1758 exustio.
968 1705 1076 1759 Nocere
1087 1713 1143 1757 tra·

344 1782 386 1833 dit
399 1782 468 1832 cato
480 1786 508 1831 et
520 1790 645 1829 muscum
656 1777 779 1829 rubrum.
804 1775 894 1828 Nocet
906 1776 1068 1844 plerumque
1079 1777 1143 1827 viti·

341 1852 394 1903 bus
406 1857 488 1915 atque
499 1847 570 1900 oleis
583 1852 611 1899 et
621 1846 709 1898 nimia
719 1844 860 1899 fertilitas.
895 1845 1010 1898 Scabies
1022 1859 1143 1897 commu·

342 1923 386 1972 nis
399 1920 520 1972 omnium
539 1923 590 1969 est.
626 1915 774 1983 impetigo,
787 1922 824 1968 et
835 1930 904 1982 quae
916 1914 1031 1966 adnasci
1041 1915 1143 1977 solent,

344 1987 498 2050 cochleae,
522 1985 679 2052 peculiaria
698 1987 813 2036 ficorum
838 1984 920 2036 vitia:
955 1999 1005 2036 aee
1025 1983 1143 2052 ubique:

346 2066 411 2110 sunt
421 2059 493 2110 caim
505 2056 641 2123 quaedam
653 2051 841 2120 aegritudines
852 2060 881 2104 et
891 2052 1027 2104 locorum.

378 2126 404 2180 ὃ.
425 2124 527 2178 Verum
538 2131 569 2177 ut
580 2123 684 2175 homini
695 2136 843 2175 nervorum
854 2121 1051 2185 cruciatus,sic
1060 2128 1091 2175 et
1103 2136 1145 2175 ar·

342 2198 415 2259 bori,
427 2211 460 2246 ac
470 2194 578 2245 duobus
589 2207 677 2258 aeque
687 2191 787 2244 modis.
797 2193 852 2243 Aut
863 2191 935 2243 enim
946 2191 973 2241 in
987 2192 1081 2258 pedes,
1091 2189 1145 2242 hoc

343 2275 396 2331 est,
406 2264 524 2325 radices,
534 2262 665 2327 irrumpit
674 2264 715 2312 vis
726 2261 830 2313 morbi:
841 2267 889 2312 aut
901 2262 929 2312 in
941 2257 1145 2322 articulos,boc

345 2343 399 2397 est,
420 2333 594 2388 cacuminum
609 2330 731 2397 digitos,
748 2332 796 2397 qui
808 2331 1072 2399 longissimeatoto
1084 2344 1144 2381 eor·

343 2420 413 2475 porc
424 2409 534 2457 exeunt.
551 2400 714 2455 lairacum
726 2414 807 2467 ergo:
819 2406 847 2451 et
860 2406 925 2451 sunt
936 2399 1009 2467 apud
1020 2399 1144 2451 Graecos

345 2490 398 2527 sua
407 2472 519 2526 aomina
528 2469 641 2537 utrique
650 2470 727 2520 vitio.
739 2468 866 2536 Undique
877 2463 1069 2536 primo'dolor,
1080 2483 1144 2520 mox

346 2552 375 2597 et
385 2545 488 2596 macies
509 2554 605 2593 aarum
625 2538 747 2606 partium
763 2538 883 2607 fragilis,
902 2545 1045 2606 postremo
1056 2537 1145 2600 tabes,

345 2627 484 2681 morsque,
505 2625 559 2662 non
570 2609 693 2661 intrante
704 2623 789 2660 succo
796 2645 804 2671 ,
824 2615 938 2659 autnon
949 2609 1144 2676 perveniente:

345 2685 521 2750 maximeque
532 2678 561 2731 id
572 2679 616 2731 lici
626 2678 759 2731 sentiunt.
795 2678 947 2745 Capriiicus
959 2677 1084 2730 omnibus
1095 2679 1144 2728 im·

344 2754 437 2807 munis
449 2760 500 2813 est,
510 2765 581 2819 quae
593 2747 684 2805 adhuc
692 2748 822 2799 diximus.
847 2738 960 2799 Scabies
969 2746 1092 2814 gignitur
1102 2759 1145 2797 ro·

346 2823 423 2875 ribus
443 2821 528 2874 lentis
544 2824 609 2887 post
619 2816 770 2885 Vergilias.
807 2815 878 2868 Nam
888 2817 913 2868 si
924 2817 1045 2868 rariores
1056 2814 1145 2876 fuere,

347 2890 516 2959 perfundunt
527 2890 665 2949 arborem,
676 2902 730 2937 non
742 2885 872 2952 scalpunt
882 2886 984 2938 scabie.
1004 2888 1041 2938 Et
1053 2884 1146 2952 grossi

244 2954 247 2959 ’
347 2962 459 3021 cadunt,
468 2961 495 3011 si
506 2958 549 3011 vel
559 2958 661 3009 imbres
672 2955 751 3007 nimii
761 2953 847 3008 fuere.
862 2955 925 3008 alio
935 2954 1097 3035 nododeus
1107 2954 1147 3006 la·

345 3033 430 3082 barat
439 3027 576 3080 radicibus
587 3026 716 3080 madidis.

328 3132 337 3145 ,
380 3099 407 3151 d.
425 3096 539 3149 Vitibus
559 3103 671 3163 praeter
688 3094 946 3149 vermiculationem
958 3095 1145 3150 etsideratio·

346 3180 409 3221 nem
417 3167 533 3220 morbus
544 3165 692 3233 peculiaris
705 3164 879 3228 articulatio,
895 3166 984 3217 tribus
995 3165 1030 3218 de
1041 3167 1145 3218 causis:

346 3254 410 3301 una,
428 3238 456 3289 vi
469 3241 667 3305 tempestatum
679 3233 849 3302 germinibus
861 3233 979 3287 ablatis:
1001 3235 1100 3299 altera,
1115 3239 1147 3286 ut

347 3306 459 3361 notavit
477 3305 698 3373 Theophrastus,
718 3305 747 3356 in
768 3304 893 3371 supinum
915 3304 1031 3358 exelsis:
1052 3305 1147 3369 tertia,

347 3379 475 3431 culturae
486 3376 626 3445 imperitia
636 3374 730 3428 laesis.
766 3374 869 3427 Omnes
881 3375 953 3427 enim
964 3390 1058 3428 earum
1073 3375 1145 3426 iniu-

346 3447 407 3499 riae
418 3447 447 3497 in
458 3446 585 3499 articulis
596 3445 764 3496 sentiuntur.
775 3442 961 3497 siderationis
970 3460 1057 3514 genus
1068 3445 1147 3497 estin

348 3515 393 3567 isis
404 3514 658 3576 deflorescentibus,
678 3514 802 3567 roratio:
822 3521 871 3565 aut
882 3530 942 3566 cum
954 3515 1036 3577 acini,
1057 3514 1147 3580 prius·-

348 3598 431 3649 quam
444 3588 584 3645 crescant,
601 3583 794 3649 decoquuntur
805 3584 834 3636 in
846 3583 958 3637 callum
993 3585 1147 3649 aegrotant

348 3659 378 3705 et
390 3665 453 3704 eum
464 3651 565 3715 alsere,
575 3651 660 3705 laesis
670 3652 785 3706 uredine
797 3659 971 3707 attonsarum
982 3653 1079 3704 oeulis.
1110 3652 1148 3704 Et

348 3722 443 3775 calore
454 3718 507 3772 hoc
515 3722 607 3774 evenit
618 3722 826 3790 intempestivo:
841 3724 970 3790 quoniam
983 3716 1077 3773 omni'a
1089 3736 1146 3773 mo·

347 3791 384 3845 do
396 3796 533 3854 constant,
548 3798 679 3861 certoque
690 3796 920 3858 temperamento.
956 3791 1041 3843 Fiunt
1051 3796 1081 3842 et
1091 3789 1148 3842 cul·

346 3876 383 3931 pa
393 3863 465 3913 vites
476 3862 637 3923 colentium,
660 3875 721 3912 eum
734 3859 985 3928 praestringuntur,
995 3865 1027 3910 ut
1040 3858 1145 3910 dictum

347 3937 404 3984 est:
423 3936 472 3983 aut
482 3930 678 3983 circumfossor
689 3930 824 3979 iniurioso
837 3929 894 3979 ictu
906 3928 1079 3981 verberavit:
1100 3927 1146 3979 vel

346 4002 433 4055 etiam
444 4000 595 4052 subarator
605 3995 764 4064 imprudens
775 3996 881 4047 luxavit
890 3997 1007 4058 radices,
1013 4011 1147 4064 corpusve

346 4072 548 4141 desquamavit.
584 4069 636 4119 Est
646 4073 675 4118 ct
685 4064 817 4133 quaedam
830 4066 956 4117 contusio
973 4065 1054 4117 falcis
1066 4065 1146 4118 liobe·

345 4143 439 4195 tiaris.
450 4141 556 4204 Quibus
568 4135 694 4189 omnibus
706 4136 798 4188 causis
809 4135 948 4187 difficilius
960 4134 1085 4188 tolerant
1096 4135 1145 4187 fri·

345 4226 417 4281 gora
426 4217 474 4264 aut
485 4214 594 4263 aestus:
615 4206 748 4275 quodiam
769 4207 796 4256 in
810 4205 907 4257 bulcus
919 4210 1046 4272 penetrat
1057 4206 1145 4257 earnis

347 4297 365 4332 a
376 4280 446 4331 ioris
457 4280 573 4332 iniuria.
608 4275 803 4329 lnlirmissims
815 4290 883 4328 vero
896 4275 994 4337 malus,
1015 4276 1147 4329 maxime·

347 4364 401 4416 que
412 4363 482 4415 quae
495 4349 586 4403 doleis
598 4355 648 4402 est.
684 4346 857 4409 Quibusdam
869 4344 998 4399 debilitas
1014 4346 1148 4398 sterilita-

346 4426 417 4477 tem,
433 4428 489 4468 non
499 4433 603 4482 necem,
614 4417 709 4471 affert:
732 4423 764 4468 ut
774 4418 800 4468 si
811 4416 871 4484 quis
883 4416 947 4483 pino
959 4430 1089 4468 cacumen
1100 4430 1147 4467 au·

346 4486 429 4545 ferat,
438 4486 483 4535 vel
492 4487 614 4551 palmae:
636 4486 816 4539 sterilescunt
827 4487 908 4549 enirn,
920 4499 971 4539 uec
980 4485 1147 4538 moriuntur.

347 4556 501 4622 Aegrotant
511 4553 660 4621 aliquando
670 4561 699 4606 et
708 4570 792 4623 poma
800 4555 861 4620 ipsa
872 4571 920 4622 per
930 4571 961 4608 se
971 4554 1031 4607 sinc
1038 4556 1148 4616 arbore,

347 4625 374 4676 si
385 4623 549 4674 necessariis
559 4625 732 4689 temporibus
751 4624 855 4675 imbres
868 4630 916 4674 aut
931 4631 1043 4690 tepores
1052 4623 1098 4675 vel
1109 4622 1150 4676 af·

348 4692 432 4747 flatus
454 4690 584 4753 defuere,
611 4698 661 4744 aut
680 4697 779 4744 contra
797 4691 987 4744 abundavere:
1017 4693 1148 4745 decidunt

349 4762 433 4827 enirn,
446 4766 496 4812 aut
505 4759 645 4810 deteriora
657 4762 733 4811 liunt.
746 4760 897 4812 Pessimum
909 4766 952 4811 est
961 4761 1036 4815 inter
1046 4762 1148 4825 omnia,

349 4846 411 4883 eum
423 4830 649 4883 deflorescentem
659 4828 744 4881 vitem
755 4834 783 4878 et
793 4827 883 4879 oleam
904 4831 1042 4895 percussit
1050 4832 1148 4895 imber,

349 4901 480 4968 quoniam
492 4897 576 4950 simul
587 4895 683 4946 defluit
694 4895 809 4946 fructus.

383 4971 409 5023 7.
420 4969 491 5023 Sunt
501 4980 536 5020 er
547 4964 644 5018 eadem
655 4979 739 5016 causa
747 4969 894 5018 nascentes
905 4972 934 5020 ct
944 4968 1147 5032 erucas,dirum

348 5038 461 5102 animal,
473 5034 648 5101 eroduntque
659 5033 797 5095 bondeni,
808 5035 996 5101 aliaeilorcm,
1010 5038 1146 5091 olivarum

348 5112 504 5178 quoque,ut
513 5106 543 5157 in
554 5103 669 5156 Mileto:
680 5118 714 5155 ac
723 5103 868 5171 depastam
880 5106 1008 5158 arborem
1021 5110 1099 5177 turpi
1109 5109 1149 5161 fa·

349 5179 392 5232 eie
403 5178 571 5245 relinquunt.
598 5172 730 5226 Nascitur
738 5170 793 5226 hoc
803 5174 907 5226 malum
919 5180 1016 5242 tepore
1026 5176 1149 5241 humido,

341 5254 378 5301 ‘et
388 5249 475 5304 lento.
502 5246 551 5299 Fit
560 5243 636 5296 aliod
648 5258 683 5295 ex
694 5241 801 5304 eodem,
812 5243 837 5294 si
846 5241 894 5295 aot
907 5244 999 5297 acrior
1008 5247 1149 5301 insecutus

346 5318 448 5372 inussit
458 5319 546 5388 ipsum
556 5312 789 5380 vitium,ideoque
801 5312 926 5364 mutarit.
936 5313 989 5364 Est
997 5316 1148 5369 etiamnum

346 5390 489 5454 peculiare
495 5385 576 5443 olivis
588 5389 616 5436 et
626 5383 890 5443 vitibus,(araneum
902 5389 1082 5441 vocanticum
1092 5386 1149 5439 rel.

346 5456 391 5509 uti
402 5459 477 5514 telae
487 5455 630 5512 involvunt
640 5451 770 5514 fructum,
792 5456 822 5503 et
833 5451 989 5502 absumunt.
1022 5455 1149 5508 Adurunt

346 5531 376 5578 st
395 5526 479 5581 datus
499 5525 612 5596 quidam
630 5539 678 5577 eas
691 5524 823 5585 maxime,
843 5518 892 5573 sed
904 5527 933 5574 et
945 5517 1018 5572 alios
1029 5521 1147 5577 fructos.

498 244 538 304 C.
566 238 712 302 PLINH
750 233 956 298 saeuum
991 230 1156 295 Nerua.
1191 230 1381 311 ursiuli
1410 230 1492 293 ila.
1514 228 1625 292 xvii.
1662 229 1756 291 CAP.
1779 236 1827 295 37.

1194 382 1462 440 vermiculationem
1471 389 1501 436 ct
1507 396 1591 451 poma
1600 385 1662 451 ipsa
1672 396 1723 449 per
1731 396 1763 434 se
1773 379 1939 449 quibusdam
1950 399 1998 437 aa·

1195 456 1236 506 nis
1250 456 1384 516 sentiunt,
1394 454 1476 515 maia,
1488 454 1557 519 pira,
1567 452 1692 519 mespila,
1703 451 1816 502 Punica.
1826 452 1857 503 ln
1864 451 1941 506 oliva
1950 469 1999 506 aa·

1196 524 1273 591 cipiti
1280 522 1505 588 eventu,qusndo
1516 523 1568 574 sub
1577 528 1642 573 cute
1652 520 1711 573 nati
1723 518 1846 573 fructum
1854 520 1996 576 adimunt:

1195 600 1307 662 augent,
1328 595 1353 644 si
1362 593 1391 642 io
1403 593 1466 657 ipso
1475 590 1575 643 nucleo
1586 591 1665 642 fuere
1675 589 1826 643 erodentes
1839 605 1912 644 eum.
1948 592 1997 645 Gi·

1196 665 1242 729 gni
1262 662 1329 715 illos
1348 661 1499 728 prohibent
1519 660 1639 727 pluviae,
1660 661 1812 727 quaefiuut
1824 667 1890 726 post
1899 666 1997 716 arou.

1195 747 1270 783 rum:
1282 731 1396 785 eaedem
1406 731 1431 782 si
1441 730 1589 782 austrinae
1600 728 1687 792 fuere,
1704 737 1847 796 generant,
1859 730 1996 799 indrupis

1196 816 1315 869 quoque,
1333 815 1404 868 quae
1415 805 1636 852 maturescentes
1647 806 1707 851 turn
1718 803 1784 851 sunt
1791 800 1938 868 praecipue
1948 816 1994 855 ca·

1196 872 1293 924 ducac.
1313 870 1346 921 ld
1357 871 1443 937 riguis
1454 871 1543 937 magis
1554 868 1656 933 evenit,
1668 869 1846 921 etiamsinon
1858 870 1996 934 cecidere,
2098 912 2103 921 .
2158 928 2162 939 Ι

1195 939 1382 992 fastidiendis.
1392 938 1463 991 Sunt
1474 946 1504 991 et
1514 939 1632 991 culicum
1644 952 1749 1006 genera
1758 938 1901 1005 aliquibus
1911 940 1997 994 mole·

1195 1018 1248 1073 stu,
1260 1018 1291 1060 ut
1301 1008 1458 1077 glandibus,
1467 1009 1531 1070 lico,
1538 1008 1585 1076 qui
1596 1006 1727 1060 videatur
1739 1022 1773 1060 ex
1783 1005 1900 1061 humore
1909 1011 1996 1072 nasci,

1195 1086 1262 1131 tuno
1274 1078 1350 1130 dulci
1359 1077 1474 1130 subdito
1486 1078 1644 1131 corticibus.
1669 1077 1707 1130 Et
1717 1079 1875 1144 aegrotatio
1886 1077 1997 1146 quidem

1196 1149 1255 1202 fere
1266 1149 1294 1200 in
1307 1147 1350 1201 his
1364 1153 1415 1200 est.

1231 1219 1256 1271 8.
1275 1217 1419 1282 Quaedam
1430 1224 1587 1285 temporum
1605 1233 1716 1280 causae,
1737 1223 1787 1270 aut
1805 1218 1929 1272 locorum
1940 1234 1995 1271 non

1189 1286 1310 1358 'proprie
1331 1287 1461 1341 dicantur
1478 1289 1578 1350 morbi,
1600 1288 1730 1355 quoniam
1743 1289 1872 1355 protinus
1884 1295 1995 1341 necant:

1196 1359 1270 1411 sicut
1280 1358 1360 1411 tabes
1371 1373 1432 1410 cum
1445 1358 1547 1409 invasit
1560 1357 1699 1421 arborem,
1721 1363 1770 1408 aut
1781 1359 1876 1421 uredo,
1893 1358 1935 1410 vel
1946 1357 1994 1409 fla·

1197 1434 1243 1480 tus
1253 1428 1373 1481 alicuius
1385 1428 1511 1497 regionis
1521 1429 1665 1493 proprios,
1686 1434 1719 1478 ut
1730 1434 1772 1478 est
1782 1428 1812 1478 in
1823 1428 1924 1496 dpulia
1933 1430 1996 1479 dta-

1197 1499 1288 1563 bulus,
1299 1501 1326 1550 in
1335 1500 1451 1551 Euboea
1461 1497 1616 1565 Olympias.
1637 1498 1692 1549 iiic
1704 1497 1788 1562 eninr,
1799 1498 1823 1550 si
1835 1497 1914 1549 flavit
1924 1497 1997 1550 circa

1196 1568 1332 1632 brumam,
1349 1568 1458 1636 frigore
1468 1568 1563 1620 exurit
1573 1566 1738 1629 arefaciens,
1761 1573 1793 1617 ut
1804 1567 1889 1619 nullis
1900 1573 1997 1632 postea

1197 1638 1309 1691 Solibus
1332 1637 1455 1690 recreari
1475 1638 1592 1705 possint.
1628 1638 1693 1688 Hoc
1702 1650 1805 1704 genere
1816 1635 1957 1689 convalles
1968 1646 1998 1689 et

1196 1709 1327 1777 apposita
1340 1707 1501 1759 fluminibus
1524 1708 1671 1770 laborant,
1693 1706 1902 1773 praecipueque
1920 1706 1996 1769 vitis,

1197 1780 1269 1843 olea,
1280 1778 1356 1830 ticos.
1373 1777 1455 1841 Quod
1468 1792 1528 1829 cum
1539 1778 1627 1840 venit,
1639 1777 1780 1842 detegitur
1791 1776 1885 1826 statim
1896 1774 1926 1826 in
1937 1791 1998 1844 ger·

1196 1849 1362 1901 minatione:
1381 1848 1409 1899 in
1421 1847 1497 1899 oliva
1507 1846 1632 1899 tardius:
1651 1844 1738 1898 sedin
1751 1845 1876 1896 omnibus
1887 1845 1996 1912 signum

1198 1926 1241 1972 est
1250 1918 1481 1982 revivescendi,si
1492 1916 1561 1969 folia
1571 1916 1703 1968 amisere:
1716 1914 1906 1981 alioqui,quas
1917 1920 1998 1981 putes

1198 1989 1397 2056 praevaluisse,
1410 1987 1594 2039 emoriuntur.
1626 1985 1826 2049 Nonnunquam
1839 1984 1999 2035 inarescunt

1196 2057 1275 2121 folia,
1287 2057 1442 2124 eademque
1452 2056 1637 2108 revivescunt.
1655 2054 1736 2106 Aliae
1747 2056 1775 2104 in
1786 2054 1998 2119 septemtriona-

1196 2127 1280 2189 libos,
1298 2134 1330 2178 ut
1340 2126 1439 2189 Ponto,
1454 2122 1589 2193 Phrygia,
1608 2123 1715 2189 frigore
1727 2128 1775 2173 aut
1785 2123 1851 2190 gelu
1862 2122 1998 2186 laborant,

1197 2198 1221 2248 si
1231 2202 1296 2263 post
1305 2197 1433 2248 brumam
1444 2197 1642 2246 continuavere
1652 2191 1704 2243 XL
1717 2191 1823 2244 diebus.
1855 2193 1893 2244 Et
1902 2193 1941 2244 ibi
1950 2208 1998 2243 au·

1197 2272 1263 2328 tem,
1273 2275 1302 2316 ct
1313 2264 1341 2314 in
1353 2263 1470 2330 reliquis
1481 2263 1616 2329 partibus,
1629 2263 1654 2313 si
1666 2255 1794 2330 protinus
1804 2262 1889 2315 editis
1900 2259 1998 2313 fructi·

1197 2334 1250 2386 bus
1261 2333 1368 2403 gelatio
1378 2347 1481 2402 magna
1492 2339 1640 2385 consecuta
1650 2337 1709 2397 est,
1730 2333 1814 2385 etiam
1835 2332 1932 2399 paucis
1943 2331 1999 2384 dic·

1197 2406 1248 2456 bus
1261 2408 1350 2455 necat.
1841 2447 1848 2457 ,

1231 2473 1258 2525 9.
1274 2473 1354 2536 Quae
1364 2469 1470 2525 iniuria
1481 2470 1623 2525 bominum
1636 2478 1777 2533 constant,
1797 2471 1934 2525 secundas
1945 2470 1998 2523 lus·

1197 2545 1265 2596 beat
1276 2557 1383 2596 causas.
1418 2541 1479 2606 Pir,
1496 2540 1597 2605 oleum,
1613 2542 1711 2610 adeps,
1728 2541 1842 2594 inimica
1851 2540 2000 2609 praecipue

1197 2613 1325 2664 novellis.
1357 2614 1470 2665 Cortice
1481 2614 1509 2663 in
1521 2611 1617 2665 orbem
1630 2612 1758 2665 detracto
1770 2618 1910 2673 necantur,
1922 2624 2002 2663 exce·

1198 2689 1246 2749 pto
1258 2683 1367 2743 subere,
1373 2681 1448 2749 quod
1459 2682 1501 2734 sic
1512 2683 1597 2735 etiam
1608 2681 1734 2735 iuvatur:
1746 2682 2002 2735 crassescensenim

1197 2753 1382 2819 praestringit
1393 2758 1421 2805 et
1433 2752 1597 2819 strangulat.
1618 2751 1677 2803 Nec
1688 2749 1829 2821 adrarhne
1840 2749 2002 2811 offenditur,

1199 2820 1222 2871 si
1233 2834 1287 2871 noa
1298 2821 1382 2873 simul
1393 2820 1535 2873 incidatur
1544 2827 1573 2872 et
1584 2834 1693 2887 corpus.
1715 2820 1777 2871 dlio
1798 2821 1826 2871 ui
1838 2826 1868 2873 et
1879 2834 2002 2883 cerasus,

1198 2896 1227 2941 et
1246 2890 1319 2951 tilia,
1339 2895 1368 2942 et
1387 2890 1452 2941 vitis
1464 2892 1594 2941 corticem
1605 2892 1729 2948 mittunt,
1749 2837 2004 2949 sednonvitalom,
2038 2926 2046 2934 .

1197 2974 1248 3011 nec
1257 2959 1415 3026 proximum
1428 2960 1552 3024 corpori:
1566 2972 1658 3009 verum
1672 2970 1744 3018 eum,
1753 2957 1801 3023 qul
1811 2958 2005 3010 subnascente

1198 3028 1256 3081 alio
1268 3027 1427 3094 expellitur.
1458 3025 1636 3090 Quarundam
1649 3031 1751 3076 natura
1760 3026 1881 3077 rimosus
1893 3033 2006 3090 cortex,

1197 3097 1371 3165 utplstnnis.
1386 3096 1481 3149 'l'iiiae
1492 3095 1650 3148 renascitur
1661 3094 1744 3162 paolo
1756 3093 1847 3146 minus
1857 3109 1943 3162 quam
1954 3100 2004 3147 to·

1198 3174 1254 3220 tus.
1289 3167 1365 3236 Ergo
1376 3164 1431 3230 his,
1444 3180 1560 3237 quarum
1570 3165 1729 3217 cicatricem
1743 3162 1841 3228 trahit,
1853 3165 2005 3217 medentur

1197 3238 1259 3291 luto
1271 3239 1399 3306 limoque.
1411 3239 1447 3291 Et
1458 3235 1606 3305 aliquando
1617 3239 1745 3303 prosunt,
1753 3234 1779 3285 si
1788 3249 1843 3287 nou
1856 3232 2004 3288 vehemen-

1198 3308 1258 3361 tior
1267 3307 1402 3375 frigorum
1415 3313 1463 3359 aut
1473 3307 1596 3359 calorum
1607 3305 1651 3357 vis
1662 3310 1763 3359 secuta
1774 3310 1826 3359 est.
1858 3302 2006 3370 Quaedam

1199 3377 1305 3430 tardius
1318 3380 1360 3430 ita
1370 3378 1538 3442 moriuntur,
1549 3383 1581 3429 ut
1591 3376 1695 3428 robora
1706 3382 1735 3429 et
1746 3389 1874 3443 quercus.
1905 3375 2007 3427 Refert

1200 3452 1230 3500 et
1239 3453 1349 3516 tempus
1359 3449 1436 3501 anni.
1458 3448 1551 3501 abieti
1563 3446 1635 3499 enim
1648 3452 1677 3498 et
1687 3445 1754 3513 pino
1764 3445 1788 3496 si
1798 3443 1859 3511 quis
1869 3442 2006 3513 detraxe-

1200 3518 1250 3581 rit,
1270 3516 1336 3570 Sole
1345 3519 1468 3570 'faurum
1490 3518 1534 3570 vel
1545 3516 1677 3569 Geminos
1694 3520 1856 3567 transeunte
1867 3528 1929 3564 cum
1940 3526 2007 3581 ger·

1199 3586 1318 3650 minant,
1329 3589 1427 3637 statim
1440 3588 1607 3639 moriuntur.
1629 3584 1754 3637 Eandem
1765 3583 1898 3636 iniuriam
1911 3580 2005 3635 hieme

1199 3670 1299 3724 passae
1312 3654 1416 3709 diutius
1426 3655 1555 3706 tolerant.
1592 3652 1731 3705 Similiter
1740 3653 1805 3716 ilex,
1826 3652 1959 3713 etrobur,
1973 3659 2006 3705 et

1200 3739 1326 3794 quercus.
1344 3723 1423 3784 Quae
1434 3724 1460 3773 si
1471 3728 1590 3789 angusta
1601 3721 1785 3774 decorticatio
1796 3721 1860 3783 fuit,
1872 3719 1942 3774 nihii
1954 3733 2006 3772 no·

1200 3800 1279 3845 cetur
1290 3806 1373 3858 supra
1383 3792 1471 3843 dictis.
1486 3791 1655 3844 lniirmiores
1666 3791 1777 3859 quidem
1792 3798 1821 3844 et
1831 3790 1860 3842 in
1870 3791 1931 3842 solo
1940 3804 2006 3858 gra·

1200 3862 1255 3925 cili,
1266 3862 1309 3914 rel
1320 3862 1354 3911 ab
1365 3875 1421 3913 una
1432 3866 1541 3913 tantum
1554 3865 1634 3928 parte
1646 3860 1787 3915 detractus
1800 3860 1945 3915 interimit.
1961 3857 2005 3911 st·

1199 3931 1292 3984 milem
1316 3936 1345 3983 et
1363 3929 1587 3984 decacuminatio
1602 3931 1740 3984 rationem
1752 3931 1847 3995 babet,
1868 3930 2004 3999 cupressi,

1199 4004 1304 4122 piceae,
1315 3998 1405 4071 cedri:
1417 3997 1470 4053 bae
1481 4002 1555 4053 enim
1566 4000 1694 4055 detracto
1707 4003 1857 4066 cacumine,
1869 4007 1917 4054 aut
1928 4001 2005 4070 igni·

1219 4086 1251 4123 us
1262 4068 1374 4131 adusto,
1390 4069 1541 4123 intereunt.
1578 4070 1704 4125 Similem
1716 4079 1745 4124 et
1754 4071 1882 4139 depastio
1894 4071 2004 4124 anima·

1201 4141 1278 4193 lium.
1300 4138 1399 4191 Oleam
1410 4139 1523 4206 quidem
1535 4142 1620 4193 etiam
1631 4141 1656 4194 si
1667 4142 1773 4195 lambat
1785 4156 1878 4208 capra,
1889 4137 2005 4192 sterile·

1200 4224 1288 4272 scere,
1300 4214 1398 4261 auctor
1409 4216 1451 4262 est
1462 4210 1563 4275 Varro,
1583 4216 1616 4261 ut
1628 4210 1758 4264 diximus.
1796 4208 1937 4273 Quaedam
1950 4207 2008 4262 hac

1199 4280 1304 4332 iniuria
1314 4279 1487 4332 moriuntur:
1505 4281 1599 4348 aliqua
1610 4280 1751 4334 deteriora
1761 4284 1870 4333 tantum
1882 4280 1961 4340 flunt,
1970 4286 2009 4330 ut

1201 4348 1385 4418 amygdalae:
1415 4365 1450 4402 ex
1469 4349 1598 4403 dulcibus
1619 4352 1693 4404 enirn
1715 4351 1952 4416 transfigurantur
1972 4347 2008 4400 iu

1200 4434 1319 4472 amaras.
1356 4419 1400 4472 ali
1420 4435 1456 4470 ua
1465 4434 1532 4472 vero
1544 4419 1629 4473 etiam
1641 4421 1770 4472 utiliora:
1792 4426 1823 4467 ut
1834 4416 1906 4481 apud
1918 4414 2009 4469 Chios

1201 4490 1287 4557 pirus,
1296 4503 1379 4557 quam
1390 4490 1412 4542 P
1433 4488 1514 4542 ocida
1525 4490 1676 4557 appellant.
1688 4488 1759 4540 Nam
1771 4483 1948 4535 detruncatio
1961 4485 2009 4536 di-

1200 4560 1292 4611 ximus
1305 4559 1404 4626 quibus
1417 4558 1573 4626 prodesset.
1602 4559 1746 4610 lutereunt
1756 4551 1885 4619 pleraque
1896 4555 1925 4603 et
1937 4550 2011 4608 tissa

1200 4629 1298 4696 stirpe,
1314 4630 1438 4695 exceptis
1449 4629 1515 4690 vite,
1531 4627 1616 4690 malo,
1634 4628 1695 4686 fico,
1706 4620 1819 4675 Punica.
1857 4618 2007 4681 Quaedam

1202 4699 1246 4750 vel
1258 4698 1292 4749 ab
1303 4697 1416 4749 hulcere
1427 4703 1546 4748 tantum.
1568 4694 1653 4747 Ficus
1663 4691 1734 4745 hanc
1742 4689 1873 4742 iniuriam
1886 4693 2007 4758 spernit,

1201 4772 1230 4819 et
1243 4765 1337 4817 omnia
1348 4780 1418 4832 quae
1429 4766 1550 4817 resinam
1563 4763 1687 4832 gignunt.
1713 4758 1866 4813 Radicibus
1877 4767 2007 4827 amputa·

1199 4837 1237 4886 tis
1249 4837 1327 4896 mori,
1349 4834 1461 4887 minime
1473 4835 1572 4884 mirum
1585 4840 1636 4884 cst.
1672 4830 1829 4897 Pleraeque
1841 4835 1935 4881 tamen
1947 4845 2004 4882 noa

1201 4905 1339 4964 carnibus,
1349 4903 1399 4955 sed
1409 4902 1602 4964 araxinsis,aut
1612 4916 1682 4971 quac
1695 4906 1760 4953 sunt
1769 4900 1846 4954 inter
1855 4898 1921 4953 illas
1931 4899 2004 4951 rita·

1199 4973 1242 5027 les
1252 4971 1385 5023 abscissis
1395 4971 1561 5024 moriuntur.

1236 5038 1278 5094 10.
1295 5039 1407 5092 Necant
1418 5040 1535 5093 invicem
1546 5039 1623 5093 inter
1633 5052 1694 5093 sese
1705 5040 1813 5103 umbra,
1826 5038 1871 5092 vel
1881 5037 2005 5093 densita-

1201 5117 1240 5174 te,
1260 5115 1343 5178 atque
1354 5110 1478 5163 alimenti
1490 5108 1598 5177 rapina.
1634 5108 1724 5162 Necat
1735 5115 1764 5162 et
1775 5108 1860 5162 cdera
1868 5107 2001 5175 vinciens.

1200 5180 1260 5234 Nee
1269 5180 1374 5232 viscum
1387 5179 1515 5247 prodest:
1531 5184 1559 5230 et
1571 5179 1677 5245 cytisus
1687 5172 1803 5231 necatu‘r
1814 5194 1857 5243 eo,
1868 5168 2002 5247 quodlic-

1199 5250 1287 5319 limon
1298 5256 1399 5302 vocant
1410 5248 1521 5301 Graeci.
1549 5247 1730 5311 Quorundam
1741 5254 1843 5302 natura
1852 5263 1906 5300 non
1916 5252 2002 5299 necat

1201 5319 1322 5387 quidem,
1342 5319 1391 5371 sed
1401 5318 1488 5371 laedit
1499 5316 1595 5380 odore,
1612 5324 1662 5369 aut
1672 5317 1748 5372 succi
1758 5318 1895 5370 mixtura:
1915 5321 2001 5366 utra·

1200 5389 1306 5457 phanus
1318 5394 1346 5443 et
1357 5388 1454 5439 laurus
1464 5389 1558 5440 ritem.
1586 5385 1728 5441 Olfactrix
1739 5387 1812 5440 enim
1824 5384 2004 5455 intelligitur,

1202 5465 1232 5511 et
1243 5459 1322 5529 tangi
1332 5457 1418 5511 odore
1427 5459 1527 5510 mirum
1539 5456 1567 5509 ia
1577 5456 1705 5509 modum:
1715 5456 1782 5511 ideo
1793 5470 1854 5508 eum
1866 5455 1945 5509 iuxta
1954 5452 2004 5515 sit,

1201 5530 1292 5582 averti
1312 5532 1340 5581 et
1359 5526 1507 5593 recedere,
1526 5539 1712 5596 saporemque
1731 5524 1877 5580 inimicum
1896 5523 2003 5593 fugere.
