4374 6014
288 294 403 415 'gana
465 315 499 380 c.
527 314 677 387 rainu
705 313 911 376 sennaar
939 312 1104 376 aarum
1133 312 1323 376 areuna.
1356 304 1441 372 ure.
1464 308 1614 370 xxxa.
1644 311 1735 375 car.
1758 312 1875 379 se-na

335 471 432 529 lerina
441 467 600 523 hordeacea
613 467 649 519 im
688 466 790 529 situm,
811 466 992 534 emplastrum
1002 465 1144 534 peculiare
1197 463 1323 535 pondere
1343 467 1480 518 manante:
1500 463 1593 531 lepras
1614 479 1674 517 cam
1696 479 1779 519 succa
1796 465 1921 520 olerum.
1943 482 2005 520 cum

336 544 464 598 lacitsui
479 537 608 592 nominis.
665 538 812 604 anguinem
830 538 915 589 sistit.
954 536 1144 591 Vulneracol·
1196 535 1266 588 salis
1275 548 1343 588 vero
1353 535 1460 586 duabus
1472 533 1608 600 partibus,
1623 535 1692 586 ritia
1712 550 1783 602 quae
1795 543 1928 604 serpuntr
1949 537 2005 590 len·

336 615 420 683 ligat.
457 610 587 667 Glutinat
603 622 712 659 nervos.
750 607 869 659 Utuntur
886 606 1142 674 etiamudquarta·
1197 605 1246 657 dns
1267 612 1297 657 ct
1313 605 1371 656 alia
1390 603 1556 672 capillorum
1567 604 1707 668 animalia,
1727 606 1894 671 permistum
1906 621 2005 674 aquae.

339 700 390 738 aas
406 679 548 735 bituminis
566 675 707 740 drachma,
732 683 762 729 et
776 675 923 745 hedyosmi
938 677 998 743 pari
1020 676 1145 743 pondere
1198 674 1281 727 Sient
1293 676 1427 727 ambustis
1439 673 1563 741 prodest,
1575 672 1768 727 etfuriaribas
1779 691 1929 744 corporum
1942 692 2005 729 cum

341 769 404 809 cam
423 747 553 817 myrrhae
572 748 657 799 obolo
680 748 797 799 subacti.
846 748 1010 799 comitiales
1032 748 1145 798 morbos
1197 746 1350 811 sernpicis.
1385 742 1546 795 infunditur
1560 750 1589 795 et
1602 742 1797 811 dysentericis.
1833 746 2001 814 Uramqun·

339 830 434 879 ustum
450 815 643 885 deprehendit.
679 814 832 868 valvarum
849 816 1087 884 strangulationes
1106 816 1146 867 al·
1198 814 1288 881 quein
1302 829 1350 867 nre
1362 814 1530 881 ennrprimit,
1542 812 1722 864 actousillas.
1750 814 1910 879 Adnmnia,
1932 831 2007 883 qaae

340 895 446 949 factum
458 887 576 940 discutit
592 902 652 940 cam
669 886 926 938 vianetcostnren.
964 884 1146 938 l’rncidentes
1196 884 1225 934 in
1246 886 1348 936 ceteris
1370 883 1520 950 generibus
1535 882 1666 945 diximus,
1679 882 1818 935 efficacius
1837 884 2009 952 intelligitur

339 960 437 1019 suffita
455 957 596 1025 reprimit
641 954 825 1023 Purgatinnes
845 955 1014 1008 feminarum
1035 958 1062 1006 in
1083 954 1145 1005 mun
1198 954 1320 1006 exllleln
1336 951 1491 1006 advectam.
1524 953 1594 1005 llam
1616 951 1651 1005 ad
1667 953 1792 1020 reliquus
1809 950 1875 1005 usus
1890 955 1966 1007 ritae
1977 955 2007 1007 in

340 1037 437 1103 potum
460 1027 548 1082 elicit.
583 1027 616 1078 ln
637 1025 745 1092 reliquo
765 1041 816 1077 usu
839 1026 1007 1077 aeramentis
1018 1024 1146 1086 illinitur,
1198 1022 1284 1074 coriis
1295 1022 1621 1092 lanisqueperliciendis,
1643 1022 1743 1091 quanti
1758 1022 1951 1089 sitmomenti,
1970 1027 2008 1077 si·

339 1103 490 1168 firmatque
501 1113 536 1152 ea
546 1104 645 1149 contra
654 1096 743 1163 ignes.
779 1095 908 1147 Diximus
924 1102 953 1147 et
963 1095 1034 1162 tingi
1047 1092 1146 1146 solitas
1197 1091 1358 1161 gniticatum
1370 1098 1424 1144 est.

333 1175 553 1230 uenenataas,
573 1172 602 1218 et
621 1165 700 1216 illini.
740 1165 952 1232 calcisqunque
971 1179 1051 1217 usum
1070 1179 1147 1231 prae·
1234 1162 1306 1212 Llll.
1334 1163 1375 1212 Ab
1386 1160 1430 1211 his
1440 1176 1491 1226 per
1501 1177 1531 1210 se
1542 1161 1638 1211 omnia
1650 1161 1686 1211 ad
1698 1160 1854 1214 medicinas
1864 1163 2005 1230 pertinen·

340 1242 414 1306 hait,
434 1241 476 1292 ita
492 1235 682 1290 ferruminatis
700 1234 857 1302 Babylonis
873 1237 969 1286 uraris.
1005 1234 1101 1287 Placet
1118 1239 1146 1285 et
1197 1231 1240 1283 tia
1254 1237 1349 1283 terrae
1365 1243 1470 1298 genera
1485 1228 1680 1281 tractabimus.
1715 1226 1828 1283 Samiae
1844 1233 1916 1286 duae
1933 1241 2006 1297 sunt,

340 1310 468 1367 ferrariis
480 1307 622 1360 fabrorum
631 1304 890 1387 offic-inisltingendo
902 1303 1147 1369 lerrn,elavnrum·
1200 1314 1272 1371 quae
1283 1300 1452 1381 collyrium,
1467 1306 1496 1351 at
1506 1313 1577 1420 quae
1590 1305 1666 1382 aster
1676 1299 1864 1386 appellantur.
1899 1301 2005 1355 Prioris

342 1372 944 1503 ‘traditi:ttll‘ltltltili..
963 1404 1146 1495 aaran...
1198 1369 2005 1509 lttt‘ttttttt:,⁸t.tt.tltlittttttltjtzttl:

342 1534 442 1589 opera,
464 1515 540 1585 quod
559 1513 726 1580 intelligitur
745 1512 860 1578 salsugo
883 1518 985 1565 terrae.
1015 1509 1101 1564 Plura
1118 1516 1147 1564 et
1198 1516 1253 1563 tur.
1291 1509 1416 1578 Suntqui
1428 1508 1589 1576 praeierant
1601 1509 1731 1577 priorem.
1768 1510 1890 1564 Prosunt
1899 1514 2006 1580 saugui-

343 1592 403 1655 eius
414 1598 525 1654 genera.
554 1584 585 1635 ln
596 1580 689 1651 Cypro
701 1581 859 1644 candidum,
870 1588 898 1635 et
909 1582 1031 1651 nigrum,
1044 1585 1147 1650 exigua
1190 1592 1261 1634 'neta
1273 1580 1480 1647 exspuentibus.
1499 1578 1801 1650 Emplastrisquequae
1810 1581 1933 1634 siccandi
1943 1596 2006 1635 cau·

343 1659 447 1714 coloris
463 1652 640 1714 differentia,
662 1666 723 1703 cum
740 1653 780 1704 sit
797 1667 863 1704 usus
875 1666 991 1720 magna:
1014 1654 1145 1719 qanniam
1199 1667 1232 1704 sa
1253 1655 1476 1717 conrpnnuntar,
1498 1649 1643 1702 oculorum
1662 1664 1774 1720 qunque
1793 1652 2004 1706 medicamentis

340 1726 499 1783 inficiendis
510 1723 586 1776 claro
599 1721 695 1774 colore
706 1722 942 1784 lanis,candidum
955 1722 1147 1789 liquidumque
1199 1724 1360 1773 alienentur.
1420 1756 1425 1761 .

341 1797 524 1851 utilissimam
537 1798 593 1845 est:
621 1799 774 1859 contraque
787 1791 872 1843 lascis
884 1798 934 1845 aut
946 1793 1086 1854 obscuris,
1108 1792 1148 1843 ni·
1234 1789 1307 1844 LlV.
1326 1788 1440 1842 Eretria
1450 1787 1567 1840 totidem
1578 1786 1756 1842 differentias
1766 1789 1860 1845 habet.
1879 1790 2004 1858 Namque

343 1881 433 1936 grum.
470 1865 616 1916 lituorum
628 1863 707 1930 nigro
719 1868 864 1930 purgatur.
902 1860 1147 1913 Fitautemomue
1200 1866 1228 1914 et
1243 1859 1309 1910 alba
1320 1866 1371 1922 est,
1381 1866 1411 1911 et
1422 1859 1544 1921 cinerea,
1565 1874 1636 1926 quae
1648 1860 1808 1929 praefertur
1817 1862 1845 1912 in
1856 1860 2006 1913 medicina.

343 1952 379 1991 ea
390 1949 462 2002 aqaa
473 1934 605 1999 limoque,
625 1929 677 1982 hnc
687 1938 740 1994 est,
753 1938 855 1983 ‘terrae
864 1931 1027 1983 exsudantis
1039 1937 1147 1983 nutura.
1200 1929 1340 1983 Probatur
1350 1929 1470 1982 mollitie
1482 1947 1489 1980 ε
1508 1935 1539 1981 et
1549 1930 1622 1997 qaod
1634 1934 1658 1983 si
1669 1946 1734 1985 aere
1745 1931 1919 1999 perducatur,
1940 1930 2005 1983 rin-

343 2005 518 2060 Cnrriratam
530 2000 629 2063 hicme,
640 2003 754 2053 aestivis
766 2000 879 2053 Solibus
890 2007 1055 2053 maturatur.
1065 1999 1148 2063 Quod
1199 1999 1308 2052 iaceam
1321 1998 1414 2051 reddit
1425 1999 1559 2052 colorem.
1593 1998 1646 2052 Vis
1657 2009 1686 2054 et
1699 2002 1772 2055 ratio
1782 2002 1841 2056 eius
1852 1999 1882 2052 in
1891 1998 2006 2053 medea·

342 2073 432 2129 luerit
443 2088 477 2126 ex
488 2088 522 2125 en
533 2085 663 2138 praecox,
675 2069 820 2122 candidius
836 2073 876 2123 iit.
910 2070 1042 2139 Gignitur
1054 2077 1148 2122 autem
1201 2070 1237 2122 dn
1251 2069 1327 2121 dicta
1335 2075 1378 2120 est
1390 2070 1466 2121 inter
1479 2069 1630 2136 pigmenta.

342 2144 373 2198 in
385 2143 532 2212 llispania,
548 2142 686 2261 Aegypto,
703 2142 842 2204 Arnienia,
859 2140 1034 2203 Macedonia,
1050 2141 1149 2203 Ponto,
1236 2137 1296 2192 LV.
1314 2138 1442 2192 Laetatur
1452 2139 1543 2190 omnis
1559 2145 1637 2191 terra
1656 2140 1697 2204 (in
1708 2138 1761 2192 hnc
1772 2140 1847 2194 enim
1858 2140 1922 2193 inea
1934 2136 2007 2191 dice·

343 2215 452 2269 Africa:
472 2210 574 2263 insulis
611 2209 731 2273 ardinio,
751 2211 838 2274 Melo,
858 2209 970 2278 Lipara,
989 2211 1149 2279 Strongyle.
1201 2213 1274 2276 mus)
1295 2208 1410 2276 perlusa
1431 2223 1503 2277 aqua
1522 2208 1682 2278 siccataque
1701 2209 1826 2275 Solibus;
1848 2210 1950 2262 iterum
1970 2223 2006 2261 ex

342 2282 584 2338 Laudatissimum
596 2281 626 2331 ia
635 2282 773 2348 Aegypto,
785 2282 942 2348 proximum
953 2281 982 2332 io
993 2280 1079 2333 Melo.
1092 2281 1149 2332 liu·
1201 2293 1275 2346 aqua
1286 2281 1352 2331 trita
1362 2294 1396 2331 an
1406 2281 1539 2347 reposita,
1549 2277 1639 2332 durren
1649 2279 1782 2341 considat,
1799 2286 1828 2331 et
1838 2278 1928 2346 digeri
1940 2293 2005 2346 pns-

343 2350 1071 2421 iusqunqanduauspncies,liquidum,spissamque.
1103 2349 1150 2401 Li·
1202 2348 1239 2401 sit
1254 2349 1284 2399 iu
1302 2348 1441 2417 pastillus.
1478 2348 1614 2416 coquitur
1629 2349 1657 2400 ia
1672 2349 1808 2401 calicibus
1828 2349 2006 2400 crebrocoo·

344 2422 426 2492 quidi
444 2420 584 2489 probatio,
602 2426 634 2472 at
652 2422 689 2471 sit
709 2419 864 2487 limpidam,
885 2421 1070 2488 lacteumque,
1091 2421 1151 2473 sine
1202 2433 1293 2471 cassu.

345 2492 463 2548 offensis
482 2491 651 2550 fricantium,
670 2504 732 2540 cum
753 2491 873 2557 quodam
895 2491 1017 2559 igniculo
1039 2489 1150 2543 caloris.
1238 2486 1312 2540 LVl.
1329 2487 1382 2539 list
1396 2486 1426 2538 in
1441 2486 1671 2541 medicaminibus
1686 2492 1715 2540 et
1729 2483 1800 2538 Chia
1813 2492 1892 2540 terra
1909 2486 2005 2539 eundi·

344 2563 410 2616 Hoc
420 2560 566 2629 phorimon
577 2565 685 2610 vocant
725 2560 1029 2622 Ausitadulteratum,
1052 2560 1149 2626 depre·
1202 2574 1279 2621 cans,
1289 2556 1406 2610 effectas
1416 2556 1549 2623 eiusdem,
1565 2559 1612 2626 qui
1623 2557 1742 2610 Samiae.
1778 2556 1851 2608 Usus
1863 2555 1898 2607 ad
1909 2555 2007 2608 mulie·

343 2631 478 2687 itenditur
489 2645 571 2683 sacco
582 2628 677 2681 Punici
691 2629 766 2681 mali.
808 2629 951 2681 Sincerum
964 2633 1036 2681 enim
1048 2630 1150 2681 mixta
1202 2643 1263 2680 rum
1286 2628 1407 2680 maritae
1429 2634 1530 2681 cutem.
1567 2628 1645 2682 idem
1667 2634 1697 2681 et
1707 2624 1874 2679 Selinusiae.
1909 2625 2006 2678 Lactei

344 2700 575 2770 raeanigrescit.
608 2700 731 2750 Alteram
748 2713 836 2766 genus
846 2705 888 2750 est
899 2698 998 2766 pallidi
1009 2698 1151 2761 etscabri,
1204 2697 1306 2751 coloris
1316 2705 1359 2750 est
1370 2695 1488 2761 haeaet
1500 2713 1572 2766 aqua
1583 2698 1651 2750 dilui
1663 2698 1818 2751 celerrima.
1848 2695 2007 2763 Eademque

346 2772 461 2840 etqand
476 2769 618 2821 inficiator
633 2766 719 2835 galla.
750 2767 871 2835 ideoque
884 2767 938 2821 hoe
955 2774 1056 2822 vacant
1072 2783 1152 2835 para·
1203 2768 1277 2821 laete
1288 2767 1389 2829 diluta,
1410 2772 1441 2819 et
1458 2770 1642 2821 tectoriorum
1664 2768 1774 2820 albaria
1793 2766 2006 2834 interpolantur.

345 2841 463 2912 phnrnn.
495 2839 545 2892 Vis
558 2837 657 2904 liquidi
670 2835 801 2888 aluminis
813 2836 999 2906 adstringere,
1011 2838 1151 2899 indurare,
1203 2838 1323 2906 Pnigitis
1334 2837 1462 2889 Eretriae
1472 2837 1617 2890 simillima
1629 2844 1681 2900 est,
1690 2836 1887 2906 grandioribus
1899 2843 2005 2889 tantum

343 2910 455 2966 rudere.
493 2906 715 2961 Meuandnaxtn
728 2913 809 2988 sanat
822 2908 881 2959 nris
892 2908 1013 2970 hulcera,
1024 2906 1151 2974 papulus,
1204 2908 1304 2988 glebis,
1319 2915 1348 2957 et
1358 2905 1515 2973 glutinosa:
1534 2907 1578 2959 cai
1590 2905 1707 2988 clientas
1717 2907 1790 2960 idem
1804 2908 1851 2975 qui
1863 2906 2006 2967 Cintnliar,

342 2977 837 3114 militia.dittttttltlf
855 2977 1151 3099 amittebat
1203 2976 2005 3114 althalia....fittitt.⁸:ttt¹t“¹.t.⁰.tt”ttllt·

342 3134 446 3185 resque
467 3116 558 3168 sedat.
590 3114 717 3169 Sumltur
738 3114 832 3183 pilulis
851 3123 949 3168 cantra
968 3116 1051 3167 lienis
1075 3117 1152 3179 vitia,
1204 3121 1330 3183 quescat,
1352 3114 1415 3167 etsi
1428 3116 1567 3182 nigricans
1584 3115 1664 3173 cuins
1675 3123 1788 3170 maneat
1799 3122 1901 3167 tostae.
1934 3115 2005 3165 Usus

344 3186 561 3259 pellendumque
577 3200 626 3253 per
638 3185 746 3237 urinam
763 3184 934 3252 sanguinem.
974 3185 1112 3239 Emendat
1123 3192 1153 3240 et
1204 3184 1715 3252 admolliendamdiscutiendumque.
1752 3183 2005 3238 Adhaecmediea·

346 3260 470 3313 scabiem
483 3258 557 3308 nitro
569 3270 602 3308 ac
613 3253 765 3309 melanthio
778 3254 920 3307 admixtis.
1204 3257 1303 3307 mentis
1323 3253 1444 3315 additur,
1467 3255 1673 3324 praecipueque
1687 3255 1718 3307 in
1741 3253 1959 3323 calliblepharis,
1978 3258 2008 3305 at

382 3329 513 3382 Concreti
523 3327 653 3378 aluminis
670 3341 754 3379 unam
771 3341 859 3395 genus
874 3323 998 3377 schiston
1008 3324 1153 3392 appellant
1204 3324 1485 3392 inficiendiscuplllis.

346 3399 459 3463 Graeci,
481 3398 508 3448 in
527 3397 728 3464 capillamenta
739 3396 876 3464 quaedam
888 3397 1063 3448 carminatis
1074 3393 1151 3448 dehi-
1240 3395 1324 3449 LVll.
1343 3396 1444 3446 Cretan
1455 3395 1536 3462 plura
1554 3408 1668 3464 genera.
1704 3395 1748 3448 Eu
1759 3394 1794 3446 iis
1806 3393 1942 3447 Cimoliae
1953 3392 2008 3444 dun

344 3484 437 3521 scens.
477 3466 556 3518 Unde
574 3466 684 3534 quidam
705 3464 829 3518 trichitin
850 3468 943 3535 potius
962 3466 1149 3534 appellavere.
1206 3465 1377 3517 admediana
1392 3465 1571 3532 pertinentia,
1592 3464 1754 3529 candidum,
1776 3466 1852 3519 etad
1865 3465 2008 3532 purpuris·

343 3537 478 3589 linnhto
492 3534 596 3601 lapide,
616 3548 652 3585 ox
669 3550 723 3602 quo
741 3542 770 3587 et
786 3534 918 3589 chalcitin
938 3542 1052 3589 vocant:
1074 3541 1103 3586 at
1115 3535 1152 3586 sit
1205 3549 1266 3586 sam
1281 3532 1429 3586 inclinans.
1466 3534 1518 3587 Vis
1536 3536 1647 3602 utrique
1662 3536 1697 3587 ad
1713 3535 1905 3588 discutiendos
1920 3542 2010 3585 tumn·

343 3605 433 3657 sudor
445 3603 557 3669 quidam
575 3603 634 3654 elas
655 3601 758 3669 lapidis
779 3605 805 3656 in
826 3621 953 3674 spurnm
977 3604 1152 3674 coagulatus.
1203 3620 1258 3667 res,
1279 3609 1308 3657 et
1329 3603 1469 3658 sistendas
1491 3605 1627 3657 lluuinnes
1648 3613 1727 3658 aceto
1748 3612 1881 3658 assumto.
1918 3603 2010 3656 Panos

343 3673 410 3725 line
421 3686 508 3738 genus
519 3670 647 3722 aluminis
666 3674 756 3723 atinus
774 3675 853 3726 sistit
868 3674 1012 3727 humorem
1023 3675 1151 3726 inutilem
1205 3689 1316 3742 qunque
1328 3680 1357 3727 et
1366 3674 1510 3743 parotidas
1521 3674 1648 3728 cohibet:
1678 3682 1706 3727 el
1718 3673 1840 3727 lichenas
1852 3673 1938 3733 illita,
1959 3688 2009 3739 pu·

345 3740 527 3818 corporibus..
553 3737 607 3790 Sed
628 3740 743 3791 auribus
763 3757 932 3810 magnopere
952 3742 1067 3808 prodest
1080 3741 1152 3795 inlu·
1206 3745 1346 3811 solasque.
1382 3744 1413 3796 Si
1423 3760 1490 3798 reru
1501 3744 1690 3813 aphronitrum
1701 3750 1731 3796 et
1741 3746 1843 3795 nitrum
1855 3741 2011 3794 adiicietur

344 3825 418 3873 sum,
429 3808 475 3861 vel
485 3805 599 3870 illatam,
611 3805 654 3858 rel
669 3808 726 3858 nris
735 3806 901 3873 hulceribus,
914 3810 1106 3878 dentibusque,
1127 3811 1151 3863 si
1205 3822 1234 3866 et
1244 3820 1364 3876 anetam,
1376 3821 1405 3866 nt
1415 3813 1514 3881 pedum
1526 3823 1583 3867 tam
1653 3831 1660 3864 ε
1681 3812 1722 3864 ita
1732 3819 1762 3863 at
1777 3813 1805 3863 in
1818 3809 1883 3863 Sole
1895 3812 2010 3864 naratio

344 3880 437 3934 salira
458 3892 519 3930 cum
541 3892 574 3928 en
594 3876 780 3928 contineatur.
816 3879 1009 3935 Etnculnram
1030 3880 1151 3934 medica·
1204 3828 1926 3950 huecliut,etpostse1hermuasalsaabluatar.
1954 3882 2010 3934 'l'c·

344 3950 451 4005 metatis
462 3946 594 3999 inseritur
604 3950 677 4012 apte,
700 3947 882 4016 verendisque
898 3948 1043 4015 utriusque
1058 3964 1150 4003 sesua.
1203 3953 1288 4003 stium
1306 3954 1462 4006 tumoribus
1474 3955 1568 4021 Cypro
1585 3960 1612 4006 et
1623 3967 1687 4004 cera
1702 3952 1800 4005 addita
1809 3950 1935 4019 prodest.
1972 3953 2010 4003 lit

347 4018 523 4089 coquiturin
534 4017 647 4085 patinis,
677 4013 765 4068 donec
776 4017 878 4085 liquari
889 4017 1008 4069 desinat.
1204 4020 1389 4089 refrigerandi
1409 4038 1520 4087 qunque
1536 4031 1637 4072 natura
1653 4028 1746 4073 cretae
1762 4028 1818 4072 est:
1835 4019 2009 4087 sudoresque

345 4112 353 4127 ·
380 4089 531 4145 interioris
547 4094 590 4139 est
605 4085 725 4137 alterum
741 4089 868 4154 generis,
891 4086 964 4156 quod
984 4089 1150 4158 strongylen
1202 4090 1369 4143 immodicos
1386 4089 1463 4140 sistit
1480 4088 1564 4141 illita.
1601 4090 1690 4157 litque
1707 4092 1749 4142 ita
1764 4090 1882 4158 papulas
1897 4088 2009 4142 cohibet

345 4168 456 4214 rorant.
492 4158 572 4210 Duae
590 4156 779 4222 eiusspecies,
806 4156 955 4226 fungosum
973 4164 1059 4225 atque
1075 4160 1152 4211 omni
1203 4176 1237 4212 ea
1258 4161 1321 4212 rino
1342 4166 1468 4212 assunrta
1488 4157 1518 4209 in
1538 4158 1667 4211 balineis.
1721 4161 1865 4213 Laudatur
1889 4160 2009 4213 maxime

343 4225 651 4284 huurnrediluilacile:
673 4226 1056 4292 quodiotntumdamnatur.
1089 4229 1149 4282 ille·
1202 4228 1375 4282 Thessalica.
1411 4227 1545 4280 Nascitur
1561 4236 1591 4280 et
1609 4229 1638 4280 in
1661 4228 1754 4296 Lycia
1769 4232 1843 4283 circa
1855 4228 2008 4281 Bubonem.

342 4299 400 4353 lius
415 4298 596 4368 pumicosum,
617 4293 829 4349 etloraminum
846 4297 949 4349 fistulis
964 4297 1099 4366 spongiae
1114 4300 1150 4351 si·
1201 4300 1254 4351 Est
1268 4308 1298 4353 et
1309 4299 1382 4352 alins
1394 4297 1529 4352 Cimoliae
1541 4314 1608 4350 usas
1618 4299 1648 4350 in
1659 4299 1794 4352 restibus.
1829 4299 1900 4353 Nam
1911 4299 2008 4360 Samia,

343 4369 423 4429 mile,
442 4366 651 4433 rotundumque
667 4371 776 4429 natura,
798 4367 917 4421 candidu
939 4369 1066 4436 propius:
1087 4383 1148 4421 cum
1202 4385 1275 4437 quae
1294 4370 1414 4424 effertur
1432 4387 1448 4423 e
1466 4370 1607 4433 Sardinia,
1628 4370 1757 4423 candidis
1772 4376 1882 4423 tantum
1894 4369 2008 4422 assumi·

345 4437 465 4504 quadarn
477 4435 680 4504 pinguitudine,
701 4436 761 4489 sine
771 4439 873 4502 arenis,
885 4439 1008 4501 friabile,
1029 4454 1079 4491 nec
1090 4439 1150 4490 inii·
1202 4446 1256 4503 tur‚
1268 4441 1378 4493 inutilis
1389 4440 1622 4494 versicoloribus:
1641 4447 1671 4494 et
1682 4449 1726 4494 est
1737 4441 1874 4494 vilissima
1887 4442 2005 4492 omniura

345 4508 421 4557 ciens
432 4505 555 4572 nigritia.
592 4505 658 4558 linc
673 4507 803 4572 coquitur
815 4523 864 4575 per
878 4524 909 4561 se
924 4508 1090 4560 carbonibus
1102 4524 1149 4575 pu·
1202 4511 1340 4564 cimoliae
1358 4525 1505 4579 generum:
1524 4511 1679 4578 pretiosior
1702 4511 1842 4573 Umbrica,
1874 4517 2007 4576 utquam

265 4588 270 4595 ’
343 4574 1149 4645 riadnneecinisliat(Optimumexnmnibusqundllie-
1201 4586 1418 4633 rncantsaaum.
1452 4581 1618 4648 Proprietas
1629 4580 1702 4644 suxi,
1713 4582 1787 4647 quod
1800 4580 1902 4633 crescit
1912 4578 1940 4630 in
1952 4592 2008 4629 ma·

343 4643 434 4695 linum
445 4650 544 4696 vocant
553 4647 589 4697 ab
600 4644 695 4697 insula
706 4646 791 4710 Mela,
813 4647 983 4699 utdiximus.
1020 4647 1098 4701 Nulli
1108 4646 1149 4702 ris
1202 4652 1336 4703 cerandn:
1355 4657 1441 4719 atque
1453 4652 1576 4718 pondere
1588 4651 1704 4711 emitur,
1723 4650 1923 4701 illameasura.
1944 4648 2008 4699 Um·

343 4713 436 4766 maior
447 4727 535 4781 nequo
546 4713 751 4783 adstringendi,
770 4731 859 4784 neque
871 4715 1046 4784 denigrandi,
1058 4731 1148 4784 neque
1200 4720 1280 4773 brien
1291 4735 1345 4771 nnn
1357 4721 1412 4772 nisi
1424 4720 1563 4786 poliendis
1578 4719 1703 4771 restibus
1713 4717 1873 4768 assumitur.
1910 4717 2007 4784 Neque

343 4782 500 4836 indurandi
538 4783 649 4835 Nullum
668 4786 796 4853 spissius.
832 4787 984 4839 Oculorum
999 4786 1146 4838 scabritias
1201 4790 1392 4858 enimpigeblt
1403 4788 1593 4854 huncquoque
1605 4794 1712 4854 partem
1725 4786 1951 4851 attingere,cum
1963 4787 2008 4839 lex

345 4856 491 4904 extenuat:
514 4851 688 4908 conrbastum
711 4855 809 4908 utilius
821 4853 965 4923 epiphoris
983 4855 1147 4908 inhibendis.
1200 4859 1313 4913 Metilia
1324 4864 1418 4910 exstet
1429 4857 1584 4908 fullonibus
1597 4856 1681 4915 dicta,
1703 4869 1785 4922 quam
1799 4856 1829 4905 0.
1842 4854 2009 4917 Flaminius,

343 4919 479 4975 Sicetad
495 4920 619 4986 pruritus
634 4927 769 4993 corporis.
806 4924 974 4994 Sanguinem
990 4940 1099 4994 qunque
1113 4927 1148 4975 si·
1201 4927 1234 4980 1..
1245 4926 1379 4981 aemilius
1395 4941 1524 4979 censores
1535 4925 1638 4978 dedere
1653 4923 1688 4975 ad
1707 4922 1841 4991 populum
1852 4922 2008 4978 ferendam.

343 4986 750 5050 stitintntum,lorisillitunr.
789 4994 1147 5063 Vulsispilisexecetnll·
1200 4998 1277 5050 Adeo
1288 4995 1383 5047 omnia
1399 4997 1552 5048 maioribus
1568 4992 1756 5046 curaeiuere.
1793 4993 2008 5062 Ergonrdnhic

342 5061 435 5122 litum,
450 5065 639 5111 renascentem
650 5063 743 5115 mollit
753 5064 912 5134 lanuginem
922 5079 1066 5118 summam.
1112 5067 1148 5117 0·
1201 5073 1255 5120 est:
1274 5066 1392 5133 primurn
1413 5065 1537 5117 abluitur
1560 5065 1649 5116 vestis
1670 5062 1768 5126 Sarda,
1788 5062 1853 5116 dein
1874 5064 2009 5132 sulphure

342 5136 450 5184 mnium
467 5142 599 5198 generum
616 5129 658 5181 rls
673 5132 702 5182 in
719 5132 937 5203 adstringendae
958 5135 1033 5187 ande
1048 5149 1147 5187 nomen
1184 5136 1322 5188 ,salliturt
1342 5149 1408 5187 mnx
1418 5136 1615 5202 desquamatur
1626 5134 1752 5197 Cimolia,
1765 5149 1837 5201 quae
1847 5140 1892 5187 est
1902 5133 2008 5186 coloris

344 5202 468 5254 Graecis.
491 5200 532 5252 Ob
542 5198 572 5249 id
584 5197 728 5251 oculorum
739 5203 816 5254 vitiis
827 5205 976 5271 aptissima
986 5213 1060 5257 sunt.
1078 5203 1146 5257 San·
1199 5208 1266 5259 rerl.
1303 5206 1427 5259 Facatas
1437 5206 1512 5257 enisa
1522 5201 1751 5271 deprehenditur,
1761 5204 1961 5273 nigrescitque,
1977 5208 2021 5256 et.

342 5270 436 5390 guinis
447 5267 584 5321 lluxiones
595 5266 773 5321 iulribetcam
785 5272 875 5340 adipe.
903 5274 1146 5328 Sicetinlantiam
1200 5273 1476 5342 iunditureulphure.
1513 5276 1604 5329 Veros
1625 5281 1719 5327 eutem
1737 5273 2005 5342 etpretinsnsenlo·

363 5339 466 5393 ulcera.
502 5338 696 5391 Putrescentia
706 5336 846 5392 hainerum
855 5345 1007 5409 compescit
1016 5360 1078 5398 cunr
1090 5342 1148 5398 adi·
1199 5343 2009 5411 resemolliicimnliaetqaodamnitoreeahilaratcen·

343 5422 394 5489 pe,
413 5418 443 5462 et
457 5407 671 5477 hydropicorum
685 5408 847 5476 eruptiones
858 5412 954 5464 siccat.
993 5414 1148 5467 Etruriam
1199 5416 1329 5467 tristatas
1340 5415 1481 5482 sulphure.
1518 5413 1655 5467 candidis
1664 5415 1792 5468 restibus
1801 5428 1898 5466 saxum
1908 5412 2006 5464 utilius

342 5478 785 5532 satiacumsaceoPunicimali:
807 5482 1147 5547 stanguiumsnsbritias,
1198 5484 1518 5551 asulphure,iuimicum
1530 5485 1681 5538 caloribus.
1718 5485 1901 5552 Graeciaprn
1913 5481 2005 5535 dimn-

342 5546 563 5614 cinatrieumque
582 5549 711 5612 duritias,
732 5554 761 5602 et
781 5549 921 5616 pterygia,
936 5563 969 5599 ac
989 5552 1145 5613 perniones.
1198 5553 1274 5605 lia'l'
1296 5553 1425 5620 mphainn
1435 5556 1525 5607 utitur
1536 5568 1637 5624 gypso.

341 5612 1146 5687 emanaranuuremnexmetnmutcaneauapnrt
1233 5571 1331 5683 olyra
1347 5622 1862 5696 dhaemmargsutarisappellstur,
1883 5617 2006 5675 alim
