<?xml version="1.0" encoding="UTF-8"?>
<!DOCTYPE html PUBLIC "-//W3C//DTD XHTML 1.0 Transitional//EN"
    "http://www.w3.org/TR/xhtml1/DTD/xhtml1-transitional.dtd">
<html xmlns="http://www.w3.org/1999/xhtml" xml:lang="en" lang="en">
 <head>
  <title>
</title>
<meta http-equiv="Content-Type" content="text/html;charset=utf-8" />
  <meta name='ocr-system' content='tesseract 3.04.00' />
  <meta name='ocr-capabilities' content='ocr_page ocr_carea ocr_par ocr_line ocrx_word'/>
</head>
<body>
  <div class='ocr_page' id='page_1' title='image "./historiaenatura00plingoog/historiaenatura00plingoog_0075.png"; bbox 0 0 4330 6014; ppageno 0'>
   <div class='ocr_carea' id='block_1_1' title="bbox 353 297 1902 371">
    <p class='ocr_par' dir='ltr' id='par_1_1' title="bbox 353 297 1902 371">
     <span class='ocr_line' id='line_1_1' title="bbox 353 297 1902 371; baseline -0.01 0"><span class='ocrx_word' id='word_1_1' title='bbox 353 313 394 371; x_wconf 76' lang='grc'><strong>64</strong></span> <span class='ocrx_word' id='word_1_2' title='bbox 478 308 511 369; x_wconf 85' lang='lat' dir='ltr'><strong>C.</strong></span> <span class='ocrx_word' id='word_1_3' title='bbox 552 305 699 367; x_wconf 86' lang='lat' dir='ltr'><strong>PLlNll</strong></span> <span class='ocrx_word' id='word_1_4' title='bbox 741 301 944 364; x_wconf 83' lang='lat' dir='ltr'><strong>SECUNDI</strong></span> <span class='ocrx_word' id='word_1_5' title='bbox 987 297 1153 365; x_wconf 80' lang='lat' dir='ltr'><strong>NATUR.</strong></span> <span class='ocrx_word' id='word_1_6' title='bbox 1198 301 1383 367; x_wconf 72' lang='lat' dir='ltr'><strong>Histoe.</strong></span> <span class='ocrx_word' id='word_1_7' title='bbox 1428 303 1515 365; x_wconf 81' lang='lat' dir='ltr'><strong>ule.</strong></span> <span class='ocrx_word' id='word_1_8' title='bbox 1546 301 1610 363; x_wconf 79' lang='lat'><strong>111.</strong></span> <span class='ocrx_word' id='word_1_9' title='bbox 1656 299 1902 363; x_wconf 66' lang='lat' dir='ltr'><strong>GALBA-³⁰.</strong></span> 
     </span>
    </p>
   </div>
   <div class='ocr_carea' id='block_1_2' title="bbox 279 452 1157 1897">
    <p class='ocr_par' dir='ltr' id='par_1_2' title="bbox 279 452 1157 1486">
     <span class='ocr_line' id='line_1_2' title="bbox 353 452 1155 521; baseline -0.012 -10"><span class='ocrx_word' id='word_1_10' title='bbox 353 471 517 521; x_wconf 78' lang='lat' dir='ltr'><strong>aronam,</strong></span> <span class='ocrx_word' id='word_1_11' title='bbox 535 455 776 515; x_wconf 78' lang='lat' dir='ltr'><strong>Banoroarrr,</strong></span> <span class='ocrx_word' id='word_1_12' title='bbox 795 452 999 513; x_wconf 78' lang='lat' dir='ltr'><strong>Nausaosr,</strong></span> <span class='ocrx_word' id='word_1_13' title='bbox 1018 452 1155 504; x_wconf 80' lang='lat' dir='ltr'><strong>Enarra-</strong></span> 
     </span>
     <span class='ocr_line' id='line_1_3' title="bbox 353 518 1154 591; baseline -0.007 -13"><span class='ocrx_word' id='word_1_14' title='bbox 353 542 436 591; x_wconf 76' lang='lat' dir='ltr'><strong>cas,</strong></span> <span class='ocrx_word' id='word_1_15' title='bbox 456 518 1154 588; x_wconf 57' lang='lat' dir='ltr'><strong>lasanum,itenererfflsrnrvresrsrn·</strong></span> 
     </span>
     <span class='ocr_line' id='line_1_4' title="bbox 354 588 1157 658; baseline -0.012 -9"><span class='ocrx_word' id='word_1_16' title='bbox 354 612 474 658; x_wconf 80' lang='lat' dir='ltr'><strong>carri,</strong></span> <span class='ocrx_word' id='word_1_17' title='bbox 494 596 635 655; x_wconf 85' lang='lat' dir='ltr'><strong>Ecrrur,</strong></span> <span class='ocrx_word' id='word_1_18' title='bbox 657 590 859 649; x_wconf 84' lang='lat' dir='ltr'><strong>Vaneorvvr,</strong></span> <span class='ocrx_word' id='word_1_19' title='bbox 880 588 1074 646; x_wconf 84' lang='lat' dir='ltr'><strong>Ecurrcar.</strong></span> <span class='ocrx_word' id='word_1_20' title='bbox 1095 589 1157 641; x_wconf 84' lang='lat' dir='ltr'><strong>Ns·</strong></span> 
     </span>
     <span class='ocr_line' id='line_1_5' title="bbox 279 655 1156 727; baseline -0.016 -6"><span class='ocrx_word' id='word_1_21' title='bbox 279 696 293 721; x_wconf 61' lang='lat' dir='ltr'><strong>v</strong></span> <span class='ocrx_word' id='word_1_22' title='bbox 353 679 534 727; x_wconf 75' lang='lat' dir='ltr'><strong>recurunt,</strong></span> <span class='ocrx_word' id='word_1_23' title='bbox 557 664 757 718; x_wconf 74' lang='lat' dir='ltr'><strong>Ostraner,</strong></span> <span class='ocrx_word' id='word_1_24' title='bbox 787 657 942 719; x_wconf 81' lang='lat' dir='ltr'><strong>Ncaust,</strong></span> <span class='ocrx_word' id='word_1_25' title='bbox 973 655 1156 718; x_wconf 70' lang='lat' dir='ltr'><strong>Vennum,</strong></span> 
     </span>
     <span class='ocr_line' id='line_1_6' title="bbox 354 724 1155 789; baseline -0.015 -2"><span class='ocrx_word' id='word_1_26' title='bbox 354 736 475 787; x_wconf 79' lang='lat' dir='ltr'><strong>Suara</strong></span> <span class='ocrx_word' id='word_1_27' title='bbox 483 750 502 785; x_wconf 91' lang='lat' dir='ltr'><strong>r.</strong></span> <span class='ocrx_word' id='word_1_28' title='bbox 521 732 580 784; x_wconf 87' lang='lat' dir='ltr'><strong>Non</strong></span> <span class='ocrx_word' id='word_1_29' title='bbox 591 734 655 778; x_wconf 89' lang='lat' dir='ltr'><strong>suat</strong></span> <span class='ocrx_word' id='word_1_30' title='bbox 667 725 793 778; x_wconf 87' lang='lat' dir='ltr'><strong>adiectae</strong></span> <span class='ocrx_word' id='word_1_31' title='bbox 802 727 946 779; x_wconf 71' lang='lat' dir='ltr'><strong>Cottianae</strong></span> <span class='ocrx_word' id='word_1_32' title='bbox 959 724 1155 789; x_wconf 87' lang='lat' dir='ltr'><strong>civitatelel,</strong></span> 
     </span>
     <span class='ocr_line' id='line_1_7' title="bbox 354 793 1155 872; baseline -0.01 -19"><span class='ocrx_word' id='word_1_33' title='bbox 354 796 614 872; x_wconf 82' lang='lat' dir='ltr'><strong>quaenoniueruot</strong></span> <span class='ocrx_word' id='word_1_34' title='bbox 633 793 763 846; x_wconf 88' lang='lat' dir='ltr'><strong>hostiles:</strong></span> <span class='ocrx_word' id='word_1_35' title='bbox 784 796 852 848; x_wconf 87' lang='lat' dir='ltr'><strong>item</strong></span> <span class='ocrx_word' id='word_1_36' title='bbox 872 796 1024 847; x_wconf 77' lang='lat' dir='ltr'><strong>attributae</strong></span> <span class='ocrx_word' id='word_1_37' title='bbox 1043 795 1155 847; x_wconf 82' lang='lat' dir='ltr'><strong>niuniei-</strong></span> 
     </span>
     <span class='ocr_line' id='line_1_8' title="bbox 351 864 1154 941; baseline -0.009 -18"><span class='ocrx_word' id='word_1_38' title='bbox 351 872 406 941; x_wconf 89' lang='lat' dir='ltr'><strong>piis</strong></span> <span class='ocrx_word' id='word_1_39' title='bbox 425 872 487 937; x_wconf 89' lang='lat' dir='ltr'><strong>lege</strong></span> <span class='ocrx_word' id='word_1_40' title='bbox 506 864 646 930; x_wconf 87' lang='lat' dir='ltr'><strong>Pompeia.</strong></span> <span class='ocrx_word' id='word_1_41' title='bbox 669 864 751 915; x_wconf 85' lang='lat' dir='ltr'><strong>llaec</strong></span> <span class='ocrx_word' id='word_1_42' title='bbox 772 864 908 917; x_wconf 88' lang='lat' dir='ltr'><strong>estltalia</strong></span> <span class='ocrx_word' id='word_1_43' title='bbox 928 864 981 915; x_wconf 87' lang='lat' dir='ltr'><strong>diis</strong></span> <span class='ocrx_word' id='word_1_44' title='bbox 991 880 1081 927; x_wconf 87' lang='lat' dir='ltr'><strong>sacra,</strong></span> <span class='ocrx_word' id='word_1_45' title='bbox 1102 864 1154 916; x_wconf 86' lang='lat' dir='ltr'><strong>hae</strong></span> 
     </span>
     <span class='ocr_line' id='line_1_9' title="bbox 351 925 1153 1009; baseline -0.01 -17"><span class='ocrx_word' id='word_1_46' title='bbox 351 949 448 1009; x_wconf 90' lang='lat' dir='ltr'><strong>gentes</strong></span> <span class='ocrx_word' id='word_1_47' title='bbox 468 939 536 996; x_wconf 89' lang='lat' dir='ltr'><strong>eius,</strong></span> <span class='ocrx_word' id='word_1_48' title='bbox 557 930 624 985; x_wconf 89' lang='lat' dir='ltr'><strong>haec</strong></span> <span class='ocrx_word' id='word_1_49' title='bbox 646 932 748 1000; x_wconf 89' lang='lat' dir='ltr'><strong>oppida</strong></span> <span class='ocrx_word' id='word_1_50' title='bbox 771 925 945 1001; x_wconf 72' lang='lat' dir='ltr'><strong>populorum.</strong></span> <span class='ocrx_word' id='word_1_51' title='bbox 974 934 1064 999; x_wconf 80' lang='lat' dir='ltr'><strong>Super</strong></span> <span class='ocrx_word' id='word_1_52' title='bbox 1086 932 1153 985; x_wconf 89' lang='lat' dir='ltr'><strong>haec</strong></span> 
     </span>
     <span class='ocr_line' id='line_1_10' title="bbox 350 1002 1153 1072; baseline -0.01 -11"><span class='ocrx_word' id='word_1_53' title='bbox 350 1008 441 1067; x_wconf 90' lang='lat' dir='ltr'><strong>ltalia,</strong></span> <span class='ocrx_word' id='word_1_54' title='bbox 451 1019 522 1072; x_wconf 88' lang='lat' dir='ltr'><strong>quae</strong></span> <span class='ocrx_word' id='word_1_55' title='bbox 533 1002 566 1054; x_wconf 90' lang='lat' dir='ltr'><strong>L.</strong></span> <span class='ocrx_word' id='word_1_56' title='bbox 579 1002 695 1054; x_wconf 91' lang='lat' dir='ltr'><strong>Aemilio</strong></span> <span class='ocrx_word' id='word_1_57' title='bbox 707 1002 805 1065; x_wconf 90' lang='lat' dir='ltr'><strong>Paulo,</strong></span> <span class='ocrx_word' id='word_1_58' title='bbox 815 1004 844 1053; x_wconf 90' lang='lat' dir='ltr'><strong>C.</strong></span> <span class='ocrx_word' id='word_1_59' title='bbox 856 1004 954 1054; x_wconf 89' lang='lat' dir='ltr'><strong>Attilio</strong></span> <span class='ocrx_word' id='word_1_60' title='bbox 966 1002 1073 1070; x_wconf 80' lang='lat' dir='ltr'><strong>Regulo</strong></span> <span class='ocrx_word' id='word_1_61' title='bbox 1085 1005 1153 1054; x_wconf 89' lang='lat' dir='ltr'><strong>Con·</strong></span> 
     </span>
     <span class='ocr_line' id='line_1_11' title="bbox 350 1071 1155 1135; baseline -0.011 -6"><span class='ocrx_word' id='word_1_62' title='bbox 350 1078 466 1135; x_wconf 90' lang='lat' dir='ltr'><strong>solibus,</strong></span> <span class='ocrx_word' id='word_1_63' title='bbox 490 1071 618 1124; x_wconf 89' lang='lat' dir='ltr'><strong>nuntiato</strong></span> <span class='ocrx_word' id='word_1_64' title='bbox 630 1071 739 1123; x_wconf 85' lang='lat' dir='ltr'><strong>Gallico</strong></span> <span class='ocrx_word' id='word_1_65' title='bbox 752 1072 883 1135; x_wconf 84' lang='lat' dir='ltr'><strong>tumultu,</strong></span> <span class='ocrx_word' id='word_1_66' title='bbox 904 1072 966 1123; x_wconf 90' lang='lat' dir='ltr'><strong>sola</strong></span> <span class='ocrx_word' id='word_1_67' title='bbox 985 1072 1044 1123; x_wconf 88' lang='lat' dir='ltr'><strong>siae</strong></span> <span class='ocrx_word' id='word_1_68' title='bbox 1065 1080 1155 1122; x_wconf 84' lang='lat' dir='ltr'><strong>exter·</strong></span> 
     </span>
     <span class='ocr_line' id='line_1_12' title="bbox 351 1141 1154 1209; baseline -0.006 -13"><span class='ocrx_word' id='word_1_69' title='bbox 351 1147 394 1197; x_wconf 91' lang='lat' dir='ltr'><strong>nis</strong></span> <span class='ocrx_word' id='word_1_70' title='bbox 419 1144 484 1194; x_wconf 92' lang='lat' dir='ltr'><strong>ullis</strong></span> <span class='ocrx_word' id='word_1_71' title='bbox 506 1142 638 1202; x_wconf 76' lang='lat' dir='ltr'><strong>auxiliis,</strong></span> <span class='ocrx_word' id='word_1_72' title='bbox 660 1150 743 1209; x_wconf 86' lang='lat' dir='ltr'><strong>atque</strong></span> <span class='ocrx_word' id='word_1_73' title='bbox 764 1143 847 1194; x_wconf 86' lang='lat' dir='ltr'><strong>ctiam</strong></span> <span class='ocrx_word' id='word_1_74' title='bbox 869 1150 935 1192; x_wconf 90' lang='lat' dir='ltr'><strong>tunc</strong></span> <span class='ocrx_word' id='word_1_75' title='bbox 950 1141 1010 1193; x_wconf 90' lang='lat' dir='ltr'><strong>sinc</strong></span> <span class='ocrx_word' id='word_1_76' title='bbox 1029 1148 1154 1206; x_wconf 84' lang='lat' dir='ltr'><strong>transpa-</strong></span> 
     </span>
     <span class='ocr_line' id='line_1_13' title="bbox 333 1207 1153 1279; baseline -0.005 -15"><span class='ocrx_word' id='word_1_77' title='bbox 333 1213 438 1274; x_wconf 78' lang='lat' dir='ltr'><strong>‘daois,</strong></span> <span class='ocrx_word' id='word_1_78' title='bbox 460 1214 582 1279; x_wconf 90' lang='lat' dir='ltr'><strong>equitum</strong></span> <span class='ocrx_word' id='word_1_79' title='bbox 600 1210 703 1261; x_wconf 85' lang='lat' dir='ltr'><strong>LXXX</strong></span> <span class='ocrx_word' id='word_1_80' title='bbox 720 1212 758 1261; x_wconf 94' lang='lat' dir='ltr'><strong>M.</strong></span> <span class='ocrx_word' id='word_1_81' title='bbox 778 1210 901 1277; x_wconf 89' lang='lat' dir='ltr'><strong>peditum</strong></span> <span class='ocrx_word' id='word_1_82' title='bbox 918 1209 988 1260; x_wconf 93' lang='lat' dir='ltr'><strong>DCC</strong></span> <span class='ocrx_word' id='word_1_83' title='bbox 1005 1207 1044 1260; x_wconf 88' lang='lat' dir='ltr'><strong>M.</strong></span> <span class='ocrx_word' id='word_1_84' title='bbox 1066 1224 1153 1260; x_wconf 88' lang='lat' dir='ltr'><strong>arma·</strong></span> 
     </span>
     <span class='ocr_line' id='line_1_14' title="bbox 349 1277 1153 1334; baseline -0.004 -3"><span class='ocrx_word' id='word_1_85' title='bbox 349 1284 398 1334; x_wconf 88' lang='lat' dir='ltr'><strong>vit.</strong></span> <span class='ocrx_word' id='word_1_86' title='bbox 421 1280 601 1333; x_wconf 82' lang='lat' dir='ltr'><strong>Metellorum</strong></span> <span class='ocrx_word' id='word_1_87' title='bbox 622 1282 745 1331; x_wconf 91' lang='lat' dir='ltr'><strong>omnium</strong></span> <span class='ocrx_word' id='word_1_88' title='bbox 758 1277 906 1331; x_wconf 76' lang='lat' dir='ltr'><strong>fertilitate</strong></span> <span class='ocrx_word' id='word_1_89' title='bbox 917 1278 1001 1330; x_wconf 87' lang='lat' dir='ltr'><strong>nullis</strong></span> <span class='ocrx_word' id='word_1_90' title='bbox 1012 1277 1088 1330; x_wconf 89' lang='lat' dir='ltr'><strong>cedit</strong></span> <span class='ocrx_word' id='word_1_91' title='bbox 1099 1285 1153 1330; x_wconf 89' lang='lat' dir='ltr'><strong>ter·</strong></span> 
     </span>
     <span class='ocr_line' id='line_1_15' title="bbox 348 1347 1153 1414; baseline -0.007 -10"><span class='ocrx_word' id='word_1_92' title='bbox 348 1354 398 1404; x_wconf 90' lang='lat' dir='ltr'><strong>ris.</strong></span> <span class='ocrx_word' id='word_1_93' title='bbox 420 1349 474 1404; x_wconf 85' lang='lat' dir='ltr'><strong>Sed</strong></span> <span class='ocrx_word' id='word_1_94' title='bbox 487 1349 667 1401; x_wconf 87' lang='lat' dir='ltr'><strong>interdictum</strong></span> <span class='ocrx_word' id='word_1_95' title='bbox 676 1347 705 1400; x_wconf 94' lang='lat' dir='ltr'><strong>id</strong></span> <span class='ocrx_word' id='word_1_96' title='bbox 715 1354 810 1402; x_wconf 80' lang='lat' dir='ltr'><strong>vetere</strong></span> <span class='ocrx_word' id='word_1_97' title='bbox 821 1348 948 1401; x_wconf 88' lang='lat' dir='ltr'><strong>consulto</strong></span> <span class='ocrx_word' id='word_1_98' title='bbox 958 1353 1084 1414; x_wconf 88' lang='lat' dir='ltr'><strong>patrum,</strong></span> <span class='ocrx_word' id='word_1_99' title='bbox 1099 1348 1153 1399; x_wconf 88' lang='lat' dir='ltr'><strong>lta·</strong></span> 
     </span>
     <span class='ocr_line' id='line_1_16' title="bbox 348 1419 671 1486; baseline -0.012 -13"><span class='ocrx_word' id='word_1_100' title='bbox 348 1422 406 1473; x_wconf 89' lang='lat' dir='ltr'><strong>liae</strong></span> <span class='ocrx_word' id='word_1_101' title='bbox 418 1419 496 1486; x_wconf 87' lang='lat' dir='ltr'><strong>parci</strong></span> <span class='ocrx_word' id='word_1_102' title='bbox 506 1419 671 1471; x_wconf 90' lang='lat' dir='ltr'><strong>iubentium.</strong></span> 
     </span>
    </p>

    <p class='ocr_par' dir='ltr' id='par_1_3' title="bbox 348 1483 1153 1897">
     <span class='ocr_line' id='line_1_17' title="bbox 384 1483 1153 1552; baseline -0.007 -11"><span class='ocrx_word' id='word_1_103' title='bbox 384 1488 472 1541; x_wconf 83' lang='lat' dir='ltr'><strong>XXV.</strong></span> <span class='ocrx_word' id='word_1_104' title='bbox 494 1487 587 1539; x_wconf 90' lang='lat' dir='ltr'><strong>Arsiae</strong></span> <span class='ocrx_word' id='word_1_105' title='bbox 609 1501 675 1552; x_wconf 87' lang='lat' dir='ltr'><strong>gens</strong></span> <span class='ocrx_word' id='word_1_106' title='bbox 695 1483 882 1538; x_wconf 87' lang='lat' dir='ltr'><strong>Liburnorum</strong></span> <span class='ocrx_word' id='word_1_107' title='bbox 903 1484 1041 1551; x_wconf 87' lang='lat' dir='ltr'><strong>iungitur,</strong></span> <span class='ocrx_word' id='word_1_108' title='bbox 1065 1499 1153 1550; x_wconf 85' lang='lat' dir='ltr'><strong>usquc</strong></span> 
     </span>
     <span class='ocr_line' id='line_1_18' title="bbox 349 1553 1152 1620; baseline -0.011 -7"><span class='ocrx_word' id='word_1_109' title='bbox 349 1559 385 1613; x_wconf 90' lang='lat' dir='ltr'><strong>ad</strong></span> <span class='ocrx_word' id='word_1_110' title='bbox 396 1558 496 1608; x_wconf 88' lang='lat' dir='ltr'><strong>iluman</strong></span> <span class='ocrx_word' id='word_1_111' title='bbox 507 1557 621 1608; x_wconf 89' lang='lat' dir='ltr'><strong>Titium.</strong></span> <span class='ocrx_word' id='word_1_112' title='bbox 639 1554 707 1605; x_wconf 85' lang='lat' dir='ltr'><strong>l&#39;ars</strong></span> <span class='ocrx_word' id='word_1_113' title='bbox 718 1555 777 1604; x_wconf 88' lang='lat' dir='ltr'><strong>eius</strong></span> <span class='ocrx_word' id='word_1_114' title='bbox 789 1553 867 1606; x_wconf 77' lang='lat' dir='ltr'><strong>fuere</strong></span> <span class='ocrx_word' id='word_1_115' title='bbox 881 1557 1032 1614; x_wconf 88' lang='lat' dir='ltr'><strong>Mentores,</strong></span> <span class='ocrx_word' id='word_1_116' title='bbox 1044 1554 1152 1620; x_wconf 83' lang='lat' dir='ltr'><strong>Hyma-</strong></span> 
     </span>
     <span class='ocr_line' id='line_1_19' title="bbox 348 1621 1152 1691; baseline -0.012 -9"><span class='ocrx_word' id='word_1_117' title='bbox 348 1632 386 1691; x_wconf 87' lang='lat' dir='ltr'><strong>ni,</strong></span> <span class='ocrx_word' id='word_1_118' title='bbox 403 1624 566 1687; x_wconf 86' lang='lat' dir='ltr'><strong>Encheleae,</strong></span> <span class='ocrx_word' id='word_1_119' title='bbox 585 1623 666 1685; x_wconf 87' lang='lat' dir='ltr'><strong>Burri,</strong></span> <span class='ocrx_word' id='word_1_120' title='bbox 686 1628 714 1674; x_wconf 87' lang='lat' dir='ltr'><strong>at</strong></span> <span class='ocrx_word' id='word_1_121' title='bbox 726 1638 797 1691; x_wconf 89' lang='lat' dir='ltr'><strong>quos</strong></span> <span class='ocrx_word' id='word_1_122' title='bbox 808 1621 993 1675; x_wconf 87' lang='lat' dir='ltr'><strong>Callimachus</strong></span> <span class='ocrx_word' id='word_1_123' title='bbox 1004 1622 1152 1673; x_wconf 85' lang='lat' dir='ltr'><strong>Peucetias</strong></span> 
     </span>
     <span class='ocr_line' id='line_1_20' title="bbox 349 1692 1153 1765; baseline -0.01 -17"><span class='ocrx_word' id='word_1_124' title='bbox 349 1697 490 1765; x_wconf 83' lang='lat' dir='ltr'><strong>appellat:</strong></span> <span class='ocrx_word' id='word_1_125' title='bbox 507 1710 578 1744; x_wconf 88' lang='lat' dir='ltr'><strong>nunc</strong></span> <span class='ocrx_word' id='word_1_126' title='bbox 590 1700 681 1745; x_wconf 88' lang='lat' dir='ltr'><strong>totum</strong></span> <span class='ocrx_word' id='word_1_127' title='bbox 692 1708 746 1744; x_wconf 85' lang='lat' dir='ltr'><strong>uno</strong></span> <span class='ocrx_word' id='word_1_128' title='bbox 756 1694 870 1744; x_wconf 89' lang='lat' dir='ltr'><strong>nomine</strong></span> <span class='ocrx_word' id='word_1_129' title='bbox 883 1692 1024 1760; x_wconf 87' lang='lat' dir='ltr'><strong>illyricum</strong></span> <span class='ocrx_word' id='word_1_130' title='bbox 1037 1699 1153 1743; x_wconf 78' lang='lat' dir='ltr'><strong>vereatur</strong></span> 
     </span>
     <span class='ocr_line' id='line_1_21' title="bbox 350 1758 1153 1835; baseline -0.01 -17"><span class='ocrx_word' id='word_1_131' title='bbox 350 1766 511 1835; x_wconf 72' lang='lat' dir='ltr'><strong>generatim,</strong></span> <span class='ocrx_word' id='word_1_132' title='bbox 523 1761 686 1831; x_wconf 89' lang='lat' dir='ltr'><strong>populorum</strong></span> <span class='ocrx_word' id='word_1_133' title='bbox 698 1777 788 1829; x_wconf 87' lang='lat' dir='ltr'><strong>pauca</strong></span> <span class='ocrx_word' id='word_1_134' title='bbox 798 1761 884 1813; x_wconf 78' lang='lat' dir='ltr'><strong>effatu</strong></span> <span class='ocrx_word' id='word_1_135' title='bbox 896 1761 987 1829; x_wconf 86' lang='lat' dir='ltr'><strong>digna,</strong></span> <span class='ocrx_word' id='word_1_136' title='bbox 999 1767 1048 1812; x_wconf 88' lang='lat' dir='ltr'><strong>aut</strong></span> <span class='ocrx_word' id='word_1_137' title='bbox 1056 1758 1153 1812; x_wconf 77' lang='lat' dir='ltr'><strong>facilia</strong></span> 
     </span>
     <span class='ocr_line' id='line_1_22' title="bbox 349 1830 1152 1897; baseline -0.009 -8"><span class='ocrx_word' id='word_1_138' title='bbox 349 1836 471 1889; x_wconf 87' lang='lat' dir='ltr'><strong>nomino.</strong></span> <span class='ocrx_word' id='word_1_139' title='bbox 490 1834 661 1884; x_wconf 81' lang='lat' dir='ltr'><strong>Conveniam</strong></span> <span class='ocrx_word' id='word_1_140' title='bbox 672 1830 904 1883; x_wconf 73' lang='lat' dir='ltr'><strong>Scardonitanum</strong></span> <span class='ocrx_word' id='word_1_141' title='bbox 916 1836 1014 1897; x_wconf 90' lang='lat' dir='ltr'><strong>petunt</strong></span> <span class='ocrx_word' id='word_1_142' title='bbox 1025 1830 1152 1897; x_wconf 87' lang='lat' dir='ltr'><strong>lapydes,</strong></span> 
     </span>
    </p>
   </div>
   <div class='ocr_carea' id='block_1_3' title="bbox 250 1898 1152 1967">
    <p class='ocr_par' dir='ltr' id='par_1_4' title="bbox 250 1898 1152 1967">
     <span class='ocr_line' id='line_1_23' title="bbox 250 1898 1152 1967; baseline -0.009 -9"><span class='ocrx_word' id='word_1_143' title='bbox 250 1948 254 1957; x_wconf 89' lang='lat'><strong>.</strong></span> <span class='ocrx_word' id='word_1_144' title='bbox 349 1912 378 1958; x_wconf 92' lang='lat' dir='ltr'><strong>et</strong></span> <span class='ocrx_word' id='word_1_145' title='bbox 390 1904 573 1955; x_wconf 87' lang='lat' dir='ltr'><strong>Liburnorum</strong></span> <span class='ocrx_word' id='word_1_146' title='bbox 591 1900 715 1953; x_wconf 86' lang='lat' dir='ltr'><strong>civitates</strong></span> <span class='ocrx_word' id='word_1_147' title='bbox 726 1898 807 1964; x_wconf 81' lang='lat' dir='ltr'><strong>XlV3</strong></span> <span class='ocrx_word' id='word_1_148' title='bbox 826 1900 952 1967; x_wconf 75' lang='lat' dir='ltr'><strong>equibus</strong></span> <span class='ocrx_word' id='word_1_149' title='bbox 962 1899 1152 1962; x_wconf 71' lang='lat' dir='ltr'><strong>Lacinienses,</strong></span> 
     </span>
    </p>
   </div>
   <div class='ocr_carea' id='block_1_4' title="bbox 338 1968 1183 5618">
    <p class='ocr_par' dir='ltr' id='par_1_5' title="bbox 338 1968 1154 2854">
     <span class='ocr_line' id='line_1_24' title="bbox 338 1968 1152 2041; baseline -0.009 -17"><span class='ocrx_word' id='word_1_150' title='bbox 338 1974 507 2041; x_wconf 60' lang='lat' dir='ltr'><strong>‚Stlupinom</strong></span> <span class='ocrx_word' id='word_1_151' title='bbox 525 1970 688 2032; x_wconf 85' lang='lat' dir='ltr'><strong>Burnistas,</strong></span> <span class='ocrx_word' id='word_1_152' title='bbox 709 1968 882 2021; x_wconf 81' lang='lat' dir='ltr'><strong>olbonenses</strong></span> <span class='ocrx_word' id='word_1_153' title='bbox 891 1970 1034 2019; x_wconf 87' lang='lat' dir='ltr'><strong>nominare</strong></span> <span class='ocrx_word' id='word_1_154' title='bbox 1045 1984 1099 2019; x_wconf 90' lang='lat' dir='ltr'><strong>nou</strong></span> <span class='ocrx_word' id='word_1_155' title='bbox 1114 1969 1152 2033; x_wconf 88' lang='lat' dir='ltr'><strong>pi·</strong></span> 
     </span>
     <span class='ocr_line' id='line_1_25' title="bbox 350 2036 1150 2110; baseline -0.008 -15"><span class='ocrx_word' id='word_1_156' title='bbox 350 2053 423 2110; x_wconf 80' lang='lat' dir='ltr'><strong>goat.</strong></span> <span class='ocrx_word' id='word_1_157' title='bbox 443 2042 487 2091; x_wconf 90' lang='lat' dir='ltr'><strong>lus</strong></span> <span class='ocrx_word' id='word_1_158' title='bbox 500 2039 625 2091; x_wconf 86' lang='lat' dir='ltr'><strong>italicum</strong></span> <span class='ocrx_word' id='word_1_159' title='bbox 647 2037 750 2091; x_wconf 89' lang='lat' dir='ltr'><strong>habent</strong></span> <span class='ocrx_word' id='word_1_160' title='bbox 761 2053 794 2090; x_wconf 90' lang='lat' dir='ltr'><strong>eo</strong></span> <span class='ocrx_word' id='word_1_161' title='bbox 807 2045 944 2089; x_wconf 83' lang='lat' dir='ltr'><strong>coaventu</strong></span> <span class='ocrx_word' id='word_1_162' title='bbox 955 2038 1063 2097; x_wconf 88' lang='lat' dir='ltr'><strong>Alutae,</strong></span> <span class='ocrx_word' id='word_1_163' title='bbox 1086 2036 1150 2089; x_wconf 83' lang='lat' dir='ltr'><strong>Pla-</strong></span> 
     </span>
     <span class='ocr_line' id='line_1_26' title="bbox 349 2104 1152 2175; baseline -0.012 -10"><span class='ocrx_word' id='word_1_164' title='bbox 349 2121 437 2173; x_wconf 86' lang='lat' dir='ltr'><strong>nates,</strong></span> <span class='ocrx_word' id='word_1_165' title='bbox 457 2108 583 2175; x_wconf 90' lang='lat' dir='ltr'><strong>aquibus</strong></span> <span class='ocrx_word' id='word_1_166' title='bbox 594 2108 672 2159; x_wconf 92' lang='lat' dir='ltr'><strong>sinus</strong></span> <span class='ocrx_word' id='word_1_167' title='bbox 685 2106 859 2159; x_wconf 88' lang='lat' dir='ltr'><strong>nominatur:</strong></span> <span class='ocrx_word' id='word_1_168' title='bbox 880 2106 975 2173; x_wconf 91' lang='lat' dir='ltr'><strong>Lopsi,</strong></span> <span class='ocrx_word' id='word_1_169' title='bbox 997 2104 1152 2168; x_wconf 74' lang='lat' dir='ltr'><strong>Varvarini,</strong></span> 
     </span>
     <span class='ocr_line' id='line_1_27' title="bbox 348 2175 1151 2244; baseline -0.009 -11"><span class='ocrx_word' id='word_1_170' title='bbox 348 2185 536 2244; x_wconf 81' lang='lat' dir='ltr'><strong>insomnesque</strong></span> <span class='ocrx_word' id='word_1_171' title='bbox 547 2176 718 2239; x_wconf 81' lang='lat' dir='ltr'><strong>Assesiates3</strong></span> <span class='ocrx_word' id='word_1_172' title='bbox 730 2182 758 2229; x_wconf 90' lang='lat' dir='ltr'><strong>et</strong></span> <span class='ocrx_word' id='word_1_173' title='bbox 769 2191 804 2228; x_wconf 83' lang='lat' dir='ltr'><strong>ex</strong></span> <span class='ocrx_word' id='word_1_174' title='bbox 814 2176 912 2228; x_wconf 89' lang='lat' dir='ltr'><strong>insulis</strong></span> <span class='ocrx_word' id='word_1_175' title='bbox 924 2175 1089 2237; x_wconf 76' lang='lat' dir='ltr'><strong>Fertinates,</strong></span> <span class='ocrx_word' id='word_1_176' title='bbox 1102 2177 1151 2226; x_wconf 89' lang='lat' dir='ltr'><strong>Cu·</strong></span> 
     </span>
     <span class='ocr_line' id='line_1_28' title="bbox 348 2244 1152 2313; baseline -0.012 -9"><span class='ocrx_word' id='word_1_177' title='bbox 348 2252 443 2305; x_wconf 88' lang='lat' dir='ltr'><strong>rictae.</strong></span> <span class='ocrx_word' id='word_1_178' title='bbox 462 2250 590 2299; x_wconf 87' lang='lat' dir='ltr'><strong>Ceterum</strong></span> <span class='ocrx_word' id='word_1_179' title='bbox 602 2261 651 2312; x_wconf 90' lang='lat' dir='ltr'><strong>per</strong></span> <span class='ocrx_word' id='word_1_180' title='bbox 660 2259 737 2297; x_wconf 87' lang='lat' dir='ltr'><strong>oram</strong></span> <span class='ocrx_word' id='word_1_181' title='bbox 750 2245 1024 2313; x_wconf 80' lang='lat' dir='ltr'><strong>oppidaabiesaetio,</strong></span> <span class='ocrx_word' id='word_1_182' title='bbox 1034 2244 1152 2304; x_wconf 82' lang='lat' dir='ltr'><strong>Alcona,</strong></span> 
     </span>
     <span class='ocr_line' id='line_1_29' title="bbox 349 2312 1151 2382; baseline -0.01 -9"><span class='ocrx_word' id='word_1_183' title='bbox 349 2321 484 2380; x_wconf 85' lang='lat' dir='ltr'><strong>Flanona,</strong></span> <span class='ocrx_word' id='word_1_184' title='bbox 496 2317 655 2378; x_wconf 74' lang='lat' dir='ltr'><strong>Tarsatica,</strong></span> <span class='ocrx_word' id='word_1_185' title='bbox 676 2312 768 2378; x_wconf 85' lang='lat' dir='ltr'><strong>Senia,</strong></span> <span class='ocrx_word' id='word_1_186' title='bbox 789 2316 916 2382; x_wconf 84' lang='lat' dir='ltr'><strong>Lopsica,</strong></span> <span class='ocrx_word' id='word_1_187' title='bbox 932 2314 1078 2379; x_wconf 86' lang='lat' dir='ltr'><strong>Ortopula,</strong></span> <span class='ocrx_word' id='word_1_188' title='bbox 1095 2312 1151 2365; x_wconf 91' lang='lat' dir='ltr'><strong>Ve-</strong></span> 
     </span>
     <span class='ocr_line' id='line_1_30' title="bbox 348 2383 1152 2459; baseline -0.01 -19"><span class='ocrx_word' id='word_1_189' title='bbox 348 2390 433 2459; x_wconf 83' lang='lat' dir='ltr'><strong>gium,</strong></span> <span class='ocrx_word' id='word_1_190' title='bbox 451 2390 649 2454; x_wconf 78' lang='lat' dir='ltr'><strong>Argyruntum,</strong></span> <span class='ocrx_word' id='word_1_191' title='bbox 662 2384 815 2445; x_wconf 87' lang='lat' dir='ltr'><strong>Corinium,</strong></span> <span class='ocrx_word' id='word_1_192' title='bbox 826 2387 952 2446; x_wconf 71' lang='lat' dir='ltr'><strong>,hennom</strong></span> <span class='ocrx_word' id='word_1_193' title='bbox 969 2384 1066 2434; x_wconf 84' lang='lat' dir='ltr'><strong>civitas</strong></span> <span class='ocrx_word' id='word_1_194' title='bbox 1078 2383 1152 2433; x_wconf 88' lang='lat' dir='ltr'><strong>Pasi-</strong></span> 
     </span>
     <span class='ocr_line' id='line_1_31' title="bbox 350 2451 1153 2520; baseline -0.009 -10"><span class='ocrx_word' id='word_1_195' title='bbox 350 2460 387 2511; x_wconf 88' lang='lat' dir='ltr'><strong>ni:</strong></span> <span class='ocrx_word' id='word_1_196' title='bbox 410 2457 527 2509; x_wconf 79' lang='lat' dir='ltr'><strong>Flumen</strong></span> <span class='ocrx_word' id='word_1_197' title='bbox 538 2454 704 2516; x_wconf 79' lang='lat' dir='ltr'><strong>&#39;l&#39;edanium,</strong></span> <span class='ocrx_word' id='word_1_198' title='bbox 722 2469 776 2520; x_wconf 90' lang='lat' dir='ltr'><strong>quo</strong></span> <span class='ocrx_word' id='word_1_199' title='bbox 789 2454 885 2505; x_wconf 86' lang='lat' dir='ltr'><strong>linitur</strong></span> <span class='ocrx_word' id='word_1_200' title='bbox 895 2451 1020 2520; x_wconf 84' lang='lat' dir='ltr'><strong>Iapydia.</strong></span> <span class='ocrx_word' id='word_1_201' title='bbox 1039 2451 1153 2504; x_wconf 88' lang='lat' dir='ltr'><strong>insulae</strong></span> 
     </span>
     <span class='ocr_line' id='line_1_32' title="bbox 351 2520 1153 2590; baseline -0.012 -10"><span class='ocrx_word' id='word_1_202' title='bbox 351 2530 409 2580; x_wconf 87' lang='lat' dir='ltr'><strong>rios</strong></span> <span class='ocrx_word' id='word_1_203' title='bbox 430 2526 508 2575; x_wconf 89' lang='lat' dir='ltr'><strong>sinus</strong></span> <span class='ocrx_word' id='word_1_204' title='bbox 520 2539 581 2573; x_wconf 90' lang='lat' dir='ltr'><strong>eum</strong></span> <span class='ocrx_word' id='word_1_205' title='bbox 594 2522 712 2590; x_wconf 85' lang='lat' dir='ltr'><strong>oppidis,</strong></span> <span class='ocrx_word' id='word_1_206' title='bbox 735 2530 847 2590; x_wconf 88' lang='lat' dir='ltr'><strong>praeter</strong></span> <span class='ocrx_word' id='word_1_207' title='bbox 866 2537 950 2590; x_wconf 88' lang='lat' dir='ltr'><strong>supra</strong></span> <span class='ocrx_word' id='word_1_208' title='bbox 970 2520 1153 2588; x_wconf 82' lang='lat' dir='ltr'><strong>significatas,</strong></span> 
     </span>
     <span class='ocr_line' id='line_1_33' title="bbox 351 2590 1153 2663; baseline -0.012 -14"><span class='ocrx_word' id='word_1_209' title='bbox 351 2596 520 2663; x_wconf 84' lang='lat' dir='ltr'><strong>Absyrtium,</strong></span> <span class='ocrx_word' id='word_1_210' title='bbox 539 2592 622 2653; x_wconf 88' lang='lat' dir='ltr'><strong>Arba,</strong></span> <span class='ocrx_word' id='word_1_211' title='bbox 634 2594 731 2653; x_wconf 74' lang='lat' dir='ltr'><strong>Crexa,</strong></span> <span class='ocrx_word' id='word_1_212' title='bbox 744 2592 838 2655; x_wconf 84' lang='lat' dir='ltr'><strong>Gissa,</strong></span> <span class='ocrx_word' id='word_1_213' title='bbox 859 2590 1023 2643; x_wconf 90' lang='lat' dir='ltr'><strong>Portunata.</strong></span> <span class='ocrx_word' id='word_1_214' title='bbox 1047 2590 1153 2641; x_wconf 83' lang='lat' dir='ltr'><strong>Rursus</strong></span> 
     </span>
     <span class='ocr_line' id='line_1_34' title="bbox 351 2658 1153 2727; baseline -0.007 -11"><span class='ocrx_word' id='word_1_215' title='bbox 351 2669 377 2717; x_wconf 92' lang='lat' dir='ltr'><strong>in</strong></span> <span class='ocrx_word' id='word_1_216' title='bbox 391 2665 550 2717; x_wconf 80' lang='lat' dir='ltr'><strong>continente</strong></span> <span class='ocrx_word' id='word_1_217' title='bbox 572 2660 682 2712; x_wconf 90' lang='lat' dir='ltr'><strong>colonia</strong></span> <span class='ocrx_word' id='word_1_218' title='bbox 700 2659 807 2721; x_wconf 85' lang='lat' dir='ltr'><strong>ladem,</strong></span> <span class='ocrx_word' id='word_1_219' title='bbox 828 2676 900 2727; x_wconf 86' lang='lat' dir='ltr'><strong>quaa</strong></span> <span class='ocrx_word' id='word_1_220' title='bbox 920 2658 1018 2714; x_wconf 87' lang='lat' dir='ltr'><strong>al‘ola</strong></span> <span class='ocrx_word' id='word_1_221' title='bbox 1029 2659 1102 2711; x_wconf 85' lang='lat' dir='ltr'><strong>CLX</strong></span> <span class='ocrx_word' id='word_1_222' title='bbox 1114 2661 1153 2710; x_wconf 86' lang='lat' dir='ltr'><strong>M.</strong></span> 
     </span>
     <span class='ocr_line' id='line_1_35' title="bbox 349 2727 1154 2802; baseline -0.006 -16"><span class='ocrx_word' id='word_1_223' title='bbox 349 2750 421 2802; x_wconf 87' lang='lat' dir='ltr'><strong>pass.</strong></span> <span class='ocrx_word' id='word_1_224' title='bbox 435 2732 527 2785; x_wconf 83' lang='lat' dir='ltr'><strong>abest:</strong></span> <span class='ocrx_word' id='word_1_225' title='bbox 540 2730 603 2783; x_wconf 91' lang='lat' dir='ltr'><strong>inde</strong></span> <span class='ocrx_word' id='word_1_226' title='bbox 615 2728 732 2799; x_wconf 86' lang='lat' dir='ltr'><strong>triginta</strong></span> <span class='ocrx_word' id='word_1_227' title='bbox 742 2730 934 2782; x_wconf 85' lang='lat' dir='ltr'><strong>M.Culentum</strong></span> <span class='ocrx_word' id='word_1_228' title='bbox 946 2727 1053 2779; x_wconf 86' lang='lat' dir='ltr'><strong>insula:</strong></span> <span class='ocrx_word' id='word_1_229' title='bbox 1063 2728 1154 2782; x_wconf 91' lang='lat' dir='ltr'><strong>XVlll</strong></span> 
     </span>
     <span class='ocr_line' id='line_1_36' title="bbox 352 2798 678 2854; baseline -0.015 0"><span class='ocrx_word' id='word_1_230' title='bbox 352 2803 456 2854; x_wconf 90' lang='lat' dir='ltr'><strong>ostium</strong></span> <span class='ocrx_word' id='word_1_231' title='bbox 467 2800 537 2851; x_wconf 89' lang='lat' dir='ltr'><strong>Titii</strong></span> <span class='ocrx_word' id='word_1_232' title='bbox 549 2798 678 2851; x_wconf 85' lang='lat' dir='ltr'><strong>ssunriuis.</strong></span> 
     </span>
    </p>

    <p class='ocr_par' dir='ltr' id='par_1_6' title="bbox 350 2864 1183 5618">
     <span class='ocr_line' id='line_1_37' title="bbox 384 2864 1154 2930; baseline -0.006 -7"><span class='ocrx_word' id='word_1_233' title='bbox 384 2870 483 2923; x_wconf 84' lang='lat' dir='ltr'><strong>XXVl.</strong></span> <span class='ocrx_word' id='word_1_234' title='bbox 496 2868 646 2922; x_wconf 87' lang='lat' dir='ltr'><strong>Liburniae</strong></span> <span class='ocrx_word' id='word_1_235' title='bbox 657 2866 729 2930; x_wconf 85' lang='lat' dir='ltr'><strong>finis,</strong></span> <span class='ocrx_word' id='word_1_236' title='bbox 742 2872 770 2920; x_wconf 89' lang='lat' dir='ltr'><strong>et</strong></span> <span class='ocrx_word' id='word_1_237' title='bbox 780 2865 892 2919; x_wconf 87' lang='lat' dir='ltr'><strong>initium</strong></span> <span class='ocrx_word' id='word_1_238' title='bbox 903 2864 1063 2918; x_wconf 76' lang='lat' dir='ltr'><strong>Dalmatiae</strong></span> <span class='ocrx_word' id='word_1_239' title='bbox 1075 2865 1154 2918; x_wconf 85' lang='lat' dir='ltr'><strong>Scar-</strong></span> 
     </span>
     <span class='ocr_line' id='line_1_38' title="bbox 350 2934 1152 3003; baseline -0.006 -11"><span class='ocrx_word' id='word_1_240' title='bbox 350 2941 433 3000; x_wconf 86' lang='lat' dir='ltr'><strong>dona,</strong></span> <span class='ocrx_word' id='word_1_241' title='bbox 449 2939 477 2989; x_wconf 89' lang='lat' dir='ltr'><strong>ia</strong></span> <span class='ocrx_word' id='word_1_242' title='bbox 488 2954 568 2989; x_wconf 89' lang='lat' dir='ltr'><strong>amne</strong></span> <span class='ocrx_word' id='word_1_243' title='bbox 579 2953 624 2997; x_wconf 84' lang='lat' dir='ltr'><strong>eo,</strong></span> <span class='ocrx_word' id='word_1_244' title='bbox 640 2934 691 2988; x_wconf 86' lang='lat' dir='ltr'><strong>Xll</strong></span> <span class='ocrx_word' id='word_1_245' title='bbox 702 2936 741 2989; x_wconf 88' lang='lat' dir='ltr'><strong>M.</strong></span> <span class='ocrx_word' id='word_1_246' title='bbox 755 2951 829 3003; x_wconf 87' lang='lat' dir='ltr'><strong>pass.</strong></span> <span class='ocrx_word' id='word_1_247' title='bbox 841 2951 858 2987; x_wconf 89' lang='lat' dir='ltr'><strong>a</strong></span> <span class='ocrx_word' id='word_1_248' title='bbox 868 2936 949 2986; x_wconf 89' lang='lat' dir='ltr'><strong>mari.</strong></span> <span class='ocrx_word' id='word_1_249' title='bbox 966 2934 1040 2987; x_wconf 88' lang='lat' dir='ltr'><strong>Dein</strong></span> <span class='ocrx_word' id='word_1_250' title='bbox 1051 2936 1152 2987; x_wconf 89' lang='lat' dir='ltr'><strong>Tario-</strong></span> 
     </span>
     <span class='ocr_line' id='line_1_39' title="bbox 350 3002 1153 3073; baseline -0.007 -13"><span class='ocrx_word' id='word_1_251' title='bbox 350 3020 442 3062; x_wconf 84' lang='lat' dir='ltr'><strong>tarum</strong></span> <span class='ocrx_word' id='word_1_252' title='bbox 464 3007 521 3057; x_wconf 87' lang='lat' dir='ltr'><strong>aoti</strong></span> <span class='ocrx_word' id='word_1_253' title='bbox 540 3021 578 3056; x_wconf 90' lang='lat' dir='ltr'><strong>ua</strong></span> <span class='ocrx_word' id='word_1_254' title='bbox 593 3002 695 3073; x_wconf 81' lang='lat' dir='ltr'><strong>Regio,</strong></span> <span class='ocrx_word' id='word_1_255' title='bbox 718 3010 746 3055; x_wconf 89' lang='lat' dir='ltr'><strong>et</strong></span> <span class='ocrx_word' id='word_1_256' title='bbox 768 3004 914 3055; x_wconf 88' lang='lat' dir='ltr'><strong>castellum</strong></span> <span class='ocrx_word' id='word_1_257' title='bbox 934 3005 1069 3071; x_wconf 76' lang='lat' dir='ltr'><strong>&#39;rarionaz</strong></span> <span class='ocrx_word' id='word_1_258' title='bbox 1092 3019 1153 3069; x_wconf 90' lang='lat' dir='ltr'><strong>pro-</strong></span> 
     </span>
     <span class='ocr_line' id='line_1_40' title="bbox 352 3071 1154 3139; baseline -0.006 -12"><span class='ocrx_word' id='word_1_259' title='bbox 352 3074 517 3128; x_wconf 90' lang='lat' dir='ltr'><strong>montorium</strong></span> <span class='ocrx_word' id='word_1_260' title='bbox 568 3073 705 3136; x_wconf 87' lang='lat' dir='ltr'><strong>iomedis;</strong></span> <span class='ocrx_word' id='word_1_261' title='bbox 725 3073 778 3134; x_wconf 85' lang='lat' dir='ltr'><strong>rel,</strong></span> <span class='ocrx_word' id='word_1_262' title='bbox 800 3071 901 3134; x_wconf 90' lang='lat' dir='ltr'><strong>utalii,</strong></span> <span class='ocrx_word' id='word_1_263' title='bbox 921 3072 1068 3139; x_wconf 82' lang='lat' dir='ltr'><strong>peninsula</strong></span> <span class='ocrx_word' id='word_1_264' title='bbox 1084 3072 1154 3139; x_wconf 92' lang='lat' dir='ltr'><strong>llyl·</strong></span> 
     </span>
     <span class='ocr_line' id='line_1_41' title="bbox 351 3140 1151 3208; baseline -0.004 -14"><span class='ocrx_word' id='word_1_265' title='bbox 351 3145 396 3207; x_wconf 80' lang='lat' dir='ltr'><strong>lis,</strong></span> <span class='ocrx_word' id='word_1_266' title='bbox 417 3142 533 3193; x_wconf 90' lang='lat' dir='ltr'><strong>circuitu</strong></span> <span class='ocrx_word' id='word_1_267' title='bbox 552 3141 621 3191; x_wconf 89' lang='lat' dir='ltr'><strong>CM.</strong></span> <span class='ocrx_word' id='word_1_268' title='bbox 633 3156 706 3207; x_wconf 85' lang='lat' dir='ltr'><strong>pass.</strong></span> <span class='ocrx_word' id='word_1_269' title='bbox 717 3141 885 3208; x_wconf 78' lang='lat' dir='ltr'><strong>Tragurium</strong></span> <span class='ocrx_word' id='word_1_270' title='bbox 903 3141 1002 3193; x_wconf 88' lang='lat' dir='ltr'><strong>civium</strong></span> <span class='ocrx_word' id='word_1_271' title='bbox 1014 3140 1151 3193; x_wconf 83' lang='lat' dir='ltr'><strong>Romano·</strong></span> 
     </span>
     <span class='ocr_line' id='line_1_42' title="bbox 352 3208 1152 3279; baseline -0.004 -17"><span class='ocrx_word' id='word_1_272' title='bbox 352 3227 421 3272; x_wconf 92' lang='lat' dir='ltr'><strong>rom,</strong></span> <span class='ocrx_word' id='word_1_273' title='bbox 442 3225 580 3262; x_wconf 80' lang='lat' dir='ltr'><strong>marmore</strong></span> <span class='ocrx_word' id='word_1_274' title='bbox 596 3216 707 3261; x_wconf 81' lang='lat' dir='ltr'><strong>notum:</strong></span> <span class='ocrx_word' id='word_1_275' title='bbox 729 3208 832 3272; x_wconf 78' lang='lat' dir='ltr'><strong>Sinum,</strong></span> <span class='ocrx_word' id='word_1_276' title='bbox 851 3210 880 3259; x_wconf 92' lang='lat' dir='ltr'><strong>in</strong></span> <span class='ocrx_word' id='word_1_277' title='bbox 899 3226 979 3279; x_wconf 90' lang='lat' dir='ltr'><strong>quem</strong></span> <span class='ocrx_word' id='word_1_278' title='bbox 1001 3211 1092 3262; x_wconf 92' lang='lat' dir='ltr'><strong>locum</strong></span> <span class='ocrx_word' id='word_1_279' title='bbox 1106 3209 1152 3260; x_wconf 93' lang='lat' dir='ltr'><strong>Di-</strong></span> 
     </span>
     <span class='ocr_line' id='line_1_43' title="bbox 351 3278 1152 3340; baseline -0.004 -9"><span class='ocrx_word' id='word_1_280' title='bbox 351 3298 400 3333; x_wconf 82' lang='lat' dir='ltr'><strong>rus</strong></span> <span class='ocrx_word' id='word_1_281' title='bbox 411 3279 543 3331; x_wconf 88' lang='lat' dir='ltr'><strong>Claudius</strong></span> <span class='ocrx_word' id='word_1_282' title='bbox 552 3286 700 3331; x_wconf 78' lang='lat' dir='ltr'><strong>veteranos</strong></span> <span class='ocrx_word' id='word_1_283' title='bbox 710 3279 796 3330; x_wconf 88' lang='lat' dir='ltr'><strong>misit.</strong></span> <span class='ocrx_word' id='word_1_284' title='bbox 816 3278 919 3331; x_wconf 86' lang='lat' dir='ltr'><strong>Salona</strong></span> <span class='ocrx_word' id='word_1_285' title='bbox 929 3280 1049 3340; x_wconf 87' lang='lat' dir='ltr'><strong>colonia,</strong></span> <span class='ocrx_word' id='word_1_286' title='bbox 1065 3279 1099 3328; x_wconf 84' lang='lat' dir='ltr'><strong>ab</strong></span> <span class='ocrx_word' id='word_1_287' title='bbox 1112 3281 1152 3329; x_wconf 90' lang='lat' dir='ltr'><strong>la-</strong></span> 
     </span>
     <span class='ocr_line' id='line_1_44' title="bbox 352 3346 1152 3414; baseline -0.005 -13"><span class='ocrx_word' id='word_1_288' title='bbox 352 3351 421 3401; x_wconf 90' lang='lat' dir='ltr'><strong>dera</strong></span> <span class='ocrx_word' id='word_1_289' title='bbox 431 3348 501 3400; x_wconf 83' lang='lat' dir='ltr'><strong>CXll</strong></span> <span class='ocrx_word' id='word_1_290' title='bbox 516 3348 554 3399; x_wconf 87' lang='lat' dir='ltr'><strong>M.</strong></span> <span class='ocrx_word' id='word_1_291' title='bbox 567 3362 640 3413; x_wconf 86' lang='lat' dir='ltr'><strong>pass.</strong></span> <span class='ocrx_word' id='word_1_292' title='bbox 659 3347 762 3400; x_wconf 88' lang='lat' dir='ltr'><strong>Petunt</strong></span> <span class='ocrx_word' id='word_1_293' title='bbox 774 3346 803 3399; x_wconf 88' lang='lat' dir='ltr'><strong>in</strong></span> <span class='ocrx_word' id='word_1_294' title='bbox 818 3363 880 3401; x_wconf 87' lang='lat' dir='ltr'><strong>enm</strong></span> <span class='ocrx_word' id='word_1_295' title='bbox 901 3349 963 3400; x_wconf 87' lang='lat' dir='ltr'><strong>iura</strong></span> <span class='ocrx_word' id='word_1_296' title='bbox 974 3346 1105 3414; x_wconf 80' lang='lat' dir='ltr'><strong>descripti</strong></span> <span class='ocrx_word' id='word_1_297' title='bbox 1122 3346 1152 3398; x_wconf 91' lang='lat' dir='ltr'><strong>in</strong></span> 
     </span>
     <span class='ocr_line' id='line_1_45' title="bbox 351 3415 1153 3479; baseline -0.006 -8"><span class='ocrx_word' id='word_1_298' title='bbox 351 3419 478 3471; x_wconf 88' lang='lat' dir='ltr'><strong>decurias</strong></span> <span class='ocrx_word' id='word_1_299' title='bbox 501 3415 713 3478; x_wconf 59' lang='lat' dir='ltr'><strong>CCCLXHH,</strong></span> <span class='ocrx_word' id='word_1_300' title='bbox 747 3418 894 3470; x_wconf 85' lang='lat' dir='ltr'><strong>Dalmatae</strong></span> <span class='ocrx_word' id='word_1_301' title='bbox 920 3416 1015 3479; x_wconf 79' lang='lat' dir='ltr'><strong>xxti,</strong></span> <span class='ocrx_word' id='word_1_302' title='bbox 1046 3415 1153 3467; x_wconf 89' lang='lat' dir='ltr'><strong>Decuoi</strong></span> 
     </span>
     <span class='ocr_line' id='line_1_46' title="bbox 351 3482 1152 3549; baseline -0.002 -9"><span class='ocrx_word' id='word_1_303' title='bbox 351 3486 522 3549; x_wconf 79' lang='lat' dir='ltr'><strong>ccxxxix,</strong></span> <span class='ocrx_word' id='word_1_304' title='bbox 543 3486 673 3537; x_wconf 77' lang='lat' dir='ltr'><strong>Ditiones</strong></span> <span class='ocrx_word' id='word_1_305' title='bbox 685 3484 783 3549; x_wconf 83' lang='lat' dir='ltr'><strong>LXIX,</strong></span> <span class='ocrx_word' id='word_1_306' title='bbox 802 3482 913 3539; x_wconf 85' lang='lat' dir='ltr'><strong>Mazaei</strong></span> <span class='ocrx_word' id='word_1_307' title='bbox 930 3484 988 3548; x_wconf 91' lang='lat' dir='ltr'><strong>Lll,</strong></span> <span class='ocrx_word' id='word_1_308' title='bbox 1002 3485 1152 3539; x_wconf 85' lang='lat' dir='ltr'><strong>Sardiates.</strong></span> 
     </span>
     <span class='ocr_line' id='line_1_47' title="bbox 352 3554 1153 3616; baseline -0.004 -10"><span class='ocrx_word' id='word_1_309' title='bbox 352 3560 380 3607; x_wconf 88' lang='lat' dir='ltr'><strong>ln</strong></span> <span class='ocrx_word' id='word_1_310' title='bbox 392 3554 444 3607; x_wconf 92' lang='lat' dir='ltr'><strong>hoc</strong></span> <span class='ocrx_word' id='word_1_311' title='bbox 455 3562 545 3606; x_wconf 92' lang='lat' dir='ltr'><strong>tractu</strong></span> <span class='ocrx_word' id='word_1_312' title='bbox 557 3561 630 3616; x_wconf 89' lang='lat' dir='ltr'><strong>sunt,</strong></span> <span class='ocrx_word' id='word_1_313' title='bbox 647 3554 779 3616; x_wconf 90' lang='lat' dir='ltr'><strong>Burnum,</strong></span> <span class='ocrx_word' id='word_1_314' title='bbox 798 3556 972 3614; x_wconf 81' lang='lat' dir='ltr'><strong>Andetrium,</strong></span> <span class='ocrx_word' id='word_1_315' title='bbox 988 3554 1153 3615; x_wconf 91' lang='lat' dir='ltr'><strong>Tribulium,</strong></span> 
     </span>
     <span class='ocr_line' id='line_1_48' title="bbox 352 3621 1152 3691; baseline -0.004 -15"><span class='ocrx_word' id='word_1_316' title='bbox 352 3623 606 3691; x_wconf 85' lang='lat' dir='ltr'><strong>nobilitatapopuli</strong></span> <span class='ocrx_word' id='word_1_317' title='bbox 616 3623 734 3674; x_wconf 87' lang='lat' dir='ltr'><strong>Romani</strong></span> <span class='ocrx_word' id='word_1_318' title='bbox 745 3624 858 3691; x_wconf 89' lang='lat' dir='ltr'><strong>proeliis</strong></span> <span class='ocrx_word' id='word_1_319' title='bbox 870 3621 994 3676; x_wconf 91' lang='lat' dir='ltr'><strong>castella.</strong></span> <span class='ocrx_word' id='word_1_320' title='bbox 1010 3621 1113 3675; x_wconf 86' lang='lat' dir='ltr'><strong>Petunt</strong></span> <span class='ocrx_word' id='word_1_321' title='bbox 1124 3631 1152 3673; x_wconf 90' lang='lat' dir='ltr'><strong>et</strong></span> 
     </span>
     <span class='ocr_line' id='line_1_49' title="bbox 351 3690 1152 3760; baseline -0.002 -14"><span class='ocrx_word' id='word_1_322' title='bbox 351 3709 384 3746; x_wconf 79' lang='lat' dir='ltr'><strong>ex</strong></span> <span class='ocrx_word' id='word_1_323' title='bbox 396 3690 504 3757; x_wconf 86' lang='lat' dir='ltr'><strong>insulis,</strong></span> <span class='ocrx_word' id='word_1_324' title='bbox 514 3693 609 3753; x_wconf 82' lang='lat' dir='ltr'><strong>Issaei,</strong></span> <span class='ocrx_word' id='word_1_325' title='bbox 622 3692 770 3757; x_wconf 90' lang='lat' dir='ltr'><strong>Colentini,</strong></span> <span class='ocrx_word' id='word_1_326' title='bbox 791 3694 897 3760; x_wconf 86' lang='lat' dir='ltr'><strong>Separi,</strong></span> <span class='ocrx_word' id='word_1_327' title='bbox 916 3691 1035 3760; x_wconf 74' lang='lat' dir='ltr'><strong>Epaioi.</strong></span> <span class='ocrx_word' id='word_1_328' title='bbox 1055 3692 1095 3742; x_wconf 93' lang='lat' dir='ltr'><strong>Ab</strong></span> <span class='ocrx_word' id='word_1_329' title='bbox 1110 3691 1152 3744; x_wconf 89' lang='lat' dir='ltr'><strong>his</strong></span> 
     </span>
     <span class='ocr_line' id='line_1_50' title="bbox 351 3760 1151 3830; baseline -0.008 -15"><span class='ocrx_word' id='word_1_330' title='bbox 351 3763 477 3826; x_wconf 86' lang='lat' dir='ltr'><strong>castella,</strong></span> <span class='ocrx_word' id='word_1_331' title='bbox 487 3760 644 3830; x_wconf 86' lang='lat' dir='ltr'><strong>Piguntiae,</strong></span> <span class='ocrx_word' id='word_1_332' title='bbox 666 3764 833 3814; x_wconf 82' lang='lat' dir='ltr'><strong>liataneum:</strong></span> <span class='ocrx_word' id='word_1_333' title='bbox 854 3762 966 3814; x_wconf 87' lang='lat' dir='ltr'><strong>Narona</strong></span> <span class='ocrx_word' id='word_1_334' title='bbox 975 3761 1085 3813; x_wconf 89' lang='lat' dir='ltr'><strong>colonia</strong></span> <span class='ocrx_word' id='word_1_335' title='bbox 1096 3768 1151 3811; x_wconf 90' lang='lat' dir='ltr'><strong>ter.</strong></span> 
     </span>
     <span class='ocr_line' id='line_1_51' title="bbox 351 3830 1151 3896; baseline -0.003 -13"><span class='ocrx_word' id='word_1_336' title='bbox 351 3834 382 3883; x_wconf 90' lang='lat' dir='ltr'><strong>tii</strong></span> <span class='ocrx_word' id='word_1_337' title='bbox 396 3839 556 3895; x_wconf 75' lang='lat' dir='ltr'><strong>concentus,</strong></span> <span class='ocrx_word' id='word_1_338' title='bbox 574 3849 590 3883; x_wconf 90' lang='lat' dir='ltr'><strong>a</strong></span> <span class='ocrx_word' id='word_1_339' title='bbox 602 3830 705 3883; x_wconf 89' lang='lat' dir='ltr'><strong>Salona</strong></span> <span class='ocrx_word' id='word_1_340' title='bbox 716 3830 817 3883; x_wconf 90' lang='lat' dir='ltr'><strong>LXXll</strong></span> <span class='ocrx_word' id='word_1_341' title='bbox 830 3832 868 3883; x_wconf 89' lang='lat' dir='ltr'><strong>M.</strong></span> <span class='ocrx_word' id='word_1_342' title='bbox 901 3847 955 3881; x_wconf 89' lang='lat' dir='ltr'><strong>ass.</strong></span> <span class='ocrx_word' id='word_1_343' title='bbox 967 3832 1094 3896; x_wconf 85' lang='lat' dir='ltr'><strong>apposita</strong></span> <span class='ocrx_word' id='word_1_344' title='bbox 1105 3846 1151 3881; x_wconf 89' lang='lat' dir='ltr'><strong>co·</strong></span> 
     </span>
     <span class='ocr_line' id='line_1_52' title="bbox 351 3847 1151 3971; baseline -0.004 -17"><span class='ocrx_word' id='word_1_345' title='bbox 351 3901 490 3971; x_wconf 81' lang='lat' dir='ltr'><strong>gnominis</strong></span> <span class='ocrx_word' id='word_1_346' title='bbox 511 3904 553 3953; x_wconf 88' lang='lat' dir='ltr'><strong>sui</strong></span> <span class='ocrx_word' id='word_1_347' title='bbox 575 3901 669 3962; x_wconf 82' lang='lat' dir='ltr'><strong>fluvio,</strong></span> <span class='ocrx_word' id='word_1_348' title='bbox 691 3916 708 3953; x_wconf 91' lang='lat' dir='ltr'><strong>a</strong></span> <span class='ocrx_word' id='word_1_349' title='bbox 723 3899 791 3951; x_wconf 91' lang='lat' dir='ltr'><strong>mari</strong></span> <span class='ocrx_word' id='word_1_350' title='bbox 808 3897 861 3948; x_wconf 71' lang='lat' dir='ltr'><strong>XX</strong></span> <span class='ocrx_word' id='word_1_351' title='bbox 874 3847 912 3948; x_wconf 85' lang='grc'><strong>111.</strong></span> <span class='ocrx_word' id='word_1_352' title='bbox 926 3914 996 3964; x_wconf 88' lang='lat' dir='ltr'><strong>pass.</strong></span> <span class='ocrx_word' id='word_1_353' title='bbox 1007 3900 1050 3950; x_wconf 84' lang='grc'><strong>111.</strong></span> <span class='ocrx_word' id='word_1_354' title='bbox 1062 3900 1151 3951; x_wconf 93' lang='lat' dir='ltr'><strong>Varro</strong></span> 
     </span>
     <span class='ocr_line' id='line_1_53' title="bbox 351 3968 1151 4024; baseline -0.003 -1"><span class='ocrx_word' id='word_1_355' title='bbox 351 3972 494 4024; x_wconf 83' lang='lat' dir='ltr'><strong>LXXXlX</strong></span> <span class='ocrx_word' id='word_1_356' title='bbox 506 3970 632 4021; x_wconf 78' lang='lat' dir='ltr'><strong>ciuitates</strong></span> <span class='ocrx_word' id='word_1_357' title='bbox 654 3985 686 4019; x_wconf 87' lang='lat' dir='ltr'><strong>eo</strong></span> <span class='ocrx_word' id='word_1_358' title='bbox 704 3968 857 4019; x_wconf 75' lang='lat' dir='ltr'><strong>ventitasse</strong></span> <span class='ocrx_word' id='word_1_359' title='bbox 880 3972 1043 4018; x_wconf 86' lang='lat' dir='ltr'><strong>auctorest.</strong></span> <span class='ocrx_word' id='word_1_360' title='bbox 1070 3968 1151 4021; x_wconf 80' lang='lat' dir='ltr'><strong>Nunc</strong></span> 
     </span>
     <span class='ocr_line' id='line_1_54' title="bbox 355 4033 1151 4108; baseline -0.005 -17"><span class='ocrx_word' id='word_1_361' title='bbox 355 4040 410 4091; x_wconf 88' lang='lat' dir='ltr'><strong>soii</strong></span> <span class='ocrx_word' id='word_1_362' title='bbox 423 4055 510 4108; x_wconf 89' lang='lat' dir='ltr'><strong>prope</strong></span> <span class='ocrx_word' id='word_1_363' title='bbox 524 4044 674 4089; x_wconf 90' lang='lat' dir='ltr'><strong>noscuntur</strong></span> <span class='ocrx_word' id='word_1_364' title='bbox 686 4037 803 4086; x_wconf 83' lang='lat' dir='ltr'><strong>Cerauni</strong></span> <span class='ocrx_word' id='word_1_365' title='bbox 820 4034 940 4085; x_wconf 89' lang='lat' dir='ltr'><strong>decuriis</strong></span> <span class='ocrx_word' id='word_1_366' title='bbox 956 4033 1058 4098; x_wconf 87' lang='lat' dir='ltr'><strong>XXlV,</strong></span> <span class='ocrx_word' id='word_1_367' title='bbox 1079 4034 1151 4089; x_wconf 89' lang='lat' dir='ltr'><strong>Dao-</strong></span> 
     </span>
     <span class='ocr_line' id='line_1_55' title="bbox 351 4103 1150 4169; baseline -0.005 -8"><span class='ocrx_word' id='word_1_368' title='bbox 351 4112 401 4161; x_wconf 82' lang='lat' dir='ltr'><strong>riui</strong></span> <span class='ocrx_word' id='word_1_369' title='bbox 412 4110 498 4169; x_wconf 86' lang='lat' dir='ltr'><strong>XVll,</strong></span> <span class='ocrx_word' id='word_1_370' title='bbox 513 4105 684 4158; x_wconf 76' lang='lat' dir='ltr'><strong>Daesitiates</strong></span> <span class='ocrx_word' id='word_1_371' title='bbox 698 4104 764 4165; x_wconf 92' lang='lat' dir='ltr'><strong>Clll,</strong></span> <span class='ocrx_word' id='word_1_372' title='bbox 784 4103 937 4155; x_wconf 88' lang='lat' dir='ltr'><strong>Docleatae</strong></span> <span class='ocrx_word' id='word_1_373' title='bbox 949 4104 1075 4166; x_wconf 85' lang='lat' dir='ltr'><strong>XXXlll,</strong></span> <span class='ocrx_word' id='word_1_374' title='bbox 1097 4106 1150 4157; x_wconf 88' lang='lat' dir='ltr'><strong>De·</strong></span> 
     </span>
     <span class='ocr_line' id='line_1_56' title="bbox 352 4171 1152 4237; baseline -0.009 -6"><span class='ocrx_word' id='word_1_375' title='bbox 352 4178 513 4237; x_wconf 83' lang='lat' dir='ltr'><strong>retininV,</strong></span> <span class='ocrx_word' id='word_1_376' title='bbox 524 4174 698 4227; x_wconf 87' lang='lat' dir='ltr'><strong>Deremistae</strong></span> <span class='ocrx_word' id='word_1_377' title='bbox 708 4171 795 4234; x_wconf 82' lang='lat' dir='ltr'><strong>XXX,</strong></span> <span class='ocrx_word' id='word_1_378' title='bbox 808 4171 924 4223; x_wconf 88' lang='lat' dir='ltr'><strong>Dindari</strong></span> <span class='ocrx_word' id='word_1_379' title='bbox 934 4171 1063 4235; x_wconf 86' lang='lat' dir='ltr'><strong>XXXlll,</strong></span> <span class='ocrx_word' id='word_1_380' title='bbox 1075 4174 1152 4227; x_wconf 86' lang='lat' dir='ltr'><strong>Glin-</strong></span> 
     </span>
     <span class='ocr_line' id='line_1_57' title="bbox 353 4239 1152 4314; baseline -0.008 -14"><span class='ocrx_word' id='word_1_381' title='bbox 353 4248 476 4300; x_wconf 87' lang='lat' dir='ltr'><strong>ditiones</strong></span> <span class='ocrx_word' id='word_1_382' title='bbox 496 4242 609 4306; x_wconf 83' lang='lat' dir='ltr'><strong>XLlV,</strong></span> <span class='ocrx_word' id='word_1_383' title='bbox 630 4242 797 4293; x_wconf 87' lang='lat' dir='ltr'><strong>Melcumani</strong></span> <span class='ocrx_word' id='word_1_384' title='bbox 819 4239 930 4304; x_wconf 86' lang='lat' dir='ltr'><strong>XXlV,</strong></span> <span class='ocrx_word' id='word_1_385' title='bbox 962 4242 1075 4314; x_wconf 54' lang='lat' dir='ltr'><strong>lbjaresii</strong></span> <span class='ocrx_word' id='word_1_386' title='bbox 1097 4243 1152 4307; x_wconf 88' lang='lat' dir='ltr'><strong>Cll,</strong></span> 
     </span>
     <span class='ocr_line' id='line_1_58' title="bbox 352 4310 1183 4380; baseline 0 -16"><span class='ocrx_word' id='word_1_387' title='bbox 352 4315 469 4366; x_wconf 86' lang='lat' dir='ltr'><strong>Scirtari</strong></span> <span class='ocrx_word' id='word_1_388' title='bbox 489 4316 605 4375; x_wconf 84' lang='lat' dir='ltr'><strong>t.xxu‚</strong></span> <span class='ocrx_word' id='word_1_389' title='bbox 628 4312 771 4365; x_wconf 88' lang='lat' dir='ltr'><strong>Siculotae</strong></span> <span class='ocrx_word' id='word_1_390' title='bbox 790 4310 895 4373; x_wconf 69' lang='lat' dir='ltr'><strong>xxiv,</strong></span> <span class='ocrx_word' id='word_1_391' title='bbox 916 4312 1151 4380; x_wconf 82' lang='lat' dir='ltr'><strong>populatoresque</strong></span> <span class='ocrx_word' id='word_1_392' title='bbox 1182 4324 1183 4327; x_wconf 77' lang='grc'>’</span> 
     </span>
     <span class='ocr_line' id='line_1_59' title="bbox 352 4380 1153 4449; baseline 0.005 -19"><span class='ocrx_word' id='word_1_393' title='bbox 352 4382 487 4449; x_wconf 87' lang='lat' dir='ltr'><strong>quondam</strong></span> <span class='ocrx_word' id='word_1_394' title='bbox 501 4384 595 4435; x_wconf 88' lang='lat' dir='ltr'><strong>ltaliae</strong></span> <span class='ocrx_word' id='word_1_395' title='bbox 607 4382 738 4445; x_wconf 87' lang='lat' dir='ltr'><strong>Vardaei,</strong></span> <span class='ocrx_word' id='word_1_396' title='bbox 759 4396 814 4432; x_wconf 90' lang='lat' dir='ltr'><strong>non</strong></span> <span class='ocrx_word' id='word_1_397' title='bbox 826 4380 944 4448; x_wconf 89' lang='lat' dir='ltr'><strong>amplius</strong></span> <span class='ocrx_word' id='word_1_398' title='bbox 955 4396 1035 4447; x_wconf 90' lang='lat' dir='ltr'><strong>quam</strong></span> <span class='ocrx_word' id='word_1_399' title='bbox 1046 4380 1098 4433; x_wconf 86' lang='lat' dir='ltr'><strong>XX</strong></span> <span class='ocrx_word' id='word_1_400' title='bbox 1108 4383 1153 4434; x_wconf 89' lang='lat' dir='ltr'><strong>de·</strong></span> 
     </span>
     <span class='ocr_line' id='line_1_60' title="bbox 351 4449 1152 4514; baseline -0.001 -12"><span class='ocrx_word' id='word_1_401' title='bbox 351 4449 445 4502; x_wconf 90' lang='lat' dir='ltr'><strong>curiis.</strong></span> <span class='ocrx_word' id='word_1_402' title='bbox 475 4450 589 4503; x_wconf 86' lang='lat' dir='ltr'><strong>Praeter</strong></span> <span class='ocrx_word' id='word_1_403' title='bbox 610 4451 660 4504; x_wconf 90' lang='lat' dir='ltr'><strong>hos</strong></span> <span class='ocrx_word' id='word_1_404' title='bbox 681 4460 796 4505; x_wconf 88' lang='lat' dir='ltr'><strong>tenuere</strong></span> <span class='ocrx_word' id='word_1_405' title='bbox 818 4457 935 4503; x_wconf 89' lang='lat' dir='ltr'><strong>tractum</strong></span> <span class='ocrx_word' id='word_1_406' title='bbox 953 4465 1015 4502; x_wconf 88' lang='lat' dir='ltr'><strong>eum</strong></span> <span class='ocrx_word' id='word_1_407' title='bbox 1037 4451 1152 4514; x_wconf 82' lang='lat' dir='ltr'><strong>Ozuaei,</strong></span> 
     </span>
     <span class='ocr_line' id='line_1_61' title="bbox 353 4514 1152 4582; baseline 0.005 -13"><span class='ocrx_word' id='word_1_408' title='bbox 353 4514 494 4577; x_wconf 86' lang='lat' dir='ltr'><strong>Partheni,</strong></span> <span class='ocrx_word' id='word_1_409' title='bbox 514 4520 811 4582; x_wconf 84' lang='lat' dir='ltr'><strong>llemasini,Artlritae,</strong></span> <span class='ocrx_word' id='word_1_410' title='bbox 832 4522 977 4575; x_wconf 87' lang='lat' dir='ltr'><strong>Armistae.</strong></span> <span class='ocrx_word' id='word_1_411' title='bbox 1007 4520 1152 4573; x_wconf 89' lang='lat' dir='ltr'><strong>ANarone</strong></span> 
     </span>
     <span class='ocr_line' id='line_1_62' title="bbox 353 4582 1152 4655; baseline 0 -17"><span class='ocrx_word' id='word_1_412' title='bbox 353 4601 434 4639; x_wconf 86' lang='lat' dir='ltr'><strong>amne</strong></span> <span class='ocrx_word' id='word_1_413' title='bbox 445 4582 515 4637; x_wconf 86' lang='lat' dir='ltr'><strong>CM.</strong></span> <span class='ocrx_word' id='word_1_414' title='bbox 533 4600 605 4652; x_wconf 87' lang='lat' dir='ltr'><strong>pass.</strong></span> <span class='ocrx_word' id='word_1_415' title='bbox 617 4588 695 4638; x_wconf 86' lang='lat' dir='ltr'><strong>abest</strong></span> <span class='ocrx_word' id='word_1_416' title='bbox 707 4590 877 4655; x_wconf 80' lang='lat' dir='ltr'><strong>Epidaurum</strong></span> <span class='ocrx_word' id='word_1_417' title='bbox 889 4588 1005 4641; x_wconf 90' lang='lat' dir='ltr'><strong>colonia.</strong></span> <span class='ocrx_word' id='word_1_418' title='bbox 1035 4590 1075 4641; x_wconf 94' lang='lat' dir='ltr'><strong>Ab</strong></span> <span class='ocrx_word' id='word_1_419' title='bbox 1089 4589 1152 4655; x_wconf 88' lang='lat' dir='ltr'><strong>Epi·</strong></span> 
     </span>
     <span class='ocr_line' id='line_1_63' title="bbox 354 4652 1153 4718; baseline 0.004 -12"><span class='ocrx_word' id='word_1_420' title='bbox 354 4655 441 4707; x_wconf 89' lang='lat' dir='ltr'><strong>danro</strong></span> <span class='ocrx_word' id='word_1_421' title='bbox 453 4661 517 4705; x_wconf 87' lang='lat' dir='ltr'><strong>tunt</strong></span> <span class='ocrx_word' id='word_1_422' title='bbox 538 4652 638 4718; x_wconf 89' lang='lat' dir='ltr'><strong>oppida</strong></span> <span class='ocrx_word' id='word_1_423' title='bbox 655 4657 753 4706; x_wconf 79' lang='lat' dir='ltr'><strong>cir-ium</strong></span> <span class='ocrx_word' id='word_1_424' title='bbox 767 4658 846 4711; x_wconf 87' lang='lat' dir='ltr'><strong>Rom.</strong></span> <span class='ocrx_word' id='word_1_425' title='bbox 858 4658 1022 4718; x_wconf 84' lang='lat' dir='ltr'><strong>Rhiainium,</strong></span> <span class='ocrx_word' id='word_1_426' title='bbox 1036 4659 1153 4709; x_wconf 88' lang='lat' dir='ltr'><strong>Ascrivi·</strong></span> 
     </span>
     <span class='ocr_line' id='line_1_64' title="bbox 354 4720 1153 4788; baseline 0.006 -17"><span class='ocrx_word' id='word_1_427' title='bbox 354 4720 709 4786; x_wconf 87' lang='lat' dir='ltr'><strong>nm,Butua,01chinium,</strong></span> <span class='ocrx_word' id='word_1_428' title='bbox 730 4724 803 4788; x_wconf 89' lang='lat' dir='ltr'><strong>quod</strong></span> <span class='ocrx_word' id='word_1_429' title='bbox 824 4733 908 4780; x_wconf 90' lang='lat' dir='ltr'><strong>antea</strong></span> <span class='ocrx_word' id='word_1_430' title='bbox 923 4727 1096 4781; x_wconf 81' lang='lat' dir='ltr'><strong>Colchinium</strong></span> <span class='ocrx_word' id='word_1_431' title='bbox 1114 4726 1153 4777; x_wconf 91' lang='lat' dir='ltr'><strong>di·</strong></span> 
     </span>
     <span class='ocr_line' id='line_1_65' title="bbox 355 4789 1154 4864; baseline 0.005 -21"><span class='ocrx_word' id='word_1_432' title='bbox 355 4804 428 4845; x_wconf 83' lang='lat' dir='ltr'><strong>ctum</strong></span> <span class='ocrx_word' id='word_1_433' title='bbox 441 4802 492 4855; x_wconf 91' lang='lat' dir='ltr'><strong>est,</strong></span> <span class='ocrx_word' id='word_1_434' title='bbox 509 4789 647 4846; x_wconf 86' lang='lat' dir='ltr'><strong>aColehis</strong></span> <span class='ocrx_word' id='word_1_435' title='bbox 663 4790 818 4843; x_wconf 90' lang='lat' dir='ltr'><strong>conditum:</strong></span> <span class='ocrx_word' id='word_1_436' title='bbox 840 4798 929 4847; x_wconf 88' lang='lat' dir='ltr'><strong>amnis</strong></span> <span class='ocrx_word' id='word_1_437' title='bbox 950 4797 1039 4858; x_wconf 88' lang='lat' dir='ltr'><strong>Drilo,</strong></span> <span class='ocrx_word' id='word_1_438' title='bbox 1061 4810 1154 4864; x_wconf 91' lang='lat' dir='ltr'><strong>super·</strong></span> 
     </span>
     <span class='ocr_line' id='line_1_66' title="bbox 355 4860 1153 4931; baseline 0.006 -20"><span class='ocrx_word' id='word_1_439' title='bbox 355 4877 408 4931; x_wconf 89' lang='lat' dir='ltr'><strong>que</strong></span> <span class='ocrx_word' id='word_1_440' title='bbox 429 4880 490 4915; x_wconf 91' lang='lat' dir='ltr'><strong>eum</strong></span> <span class='ocrx_word' id='word_1_441' title='bbox 512 4860 643 4929; x_wconf 88' lang='lat' dir='ltr'><strong>oppidum</strong></span> <span class='ocrx_word' id='word_1_442' title='bbox 665 4860 765 4912; x_wconf 87' lang='lat' dir='ltr'><strong>civium</strong></span> <span class='ocrx_word' id='word_1_443' title='bbox 789 4861 972 4916; x_wconf 84' lang='lat' dir='ltr'><strong>Romanorum</strong></span> <span class='ocrx_word' id='word_1_444' title='bbox 992 4865 1115 4929; x_wconf 84' lang='lat' dir='ltr'><strong>Scodra,</strong></span> <span class='ocrx_word' id='word_1_445' title='bbox 1136 4880 1153 4916; x_wconf 92' lang='lat' dir='ltr'><strong>a</strong></span> 
     </span>
     <span class='ocr_line' id='line_1_67' title="bbox 354 4930 1151 4998; baseline 0.005 -15"><span class='ocrx_word' id='word_1_446' title='bbox 354 4932 424 4983; x_wconf 86' lang='lat' dir='ltr'><strong>mari</strong></span> <span class='ocrx_word' id='word_1_447' title='bbox 444 4930 520 4983; x_wconf 86' lang='lat' dir='ltr'><strong>xvu</strong></span> <span class='ocrx_word' id='word_1_448' title='bbox 546 4934 581 4981; x_wconf 88' lang='lat' dir='ltr'><strong>u.</strong></span> <span class='ocrx_word' id='word_1_449' title='bbox 601 4946 675 4998; x_wconf 81' lang='lat' dir='ltr'><strong>pass.</strong></span> <span class='ocrx_word' id='word_1_450' title='bbox 714 4930 864 4981; x_wconf 85' lang='lat' dir='ltr'><strong>Praeterea</strong></span> <span class='ocrx_word' id='word_1_451' title='bbox 895 4933 1044 4986; x_wconf 89' lang='lat' dir='ltr'><strong>multorom</strong></span> <span class='ocrx_word' id='word_1_452' title='bbox 1065 4934 1151 4987; x_wconf 89' lang='lat' dir='ltr'><strong>Grae·</strong></span> 
     </span>
     <span class='ocr_line' id='line_1_68' title="bbox 354 4999 1154 5067; baseline 0.004 -15"><span class='ocrx_word' id='word_1_453' title='bbox 354 5002 412 5053; x_wconf 82' lang='lat' dir='ltr'><strong>ciac</strong></span> <span class='ocrx_word' id='word_1_454' title='bbox 432 5002 593 5067; x_wconf 89' lang='lat' dir='ltr'><strong>oppidorum</strong></span> <span class='ocrx_word' id='word_1_455' title='bbox 615 4999 745 5051; x_wconf 74' lang='lat' dir='ltr'><strong>deficiens</strong></span> <span class='ocrx_word' id='word_1_456' title='bbox 761 4999 905 5059; x_wconf 89' lang='lat' dir='ltr'><strong>memoria,</strong></span> <span class='ocrx_word' id='word_1_457' title='bbox 924 5016 975 5053; x_wconf 89' lang='lat' dir='ltr'><strong>nec</strong></span> <span class='ocrx_word' id='word_1_458' title='bbox 995 5019 1048 5053; x_wconf 89' lang='lat' dir='ltr'><strong>non</strong></span> <span class='ocrx_word' id='word_1_459' title='bbox 1067 5011 1095 5054; x_wconf 92' lang='lat' dir='ltr'><strong>et</strong></span> <span class='ocrx_word' id='word_1_460' title='bbox 1116 5004 1154 5055; x_wconf 91' lang='lat' dir='ltr'><strong>ci-</strong></span> 
     </span>
     <span class='ocr_line' id='line_1_69' title="bbox 354 5068 1153 5133; baseline 0.001 -15"><span class='ocrx_word' id='word_1_461' title='bbox 354 5071 470 5121; x_wconf 87' lang='lat' dir='ltr'><strong>vitatum</strong></span> <span class='ocrx_word' id='word_1_462' title='bbox 491 5068 655 5122; x_wconf 43' lang='lat' dir='ltr'><strong>vialidarum.</strong></span> <span class='ocrx_word' id='word_1_463' title='bbox 692 5068 734 5119; x_wconf 87' lang='lat' dir='ltr'><strong>Eo</strong></span> <span class='ocrx_word' id='word_1_464' title='bbox 756 5082 873 5133; x_wconf 88' lang='lat' dir='ltr'><strong>namque</strong></span> <span class='ocrx_word' id='word_1_465' title='bbox 894 5075 985 5121; x_wconf 87' lang='lat' dir='ltr'><strong>tractu</strong></span> <span class='ocrx_word' id='word_1_466' title='bbox 1005 5071 1083 5124; x_wconf 81' lang='lat' dir='ltr'><strong>inere</strong></span> <span class='ocrx_word' id='word_1_467' title='bbox 1102 5073 1153 5125; x_wconf 86' lang='lat' dir='ltr'><strong>La.</strong></span> 
     </span>
     <span class='ocr_line' id='line_1_70' title="bbox 353 5135 1152 5209; baseline 0.003 -18"><span class='ocrx_word' id='word_1_468' title='bbox 353 5140 464 5200; x_wconf 86' lang='lat' dir='ltr'><strong>beatae,</strong></span> <span class='ocrx_word' id='word_1_469' title='bbox 484 5138 674 5195; x_wconf 83' lang='lat' dir='ltr'><strong>Enderodnni,</strong></span> <span class='ocrx_word' id='word_1_470' title='bbox 694 5135 816 5197; x_wconf 88' lang='lat' dir='ltr'><strong>Sassaei,</strong></span> <span class='ocrx_word' id='word_1_471' title='bbox 836 5135 968 5199; x_wconf 86' lang='lat' dir='ltr'><strong>Grabaei,</strong></span> <span class='ocrx_word' id='word_1_472' title='bbox 986 5141 1152 5209; x_wconf 85' lang='lat' dir='ltr'><strong>proprieque</strong></span> 
     </span>
     <span class='ocr_line' id='line_1_71' title="bbox 354 5203 1152 5273; baseline 0.004 -16"><span class='ocrx_word' id='word_1_473' title='bbox 354 5206 424 5259; x_wconf 91' lang='lat' dir='ltr'><strong>dicti</strong></span> <span class='ocrx_word' id='word_1_474' title='bbox 436 5207 536 5273; x_wconf 88' lang='lat' dir='ltr'><strong>illyrii,</strong></span> <span class='ocrx_word' id='word_1_475' title='bbox 548 5214 576 5258; x_wconf 90' lang='lat' dir='ltr'><strong>et</strong></span> <span class='ocrx_word' id='word_1_476' title='bbox 586 5206 737 5268; x_wconf 88' lang='lat' dir='ltr'><strong>Taulantii,</strong></span> <span class='ocrx_word' id='word_1_477' title='bbox 753 5214 781 5258; x_wconf 89' lang='lat' dir='ltr'><strong>et</strong></span> <span class='ocrx_word' id='word_1_478' title='bbox 791 5203 899 5272; x_wconf 82' lang='lat' dir='ltr'><strong>Pyraei.</strong></span> <span class='ocrx_word' id='word_1_479' title='bbox 927 5206 1041 5260; x_wconf 81' lang='lat' dir='ltr'><strong>Retinet</strong></span> <span class='ocrx_word' id='word_1_480' title='bbox 1053 5225 1152 5262; x_wconf 89' lang='lat' dir='ltr'><strong>nomen</strong></span> 
     </span>
     <span class='ocr_line' id='line_1_72' title="bbox 353 5274 1151 5345; baseline 0 -17"><span class='ocrx_word' id='word_1_481' title='bbox 353 5278 382 5328; x_wconf 90' lang='lat' dir='ltr'><strong>in</strong></span> <span class='ocrx_word' id='word_1_482' title='bbox 394 5290 445 5329; x_wconf 88' lang='lat' dir='ltr'><strong>ora</strong></span> <span class='ocrx_word' id='word_1_483' title='bbox 454 5275 643 5342; x_wconf 80' lang='lat' dir='ltr'><strong>Nymphaeum</strong></span> <span class='ocrx_word' id='word_1_484' title='bbox 656 5274 889 5342; x_wconf 86' lang='lat' dir='ltr'><strong>promontorium:</strong></span> <span class='ocrx_word' id='word_1_485' title='bbox 903 5274 1011 5325; x_wconf 87' lang='lat' dir='ltr'><strong>Lissum</strong></span> <span class='ocrx_word' id='word_1_486' title='bbox 1023 5280 1151 5345; x_wconf 85' lang='lat' dir='ltr'><strong>oppidum</strong></span> 
     </span>
     <span class='ocr_line' id='line_1_73' title="bbox 355 5343 1153 5411; baseline 0.001 -12"><span class='ocrx_word' id='word_1_487' title='bbox 355 5346 455 5399; x_wconf 90' lang='lat' dir='ltr'><strong>civium</strong></span> <span class='ocrx_word' id='word_1_488' title='bbox 470 5345 654 5397; x_wconf 76' lang='lat' dir='ltr'><strong>Romanorum</strong></span> <span class='ocrx_word' id='word_1_489' title='bbox 675 5344 709 5395; x_wconf 91' lang='lat' dir='ltr'><strong>ab</strong></span> <span class='ocrx_word' id='word_1_490' title='bbox 721 5343 860 5411; x_wconf 87' lang='lat' dir='ltr'><strong>Epidauro</strong></span> <span class='ocrx_word' id='word_1_491' title='bbox 879 5343 949 5394; x_wconf 88' lang='lat' dir='ltr'><strong>CM.</strong></span> <span class='ocrx_word' id='word_1_492' title='bbox 960 5356 1100 5409; x_wconf 83' lang='lat' dir='ltr'><strong>passuum.</strong></span> <span class='ocrx_word' id='word_1_493' title='bbox 1131 5351 1153 5400; x_wconf 89' lang='lat' dir='ltr'><strong>A</strong></span> 
     </span>
     <span class='ocr_line' id='line_1_74' title="bbox 355 5410 1154 5480; baseline 0 -12"><span class='ocrx_word' id='word_1_494' title='bbox 355 5416 438 5468; x_wconf 88' lang='lat' dir='ltr'><strong>Lisso</strong></span> <span class='ocrx_word' id='word_1_495' title='bbox 447 5413 630 5468; x_wconf 86' lang='lat' dir='ltr'><strong>Macedoniae</strong></span> <span class='ocrx_word' id='word_1_496' title='bbox 642 5414 804 5478; x_wconf 85' lang='lat' dir='ltr'><strong>provincia:</strong></span> <span class='ocrx_word' id='word_1_497' title='bbox 828 5417 924 5480; x_wconf 84' lang='lat' dir='ltr'><strong>gentes</strong></span> <span class='ocrx_word' id='word_1_498' title='bbox 937 5410 1077 5478; x_wconf 81' lang='lat' dir='ltr'><strong>Partheni,</strong></span> <span class='ocrx_word' id='word_1_499' title='bbox 1098 5424 1126 5467; x_wconf 88' lang='lat' dir='ltr'><strong>et</strong></span> <span class='ocrx_word' id='word_1_500' title='bbox 1137 5434 1154 5469; x_wconf 89' lang='lat' dir='ltr'><strong>a</strong></span> 
     </span>
     <span class='ocr_line' id='line_1_75' title="bbox 355 5480 1150 5553; baseline 0.004 -19"><span class='ocrx_word' id='word_1_501' title='bbox 355 5492 400 5535; x_wconf 89' lang='lat' dir='ltr'><strong>ter</strong></span> <span class='ocrx_word' id='word_1_502' title='bbox 419 5498 541 5536; x_wconf 86' lang='lat' dir='ltr'><strong>ecorum</strong></span> <span class='ocrx_word' id='word_1_503' title='bbox 557 5482 731 5534; x_wconf 85' lang='lat' dir='ltr'><strong>Dassaretae.</strong></span> <span class='ocrx_word' id='word_1_504' title='bbox 759 5481 871 5533; x_wconf 88' lang='lat' dir='ltr'><strong>Montes</strong></span> <span class='ocrx_word' id='word_1_505' title='bbox 883 5480 1039 5533; x_wconf 88' lang='lat' dir='ltr'><strong>Candaviae</strong></span> <span class='ocrx_word' id='word_1_506' title='bbox 1050 5485 1150 5553; x_wconf 91' lang='lat' dir='ltr'><strong>aDyr·</strong></span> 
     </span>
     <span class='ocr_line' id='line_1_76' title="bbox 356 5501 1151 5618; baseline 0.003 -14"><span class='ocrx_word' id='word_1_507' title='bbox 356 5501 452 5607; x_wconf 59' lang='lat' dir='ltr'><strong>rachio</strong></span> <span class='ocrx_word' id='word_1_508' title='bbox 464 5550 604 5605; x_wconf 70' lang='lat' dir='ltr'><strong>exxvru</strong></span> <span class='ocrx_word' id='word_1_509' title='bbox 615 5553 652 5605; x_wconf 88' lang='lat' dir='ltr'><strong>M.</strong></span> <span class='ocrx_word' id='word_1_510' title='bbox 665 5564 738 5618; x_wconf 90' lang='lat' dir='ltr'><strong>pass.</strong></span> <span class='ocrx_word' id='word_1_511' title='bbox 757 5552 787 5604; x_wconf 90' lang='lat' dir='ltr'><strong>lu</strong></span> <span class='ocrx_word' id='word_1_512' title='bbox 799 5564 850 5603; x_wconf 93' lang='lat' dir='ltr'><strong>ora</strong></span> <span class='ocrx_word' id='word_1_513' title='bbox 864 5564 930 5603; x_wconf 88' lang='lat' dir='ltr'><strong>vero</strong></span> <span class='ocrx_word' id='word_1_514' title='bbox 944 5550 1041 5603; x_wconf 89' lang='lat' dir='ltr'><strong>Denda</strong></span> <span class='ocrx_word' id='word_1_515' title='bbox 1053 5554 1151 5605; x_wconf 82' lang='lat' dir='ltr'><strong>civium</strong></span> 
     </span>
    </p>
   </div>
   <div class='ocr_carea' id='block_1_5' title="bbox 1202 447 2011 3832">
    <p class='ocr_par' dir='ltr' id='par_1_7' title="bbox 1205 447 2011 1141">
     <span class='ocr_line' id='line_1_77' title="bbox 1207 447 2011 520; baseline -0.006 -14"><span class='ocrx_word' id='word_1_516' title='bbox 1207 452 1405 517; x_wconf 72' lang='lat' dir='ltr'><strong>Romanorum,</strong></span> <span class='ocrx_word' id='word_1_517' title='bbox 1425 451 1610 520; x_wconf 77' lang='lat' dir='ltr'><strong>Epidamnum</strong></span> <span class='ocrx_word' id='word_1_518' title='bbox 1620 447 1742 511; x_wconf 87' lang='lat' dir='ltr'><strong>colonia,</strong></span> <span class='ocrx_word' id='word_1_519' title='bbox 1760 452 1878 514; x_wconf 85' lang='lat' dir='ltr'><strong>prepter</strong></span> <span class='ocrx_word' id='word_1_520' title='bbox 1888 447 1968 503; x_wconf 81' lang='lat' dir='ltr'><strong>iosus</strong></span> <span class='ocrx_word' id='word_1_521' title='bbox 1988 449 2011 501; x_wconf 92' lang='lat' dir='ltr'><strong>i·</strong></span> 
     </span>
     <span class='ocr_line' id='line_1_78' title="bbox 1208 514 2011 586; baseline -0.006 -12"><span class='ocrx_word' id='word_1_522' title='bbox 1208 528 1300 574; x_wconf 90' lang='lat' dir='ltr'><strong>catum</strong></span> <span class='ocrx_word' id='word_1_523' title='bbox 1310 520 1583 575; x_wconf 76' lang='lat' dir='ltr'><strong>nomenaliomaais</strong></span> <span class='ocrx_word' id='word_1_524' title='bbox 1592 514 1778 586; x_wconf 86' lang='lat' dir='ltr'><strong>Dyrrachium</strong></span> <span class='ocrx_word' id='word_1_525' title='bbox 1789 517 1943 583; x_wconf 84' lang='lat' dir='ltr'><strong>appellata:</strong></span> <span class='ocrx_word' id='word_1_526' title='bbox 1979 533 2011 569; x_wconf 91' lang='lat' dir='ltr'><strong>u·</strong></span> 
     </span>
     <span class='ocr_line' id='line_1_79' title="bbox 1206 585 2010 655; baseline -0.014 -10"><span class='ocrx_word' id='word_1_527' title='bbox 1206 592 1371 654; x_wconf 81' lang='lat' dir='ltr'><strong>menAous,</strong></span> <span class='ocrx_word' id='word_1_528' title='bbox 1389 606 1408 642; x_wconf 93' lang='lat' dir='ltr'><strong>a</strong></span> <span class='ocrx_word' id='word_1_529' title='bbox 1421 589 1585 655; x_wconf 88' lang='lat' dir='ltr'><strong>quibusdam</strong></span> <span class='ocrx_word' id='word_1_530' title='bbox 1595 590 1665 640; x_wconf 89' lang='lat' dir='ltr'><strong>Aeas</strong></span> <span class='ocrx_word' id='word_1_531' title='bbox 1683 585 1874 637; x_wconf 74' lang='lat' dir='ltr'><strong>nonuncium:</strong></span> <span class='ocrx_word' id='word_1_532' title='bbox 1896 586 2010 652; x_wconf 90' lang='lat' dir='ltr'><strong>Apollo·</strong></span> 
     </span>
     <span class='ocr_line' id='line_1_80' title="bbox 1207 654 2010 728; baseline -0.004 -16"><span class='ocrx_word' id='word_1_533' title='bbox 1207 662 1261 723; x_wconf 84' lang='lat' dir='ltr'><strong>aia,</strong></span> <span class='ocrx_word' id='word_1_534' title='bbox 1276 661 1413 728; x_wconf 87' lang='lat' dir='ltr'><strong>quondam</strong></span> <span class='ocrx_word' id='word_1_535' title='bbox 1425 657 1632 712; x_wconf 83' lang='lat' dir='ltr'><strong>Corinthiorum</strong></span> <span class='ocrx_word' id='word_1_536' title='bbox 1644 654 1761 716; x_wconf 77' lang='lat' dir='ltr'><strong>colonia,</strong></span> <span class='ocrx_word' id='word_1_537' title='bbox 1776 655 1817 709; x_wconf 91' lang='lat' dir='ltr'><strong>lV</strong></span> <span class='ocrx_word' id='word_1_538' title='bbox 1825 654 1866 709; x_wconf 87' lang='lat' dir='ltr'><strong>M.</strong></span> <span class='ocrx_word' id='word_1_539' title='bbox 1878 670 2010 720; x_wconf 69' lang='lat' dir='ltr'><strong>paruum</strong></span> 
     </span>
     <span class='ocr_line' id='line_1_81' title="bbox 1208 723 2009 791; baseline -0.006 -9"><span class='ocrx_word' id='word_1_540' title='bbox 1208 746 1226 782; x_wconf 92' lang='lat' dir='ltr'><strong>a</strong></span> <span class='ocrx_word' id='word_1_541' title='bbox 1235 732 1306 782; x_wconf 84' lang='lat' dir='ltr'><strong>mari</strong></span> <span class='ocrx_word' id='word_1_542' title='bbox 1317 730 1463 783; x_wconf 81' lang='lat' dir='ltr'><strong>recedensr</strong></span> <span class='ocrx_word' id='word_1_543' title='bbox 1480 728 1559 780; x_wconf 88' lang='lat' dir='ltr'><strong>cuius</strong></span> <span class='ocrx_word' id='word_1_544' title='bbox 1569 727 1598 776; x_wconf 88' lang='lat' dir='ltr'><strong>in</strong></span> <span class='ocrx_word' id='word_1_545' title='bbox 1613 725 1713 779; x_wconf 86' lang='lat' dir='ltr'><strong>tinibus</strong></span> <span class='ocrx_word' id='word_1_546' title='bbox 1725 723 1835 777; x_wconf 79' lang='lat' dir='ltr'><strong>celebre</strong></span> <span class='ocrx_word' id='word_1_547' title='bbox 1848 723 2009 791; x_wconf 72' lang='lat' dir='ltr'><strong>Nymphae·</strong></span> 
     </span>
     <span class='ocr_line' id='line_1_82' title="bbox 1207 792 2009 858; baseline -0.004 -9"><span class='ocrx_word' id='word_1_548' title='bbox 1207 813 1251 850; x_wconf 92' lang='lat' dir='ltr'><strong>um</strong></span> <span class='ocrx_word' id='word_1_549' title='bbox 1272 799 1401 850; x_wconf 84' lang='lat' dir='ltr'><strong>accolunt</strong></span> <span class='ocrx_word' id='word_1_550' title='bbox 1422 796 1542 858; x_wconf 87' lang='lat' dir='ltr'><strong>barbari,</strong></span> <span class='ocrx_word' id='word_1_551' title='bbox 1561 796 1691 847; x_wconf 88' lang='lat' dir='ltr'><strong>Amantes</strong></span> <span class='ocrx_word' id='word_1_552' title='bbox 1712 800 1741 846; x_wconf 90' lang='lat' dir='ltr'><strong>et</strong></span> <span class='ocrx_word' id='word_1_553' title='bbox 1760 792 1906 845; x_wconf 87' lang='lat' dir='ltr'><strong>Buiiooes.</strong></span> <span class='ocrx_word' id='word_1_554' title='bbox 1932 794 1969 845; x_wconf 92' lang='lat' dir='ltr'><strong>At</strong></span> <span class='ocrx_word' id='word_1_555' title='bbox 1980 795 2009 847; x_wconf 90' lang='lat' dir='ltr'><strong>ia</strong></span> 
     </span>
     <span class='ocr_line' id='line_1_83' title="bbox 1207 861 2010 935; baseline -0.006 -16"><span class='ocrx_word' id='word_1_556' title='bbox 1207 883 1257 920; x_wconf 88' lang='lat' dir='ltr'><strong>ora</strong></span> <span class='ocrx_word' id='word_1_557' title='bbox 1278 864 1411 935; x_wconf 85' lang='lat' dir='ltr'><strong>oppidunr&#39;</strong></span> <span class='ocrx_word' id='word_1_558' title='bbox 1420 866 1532 920; x_wconf 89' lang='lat' dir='ltr'><strong>Oricum</strong></span> <span class='ocrx_word' id='word_1_559' title='bbox 1551 861 1688 916; x_wconf 88' lang='lat' dir='ltr'><strong>aColehis</strong></span> <span class='ocrx_word' id='word_1_560' title='bbox 1701 861 1849 914; x_wconf 86' lang='lat' dir='ltr'><strong>conditum.</strong></span> <span class='ocrx_word' id='word_1_561' title='bbox 1869 861 1936 915; x_wconf 76' lang='lat' dir='ltr'><strong>inde</strong></span> <span class='ocrx_word' id='word_1_562' title='bbox 1955 863 2010 915; x_wconf 91' lang='lat' dir='ltr'><strong>ini·</strong></span> 
     </span>
     <span class='ocr_line' id='line_1_84' title="bbox 1205 929 2010 1005; baseline -0.005 -17"><span class='ocrx_word' id='word_1_563' title='bbox 1205 937 1276 989; x_wconf 90' lang='lat' dir='ltr'><strong>tium</strong></span> <span class='ocrx_word' id='word_1_564' title='bbox 1287 938 1373 1005; x_wconf 82' lang='lat' dir='ltr'><strong>Epiri,</strong></span> <span class='ocrx_word' id='word_1_565' title='bbox 1383 943 1492 988; x_wconf 89' lang='lat' dir='ltr'><strong>montes</strong></span> <span class='ocrx_word' id='word_1_566' title='bbox 1501 934 1713 995; x_wconf 86' lang='lat' dir='ltr'><strong>Acroceraunia,</strong></span> <span class='ocrx_word' id='word_1_567' title='bbox 1724 931 1825 1000; x_wconf 88' lang='lat' dir='ltr'><strong>quibus</strong></span> <span class='ocrx_word' id='word_1_568' title='bbox 1835 929 1910 985; x_wconf 85' lang='lat' dir='ltr'><strong>hunc</strong></span> <span class='ocrx_word' id='word_1_569' title='bbox 1921 932 2010 985; x_wconf 86' lang='lat' dir='ltr'><strong>Euro·</strong></span> 
     </span>
     <span class='ocr_line' id='line_1_85' title="bbox 1205 999 2010 1073; baseline -0.001 -17"><span class='ocrx_word' id='word_1_570' title='bbox 1205 1021 1257 1073; x_wconf 92' lang='lat' dir='ltr'><strong>pae</strong></span> <span class='ocrx_word' id='word_1_571' title='bbox 1268 1005 1511 1059; x_wconf 80' lang='lat' dir='ltr'><strong>determinavimus</strong></span> <span class='ocrx_word' id='word_1_572' title='bbox 1522 1004 1623 1054; x_wconf 88' lang='lat' dir='ltr'><strong>sinum.</strong></span> <span class='ocrx_word' id='word_1_573' title='bbox 1641 1001 1764 1063; x_wconf 75' lang='lat' dir='ltr'><strong>oricum,</strong></span> <span class='ocrx_word' id='word_1_574' title='bbox 1775 999 1945 1055; x_wconf 85' lang='lat' dir='ltr'><strong>aSaleotiuo</strong></span> <span class='ocrx_word' id='word_1_575' title='bbox 1955 1003 2010 1055; x_wconf 78' lang='lat' dir='ltr'><strong>lta·</strong></span> 
     </span>
     <span class='ocr_line' id='line_1_86' title="bbox 1206 1070 1901 1141; baseline -0.009 -15"><span class='ocrx_word' id='word_1_576' title='bbox 1206 1076 1260 1127; x_wconf 88' lang='lat' dir='ltr'><strong>liae</strong></span> <span class='ocrx_word' id='word_1_577' title='bbox 1272 1075 1463 1141; x_wconf 89' lang='lat' dir='ltr'><strong>promontorio</strong></span> <span class='ocrx_word' id='word_1_578' title='bbox 1475 1073 1562 1124; x_wconf 87' lang='lat' dir='ltr'><strong>distat</strong></span> <span class='ocrx_word' id='word_1_579' title='bbox 1572 1071 1702 1123; x_wconf 88' lang='lat' dir='ltr'><strong>LXXXV</strong></span> <span class='ocrx_word' id='word_1_580' title='bbox 1711 1070 1753 1122; x_wconf 88' lang='lat' dir='ltr'><strong>M.</strong></span> <span class='ocrx_word' id='word_1_581' title='bbox 1763 1085 1901 1137; x_wconf 86' lang='lat' dir='ltr'><strong>passuum.</strong></span> 
     </span>
    </p>

    <p class='ocr_par' dir='ltr' id='par_1_8' title="bbox 1204 1137 2009 1609">
     <span class='ocr_line' id='line_1_87' title="bbox 1239 1137 2008 1207; baseline -0.001 -13"><span class='ocrx_word' id='word_1_582' title='bbox 1239 1144 1354 1198; x_wconf 79' lang='lat' dir='ltr'><strong>xxvii.</strong></span> <span class='ocrx_word' id='word_1_583' title='bbox 1367 1146 1388 1195; x_wconf 89' lang='lat' dir='ltr'><strong>A</strong></span> <span class='ocrx_word' id='word_1_584' title='bbox 1400 1150 1444 1196; x_wconf 91' lang='lat' dir='ltr'><strong>ter</strong></span> <span class='ocrx_word' id='word_1_585' title='bbox 1464 1156 1480 1193; x_wconf 95' lang='lat' dir='ltr'><strong>o</strong></span> <span class='ocrx_word' id='word_1_586' title='bbox 1492 1143 1643 1195; x_wconf 86' lang='lat' dir='ltr'><strong>Camarum</strong></span> <span class='ocrx_word' id='word_1_587' title='bbox 1655 1137 1835 1206; x_wconf 87' lang='lat' dir='ltr'><strong>etlapydum,</strong></span> <span class='ocrx_word' id='word_1_588' title='bbox 1845 1152 1940 1207; x_wconf 77' lang='lat' dir='ltr'><strong>quase</strong></span> <span class='ocrx_word' id='word_1_589' title='bbox 1952 1139 2008 1193; x_wconf 80' lang='lat' dir='ltr'><strong>fert</strong></span> 
     </span>
     <span class='ocr_line' id='line_1_88' title="bbox 1206 1158 2008 1281; baseline -0.002 -18"><span class='ocrx_word' id='word_1_590' title='bbox 1206 1227 1323 1281; x_wconf 89' lang='lat' dir='ltr'><strong>magnus</strong></span> <span class='ocrx_word' id='word_1_591' title='bbox 1333 1208 1414 1275; x_wconf 84' lang='lat' dir='ltr'><strong>later,</strong></span> <span class='ocrx_word' id='word_1_592' title='bbox 1425 1158 1541 1264; x_wconf 64' lang='lat' dir='ltr'><strong>Ritaetis</strong></span> <span class='ocrx_word' id='word_1_593' title='bbox 1553 1211 1706 1276; x_wconf 84' lang='lat' dir='ltr'><strong>iunguntur</strong></span> <span class='ocrx_word' id='word_1_594' title='bbox 1716 1208 1822 1261; x_wconf 87' lang='lat' dir='ltr'><strong>Norici.</strong></span> <span class='ocrx_word' id='word_1_595' title='bbox 1841 1208 1952 1276; x_wconf 88' lang='lat' dir='ltr'><strong>Oppida</strong></span> <span class='ocrx_word' id='word_1_596' title='bbox 1961 1224 2008 1261; x_wconf 90' lang='lat' dir='ltr'><strong>eo·</strong></span> 
     </span>
     <span class='ocr_line' id='line_1_89' title="bbox 1206 1278 2009 1345; baseline -0.004 -11"><span class='ocrx_word' id='word_1_597' title='bbox 1206 1297 1280 1345; x_wconf 86' lang='lat' dir='ltr'><strong>rum,</strong></span> <span class='ocrx_word' id='word_1_598' title='bbox 1293 1281 1437 1344; x_wconf 84' lang='lat' dir='ltr'><strong>Virunum,</strong></span> <span class='ocrx_word' id='word_1_599' title='bbox 1457 1281 1561 1341; x_wconf 88' lang='lat' dir='ltr'><strong>Celeia,</strong></span> <span class='ocrx_word' id='word_1_600' title='bbox 1579 1280 1710 1340; x_wconf 84' lang='lat' dir='ltr'><strong>Teurnia,</strong></span> <span class='ocrx_word' id='word_1_601' title='bbox 1730 1279 1880 1345; x_wconf 85' lang='lat' dir='ltr'><strong>Aguntum,</strong></span> <span class='ocrx_word' id='word_1_602' title='bbox 1896 1278 2009 1332; x_wconf 87' lang='lat' dir='ltr'><strong>Viaoio·</strong></span> 
     </span>
     <span class='ocr_line' id='line_1_90' title="bbox 1205 1346 2008 1415; baseline -0.005 -12"><span class='ocrx_word' id='word_1_603' title='bbox 1205 1352 1288 1412; x_wconf 86' lang='lat' dir='ltr'><strong>urina,</strong></span> <span class='ocrx_word' id='word_1_604' title='bbox 1300 1351 1424 1412; x_wconf 88' lang='lat' dir='ltr'><strong>Claudia,</strong></span> <span class='ocrx_word' id='word_1_605' title='bbox 1436 1350 1559 1402; x_wconf 80' lang='lat' dir='ltr'><strong>Flavium</strong></span> <span class='ocrx_word' id='word_1_606' title='bbox 1571 1347 1711 1401; x_wconf 85' lang='lat' dir='ltr'><strong>Solvease.</strong></span> <span class='ocrx_word' id='word_1_607' title='bbox 1735 1346 1845 1400; x_wconf 85' lang='lat' dir='ltr'><strong>Noricis</strong></span> <span class='ocrx_word' id='word_1_608' title='bbox 1856 1348 2008 1415; x_wconf 88' lang='lat' dir='ltr'><strong>iunguntur</strong></span> 
     </span>
     <span class='ocr_line' id='line_1_91' title="bbox 1204 1416 2008 1480; baseline -0.005 -9"><span class='ocrx_word' id='word_1_609' title='bbox 1204 1419 1281 1471; x_wconf 87' lang='lat' dir='ltr'><strong>lacos</strong></span> <span class='ocrx_word' id='word_1_610' title='bbox 1300 1418 1389 1480; x_wconf 85' lang='lat' dir='ltr'><strong>Pelso,</strong></span> <span class='ocrx_word' id='word_1_611' title='bbox 1410 1421 1520 1471; x_wconf 89' lang='lat' dir='ltr'><strong>deserta</strong></span> <span class='ocrx_word' id='word_1_612' title='bbox 1538 1418 1685 1469; x_wconf 76' lang='lat' dir='ltr'><strong>Boiorum:</strong></span> <span class='ocrx_word' id='word_1_613' title='bbox 1707 1418 1763 1469; x_wconf 90' lang='lat' dir='ltr'><strong>iam</strong></span> <span class='ocrx_word' id='word_1_614' title='bbox 1785 1422 1879 1469; x_wconf 88' lang='lat' dir='ltr'><strong>tamen</strong></span> <span class='ocrx_word' id='word_1_615' title='bbox 1898 1416 2008 1469; x_wconf 88' lang='lat' dir='ltr'><strong>colonia</strong></span> 
     </span>
     <span class='ocr_line' id='line_1_92' title="bbox 1204 1484 2008 1609; baseline -0.001 -71"><span class='ocrx_word' id='word_1_616' title='bbox 1204 1488 1270 1609; x_wconf 57' lang='lat' dir='ltr'><strong>ffivi</strong></span> <span class='ocrx_word' id='word_1_617' title='bbox 1282 1488 1391 1540; x_wconf 82' lang='lat' dir='ltr'><strong>Claudii</strong></span> <span class='ocrx_word' id='word_1_618' title='bbox 1411 1487 1545 1549; x_wconf 86' lang='lat' dir='ltr'><strong>Sabaria,</strong></span> <span class='ocrx_word' id='word_1_619' title='bbox 1565 1495 1594 1539; x_wconf 88' lang='lat' dir='ltr'><strong>et</strong></span> <span class='ocrx_word' id='word_1_620' title='bbox 1613 1486 1720 1553; x_wconf 90' lang='lat' dir='ltr'><strong>oppido</strong></span> <span class='ocrx_word' id='word_1_621' title='bbox 1740 1485 1922 1541; x_wconf 84' lang='lat' dir='ltr'><strong>Scarabantia</strong></span> <span class='ocrx_word' id='word_1_622' title='bbox 1936 1484 2008 1537; x_wconf 89' lang='lat' dir='ltr'><strong>lulia</strong></span> 
     </span>
    </p>

    <p class='ocr_par' dir='ltr' id='par_1_9' title="bbox 1241 1558 1372 1609">
     <span class='ocr_line' id='line_1_93' title="bbox 1241 1558 1372 1609; baseline -0.023 0"><span class='ocrx_word' id='word_1_623' title='bbox 1241 1558 1372 1609; x_wconf 80' lang='lat' dir='ltr'><strong>nitantur.</strong></span> 
     </span>
    </p>

    <p class='ocr_par' dir='ltr' id='par_1_10' title="bbox 1203 1623 2010 3277">
     <span class='ocr_line' id='line_1_94' title="bbox 1238 1623 2007 1692; baseline -0.008 -11"><span class='ocrx_word' id='word_1_624' title='bbox 1238 1624 1365 1681; x_wconf 89' lang='lat' dir='ltr'><strong>XXVlll.</strong></span> <span class='ocrx_word' id='word_1_625' title='bbox 1392 1624 1459 1679; x_wconf 88' lang='lat' dir='ltr'><strong>lude</strong></span> <span class='ocrx_word' id='word_1_626' title='bbox 1478 1624 1638 1692; x_wconf 75' lang='lat' dir='ltr'><strong>glandifera</strong></span> <span class='ocrx_word' id='word_1_627' title='bbox 1654 1623 1831 1687; x_wconf 86' lang='lat' dir='ltr'><strong>Pannoniae,</strong></span> <span class='ocrx_word' id='word_1_628' title='bbox 1852 1638 1906 1690; x_wconf 89' lang='lat' dir='ltr'><strong>qua</strong></span> <span class='ocrx_word' id='word_1_629' title='bbox 1924 1625 2007 1675; x_wconf 86' lang='lat' dir='ltr'><strong>mite·</strong></span> 
     </span>
     <span class='ocr_line' id='line_1_95' title="bbox 1204 1694 2008 1762; baseline -0.004 -16"><span class='ocrx_word' id='word_1_630' title='bbox 1204 1695 1421 1761; x_wconf 84' lang='lat' dir='ltr'><strong>scantiaAlpium</strong></span> <span class='ocrx_word' id='word_1_631' title='bbox 1428 1694 1503 1762; x_wconf 85' lang='lat' dir='ltr'><strong>iuga,</strong></span> <span class='ocrx_word' id='word_1_632' title='bbox 1513 1709 1563 1761; x_wconf 90' lang='lat' dir='ltr'><strong>per</strong></span> <span class='ocrx_word' id='word_1_633' title='bbox 1574 1694 1692 1746; x_wconf 87' lang='lat' dir='ltr'><strong>medium</strong></span> <span class='ocrx_word' id='word_1_634' title='bbox 1706 1695 1848 1761; x_wconf 83' lang='lat' dir='ltr'><strong>illyricum</strong></span> <span class='ocrx_word' id='word_1_635' title='bbox 1860 1710 1878 1745; x_wconf 89' lang='lat' dir='ltr'><strong>a</strong></span> <span class='ocrx_word' id='word_1_636' title='bbox 1887 1701 2008 1759; x_wconf 85' lang='lat' dir='ltr'><strong>septem·</strong></span> 
     </span>
     <span class='ocr_line' id='line_1_96' title="bbox 1204 1762 2009 1826; baseline -0.002 -11"><span class='ocrx_word' id='word_1_637' title='bbox 1204 1766 1295 1816; x_wconf 88' lang='lat' dir='ltr'><strong>trione</strong></span> <span class='ocrx_word' id='word_1_638' title='bbox 1306 1762 1343 1815; x_wconf 92' lang='lat' dir='ltr'><strong>ad</strong></span> <span class='ocrx_word' id='word_1_639' title='bbox 1357 1764 1501 1817; x_wconf 88' lang='lat' dir='ltr'><strong>meridiem</strong></span> <span class='ocrx_word' id='word_1_640' title='bbox 1517 1779 1605 1826; x_wconf 86' lang='lat' dir='ltr'><strong>versa,</strong></span> <span class='ocrx_word' id='word_1_641' title='bbox 1626 1764 1706 1815; x_wconf 88' lang='lat' dir='ltr'><strong>molli</strong></span> <span class='ocrx_word' id='word_1_642' title='bbox 1721 1767 1750 1814; x_wconf 87' lang='lat' dir='ltr'><strong>in</strong></span> <span class='ocrx_word' id='word_1_643' title='bbox 1766 1762 1864 1815; x_wconf 80' lang='lat' dir='ltr'><strong>dextra</strong></span> <span class='ocrx_word' id='word_1_644' title='bbox 1879 1778 1912 1812; x_wconf 88' lang='lat' dir='ltr'><strong>ac</strong></span> <span class='ocrx_word' id='word_1_645' title='bbox 1924 1762 2009 1813; x_wconf 85' lang='lat' dir='ltr'><strong>laera</strong></span> 
     </span>
     <span class='ocr_line' id='line_1_97' title="bbox 1204 1829 2006 1900; baseline -0.005 -15"><span class='ocrx_word' id='word_1_646' title='bbox 1204 1832 1365 1885; x_wconf 74' lang='lat' dir='ltr'><strong>devexitate</strong></span> <span class='ocrx_word' id='word_1_647' title='bbox 1387 1832 1546 1885; x_wconf 86' lang='lat' dir='ltr'><strong>considunt.</strong></span> <span class='ocrx_word' id='word_1_648' title='bbox 1574 1833 1651 1894; x_wconf 71' lang='lat' dir='ltr'><strong>Quae</strong></span> <span class='ocrx_word' id='word_1_649' title='bbox 1671 1848 1736 1900; x_wconf 79' lang='lat' dir='ltr'><strong>pars</strong></span> <span class='ocrx_word' id='word_1_650' title='bbox 1750 1831 1785 1883; x_wconf 90' lang='lat' dir='ltr'><strong>ad</strong></span> <span class='ocrx_word' id='word_1_651' title='bbox 1796 1847 1872 1884; x_wconf 86' lang='lat' dir='ltr'><strong>mare</strong></span> <span class='ocrx_word' id='word_1_652' title='bbox 1883 1829 2006 1882; x_wconf 82' lang='lat' dir='ltr'><strong>Adriati-</strong></span> 
     </span>
     <span class='ocr_line' id='line_1_98' title="bbox 1204 1898 2007 1968; baseline -0.005 -14"><span class='ocrx_word' id='word_1_653' title='bbox 1204 1917 1265 1957; x_wconf 90' lang='lat' dir='ltr'><strong>cum</strong></span> <span class='ocrx_word' id='word_1_654' title='bbox 1283 1908 1402 1967; x_wconf 82' lang='lat' dir='ltr'><strong>spectat,</strong></span> <span class='ocrx_word' id='word_1_655' title='bbox 1423 1898 1747 1967; x_wconf 87' lang='lat' dir='ltr'><strong>appellaturDalmatia,</strong></span> <span class='ocrx_word' id='word_1_656' title='bbox 1766 1901 1949 1968; x_wconf 85' lang='lat' dir='ltr'><strong>etlllyricum</strong></span> <span class='ocrx_word' id='word_1_657' title='bbox 1961 1915 2007 1951; x_wconf 87' lang='lat' dir='ltr'><strong>su·</strong></span> 
     </span>
     <span class='ocr_line' id='line_1_99' title="bbox 1204 1966 2009 2039; baseline -0.007 -14"><span class='ocrx_word' id='word_1_658' title='bbox 1204 1970 1377 2039; x_wconf 86' lang='lat' dir='ltr'><strong>pradictum.</strong></span> <span class='ocrx_word' id='word_1_659' title='bbox 1397 1971 1437 2022; x_wconf 90' lang='lat' dir='ltr'><strong>Ad</strong></span> <span class='ocrx_word' id='word_1_660' title='bbox 1448 1972 1660 2038; x_wconf 83' lang='lat' dir='ltr'><strong>septemtriones</strong></span> <span class='ocrx_word' id='word_1_661' title='bbox 1671 1970 1814 2023; x_wconf 83' lang='lat' dir='ltr'><strong>Pannonia</strong></span> <span class='ocrx_word' id='word_1_662' title='bbox 1826 1972 1930 2039; x_wconf 87' lang='lat' dir='ltr'><strong>vergit:</strong></span> <span class='ocrx_word' id='word_1_663' title='bbox 1946 1966 2009 2020; x_wconf 85' lang='lat' dir='ltr'><strong>lini·</strong></span> 
     </span>
     <span class='ocr_line' id='line_1_100' title="bbox 1204 2036 2010 2103; baseline -0.005 -11"><span class='ocrx_word' id='word_1_664' title='bbox 1204 2049 1250 2094; x_wconf 84' lang='lat' dir='ltr'><strong>tar</strong></span> <span class='ocrx_word' id='word_1_665' title='bbox 1261 2041 1326 2094; x_wconf 87' lang='lat' dir='ltr'><strong>inde</strong></span> <span class='ocrx_word' id='word_1_666' title='bbox 1340 2040 1477 2093; x_wconf 87' lang='lat' dir='ltr'><strong>Danubio.</strong></span> <span class='ocrx_word' id='word_1_667' title='bbox 1505 2040 1536 2091; x_wconf 90' lang='lat' dir='ltr'><strong>ln</strong></span> <span class='ocrx_word' id='word_1_668' title='bbox 1548 2056 1582 2092; x_wconf 87' lang='lat' dir='ltr'><strong>ea</strong></span> <span class='ocrx_word' id='word_1_669' title='bbox 1593 2040 1736 2101; x_wconf 87' lang='lat' dir='ltr'><strong>coloniae,</strong></span> <span class='ocrx_word' id='word_1_670' title='bbox 1752 2042 1888 2103; x_wconf 89' lang='lat' dir='ltr'><strong>Acmona,</strong></span> <span class='ocrx_word' id='word_1_671' title='bbox 1909 2036 2010 2089; x_wconf 78' lang='lat' dir='ltr'><strong>Siscia.</strong></span> 
     </span>
     <span class='ocr_line' id='line_1_101' title="bbox 1204 2107 2010 2177; baseline -0.005 -15"><span class='ocrx_word' id='word_1_672' title='bbox 1204 2114 1303 2162; x_wconf 78' lang='lat' dir='ltr'><strong>dames</strong></span> <span class='ocrx_word' id='word_1_673' title='bbox 1323 2111 1393 2161; x_wconf 87' lang='lat' dir='ltr'><strong>clari</strong></span> <span class='ocrx_word' id='word_1_674' title='bbox 1414 2115 1443 2163; x_wconf 91' lang='lat' dir='ltr'><strong>et</strong></span> <span class='ocrx_word' id='word_1_675' title='bbox 1463 2110 1635 2177; x_wconf 88' lang='lat' dir='ltr'><strong>narigabiles</strong></span> <span class='ocrx_word' id='word_1_676' title='bbox 1655 2111 1683 2161; x_wconf 88' lang='lat' dir='ltr'><strong>in</strong></span> <span class='ocrx_word' id='word_1_677' title='bbox 1695 2108 1854 2159; x_wconf 85' lang='lat' dir='ltr'><strong>Danubium</strong></span> <span class='ocrx_word' id='word_1_678' title='bbox 1873 2107 2010 2169; x_wconf 77' lang='lat' dir='ltr'><strong>defluunt,</strong></span> 
     </span>
     <span class='ocr_line' id='line_1_102' title="bbox 1204 2174 2008 2244; baseline -0.006 -13"><span class='ocrx_word' id='word_1_679' title='bbox 1204 2180 1313 2231; x_wconf 86' lang='lat' dir='ltr'><strong>Dravus</strong></span> <span class='ocrx_word' id='word_1_680' title='bbox 1324 2194 1339 2229; x_wconf 88' lang='lat' dir='ltr'><strong>c</strong></span> <span class='ocrx_word' id='word_1_681' title='bbox 1349 2179 1459 2231; x_wconf 83' lang='lat' dir='ltr'><strong>Noricis</strong></span> <span class='ocrx_word' id='word_1_682' title='bbox 1469 2179 1626 2242; x_wconf 72' lang='lat' dir='ltr'><strong>uiolentior,</strong></span> <span class='ocrx_word' id='word_1_683' title='bbox 1642 2177 1728 2230; x_wconf 87' lang='lat' dir='ltr'><strong>Savus</strong></span> <span class='ocrx_word' id='word_1_684' title='bbox 1740 2193 1773 2230; x_wconf 84' lang='lat' dir='ltr'><strong>ex</strong></span> <span class='ocrx_word' id='word_1_685' title='bbox 1784 2177 1900 2244; x_wconf 77' lang='lat' dir='ltr'><strong>Alpibus</strong></span> <span class='ocrx_word' id='word_1_686' title='bbox 1912 2174 2008 2227; x_wconf 86' lang='lat' dir='ltr'><strong>Carni·</strong></span> 
     </span>
     <span class='ocr_line' id='line_1_103' title="bbox 1204 2246 2008 2313; baseline -0.006 -11"><span class='ocrx_word' id='word_1_687' title='bbox 1204 2250 1244 2301; x_wconf 89' lang='lat' dir='ltr'><strong>cis</strong></span> <span class='ocrx_word' id='word_1_688' title='bbox 1255 2247 1410 2313; x_wconf 82' lang='lat' dir='ltr'><strong>placidior:</strong></span> <span class='ocrx_word' id='word_1_689' title='bbox 1422 2249 1497 2299; x_wconf 84' lang='lat' dir='ltr'><strong>CXX</strong></span> <span class='ocrx_word' id='word_1_690' title='bbox 1507 2247 1547 2301; x_wconf 87' lang='lat' dir='ltr'><strong>M.</strong></span> <span class='ocrx_word' id='word_1_691' title='bbox 1558 2262 1631 2313; x_wconf 74' lang='lat' dir='ltr'><strong>pesa</strong></span> <span class='ocrx_word' id='word_1_692' title='bbox 1651 2247 1810 2300; x_wconf 78' lang='lat' dir='ltr'><strong>intervallo.</strong></span> <span class='ocrx_word' id='word_1_693' title='bbox 1839 2246 1948 2297; x_wconf 76' lang='lat' dir='ltr'><strong>Dravus</strong></span> <span class='ocrx_word' id='word_1_694' title='bbox 1959 2261 2008 2313; x_wconf 93' lang='lat' dir='ltr'><strong>per</strong></span> 
     </span>
     <span class='ocr_line' id='line_1_104' title="bbox 1204 2314 2008 2383; baseline -0.004 -14"><span class='ocrx_word' id='word_1_695' title='bbox 1204 2317 1340 2378; x_wconf 84' lang='lat' dir='ltr'><strong>Serretes,</strong></span> <span class='ocrx_word' id='word_1_696' title='bbox 1356 2317 1536 2383; x_wconf 86' lang='lat' dir='ltr'><strong>Serrapiilos,</strong></span> <span class='ocrx_word' id='word_1_697' title='bbox 1555 2319 1645 2378; x_wconf 87' lang='lat' dir='ltr'><strong>lases,</strong></span> <span class='ocrx_word' id='word_1_698' title='bbox 1665 2316 1826 2368; x_wconf 87' lang='lat' dir='ltr'><strong>Andizetes:</strong></span> <span class='ocrx_word' id='word_1_699' title='bbox 1850 2314 1938 2367; x_wconf 85' lang='lat' dir='ltr'><strong>Savus</strong></span> <span class='ocrx_word' id='word_1_700' title='bbox 1959 2329 2008 2381; x_wconf 88' lang='lat' dir='ltr'><strong>per</strong></span> 
     </span>
     <span class='ocr_line' id='line_1_105' title="bbox 1204 2381 2008 2452; baseline -0.002 -15"><span class='ocrx_word' id='word_1_701' title='bbox 1204 2386 1387 2452; x_wconf 87' lang='lat' dir='ltr'><strong>Colapianos,</strong></span> <span class='ocrx_word' id='word_1_702' title='bbox 1410 2385 1598 2452; x_wconf 89' lang='lat' dir='ltr'><strong>Breucosque.</strong></span> <span class='ocrx_word' id='word_1_703' title='bbox 1627 2384 1796 2451; x_wconf 87' lang='lat' dir='ltr'><strong>Populorum</strong></span> <span class='ocrx_word' id='word_1_704' title='bbox 1819 2381 1888 2435; x_wconf 89' lang='lat' dir='ltr'><strong>haec</strong></span> <span class='ocrx_word' id='word_1_705' title='bbox 1907 2385 2008 2450; x_wconf 88' lang='lat' dir='ltr'><strong>capita.</strong></span> 
     </span>
     <span class='ocr_line' id='line_1_106' title="bbox 1204 2452 2008 2520; baseline -0.001 -15"><span class='ocrx_word' id='word_1_706' title='bbox 1204 2454 1506 2516; x_wconf 84' lang='lat' dir='ltr'><strong>l&#39;raetereaArivates,</strong></span> <span class='ocrx_word' id='word_1_707' title='bbox 1526 2455 1616 2517; x_wconf 80' lang='lat' dir='ltr'><strong>Azali,</strong></span> <span class='ocrx_word' id='word_1_708' title='bbox 1636 2458 1781 2515; x_wconf 87' lang='lat' dir='ltr'><strong>Amantes,</strong></span> <span class='ocrx_word' id='word_1_709' title='bbox 1800 2452 1942 2520; x_wconf 79' lang='lat' dir='ltr'><strong>Belgites,</strong></span> <span class='ocrx_word' id='word_1_710' title='bbox 1957 2452 2008 2504; x_wconf 88' lang='lat' dir='ltr'><strong>Ca·</strong></span> 
     </span>
     <span class='ocr_line' id='line_1_107' title="bbox 1204 2521 2008 2587; baseline -0.004 -13"><span class='ocrx_word' id='word_1_711' title='bbox 1204 2525 1273 2586; x_wconf 90' lang='lat' dir='ltr'><strong>tari,</strong></span> <span class='ocrx_word' id='word_1_712' title='bbox 1294 2526 1474 2587; x_wconf 88' lang='lat' dir='ltr'><strong>Cornacates,</strong></span> <span class='ocrx_word' id='word_1_713' title='bbox 1488 2524 1631 2584; x_wconf 77' lang='lat' dir='ltr'><strong>Eravisci,</strong></span> <span class='ocrx_word' id='word_1_714' title='bbox 1651 2524 1851 2585; x_wconf 82' lang='lat' dir='ltr'><strong>Hercuniates,</strong></span> <span class='ocrx_word' id='word_1_715' title='bbox 1871 2521 2008 2584; x_wconf 85' lang='lat' dir='ltr'><strong>Laterici,</strong></span> 
     </span>
     <span class='ocr_line' id='line_1_108' title="bbox 1204 2588 2009 2655; baseline -0.004 -10"><span class='ocrx_word' id='word_1_716' title='bbox 1204 2593 1353 2655; x_wconf 85' lang='lat' dir='ltr'><strong>Oseriates,</strong></span> <span class='ocrx_word' id='word_1_717' title='bbox 1372 2592 1515 2647; x_wconf 83' lang='lat' dir='ltr'><strong>Varciani.</strong></span> <span class='ocrx_word' id='word_1_718' title='bbox 1538 2593 1621 2645; x_wconf 89' lang='lat' dir='ltr'><strong>Mons</strong></span> <span class='ocrx_word' id='word_1_719' title='bbox 1633 2593 1775 2655; x_wconf 89' lang='lat' dir='ltr'><strong>Claudius,</strong></span> <span class='ocrx_word' id='word_1_720' title='bbox 1790 2592 1867 2645; x_wconf 85' lang='lat' dir='ltr'><strong>cuius</strong></span> <span class='ocrx_word' id='word_1_721' title='bbox 1877 2592 1904 2642; x_wconf 90' lang='lat' dir='ltr'><strong>in</strong></span> <span class='ocrx_word' id='word_1_722' title='bbox 1914 2588 2009 2642; x_wconf 83' lang='lat' dir='ltr'><strong>ironte</strong></span> 
     </span>
     <span class='ocr_line' id='line_1_109' title="bbox 1204 2658 2007 2730; baseline -0.007 -15"><span class='ocrx_word' id='word_1_723' title='bbox 1204 2662 1352 2724; x_wconf 83' lang='lat' dir='ltr'><strong>Scordisci,</strong></span> <span class='ocrx_word' id='word_1_724' title='bbox 1374 2663 1401 2713; x_wconf 90' lang='lat' dir='ltr'><strong>in</strong></span> <span class='ocrx_word' id='word_1_725' title='bbox 1418 2669 1498 2730; x_wconf 88' lang='lat' dir='ltr'><strong>tergo</strong></span> <span class='ocrx_word' id='word_1_726' title='bbox 1520 2663 1660 2717; x_wconf 80' lang='lat' dir='ltr'><strong>Taurisci.</strong></span> <span class='ocrx_word' id='word_1_727' title='bbox 1687 2658 2007 2715; x_wconf 81' lang='lat' dir='ltr'><strong>lusulaiaSaroMetu·</strong></span> 
     </span>
     <span class='ocr_line' id='line_1_110' title="bbox 1203 2731 2008 2795; baseline -0.006 -11"><span class='ocrx_word' id='word_1_728' title='bbox 1203 2733 1303 2795; x_wconf 83' lang='lat' dir='ltr'><strong>bar-ris,</strong></span> <span class='ocrx_word' id='word_1_729' title='bbox 1314 2733 1483 2783; x_wconf 84' lang='lat' dir='ltr'><strong>amnicarum</strong></span> <span class='ocrx_word' id='word_1_730' title='bbox 1496 2735 1625 2784; x_wconf 75' lang='lat' dir='ltr'><strong>maxime.</strong></span> <span class='ocrx_word' id='word_1_731' title='bbox 1639 2731 1788 2786; x_wconf 86' lang='lat' dir='ltr'><strong>Praeterea</strong></span> <span class='ocrx_word' id='word_1_732' title='bbox 1799 2746 1896 2785; x_wconf 87' lang='lat' dir='ltr'><strong>amnes</strong></span> <span class='ocrx_word' id='word_1_733' title='bbox 1905 2742 2008 2781; x_wconf 90' lang='lat' dir='ltr'><strong>memo·</strong></span> 
     </span>
     <span class='ocr_line' id='line_1_111' title="bbox 1205 2796 2007 2868; baseline -0.004 -16"><span class='ocrx_word' id='word_1_734' title='bbox 1205 2800 1293 2863; x_wconf 90' lang='lat' dir='ltr'><strong>randi,</strong></span> <span class='ocrx_word' id='word_1_735' title='bbox 1312 2802 1424 2868; x_wconf 86' lang='lat' dir='ltr'><strong>Colapis</strong></span> <span class='ocrx_word' id='word_1_736' title='bbox 1440 2802 1467 2852; x_wconf 91' lang='lat' dir='ltr'><strong>in</strong></span> <span class='ocrx_word' id='word_1_737' title='bbox 1479 2801 1579 2854; x_wconf 87' lang='lat' dir='ltr'><strong>Savum</strong></span> <span class='ocrx_word' id='word_1_738' title='bbox 1590 2798 1707 2853; x_wconf 80' lang='lat' dir='ltr'><strong>influens</strong></span> <span class='ocrx_word' id='word_1_739' title='bbox 1729 2802 1809 2855; x_wconf 83' lang='lat' dir='ltr'><strong>iuxta</strong></span> <span class='ocrx_word' id='word_1_740' title='bbox 1819 2796 1944 2860; x_wconf 87' lang='lat' dir='ltr'><strong>Sisciam,</strong></span> <span class='ocrx_word' id='word_1_741' title='bbox 1959 2813 2007 2865; x_wconf 88' lang='lat' dir='ltr'><strong>ge·</strong></span> 
     </span>
     <span class='ocr_line' id='line_1_112' title="bbox 1204 2864 2006 2938; baseline -0.004 -18"><span class='ocrx_word' id='word_1_742' title='bbox 1204 2873 1279 2922; x_wconf 92' lang='lat' dir='ltr'><strong>mino</strong></span> <span class='ocrx_word' id='word_1_743' title='bbox 1292 2871 1372 2923; x_wconf 82' lang='lat' dir='ltr'><strong>alveo</strong></span> <span class='ocrx_word' id='word_1_744' title='bbox 1385 2871 1501 2922; x_wconf 87' lang='lat' dir='ltr'><strong>insulam</strong></span> <span class='ocrx_word' id='word_1_745' title='bbox 1513 2871 1553 2922; x_wconf 88' lang='lat' dir='ltr'><strong>ibi</strong></span> <span class='ocrx_word' id='word_1_746' title='bbox 1565 2870 1659 2933; x_wconf 88' lang='lat' dir='ltr'><strong>eilicit,</strong></span> <span class='ocrx_word' id='word_1_747' title='bbox 1677 2887 1749 2938; x_wconf 88' lang='lat' dir='ltr'><strong>quae</strong></span> <span class='ocrx_word' id='word_1_748' title='bbox 1757 2866 1903 2937; x_wconf 81' lang='lat' dir='ltr'><strong>Segestica</strong></span> <span class='ocrx_word' id='word_1_749' title='bbox 1912 2864 2006 2935; x_wconf 84' lang='lat' dir='ltr'><strong>appel·</strong></span> 
     </span>
     <span class='ocr_line' id='line_1_113' title="bbox 1204 2934 2006 3004; baseline -0.004 -15"><span class='ocrx_word' id='word_1_750' title='bbox 1204 2939 1286 2990; x_wconf 90' lang='lat' dir='ltr'><strong>lator.</strong></span> <span class='ocrx_word' id='word_1_751' title='bbox 1310 2940 1387 2992; x_wconf 90' lang='lat' dir='ltr'><strong>Alter</strong></span> <span class='ocrx_word' id='word_1_752' title='bbox 1398 2939 1487 2989; x_wconf 89' lang='lat' dir='ltr'><strong>amnis</strong></span> <span class='ocrx_word' id='word_1_753' title='bbox 1497 2938 1650 2989; x_wconf 88' lang='lat' dir='ltr'><strong>Bacuntius</strong></span> <span class='ocrx_word' id='word_1_754' title='bbox 1661 2939 1687 2989; x_wconf 91' lang='lat' dir='ltr'><strong>in</strong></span> <span class='ocrx_word' id='word_1_755' title='bbox 1700 2938 1799 2993; x_wconf 78' lang='lat' dir='ltr'><strong>Sarum</strong></span> <span class='ocrx_word' id='word_1_756' title='bbox 1811 2936 1915 2988; x_wconf 84' lang='lat' dir='ltr'><strong>Sirmio</strong></span> <span class='ocrx_word' id='word_1_757' title='bbox 1928 2934 2006 3004; x_wconf 89' lang='lat' dir='ltr'><strong>oppi-</strong></span> 
     </span>
     <span class='ocr_line' id='line_1_114' title="bbox 1205 3006 2007 3060; baseline -0.004 -2"><span class='ocrx_word' id='word_1_758' title='bbox 1205 3008 1240 3060; x_wconf 90' lang='lat' dir='ltr'><strong>do</strong></span> <span class='ocrx_word' id='word_1_759' title='bbox 1252 3006 1356 3060; x_wconf 85' lang='lat' dir='ltr'><strong>influit:</strong></span> <span class='ocrx_word' id='word_1_760' title='bbox 1374 3008 1421 3057; x_wconf 90' lang='lat' dir='ltr'><strong>ubi</strong></span> <span class='ocrx_word' id='word_1_761' title='bbox 1434 3007 1532 3057; x_wconf 82' lang='lat' dir='ltr'><strong>civitas</strong></span> <span class='ocrx_word' id='word_1_762' title='bbox 1544 3006 1735 3059; x_wconf 85' lang='lat' dir='ltr'><strong>Sirmiensium</strong></span> <span class='ocrx_word' id='word_1_763' title='bbox 1747 3014 1775 3058; x_wconf 88' lang='lat' dir='ltr'><strong>et</strong></span> <span class='ocrx_word' id='word_1_764' title='bbox 1785 3006 2007 3055; x_wconf 85' lang='lat' dir='ltr'><strong>Amantinorum.</strong></span> 
     </span>
     <span class='ocr_line' id='line_1_115' title="bbox 1204 3071 2008 3139; baseline -0.005 -12"><span class='ocrx_word' id='word_1_765' title='bbox 1204 3076 1269 3127; x_wconf 84' lang='lat' dir='ltr'><strong>lnrle</strong></span> <span class='ocrx_word' id='word_1_766' title='bbox 1282 3075 1357 3126; x_wconf 85' lang='lat' dir='ltr'><strong>XLV</strong></span> <span class='ocrx_word' id='word_1_767' title='bbox 1368 3073 1406 3124; x_wconf 92' lang='grc' dir='ltr'><strong>Μ.</strong></span> <span class='ocrx_word' id='word_1_768' title='bbox 1419 3088 1490 3139; x_wconf 87' lang='lat' dir='ltr'><strong>pass.</strong></span> <span class='ocrx_word' id='word_1_769' title='bbox 1503 3075 1673 3134; x_wconf 71' lang='lat' dir='ltr'><strong>&#39;Taurunum</strong></span> <span class='ocrx_word' id='word_1_770' title='bbox 1694 3074 1741 3123; x_wconf 88' lang='lat' dir='ltr'><strong>uhi</strong></span> <span class='ocrx_word' id='word_1_771' title='bbox 1763 3071 1892 3123; x_wconf 86' lang='lat' dir='ltr'><strong>Danubio</strong></span> <span class='ocrx_word' id='word_1_772' title='bbox 1909 3074 2008 3123; x_wconf 81' lang='lat' dir='ltr'><strong>uriace-</strong></span> 
     </span>
     <span class='ocr_line' id='line_1_116' title="bbox 1204 3138 2007 3209; baseline -0.007 -13"><span class='ocrx_word' id='word_1_773' title='bbox 1204 3152 1250 3197; x_wconf 91' lang='lat' dir='ltr'><strong>tur</strong></span> <span class='ocrx_word' id='word_1_774' title='bbox 1262 3144 1357 3194; x_wconf 82' lang='lat' dir='ltr'><strong>Saros.</strong></span> <span class='ocrx_word' id='word_1_775' title='bbox 1377 3142 1467 3209; x_wconf 88' lang='lat' dir='ltr'><strong>Supra</strong></span> <span class='ocrx_word' id='word_1_776' title='bbox 1475 3138 1592 3193; x_wconf 82' lang='lat' dir='ltr'><strong>iniluuot</strong></span> <span class='ocrx_word' id='word_1_777' title='bbox 1599 3139 1750 3205; x_wconf 87' lang='lat' dir='ltr'><strong>Valdasus,</strong></span> <span class='ocrx_word' id='word_1_778' title='bbox 1761 3140 1898 3205; x_wconf 78' lang='lat' dir='ltr'><strong>Urpanus,</strong></span> <span class='ocrx_word' id='word_1_779' title='bbox 1910 3145 1939 3189; x_wconf 89' lang='lat' dir='ltr'><strong>et</strong></span> <span class='ocrx_word' id='word_1_780' title='bbox 1949 3138 2007 3206; x_wconf 85' lang='lat' dir='ltr'><strong>ipsi</strong></span> 
     </span>
     <span class='ocr_line' id='line_1_117' title="bbox 1204 3210 1414 3277; baseline -0.024 -12"><span class='ocrx_word' id='word_1_781' title='bbox 1204 3229 1258 3265; x_wconf 88' lang='lat' dir='ltr'><strong>uon</strong></span> <span class='ocrx_word' id='word_1_782' title='bbox 1269 3210 1414 3277; x_wconf 81' lang='lat' dir='ltr'><strong>ignobiles.</strong></span> 
     </span>
    </p>

    <p class='ocr_par' dir='ltr' id='par_1_11' title="bbox 1202 3272 2007 3755">
     <span class='ocr_line' id='line_1_118' title="bbox 1239 3272 2006 3346; baseline -0.001 -15"><span class='ocrx_word' id='word_1_783' title='bbox 1239 3280 1338 3331; x_wconf 76' lang='lat' dir='ltr'><strong>XXlX</strong></span> <span class='ocrx_word' id='word_1_784' title='bbox 1356 3278 1513 3331; x_wconf 88' lang='lat' dir='ltr'><strong>Pannoniae</strong></span> <span class='ocrx_word' id='word_1_785' title='bbox 1534 3276 1659 3346; x_wconf 87' lang='lat' dir='ltr'><strong>iungitur</strong></span> <span class='ocrx_word' id='word_1_786' title='bbox 1670 3275 1824 3343; x_wconf 78' lang='lat' dir='ltr'><strong>prov-incia,</strong></span> <span class='ocrx_word' id='word_1_787' title='bbox 1846 3291 1916 3343; x_wconf 86' lang='lat' dir='ltr'><strong>quae</strong></span> <span class='ocrx_word' id='word_1_788' title='bbox 1928 3272 2006 3330; x_wconf 87' lang='lat' dir='ltr'><strong>Moe·</strong></span> 
     </span>
     <span class='ocr_line' id='line_1_119' title="bbox 1205 3342 2006 3417; baseline -0.002 -16"><span class='ocrx_word' id='word_1_789' title='bbox 1205 3351 1248 3401; x_wconf 89' lang='lat' dir='ltr'><strong>sia</strong></span> <span class='ocrx_word' id='word_1_790' title='bbox 1268 3349 1433 3417; x_wconf 90' lang='lat' dir='ltr'><strong>appellatur,</strong></span> <span class='ocrx_word' id='word_1_791' title='bbox 1454 3347 1617 3400; x_wconf 84' lang='lat' dir='ltr'><strong>adl&#39;ontum</strong></span> <span class='ocrx_word' id='word_1_792' title='bbox 1639 3362 1726 3414; x_wconf 90' lang='lat' dir='ltr'><strong>usque</strong></span> <span class='ocrx_word' id='word_1_793' title='bbox 1743 3361 1805 3399; x_wconf 90' lang='lat' dir='ltr'><strong>eum</strong></span> <span class='ocrx_word' id='word_1_794' title='bbox 1816 3342 1946 3399; x_wconf 88' lang='lat' dir='ltr'><strong>Danubio</strong></span> <span class='ocrx_word' id='word_1_795' title='bbox 1957 3344 2006 3399; x_wconf 88' lang='lat' dir='ltr'><strong>de·</strong></span> 
     </span>
     <span class='ocr_line' id='line_1_120' title="bbox 1204 3410 2006 3537; baseline -0.005 -65"><span class='ocrx_word' id='word_1_796' title='bbox 1204 3433 1324 3473; x_wconf 89' lang='lat' dir='ltr'><strong>currens.</strong></span> <span class='ocrx_word' id='word_1_797' title='bbox 1351 3417 1450 3499; x_wconf 85' lang='lat' dir='ltr'><strong>Incipit</strong></span> <span class='ocrx_word' id='word_1_798' title='bbox 1463 3434 1480 3471; x_wconf 89' lang='lat' dir='ltr'><strong>a</strong></span> <span class='ocrx_word' id='word_1_799' title='bbox 1491 3414 1645 3469; x_wconf 84' lang='lat' dir='ltr'><strong>confluente</strong></span> <span class='ocrx_word' id='word_1_800' title='bbox 1655 3430 1740 3537; x_wconf 52' lang='lat' dir='ltr'><strong>supra</strong></span> <span class='ocrx_word' id='word_1_801' title='bbox 1749 3415 1834 3471; x_wconf 89' lang='lat' dir='ltr'><strong>dicto.</strong></span> <span class='ocrx_word' id='word_1_802' title='bbox 1852 3416 1881 3465; x_wconf 96' lang='lat' dir='ltr'><strong>ln</strong></span> <span class='ocrx_word' id='word_1_803' title='bbox 1893 3429 1927 3466; x_wconf 89' lang='lat' dir='ltr'><strong>ea</strong></span> <span class='ocrx_word' id='word_1_804' title='bbox 1937 3410 2006 3468; x_wconf 89' lang='lat' dir='ltr'><strong>Dar·</strong></span> 
     </span>
     <span class='ocr_line' id='line_1_121' title="bbox 1203 3484 2006 3555; baseline -0.002 -17"><span class='ocrx_word' id='word_1_805' title='bbox 1203 3489 1277 3549; x_wconf 90' lang='lat' dir='ltr'><strong>dani,</strong></span> <span class='ocrx_word' id='word_1_806' title='bbox 1298 3486 1432 3555; x_wconf 78' lang='lat' dir='ltr'><strong>Celegeri,</strong></span> <span class='ocrx_word' id='word_1_807' title='bbox 1451 3486 1579 3549; x_wconf 88' lang='lat' dir='ltr'><strong>Triballi,</strong></span> <span class='ocrx_word' id='word_1_808' title='bbox 1594 3487 1692 3538; x_wconf 84' lang='lat' dir='ltr'><strong>Timar</strong></span> <span class='ocrx_word' id='word_1_809' title='bbox 1714 3487 1731 3551; x_wconf 93' lang='lat' dir='ltr'><strong>i,</strong></span> <span class='ocrx_word' id='word_1_810' title='bbox 1751 3486 1851 3547; x_wconf 89' lang='lat' dir='ltr'><strong>Moesi,</strong></span> <span class='ocrx_word' id='word_1_811' title='bbox 1872 3484 2006 3545; x_wconf 86' lang='lat' dir='ltr'><strong>Thraces,</strong></span> 
     </span>
     <span class='ocr_line' id='line_1_122' title="bbox 1202 3552 2007 3623; baseline -0.004 -15"><span class='ocrx_word' id='word_1_812' title='bbox 1202 3557 1346 3623; x_wconf 88' lang='lat' dir='ltr'><strong>Pontoque</strong></span> <span class='ocrx_word' id='word_1_813' title='bbox 1354 3554 1654 3622; x_wconf 86' lang='lat' dir='ltr'><strong>contermiaiScythae.</strong></span> <span class='ocrx_word' id='word_1_814' title='bbox 1672 3552 1804 3606; x_wconf 87' lang='lat' dir='ltr'><strong>Flumina</strong></span> <span class='ocrx_word' id='word_1_815' title='bbox 1816 3554 1901 3613; x_wconf 89' lang='lat' dir='ltr'><strong>clara,</strong></span> <span class='ocrx_word' id='word_1_816' title='bbox 1912 3553 2007 3605; x_wconf 85' lang='lat' dir='ltr'><strong>aDar·</strong></span> 
     </span>
     <span class='ocr_line' id='line_1_123' title="bbox 1203 3610 2005 3691; baseline -0.004 -15"><span class='ocrx_word' id='word_1_817' title='bbox 1203 3624 1462 3691; x_wconf 84' lang='lat' dir='ltr'><strong>danisMargis,Pin</strong></span> <span class='ocrx_word' id='word_1_818' title='bbox 1484 3623 1693 3689; x_wconf 88' lang='lat' dir='ltr'><strong>us,Timachus:</strong></span> <span class='ocrx_word' id='word_1_819' title='bbox 1705 3610 2005 3690; x_wconf 76' lang='lat' dir='ltr'><strong>ethorlopeOescus:</strong></span> 
     </span>
     <span class='ocr_line' id='line_1_124' title="bbox 1203 3693 1737 3755; baseline -0.007 -8"><span class='ocrx_word' id='word_1_820' title='bbox 1203 3710 1237 3747; x_wconf 86' lang='lat' dir='ltr'><strong>ert</strong></span> <span class='ocrx_word' id='word_1_821' title='bbox 1249 3694 1368 3754; x_wconf 89' lang='lat' dir='ltr'><strong>llaemo,</strong></span> <span class='ocrx_word' id='word_1_822' title='bbox 1379 3693 1458 3754; x_wconf 89' lang='lat' dir='ltr'><strong>Utus,</strong></span> <span class='ocrx_word' id='word_1_823' title='bbox 1494 3709 1612 3755; x_wconf 87' lang='lat' dir='ltr'><strong>scamus,</strong></span> <span class='ocrx_word' id='word_1_824' title='bbox 1623 3693 1737 3745; x_wconf 88' lang='lat' dir='ltr'><strong>leterus.</strong></span> 
     </span>
    </p>

    <p class='ocr_par' dir='ltr' id='par_1_12' title="bbox 1238 3758 2006 3832">
     <span class='ocr_line' id='line_1_125' title="bbox 1238 3758 2006 3832; baseline -0.003 -18"><span class='ocrx_word' id='word_1_825' title='bbox 1238 3762 1343 3831; x_wconf 91' lang='lat' dir='ltr'><strong>lllyrici</strong></span> <span class='ocrx_word' id='word_1_826' title='bbox 1354 3762 1483 3824; x_wconf 89' lang='lat' dir='ltr'><strong>latitudo,</strong></span> <span class='ocrx_word' id='word_1_827' title='bbox 1495 3758 1889 3832; x_wconf 82' lang='lat' dir='ltr'><strong>quamasinraest,CCCXXV</strong></span> <span class='ocrx_word' id='word_1_828' title='bbox 1899 3760 1937 3812; x_wconf 85' lang='grc' dir='ltr'><strong>Μ.</strong></span> <span class='ocrx_word' id='word_1_829' title='bbox 1945 3774 2006 3826; x_wconf 86' lang='lat' dir='ltr'><strong>pas·</strong></span> 
     </span>
    </p>
   </div>
   <div class='ocr_carea' id='block_1_6' title="bbox 1203 3826 2006 3953">
    <p class='ocr_par' dir='ltr' id='par_1_13' title="bbox 1203 3826 2006 3953">
     <span class='ocr_line' id='line_1_126' title="bbox 1203 3826 2006 3953; baseline -0.004 -70"><span class='ocrx_word' id='word_1_830' title='bbox 1203 3848 1280 3883; x_wconf 91' lang='lat' dir='ltr'><strong>suum</strong></span> <span class='ocrx_word' id='word_1_831' title='bbox 1294 3830 1413 3901; x_wconf 87' lang='lat' dir='ltr'><strong>colligit.</strong></span> <span class='ocrx_word' id='word_1_832' title='bbox 1442 3826 1600 3953; x_wconf 60' lang='lat' dir='ltr'><strong>Longitudo</strong></span> <span class='ocrx_word' id='word_1_833' title='bbox 1612 3848 1629 3883; x_wconf 89' lang='lat' dir='ltr'><strong>a</strong></span> <span class='ocrx_word' id='word_1_834' title='bbox 1639 3830 1751 3882; x_wconf 84' lang='lat' dir='ltr'><strong>flumine</strong></span> <span class='ocrx_word' id='word_1_835' title='bbox 1760 3830 1842 3882; x_wconf 87' lang='lat' dir='ltr'><strong>Arsia</strong></span> <span class='ocrx_word' id='word_1_836' title='bbox 1859 3829 1894 3881; x_wconf 84' lang='lat' dir='ltr'><strong>ad</strong></span> <span class='ocrx_word' id='word_1_837' title='bbox 1906 3830 2006 3881; x_wconf 89' lang='lat' dir='ltr'><strong>llumen</strong></span> 
     </span>
    </p>
   </div>
   <div class='ocr_carea' id='block_1_7' title="bbox 1203 3898 2064 5624">
    <p class='ocr_par' dir='ltr' id='par_1_14' title="bbox 1203 3898 2006 4314">
     <span class='ocr_line' id='line_1_127' title="bbox 1203 3898 2006 3968; baseline -0.005 -16"><span class='ocrx_word' id='word_1_838' title='bbox 1203 3901 1329 3963; x_wconf 78' lang='lat' dir='ltr'><strong>Drinium</strong></span> <span class='ocrx_word' id='word_1_839' title='bbox 1343 3900 1435 3952; x_wconf 88' lang='lat' dir='ltr'><strong>DCCC</strong></span> <span class='ocrx_word' id='word_1_840' title='bbox 1447 3900 1485 3951; x_wconf 91' lang='lat' dir='ltr'><strong>M.</strong></span> <span class='ocrx_word' id='word_1_841' title='bbox 1539 3898 1639 3952; x_wconf 89' lang='lat' dir='ltr'><strong>Drinio</strong></span> <span class='ocrx_word' id='word_1_842' title='bbox 1650 3900 1684 3953; x_wconf 89' lang='lat' dir='ltr'><strong>ad</strong></span> <span class='ocrx_word' id='word_1_843' title='bbox 1697 3898 1913 3968; x_wconf 88' lang='lat' dir='ltr'><strong>promontorium</strong></span> <span class='ocrx_word' id='word_1_844' title='bbox 1924 3900 2006 3949; x_wconf 88' lang='lat' dir='ltr'><strong>Acro·</strong></span> 
     </span>
     <span class='ocr_line' id='line_1_128' title="bbox 1203 3968 2006 4039; baseline -0.004 -20"><span class='ocrx_word' id='word_1_845' title='bbox 1203 3971 1372 4032; x_wconf 85' lang='lat' dir='ltr'><strong>ceraunium,</strong></span> <span class='ocrx_word' id='word_1_846' title='bbox 1383 3968 1517 4022; x_wconf 84' lang='lat' dir='ltr'><strong>CLXXll.</strong></span> <span class='ocrx_word' id='word_1_847' title='bbox 1536 3970 1574 4023; x_wconf 91' lang='lat' dir='ltr'><strong>M.</strong></span> <span class='ocrx_word' id='word_1_848' title='bbox 1583 3970 1703 4039; x_wconf 83' lang='lat' dir='ltr'><strong>Agrippa</strong></span> <span class='ocrx_word' id='word_1_849' title='bbox 1735 3968 1838 4021; x_wconf 87' lang='lat' dir='ltr'><strong>redidit</strong></span> <span class='ocrx_word' id='word_1_850' title='bbox 1848 3969 2006 4019; x_wconf 78' lang='lat' dir='ltr'><strong>universum</strong></span> 
     </span>
     <span class='ocr_line' id='line_1_129' title="bbox 1205 3984 2006 4109; baseline -0.007 -18"><span class='ocrx_word' id='word_1_851' title='bbox 1205 4039 1279 4091; x_wconf 90' lang='lat' dir='ltr'><strong>hunc</strong></span> <span class='ocrx_word' id='word_1_852' title='bbox 1296 4040 1384 4090; x_wconf 88' lang='lat' dir='ltr'><strong>sinum</strong></span> <span class='ocrx_word' id='word_1_853' title='bbox 1397 4036 1495 4091; x_wconf 86' lang='lat' dir='ltr'><strong>ltaliae</strong></span> <span class='ocrx_word' id='word_1_854' title='bbox 1513 4045 1542 4092; x_wconf 86' lang='lat' dir='ltr'><strong>et</strong></span> <span class='ocrx_word' id='word_1_855' title='bbox 1554 4038 1662 4109; x_wconf 89' lang='lat' dir='ltr'><strong>lllyrici</strong></span> <span class='ocrx_word' id='word_1_856' title='bbox 1674 3984 1780 4091; x_wconf 59' lang='lat' dir='ltr'><strong>amititu</strong></span> <span class='ocrx_word' id='word_1_857' title='bbox 1792 4036 2006 4107; x_wconf 85' lang='lat' dir='ltr'><strong>quatuordecies</strong></span> 
     </span>
     <span class='ocr_line' id='line_1_130' title="bbox 1203 4104 2006 4175; baseline -0.006 -15"><span class='ocrx_word' id='word_1_858' title='bbox 1203 4116 1321 4161; x_wconf 88' lang='lat' dir='ltr'><strong>centena</strong></span> <span class='ocrx_word' id='word_1_859' title='bbox 1336 4104 1426 4160; x_wconf 89' lang='lat' dir='ltr'><strong>millia</strong></span> <span class='ocrx_word' id='word_1_860' title='bbox 1442 4123 1583 4175; x_wconf 89' lang='lat' dir='ltr'><strong>passuum.</strong></span> <span class='ocrx_word' id='word_1_861' title='bbox 1610 4110 1640 4160; x_wconf 92' lang='lat' dir='ltr'><strong>ln</strong></span> <span class='ocrx_word' id='word_1_862' title='bbox 1650 4124 1684 4161; x_wconf 90' lang='lat' dir='ltr'><strong>eo</strong></span> <span class='ocrx_word' id='word_1_863' title='bbox 1696 4107 1751 4161; x_wconf 92' lang='lat' dir='ltr'><strong>duo</strong></span> <span class='ocrx_word' id='word_1_864' title='bbox 1763 4109 1862 4170; x_wconf 90' lang='lat' dir='ltr'><strong>maria,</strong></span> <span class='ocrx_word' id='word_1_865' title='bbox 1882 4110 1948 4171; x_wconf 87' lang='lat' dir='ltr'><strong>(quo</strong></span> <span class='ocrx_word' id='word_1_866' title='bbox 1962 4105 2006 4156; x_wconf 91' lang='lat' dir='ltr'><strong>di-</strong></span> 
     </span>
     <span class='ocr_line' id='line_1_131' title="bbox 1203 4174 2006 4245; baseline -0.007 -17"><span class='ocrx_word' id='word_1_867' title='bbox 1203 4178 1350 4229; x_wconf 79' lang='lat' dir='ltr'><strong>stinximus</strong></span> <span class='ocrx_word' id='word_1_868' title='bbox 1366 4178 1445 4241; x_wconf 83' lang='lat' dir='ltr'><strong>liner)</strong></span> <span class='ocrx_word' id='word_1_869' title='bbox 1465 4177 1581 4240; x_wconf 90' lang='lat' dir='ltr'><strong>lonium,</strong></span> <span class='ocrx_word' id='word_1_870' title='bbox 1603 4179 1633 4229; x_wconf 90' lang='lat' dir='ltr'><strong>in</strong></span> <span class='ocrx_word' id='word_1_871' title='bbox 1656 4176 1747 4245; x_wconf 87' lang='lat' dir='ltr'><strong>prima</strong></span> <span class='ocrx_word' id='word_1_872' title='bbox 1767 4182 1866 4245; x_wconf 74' lang='lat' dir='ltr'><strong>parte3</strong></span> <span class='ocrx_word' id='word_1_873' title='bbox 1888 4174 2006 4225; x_wconf 88' lang='lat' dir='ltr'><strong>interius</strong></span> 
     </span>
     <span class='ocr_line' id='line_1_132' title="bbox 1203 4245 1743 4314; baseline -0.002 -14"><span class='ocrx_word' id='word_1_874' title='bbox 1203 4246 1381 4309; x_wconf 87' lang='lat' dir='ltr'><strong>Adriaticum,</strong></span> <span class='ocrx_word' id='word_1_875' title='bbox 1402 4245 1475 4314; x_wconf 88' lang='lat' dir='ltr'><strong>quod</strong></span> <span class='ocrx_word' id='word_1_876' title='bbox 1488 4246 1622 4313; x_wconf 86' lang='lat' dir='ltr'><strong>Superum</strong></span> <span class='ocrx_word' id='word_1_877' title='bbox 1635 4254 1743 4301; x_wconf 85' lang='lat' dir='ltr'><strong>vocant.</strong></span> 
     </span>
    </p>

    <p class='ocr_par' dir='ltr' id='par_1_15' title="bbox 1203 4308 2007 4727">
     <span class='ocr_line' id='line_1_133' title="bbox 1237 4308 2005 4384; baseline -0.009 -17"><span class='ocrx_word' id='word_1_878' title='bbox 1237 4312 1326 4367; x_wconf 83' lang='lat' dir='ltr'><strong>XXX.</strong></span> <span class='ocrx_word' id='word_1_879' title='bbox 1345 4315 1455 4367; x_wconf 87' lang='lat' dir='ltr'><strong>insulae</strong></span> <span class='ocrx_word' id='word_1_880' title='bbox 1466 4318 1493 4367; x_wconf 91' lang='lat' dir='ltr'><strong>in</strong></span> <span class='ocrx_word' id='word_1_881' title='bbox 1506 4317 1626 4369; x_wconf 87' lang='lat' dir='ltr'><strong>Ausonio</strong></span> <span class='ocrx_word' id='word_1_882' title='bbox 1637 4319 1706 4367; x_wconf 91' lang='lat' dir='ltr'><strong>mari</strong></span> <span class='ocrx_word' id='word_1_883' title='bbox 1719 4324 1830 4384; x_wconf 88' lang='lat' dir='ltr'><strong>praeter</strong></span> <span class='ocrx_word' id='word_1_884' title='bbox 1841 4312 1895 4366; x_wconf 88' lang='lat' dir='ltr'><strong>iam</strong></span> <span class='ocrx_word' id='word_1_885' title='bbox 1907 4308 2005 4373; x_wconf 87' lang='lat' dir='ltr'><strong>dictas,</strong></span> 
     </span>
     <span class='ocr_line' id='line_1_134' title="bbox 1205 4379 2004 4452; baseline -0.008 -17"><span class='ocrx_word' id='word_1_886' title='bbox 1205 4391 1359 4436; x_wconf 88' lang='lat' dir='ltr'><strong>memoratu</strong></span> <span class='ocrx_word' id='word_1_887' title='bbox 1370 4385 1479 4452; x_wconf 82' lang='lat' dir='ltr'><strong>dignae,</strong></span> <span class='ocrx_word' id='word_1_888' title='bbox 1496 4386 1603 4438; x_wconf 82' lang='lat' dir='ltr'><strong>nullae:</strong></span> <span class='ocrx_word' id='word_1_889' title='bbox 1621 4389 1647 4436; x_wconf 90' lang='lat' dir='ltr'><strong>ln</strong></span> <span class='ocrx_word' id='word_1_890' title='bbox 1659 4384 1735 4439; x_wconf 88' lang='lat' dir='ltr'><strong>lunio</strong></span> <span class='ocrx_word' id='word_1_891' title='bbox 1746 4400 1864 4451; x_wconf 85' lang='lat' dir='ltr'><strong>paucae:</strong></span> <span class='ocrx_word' id='word_1_892' title='bbox 1886 4379 2004 4432; x_wconf 88' lang='lat' dir='ltr'><strong>Calabro</strong></span> 
     </span>
     <span class='ocr_line' id='line_1_135' title="bbox 1204 4446 2006 4522; baseline -0.005 -19"><span class='ocrx_word' id='word_1_893' title='bbox 1204 4454 1287 4506; x_wconf 87' lang='lat' dir='ltr'><strong>litore</strong></span> <span class='ocrx_word' id='word_1_894' title='bbox 1302 4461 1365 4506; x_wconf 88' lang='lat' dir='ltr'><strong>ante</strong></span> <span class='ocrx_word' id='word_1_895' title='bbox 1381 4454 1704 4522; x_wconf 86' lang='lat' dir='ltr'><strong>Brundusium,quarunr</strong></span> <span class='ocrx_word' id='word_1_896' title='bbox 1721 4454 1830 4505; x_wconf 86' lang='lat' dir='ltr'><strong>obiectu</strong></span> <span class='ocrx_word' id='word_1_897' title='bbox 1842 4457 1938 4517; x_wconf 92' lang='lat' dir='ltr'><strong>portus</strong></span> <span class='ocrx_word' id='word_1_898' title='bbox 1950 4446 2006 4502; x_wconf 87' lang='lat' dir='ltr'><strong>elli·</strong></span> 
     </span>
     <span class='ocr_line' id='line_1_136' title="bbox 1203 4519 2006 4592; baseline -0.01 -17"><span class='ocrx_word' id='word_1_899' title='bbox 1203 4524 1286 4575; x_wconf 89' lang='lat' dir='ltr'><strong>eitur:</strong></span> <span class='ocrx_word' id='word_1_900' title='bbox 1301 4525 1520 4592; x_wconf 88' lang='lat' dir='ltr'><strong>eontraApulum</strong></span> <span class='ocrx_word' id='word_1_901' title='bbox 1532 4525 1599 4576; x_wconf 89' lang='lat' dir='ltr'><strong>litus</strong></span> <span class='ocrx_word' id='word_1_902' title='bbox 1609 4519 1778 4584; x_wconf 67' lang='lat' dir='ltr'><strong>Diomedem</strong></span> <span class='ocrx_word' id='word_1_903' title='bbox 1790 4519 1938 4584; x_wconf 84' lang='lat' dir='ltr'><strong>conspicua</strong></span> <span class='ocrx_word' id='word_1_904' title='bbox 1947 4532 2006 4568; x_wconf 91' lang='lat' dir='ltr'><strong>mo·</strong></span> 
     </span>
     <span class='ocr_line' id='line_1_137' title="bbox 1205 4580 2007 4652; baseline -0.009 -10"><span class='ocrx_word' id='word_1_905' title='bbox 1205 4601 1334 4644; x_wconf 86' lang='lat' dir='ltr'><strong>numento</strong></span> <span class='ocrx_word' id='word_1_906' title='bbox 1346 4592 1503 4645; x_wconf 90' lang='lat' dir='ltr'><strong>Diomedis:</strong></span> <span class='ocrx_word' id='word_1_907' title='bbox 1526 4593 1655 4644; x_wconf 86' lang='lat' dir='ltr'><strong>etaltera</strong></span> <span class='ocrx_word' id='word_1_908' title='bbox 1667 4589 1765 4644; x_wconf 82' lang='lat' dir='ltr'><strong>eodem</strong></span> <span class='ocrx_word' id='word_1_909' title='bbox 1777 4590 1901 4649; x_wconf 85' lang='lat' dir='ltr'><strong>nomine,</strong></span> <span class='ocrx_word' id='word_1_910' title='bbox 1919 4601 1937 4636; x_wconf 93' lang='lat' dir='ltr'><strong>a</strong></span> <span class='ocrx_word' id='word_1_911' title='bbox 1948 4580 2007 4652; x_wconf 89' lang='lat' dir='ltr'><strong>qui-</strong></span> 
     </span>
     <span class='ocr_line' id='line_1_138' title="bbox 1204 4660 1610 4727; baseline -0.007 -15"><span class='ocrx_word' id='word_1_912' title='bbox 1204 4660 1320 4712; x_wconf 89' lang='lat' dir='ltr'><strong>busdam</strong></span> <span class='ocrx_word' id='word_1_913' title='bbox 1333 4663 1451 4712; x_wconf 85' lang='lat' dir='ltr'><strong>Teutria</strong></span> <span class='ocrx_word' id='word_1_914' title='bbox 1462 4660 1610 4727; x_wconf 88' lang='lat' dir='ltr'><strong>appellata.</strong></span> 
     </span>
    </p>

    <p class='ocr_par' dir='ltr' id='par_1_16' title="bbox 1203 4724 2064 5624">
     <span class='ocr_line' id='line_1_139' title="bbox 1239 4724 2007 4798; baseline -0.016 -14"><span class='ocrx_word' id='word_1_915' title='bbox 1239 4730 1343 4798; x_wconf 91' lang='lat' dir='ltr'><strong>lllyrici</strong></span> <span class='ocrx_word' id='word_1_916' title='bbox 1356 4743 1407 4779; x_wconf 93' lang='lat' dir='ltr'><strong>ora</strong></span> <span class='ocrx_word' id='word_1_917' title='bbox 1419 4730 1494 4780; x_wconf 88' lang='lat' dir='ltr'><strong>mille</strong></span> <span class='ocrx_word' id='word_1_918' title='bbox 1505 4728 1624 4794; x_wconf 86' lang='lat' dir='ltr'><strong>amplius</strong></span> <span class='ocrx_word' id='word_1_919' title='bbox 1636 4725 1734 4778; x_wconf 91' lang='lat' dir='ltr'><strong>insulis</strong></span> <span class='ocrx_word' id='word_1_920' title='bbox 1745 4724 1949 4790; x_wconf 79' lang='lat' dir='ltr'><strong>frequentatur,</strong></span> <span class='ocrx_word' id='word_1_921' title='bbox 1959 4732 2007 4773; x_wconf 86' lang='lat' dir='ltr'><strong>aa·</strong></span> 
     </span>
     <span class='ocr_line' id='line_1_140' title="bbox 1204 4794 2007 4861; baseline -0.009 -12"><span class='ocrx_word' id='word_1_922' title='bbox 1204 4808 1268 4850; x_wconf 90' lang='lat' dir='ltr'><strong>tura</strong></span> <span class='ocrx_word' id='word_1_923' title='bbox 1279 4798 1380 4850; x_wconf 81' lang='lat' dir='ltr'><strong>uadoso</strong></span> <span class='ocrx_word' id='word_1_924' title='bbox 1393 4798 1471 4860; x_wconf 88' lang='lat' dir='ltr'><strong>nrari,</strong></span> <span class='ocrx_word' id='word_1_925' title='bbox 1481 4795 1683 4861; x_wconf 88' lang='lat' dir='ltr'><strong>aestuariisque</strong></span> <span class='ocrx_word' id='word_1_926' title='bbox 1696 4795 1772 4846; x_wconf 89' lang='lat' dir='ltr'><strong>tenui</strong></span> <span class='ocrx_word' id='word_1_927' title='bbox 1783 4794 1862 4846; x_wconf 86' lang='lat' dir='ltr'><strong>alveo</strong></span> <span class='ocrx_word' id='word_1_928' title='bbox 1872 4794 2007 4844; x_wconf 86' lang='lat' dir='ltr'><strong>intercur·</strong></span> 
     </span>
     <span class='ocr_line' id='line_1_141' title="bbox 1204 4858 2007 4926; baseline -0.01 -7"><span class='ocrx_word' id='word_1_929' title='bbox 1204 4869 1339 4920; x_wconf 82' lang='lat' dir='ltr'><strong>santrbus.</strong></span> <span class='ocrx_word' id='word_1_930' title='bbox 1358 4866 1469 4919; x_wconf 83' lang='lat' dir='ltr'><strong>Clarae:</strong></span> <span class='ocrx_word' id='word_1_931' title='bbox 1487 4872 1551 4917; x_wconf 82' lang='lat' dir='ltr'><strong>ante</strong></span> <span class='ocrx_word' id='word_1_932' title='bbox 1563 4864 1636 4916; x_wconf 86' lang='lat' dir='ltr'><strong>ostia</strong></span> <span class='ocrx_word' id='word_1_933' title='bbox 1647 4858 1763 4926; x_wconf 83' lang='lat' dir='ltr'><strong>Timavi,</strong></span> <span class='ocrx_word' id='word_1_934' title='bbox 1781 4858 1935 4913; x_wconf 80' lang='lat' dir='ltr'><strong>calidorum</strong></span> <span class='ocrx_word' id='word_1_935' title='bbox 1946 4858 2007 4911; x_wconf 80' lang='lat' dir='ltr'><strong>tun·</strong></span> 
     </span>
     <span class='ocr_line' id='line_1_142' title="bbox 1204 4930 2005 4989; baseline -0.011 -2"><span class='ocrx_word' id='word_1_936' title='bbox 1204 4938 1274 4988; x_wconf 89' lang='lat' dir='ltr'><strong>tium</strong></span> <span class='ocrx_word' id='word_1_937' title='bbox 1293 4953 1353 4989; x_wconf 91' lang='lat' dir='ltr'><strong>com</strong></span> <span class='ocrx_word' id='word_1_938' title='bbox 1373 4943 1452 4987; x_wconf 89' lang='lat' dir='ltr'><strong>aestu</strong></span> <span class='ocrx_word' id='word_1_939' title='bbox 1464 4935 1547 4984; x_wconf 90' lang='lat' dir='ltr'><strong>maris</strong></span> <span class='ocrx_word' id='word_1_940' title='bbox 1558 4934 1760 4986; x_wconf 84' lang='lat' dir='ltr'><strong>crescentium:</strong></span> <span class='ocrx_word' id='word_1_941' title='bbox 1783 4933 1862 4983; x_wconf 80' lang='lat' dir='ltr'><strong>iuxta</strong></span> <span class='ocrx_word' id='word_1_942' title='bbox 1871 4930 2005 4980; x_wconf 83' lang='lat' dir='ltr'><strong>latrorum</strong></span> 
     </span>
     <span class='ocr_line' id='line_1_143' title="bbox 1204 4998 2064 5073; baseline -0.008 -17"><span class='ocrx_word' id='word_1_943' title='bbox 1204 5020 1312 5073; x_wconf 90' lang='lat' dir='ltr'><strong>agrum,</strong></span> <span class='ocrx_word' id='word_1_944' title='bbox 1330 5006 1415 5067; x_wconf 87' lang='lat' dir='ltr'><strong>Cissa,</strong></span> <span class='ocrx_word' id='word_1_945' title='bbox 1434 5001 1566 5067; x_wconf 88' lang='lat' dir='ltr'><strong>Pullaria,</strong></span> <span class='ocrx_word' id='word_1_946' title='bbox 1588 5008 1615 5054; x_wconf 88' lang='lat' dir='ltr'><strong>et</strong></span> <span class='ocrx_word' id='word_1_947' title='bbox 1626 4999 1790 5071; x_wconf 84' lang='lat' dir='ltr'><strong>Absyrtides</strong></span> <span class='ocrx_word' id='word_1_948' title='bbox 1801 4998 1895 5052; x_wconf 84' lang='lat' dir='ltr'><strong>Graiis</strong></span> <span class='ocrx_word' id='word_1_949' title='bbox 1907 4998 2007 5060; x_wconf 90' lang='lat' dir='ltr'><strong>dictae,</strong></span> <span class='ocrx_word' id='word_1_950' title='bbox 2059 5060 2064 5073; x_wconf 35' lang='grc' dir='ltr'>ι</span> 
     </span>
     <span class='ocr_line' id='line_1_144' title="bbox 1205 5068 2007 5138; baseline -0.01 -12"><span class='ocrx_word' id='word_1_951' title='bbox 1205 5072 1321 5127; x_wconf 84' lang='lat' dir='ltr'><strong>atratra</strong></span> <span class='ocrx_word' id='word_1_952' title='bbox 1338 5074 1455 5126; x_wconf 88' lang='lat' dir='ltr'><strong>Medeae</strong></span> <span class='ocrx_word' id='word_1_953' title='bbox 1471 5074 1510 5124; x_wconf 92' lang='lat' dir='ltr'><strong>ibi</strong></span> <span class='ocrx_word' id='word_1_954' title='bbox 1530 5071 1679 5125; x_wconf 82' lang='lat' dir='ltr'><strong>interiecto</strong></span> <span class='ocrx_word' id='word_1_955' title='bbox 1696 5072 1828 5138; x_wconf 86' lang='lat' dir='ltr'><strong>Absyrto.</strong></span> <span class='ocrx_word' id='word_1_956' title='bbox 1859 5068 1939 5121; x_wconf 78' lang='lat' dir='ltr'><strong>iuxta</strong></span> <span class='ocrx_word' id='word_1_957' title='bbox 1961 5081 2007 5120; x_wconf 90' lang='lat' dir='ltr'><strong>eas</strong></span> 
     </span>
     <span class='ocr_line' id='line_1_145' title="bbox 1205 5134 2005 5209; baseline -0.01 -15"><span class='ocrx_word' id='word_1_958' title='bbox 1205 5142 1360 5195; x_wconf 77' lang='lat' dir='ltr'><strong>Electridas</strong></span> <span class='ocrx_word' id='word_1_959' title='bbox 1379 5158 1520 5198; x_wconf 83' lang='lat' dir='ltr'><strong>recavere.</strong></span> <span class='ocrx_word' id='word_1_960' title='bbox 1538 5142 1675 5207; x_wconf 88' lang='lat' dir='ltr'><strong>inquibus</strong></span> <span class='ocrx_word' id='word_1_961' title='bbox 1688 5142 1845 5209; x_wconf 73' lang='lat' dir='ltr'><strong>proueniret</strong></span> <span class='ocrx_word' id='word_1_962' title='bbox 1856 5134 2005 5198; x_wconf 81' lang='lat' dir='ltr'><strong>succinum,</strong></span> 
     </span>
     <span class='ocr_line' id='line_1_146' title="bbox 1206 5202 2007 5279; baseline -0.011 -16"><span class='ocrx_word' id='word_1_963' title='bbox 1206 5203 1279 5278; x_wconf 90' lang='lat' dir='ltr'><strong>quod</strong></span> <span class='ocrx_word' id='word_1_964' title='bbox 1290 5212 1334 5263; x_wconf 90' lang='lat' dir='ltr'><strong>illi</strong></span> <span class='ocrx_word' id='word_1_965' title='bbox 1344 5211 1478 5264; x_wconf 88' lang='lat' dir='ltr'><strong>electrum</strong></span> <span class='ocrx_word' id='word_1_966' title='bbox 1492 5211 1642 5279; x_wconf 88' lang='lat' dir='ltr'><strong>appellant,</strong></span> <span class='ocrx_word' id='word_1_967' title='bbox 1663 5210 1795 5261; x_wconf 79' lang='lat' dir='ltr'><strong>vanitatis</strong></span> <span class='ocrx_word' id='word_1_968' title='bbox 1809 5206 1933 5259; x_wconf 88' lang='lat' dir='ltr'><strong>Graecae</strong></span> <span class='ocrx_word' id='word_1_969' title='bbox 1949 5202 2007 5257; x_wconf 79' lang='lat' dir='ltr'><strong>cei·-</strong></span> 
     </span>
     <span class='ocr_line' id='line_1_147' title="bbox 1204 5272 2008 5347; baseline -0.012 -15"><span class='ocrx_word' id='word_1_970' title='bbox 1204 5282 1339 5332; x_wconf 86' lang='lat' dir='ltr'><strong>tissimum</strong></span> <span class='ocrx_word' id='word_1_971' title='bbox 1361 5280 1569 5333; x_wconf 86' lang='lat' dir='ltr'><strong>documentum:</strong></span> <span class='ocrx_word' id='word_1_972' title='bbox 1599 5279 1668 5331; x_wconf 87' lang='lat' dir='ltr'><strong>adeo</strong></span> <span class='ocrx_word' id='word_1_973' title='bbox 1688 5285 1718 5328; x_wconf 91' lang='lat' dir='ltr'><strong>ut</strong></span> <span class='ocrx_word' id='word_1_974' title='bbox 1739 5292 1807 5347; x_wconf 89' lang='lat' dir='ltr'><strong>quas</strong></span> <span class='ocrx_word' id='word_1_975' title='bbox 1825 5290 1918 5329; x_wconf 89' lang='lat' dir='ltr'><strong>earum</strong></span> <span class='ocrx_word' id='word_1_976' title='bbox 1937 5272 2008 5324; x_wconf 83' lang='lat' dir='ltr'><strong>desi·</strong></span> 
     </span>
     <span class='ocr_line' id='line_1_148' title="bbox 1203 5340 2008 5417; baseline -0.015 -15"><span class='ocrx_word' id='word_1_977' title='bbox 1203 5346 1376 5417; x_wconf 69' lang='lat' dir='ltr'><strong>gnenthaud</strong></span> <span class='ocrx_word' id='word_1_978' title='bbox 1388 5362 1505 5416; x_wconf 87' lang='lat' dir='ltr'><strong>unquam</strong></span> <span class='ocrx_word' id='word_1_979' title='bbox 1518 5348 1685 5400; x_wconf 85' lang='lat' dir='ltr'><strong>constiterit.</strong></span> <span class='ocrx_word' id='word_1_980' title='bbox 1697 5350 1801 5400; x_wconf 86' lang='lat' dir='ltr'><strong>Contra</strong></span> <span class='ocrx_word' id='word_1_981' title='bbox 1810 5345 1891 5403; x_wconf 85' lang='lat' dir='ltr'><strong>ladcr</strong></span> <span class='ocrx_word' id='word_1_982' title='bbox 1900 5351 1941 5395; x_wconf 84' lang='lat' dir='ltr'><strong>est</strong></span> <span class='ocrx_word' id='word_1_983' title='bbox 1948 5340 2008 5393; x_wconf 89' lang='lat' dir='ltr'><strong>Lis-</strong></span> 
     </span>
     <span class='ocr_line' id='line_1_149' title="bbox 1204 5414 2007 5486; baseline -0.009 -17"><span class='ocrx_word' id='word_1_984' title='bbox 1204 5435 1251 5470; x_wconf 84' lang='lat' dir='ltr'><strong>sa:</strong></span> <span class='ocrx_word' id='word_1_985' title='bbox 1275 5433 1401 5485; x_wconf 89' lang='lat' dir='ltr'><strong>quaeque</strong></span> <span class='ocrx_word' id='word_1_986' title='bbox 1422 5419 1589 5486; x_wconf 88' lang='lat' dir='ltr'><strong>appellatae.</strong></span> <span class='ocrx_word' id='word_1_987' title='bbox 1619 5421 1724 5471; x_wconf 87' lang='lat' dir='ltr'><strong>Contra</strong></span> <span class='ocrx_word' id='word_1_988' title='bbox 1734 5414 1874 5468; x_wconf 81' lang='lat' dir='ltr'><strong>Liburnos</strong></span> <span class='ocrx_word' id='word_1_989' title='bbox 1886 5414 2007 5464; x_wconf 85' lang='lat' dir='ltr'><strong>Grateae</strong></span> 
     </span>
     <span class='ocr_line' id='line_1_150' title="bbox 1205 5482 2004 5555; baseline -0.011 -17"><span class='ocrx_word' id='word_1_990' title='bbox 1205 5488 1324 5555; x_wconf 87' lang='lat' dir='ltr'><strong>aliquot:</strong></span> <span class='ocrx_word' id='word_1_991' title='bbox 1358 5502 1409 5538; x_wconf 91' lang='lat' dir='ltr'><strong>nec</strong></span> <span class='ocrx_word' id='word_1_992' title='bbox 1439 5490 1585 5554; x_wconf 82' lang='lat' dir='ltr'><strong>pauciores</strong></span> <span class='ocrx_word' id='word_1_993' title='bbox 1612 5486 1797 5549; x_wconf 82' lang='lat' dir='ltr'><strong>Liburnicae,</strong></span> <span class='ocrx_word' id='word_1_994' title='bbox 1827 5482 2004 5535; x_wconf 83' lang='lat' dir='ltr'><strong>Celadussae.</strong></span> 
     </span>
     <span class='ocr_line' id='line_1_151' title="bbox 1205 5549 2006 5624; baseline -0.012 -17"><span class='ocrx_word' id='word_1_995' title='bbox 1205 5558 1307 5607; x_wconf 86' lang='lat' dir='ltr'><strong>Contra</strong></span> <span class='ocrx_word' id='word_1_996' title='bbox 1318 5556 1482 5624; x_wconf 85' lang='lat' dir='ltr'><strong>Tragurium</strong></span> <span class='ocrx_word' id='word_1_997' title='bbox 1496 5556 1587 5609; x_wconf 84' lang='lat' dir='ltr'><strong>Baro:</strong></span> <span class='ocrx_word' id='word_1_998' title='bbox 1610 5565 1638 5609; x_wconf 88' lang='lat' dir='ltr'><strong>et</strong></span> <span class='ocrx_word' id='word_1_999' title='bbox 1656 5560 1745 5624; x_wconf 84' lang='lat' dir='ltr'><strong>capris</strong></span> <span class='ocrx_word' id='word_1_1000' title='bbox 1765 5554 1878 5607; x_wconf 88' lang='lat' dir='ltr'><strong>laudata</strong></span> <span class='ocrx_word' id='word_1_1001' title='bbox 1889 5549 2006 5608; x_wconf 85' lang='lat' dir='ltr'><strong>Brattia,</strong></span> 
     </span>
    </p>
   </div>
   <div class='ocr_carea' id='block_1_8' title="bbox 0 0 2172 6004">
    <p class='ocr_par' dir='ltr' id='par_1_17' title="bbox 0 0 2172 6004">
     <span class='ocr_line' id='line_1_152' title="bbox 0 0 2172 6004; baseline 0 0"><span class='ocrx_word' id='word_1_1002' title='bbox 0 0 2172 6004; x_wconf 95' lang='lat' dir='ltr'><strong> </strong></span> 
     </span>
    </p>
   </div>
  </div>
 </body>
</html>
