4340 6018
281 298 313 356 c.
345 262 496 357 ιιιιιιι
529 295 739 367 securus
771 296 944 359 us'run
975 294 1168 392 brisson.¹
1200 298 1287 361 ssa.
1308 296 1395 361 xrs.
1431 297 1528 358 ιιι.
1550 301 1671 363 u-ss.
1747 305 1805 367 sss

148 448 220 511 assi,
231 459 322 514 pagus
335 447 418 510 alius,
438 462 487 514 per
497 460 567 515 quos
578 447 706 501 erebiusr
716 461 771 501 uno
782 447 896 501 tramite
907 463 955 501 an·

146 524 240 588 gusto.
278 516 316 568 ili
327 517 409 584 primi
419 518 615 570 commercium
628 518 719 571 thuris
739 516 849 582 iecere,
869 519 954 569 masi·

143 601 248 655 meque
264 592 408 639 exercente
431 602 448 639 a
469 588 568 654 quibus
586 594 614 639 et
626 589 766 647 Minaeum
782 587 885 639 dictum
901 593 952 639 est.

145 656 205 710 Nec
215 662 362 724 praeterea
371 656 493 708 Arabum
506 658 554 708 aiii
568 656 656 708 thuris
666 657 794 710 arborem
806 656 909 719 rident,
923 671 955 708 ac

145 743 183 780 ue
194 725 291 777 horum
304 724 415 792 quidem
427 741 532 779 omnes.
554 728 712 794 Feruntque
722 727 816 778 Midili
828 741 881 779 non
893 740 951 777 nns-

145 796 220 865 piius
239 810 300 847 esse
312 794 499 860 familiarum,
520 811 590 862 quae
605 798 647 847 ius
664 812 714 863 per
724 798 913 848 successiones
925 795 953 846 id

147 865 199 917 sibi
211 865 360 918 vindicent.
382 864 483 918 Sacros
492 867 588 917 vocari
598 867 632 917 ob
645 868 684 929 id,
695 882 747 917 nec
757 866 816 917 ulio
828 880 954 935 congres-

147 952 179 986 su
191 934 370 996 feminarum,
388 934 583 1003 iunctumque,
606 952 667 987 cum
678 936 804 987 incidant
814 951 862 988 eas
874 936 955 988 arbo·

146 1019 209 1066 res,
229 1011 278 1056 aut
289 1010 409 1067 metant,
429 1004 531 1071 pollui:
553 1011 636 1073 atque
649 1007 690 1057 ita
700 1005 836 1073 reiigione
848 1021 954 1059 merces

147 1073 252 1142 augeri.
276 1073 394 1137 Quidam
407 1074 592 1138 promiscuum
604 1076 648 1125 ius
659 1075 693 1126 iis
705 1076 817 1142 pupulis
828 1092 889 1129 esse
898 1081 954 1129 tra·

148 1145 216 1195 dunt
228 1143 357 1195 insiliis:
373 1142 421 1194 alii
433 1145 569 1210 pervices
580 1158 715 1195 annorum
727 1143 822 1195 diridi.
960 1194 964 1201 ,

182 1210 285 1263 XXXl.
304 1211 363 1264 Nec
371 1214 478 1265 arboris
490 1214 575 1279 ipsius
587 1229 657 1281 quac
669 1215 706 1264 sit
717 1212 813 1275 iacies,
835 1220 953 1265 constat.

145 1281 202 1335 Res
212 1281 241 1332 in
251 1282 355 1333 Arabia
366 1284 512 1350 gessimus,
524 1288 552 1333 et
562 1282 686 1334 Romana
698 1298 775 1334 arma
787 1283 815 1334 in
826 1298 953 1351 magnam

145 1358 253 1420 purtem
265 1352 324 1402 eius
336 1360 525 1416 penetravere.
555 1351 639 1401 Caius
651 1351 736 1402 etiam
750 1350 852 1403 Caesar
863 1356 953 1420 Augu·

146 1422 186 1472 sti
198 1418 272 1476 iilius
282 1418 346 1471 inda
357 1418 477 1486 gloriam
487 1420 578 1486 petiit,
590 1435 640 1472 nec
651 1425 744 1472 tamen
754 1420 789 1470 ab
798 1421 857 1472 ulio
869 1419 954 1486 (quod

146 1488 276 1557 equidem
295 1487 395 1552 sciam)
411 1488 514 1541 iatine
533 1489 664 1542 arborum
680 1505 774 1542 earum
796 1491 900 1542 tradita
911 1494 954 1541 est

145 1558 243 1613 facies.
274 1557 445 1611 Graecorum
459 1559 586 1626 exempla
597 1558 717 1610 variant.
746 1559 800 1612 Alii
810 1558 879 1611 tolio
891 1559 953 1627 piri,

145 1636 255 1684 minore
267 1629 421 1692 dumtaxat,
433 1635 462 1681 et
472 1627 579 1682 herbidi
591 1628 694 1699 coloris
705 1628 862 1696 prodidere.
899 1628 955 1682 Alii

145 1700 265 1754 lentisco
277 1700 396 1752 similem
407 1698 555 1753 subrutilo.
585 1698 702 1762 Quidam
715 1699 901 1751 terebinthum
915 1714 956 1751 es·

146 1786 189 1833 se,
208 1778 236 1823 et
247 1769 299 1821 hoc
310 1770 399 1827 risum
410 1770 548 1837 Antigono
561 1769 621 1837 regi
639 1769 728 1821 allatu
745 1768 857 1821 frutice.
886 1769 954 1821 iuba

146 1854 198 1892 rcx
208 1840 243 1892 iis
253 1839 445 1902 voluminibus,
454 1854 525 1905 quae
535 1838 646 1906 scripsit
658 1838 693 1890 ad
705 1841 733 1890 C.
745 1840 891 1891 Caesareus
902 1840 956 1888 Au·

6 1932 8 1951 ι
91 1960 97 1967 ,
146 1909 322 1977 gestitilium
336 1909 479 1962 ardentem
492 1909 566 1960 tama
578 1908 712 1971 Arabiae,
734 1910 820 1960 tradit
830 1906 953 1961 contorti

87 1970 100 2020 ‚¹
146 1994 210 2032 csse
221 1980 354 2042 caudicis,
375 1979 461 2033 ramis
473 1980 562 2030 aceris
573 1982 693 2031 maxima
703 1977 821 2040 Pontici,
841 1992 953 2030 succum

147 2048 316 2117 amygdalae
328 2046 562 2101 modoemitterec
575 2042 738 2115 talesquein
751 2050 898 2100 Carmania
907 2062 955 2114 ap·

146 2133 254 2185 parere,
267 2127 295 2171 ct
303 2120 333 2170 in
343 2121 471 2186 Aegypto
482 2124 560 2170 satas
570 2119 664 2170 studio
676 2118 899 2171 Ptolemaeorum
911 2132 954 2168 rs·

147 2188 299 2255 guantium.
331 2190 443 2251 Cortice
453 2190 524 2240 lauri
538 2203 599 2241 esse
610 2194 735 2240 constat:
749 2189 859 2255 quidem
872 2195 900 2239 et
911 2186 953 2239 iu-

145 2257 215 2309 lium
226 2258 316 2310 simile
329 2256 435 2311 dixere.
471 2259 548 2311 Talis
560 2264 637 2311 certe
648 2258 703 2310 tuit
713 2257 798 2310 arbor
810 2258 953 2311 Sardibus.

146 2326 217 2379 Nam
234 2334 262 2379 et
279 2326 360 2379 Asiae
370 2341 450 2394 reges
461 2326 571 2378 serendi
584 2343 677 2380 curam
694 2327 860 2380 babuerunt.
898 2326 955 2389 Qui

146 2411 208 2457 nien
219 2402 312 2451 aetate
323 2395 412 2465 legati
428 2410 462 2450 ex
474 2396 575 2454 Arabia
591 2402 725 2457 cesserunt
730 2431 741 2457 ,
762 2397 856 2447 oninia
867 2396 954 2447 incer·

142 2467 219 2515 tiora
228 2465 363 2528 fecerunt,
385 2464 458 2531 quod
469 2464 532 2516 iure
541 2465 681 2527 miremur,
702 2467 788 2531 virgis
799 2465 882 2517 etiam
895 2462 955 2514 tbu·

141 2535 184 2585 ris
200 2536 237 2586 ad
256 2550 307 2585 nos
322 2533 552 2585 commeantibus:
575 2534 673 2599 quibus
685 2533 760 2584 credi
773 2540 875 2599 potest,
898 2548 954 2584 ma·

141 2610 215 2655 trem
228 2617 339 2670 quoquc
351 2607 440 2652 terete
452 2608 482 2651 et
493 2600 576 2651 enodi
588 2598 721 2652 fruticare
729 2609 839 2653 trunco.

177 2671 297 2723 XXXli.
316 2669 388 2718 dieti
398 2668 484 2720 semel
495 2684 568 2719 enno
578 2666 696 2732 sciebat,
712 2671 819 2721 minore
830 2669 954 2721 occasio·

136 2757 178 2793 ne
190 2735 338 2789 vendendi.
351 2736 407 2788 iam
420 2744 550 2803 quaestus
559 2737 675 2789 alteram
687 2738 852 2790 vindemiam
861 2737 951 2790 atiert.

137 2808 228 2861 Prior
238 2813 323 2874 atque
333 2805 470 2858 naturalis
481 2806 619 2857 vindemia
629 2808 795 2860 circaCanis
806 2815 897 2860 ortum
907 2807 954 2858 iia·

140 2875 328 2946 grantissimu
339 2882 435 2938 aestu,
454 2875 639 2928 incidentibus
657 2893 711 2944 qua
728 2878 849 2929 maxime
860 2877 953 2928 videa·

139 2956 192 2999 tur
203 2960 265 2997 esse
276 2959 443 3011 praegnans,
449 2946 682 3013 tenuissimusque
692 2946 769 2997 tendi
781 2954 885 2999 cortex.
897 2944 952 2996 La·

142 3022 230 3067 satur
240 3011 285 3065 hic
295 3013 393 3082 plaga,
414 3028 468 3065 non
480 3013 620 3066 adimitur.
656 3015 724 3067 inde
736 3016 848 3082 prosilit
857 3030 954 3083 spuma

143 3084 265 3153 pinguis.
289 3084 368 3134 ilaec
378 3089 510 3134 concreta
522 3083 662 3146 densatur,
672 3086 719 3134 ubi
731 3085 786 3136 loci
796 3091 897 3136 nutura
905 3098 953 3151 po-

144 3160 223 3215 scat,
244 3159 337 3219 tegete
348 3152 458 3219 palasea
468 3151 635 3218 excipiente,
657 3153 744 3205 aliubi
757 3152 951 3205 ureacircum·

144 3222 250 3290 parite.
264 3221 361 3273 Purius
373 3221 422 3273 ilio
435 3221 528 3284 niodo,
538 3222 587 3274 scd
599 3221 653 3274 buc
661 3223 851 3292 ponderosius.
870 3221 953 3286 Quod

148 3293 179 3343 in
190 3292 291 3343 arbore
301 3291 407 3353 irascit,
430 3290 505 3343 terro
517 3289 681 3358 depectitur,
702 3293 767 3347 ideo
778 3293 954 3345 corticosum.

150 3359 227 3413 Silva
237 3361 327 3412 divisa
338 3362 422 3414 certis
432 3361 617 3427 portionibus,
629 3369 727 3415 mutua
737 3363 899 3415 innocentia
910 3368 954 3413 tu-

149 3439 246 3484 taest:
268 3446 355 3498 neque
369 3431 443 3482 nilus
463 3432 572 3484 saucias
588 3432 702 3484 arbores
713 3433 849 3485 custodit:
872 3445 953 3484 nemo

149 3499 259 3551 iuratur
268 3500 360 3553 alteri.
376 3502 411 3553 At
419 3498 532 3553 hercule
544 3501 743 3565 Alexandriae,
760 3502 808 3553 ubi
820 3501 903 3554 thura
914 3502 955 3553 in·

141 3569 336 3636 terpolantur,
354 3570 433 3622 nulla
443 3571 514 3622 satis
524 3572 648 3623 custodit
659 3572 808 3641 diligentia
819 3571 954 3623 officinas.

150 3637 308 3706 Subiiguria
318 3640 464 3721 signantur
474 3640 581 3708 opiiici:
592 3656 710 3707 persona
721 3642 854 3693 adiicitur
861 3640 953 3708 capiti,

149 3708 283 3761 densusve
300 3710 445 3761 reticulus:
469 3709 537 3761 nudi
556 3713 728 3763 emittuntur.
762 3712 954 3763 'l'antomissus

148 3778 211 3830 iidei
222 3778 295 3846 apud
307 3794 356 3830 nos
369 3794 468 3846 poena,
485 3794 568 3847 quam
579 3779 653 3847 apud
666 3781 731 3833 ilios
742 3780 829 3833 silvae
842 3778 953 3832 hubent.

148 3850 285 3899 Autumno
295 3849 322 3901 le
343 3849 667 3915 iturabscstisnpartu.
696 3850 759 3900 linc
787 3851 954 3910 urissimum,

149 3915 302 3969 candidum.
319 3864 446 3970 §enuntia
456 3916 596 3969 vindemia
607 3923 732 3980 estsere,
744 3864 784 3968 sd
791 3933 851 3970 eam
863 3915 953 3969 hieme

149 3986 299 4040 corticibus
318 3988 425 4040 incisis.
460 3985 564 4038 linium
577 3984 628 4039 hoc
640 3987 707 4049 exit,
727 3994 778 4038 nec
790 4001 952 4054 comparan-

149 4055 211 4108 dum
222 4056 320 4123 priori.
329 4056 401 4108 illud
413 4054 663 4123 carpheotum,hoc
673 4055 832 4110 dathiatum
842 4064 952 4108 rocaut.

148 4124 277 4179 Creditur
296 4132 324 4177 et
342 4125 470 4178 novellae
490 4126 598 4178 arboris
615 4125 768 4189 candidius,
788 4126 839 4178 sed
850 4125 953 4178 veteris

148 4195 303 4247 odoratius.
324 4194 444 4259 Quidam
456 4197 523 4246 etin
536 4196 634 4249 insulis
646 4196 745 4249 melius
755 4201 855 4264 putant
864 4195 952 4264 gigni.

146 4262 214 4317 iuba
226 4263 256 4314 in
267 4263 364 4315 insulis
375 4271 458 4333 negat
468 4266 553 4316 naam.
817 4328 819 4333 ⁴

179 4331 267 4396 Quod
289 4347 324 4384 ex
342 4347 375 4384 ιο
391 4334 565 4386 rotunditate
575 4340 673 4401 guttae
683 4334 826 4402 pependit,
847 4348 954 4384 mascu-

148 4401 207 4453 lum
219 4414 366 4463 vocamus,
385 4418 444 4454 cum
456 4403 528 4454 alias
540 4419 594 4455 non
616 4402 743 4455 feremus
754 4409 884 4464 vocetur,
906 4402 952 4453 ubi

147 4486 201 4523 uon
213 4470 251 4523 sit
262 4468 374 4522 femina.
411 4471 551 4540 Religioni
567 4473 718 4536 tributum,
739 4487 774 4523 ne
788 4486 871 4523 sexus
881 4471 953 4522 alter

147 4546 338 4608 usurparetur.
374 4540 532 4594 Mascuium
555 4540 643 4610 aliqui
663 4548 764 4608 putant
776 4556 793 4592 a
804 4540 897 4606 specie
910 4546 951 4593 te·

147 4612 231 4662 stium
242 4609 358 4662 dictum.
395 4611 549 4679 Praecipua
563 4617 656 4663 autem
667 4611 759 4680 gratia
769 4616 813 4662 est
822 4624 954 4661 mamoso-

148 4694 193 4741 so,
215 4694 276 4732 cum
288 4676 420 4732 haerente
430 4680 547 4733 lacrima
561 4682 655 4748 priore
672 4686 824 4733 consecuta
835 4679 892 4732 alia
901 4679 953 4730 mi·

148 4749 220 4803 scuit
230 4765 270 4801 se.
281 4748 397 4817 Singula
407 4749 476 4803 haec
487 4766 597 4802 manum
605 4750 727 4816 impiere
737 4750 822 4802 solita
833 4749 955 4813 invenio,

150 4833 210 4870 cum
221 4819 330 4873 minore
342 4819 493 4886 diripiendi
503 4819 636 4872 ariditate
649 4820 750 4871 lentius
761 4819 954 4873 nasciiiceret.

150 4884 248 4941 Graeci
267 4888 423 4957 stagnuinm
444 4897 473 4942 et
492 4897 613 4942 atomum
634 4890 687 4941 tali
705 4890 953 4958 modoappellant:

1006 447 1277 517 sdidunspatente.
1305 449 1422 520 Digredi
1433 449 1807 521 viacapitsleIegesieeere.

1006 518 1047 569 ibi
1060 518 1182 571 decimas
1193 520 1261 583 deo,
1280 536 1359 588 quem
1374 527 1474 573 roeant
1484 519 1582 585 Sabin,
1600 537 1738 591 mensura,
1752 540 1808 576 nun

1007 587 1137 654 pondero,
1144 588 1307 642 sacerdotes
1321 592 1442 658 capiunt.
1453 590 1512 642 Nec
1521 600 1587 645 sote
1597 593 1715 644 mercari
1726 593 1808 644 iicet:

1007 656 1071 709 inde
1082 656 1222 722 impensae
1232 658 1360 724 publicae
1371 660 1538 713 tolerantur.
1566 661 1638 713 Nam
1649 669 1678 713 et
1689 662 1809 729 benigne

1007 733 1085 779 certe
1096 726 1225 779 itinerum
1236 742 1351 780 suniero
1363 729 1431 781 desis
1442 728 1569 796 hospitas
1587 731 1685 796 pascit.
1721 730 1809 783 Erebi

1007 811 1062 851 non
1075 802 1177 863 potest,
1186 795 1239 847 nisi
1251 811 1301 862 per
1311 798 1478 851 Gebanitas:
1495 801 1589 867 itaque
1600 805 1629 850 ct
1640 797 1737 851 hurum
1748 800 1809 868 regi

1006 866 1136 934 penditur
1146 864 1276 933 vectigal.
1293 868 1380 932 t'aput
1391 882 1484 919 eorum
1496 867 1624 921 Thomna
1635 869 1715 921 abest
1726 885 1743 920 a
1754 870 1809 923 Ga·

1006 951 1041 988 aa
1052 936 1143 988 nostri
1152 936 1244 987 litoris
1254 935 1283 987 in
1294 935 1399 988 iudaea
1408 938 1511 1005 oppido
1528 937 1695 1006 quadragies
1706 945 1734 992 et
1744 954 1808 1006 qua·

1007 1013 1186 1067 tercentena,
1198 1020 1231 1057 ac
1243 1004 1420 1073 trigintascx
1432 1008 1523 1060 millia
1531 1022 1673 1074 passuum,
1686 1009 1759 1074 quod
1771 1008 1812 1059 di·

1006 1077 1112 1127 viditur
1123 1076 1150 1126 in
1162 1075 1321 1128 mansiones
1333 1074 1502 1129 canrelorum
1512 1076 1599 1129 LXV.
1619 1079 1689 1131 Sunt
1701 1086 1730 1131 et
1740 1092 1811 1144 quae

1005 1145 1197 1197 sacerdotibus
1208 1143 1309 1195 dantur
1320 1145 1473 1209 portiones,
1484 1147 1636 1214 scribisque
1649 1162 1746 1215 regum
1754 1162 1811 1201 cer·

1005 1219 1061 1266 tae.
1098 1213 1151 1267 Sed
1163 1220 1273 1280 praeter
1285 1210 1335 1262 hos
1354 1219 1383 1263 et
1394 1213 1537 1276 custodes,
1556 1218 1762 1284 satellitesque,
1783 1223 1812 1269 et

1006 1283 1128 1346 ostiarii,
1140 1290 1168 1334 et
1179 1281 1298 1333 ministri
1311 1283 1487 1348 populantur.
1513 1283 1571 1335 lam
1583 1300 1744 1353 quacunque
1754 1285 1810 1339 iter

1006 1359 1058 1415 est,
1069 1352 1157 1405 aliubi
1167 1366 1218 1418 pro
1231 1366 1313 1418 aqua,
1321 1352 1408 1403 aliubi
1418 1366 1469 1419 pro
1480 1352 1594 1419 pabulo,
1612 1361 1661 1407 aut
1672 1368 1721 1420 pro
1733 1369 1810 1407 man-

1005 1422 1143 1484 sionibus,
1164 1421 1305 1487 variisque
1316 1421 1451 1488 portoriis
1464 1422 1599 1486 pendunt,
1620 1428 1651 1473 ut
1663 1429 1770 1475 sumtus
1782 1427 1810 1475 in

1005 1489 1811 1629 tit‘ttttgittrittt‘tittitililtlrtrbitt:

1006 1629 1145 1750 Kenditur.
1183 1628 1280 1694 ltaque
1289 1630 1386 1696 optimi
1398 1628 1488 1682 thuris
1500 1629 1574 1683 libra
1584 1629 1619 1692 X,
1641 1627 1680 1680 Vl
1692 1630 1812 1695 pretium

1026 1700 1103 1751 abet:
1115 1697 1239 1751 secunda
1250 1700 1285 1762 X,
1297 1700 1329 1761 V,
1341 1700 1427 1752 tertia
1438 1699 1472 1763 X,
1483 1699 1528 1752 lli.
1554 1699 1632 1767 Apud
1645 1713 1695 1753 nus
1705 1698 1812 1753 adulte·

1007 1776 1087 1821 ratur
1104 1769 1214 1821 resinae
1225 1767 1361 1822 candidae
1371 1783 1479 1836 gemma
1491 1784 1625 1838 perquam
1640 1768 1739 1821 simili:
1762 1770 1812 1823 sed

1006 1836 1233 1905 deprehenditur,
1246 1838 1345 1904 quibus
1357 1838 1459 1891 dietum
1472 1847 1524 1900 est,
1539 1839 1639 1890 modis.
1675 1837 1813 1892 Probatur

1006 1907 1137 1970 candore,
1149 1906 1343 1974 amplitudine,
1353 1907 1520 1976 fragilitate,
1531 1911 1661 1970 carbona,
1671 1913 1703 1960 ut
1713 1909 1811 1962 statim

1006 1978 1114 2099 erugat.
1138 1978 1210 2030 item
1220 1993 1255 2031 ne
1266 1977 1375 2032 dentem
1386 1979 1504 2044 recipiat
1517 1981 1710 2046 potiusquam
1722 1977 1751 2029 in
1763 1979 1812 2031 mi·

1005 2064 1051 2101 cas
1076 2048 1170 2100 rietur.

1040 2117 1168 2170 xxxiii.
1187 2114 1331 2185 Myrrham
1343 2118 1372 2170 in
1382 2117 1481 2171 iisdem
1493 2117 1570 2169 silvis
1582 2118 1723 2185 permixta
1733 2119 1812 2171 arbo·

1005 2203 1035 2241 re
1048 2187 1125 2239 nasci
1146 2185 1286 2239 tradidere
1298 2186 1397 2255 aliqui,
1419 2189 1689 2257 pluressepsratim:
1711 2188 1812 2258 quippe

1006 2256 1102 2309 multis
1114 2257 1143 2307 in
1154 2256 1222 2309 loeis
1232 2258 1351 2310 Arabius
1362 2259 1501 2327 gignitur,
1523 2267 1555 2310 ut
1566 2258 1711 2326 apparebit
1722 2260 1750 2309 in
1761 2272 1811 2326 ge·

1005 2328 1125 2381 neribus.
1145 2325 1317 2379 Conrehitur
1327 2335 1355 2379 et
1366 2343 1399 2381 ιιι
1411 2328 1509 2380 insulis
1521 2327 1644 2392 laudata,
1656 2336 1812 2398 petuntque

1006 2413 1068 2449 cam
1088 2398 1172 2448 etiam
1196 2395 1232 2446 ad
1249 2396 1441 2464 'i'roglodytas
1458 2397 1559 2451 Sabaei
1578 2401 1702 2450 trnnsitu
1718 2399 1810 2451 maris.

1005 2466 1103 2518 Satira
1113 2479 1223 2531 quoquc
1243 2468 1384 2532 provenit,
1406 2467 1524 2518 muitum
1544 2467 1664 2520 silvestri
1677 2468 1811 2533 praelata.

1006 2534 1117 2586 Gaudet
1128 2534 1226 2585 rastris
1238 2541 1321 2600 atque
1332 2535 1607 2603 ablaqueationibus,
1628 2536 1730 2588 melier
1740 2535 1812 2589 radi·

1005 2618 1037 2656 ce
1050 2602 1224 2667 refrigerata.
1852 2612 1865 2623 ·

1040 2669 1168 2723 XXXiV.
1185 2669 1285 2722 Arbori
1305 2670 1425 2723 altitudo
1446 2672 1483 2727 ad
1498 2673 1618 2740 quinque
1634 2672 1737 2736 cubita,
1759 2686 1811 2725 neo

1005 2742 1066 2792 sine
1076 2742 1164 2807 spina,
1186 2738 1299 2791 caudice
1309 2739 1378 2805 duro
1390 2748 1418 2791 et
1429 2742 1545 2803 intorto,
1563 2743 1710 2800 crassiore,
1727 2755 1812 2807 quam

1004 2808 1102 2871 thuris,
1122 2816 1151 2861 et
1170 2808 1205 2860 ab
1220 2808 1315 2861 radice
1331 2811 1424 2872 etiam,
1446 2825 1527 2878 quam
1545 2808 1709 2875 reliquasui
1722 2816 1810 2876 parte.

1005 2880 1144 2930 Cortieem
1152 2878 1268 2942 laevem,
1280 2878 1454 2946 similemque
1465 2878 1600 2932 unedoni:
1611 2879 1739 2930 scabrum
1752 2880 1811 2942 aiii,

1004 2949 1201 3016 spinosumque
1212 2948 1319 3000 disere.
1348 2948 1457 3000 Folium
1468 2950 1566 3010 olivae,
1577 2963 1671 3000 rerum
1684 2949 1811 3015 crispius,

1005 3025 1033 3070 et
1045 3018 1213 3070 aculeatum.
1243 3017 1312 3069 iuba
1321 3016 1446 3070 olusatri.
1471 3018 1562 3085 Aiiqui
1574 3017 1692 3069 similem
1704 3019 1811 3085 iunipe-

1004 3103 1046 3150 ro,
1055 3087 1223 3139 scabriorem
1235 3093 1345 3138 tuntum
1355 3088 1497 3153 spinisque
1507 3085 1660 3146 horridam,
1680 3086 1751 3137 iulio
1763 3101 1809 3139 ru·

1006 3157 1145 3216 tundiore,
1166 3155 1215 3206 sed
1227 3169 1327 3220 sapore
1338 3155 1469 3221 iuniperi.
1500 3156 1559 3206 Nec
1570 3168 1623 3206 non
1636 3153 1725 3219 fuere,
1733 3156 1782 3222 qui
1794 3171 1810 3208 e

1006 3225 1096 3279 thuris
1108 3225 1209 3276 arbore
1219 3229 1368 3290 utrumque
1380 3227 1455 3276 nasci
1467 3223 1660 3277 mentirentur.

1040 3294 1155 3347 XXXV.
1177 3292 1338 3345 inciduntur
1347 3293 1391 3345 bis
1403 3300 1431 3347 et
1440 3294 1527 3361 ipsse,
1539 3292 1693 3361 iisdemque
1703 3299 1810 3417 tenega-

1004 3365 1093 3428 ribus,
1112 3362 1161 3416 sed
1172 3379 1190 3415 a
1200 3363 1294 3415 radice
1306 3378 1390 3430 usque
1403 3363 1438 3415 ad
1448 3379 1551 3426 ramos,
1559 3363 1607 3430 qui
1619 3363 1722 3415 calent.

1006 3435 1074 3487 dant
1086 3442 1178 3486 autem
1190 3440 1289 3500 sponte
1299 3434 1391 3499 prius,
1413 3448 1494 3501 quam
1505 3432 1678 3496 incidantur,
1699 3439 1810 3488 stacten

1004 3504 1119 3567 dictam,
1130 3503 1175 3555 cui
1186 3503 1262 3555 nuile
1274 3502 1438 3570 praefertur.
1460 3503 1502 3555 Ab
1515 3502 1566 3555 hae
1576 3503 1674 3565 sativa,
1685 3503 1752 3555 etin
1763 3504 1811 3554 sii·

1005 3575 1092 3626 vestri
1111 3588 1218 3639 quoque
1239 3573 1338 3623 meiius·
1348 3576 1463 3625 aestiva
1499 3572 1685 3624 Nondantex
1696 3571 1812 3640 myrrha

1005 3644 1148 3711 portiones
1160 3641 1221 3703 deo,
1241 3642 1371 3708 quoniam
1383 3649 1410 3694 et
1419 3641 1494 3709 apud
1506 3641 1578 3693 alios
1589 3641 1721 3693 nascitur.
1738 3642 1809 3710 Regi

1005 3712 1302 3765 tanranebauitamm
1314 3718 1427 3777 quartas
1439 3717 1533 3778 partes
1544 3711 1604 3763 eius
1615 3710 1747 3778 pendunt.
1760 3708 1825 3763 Ge?

1005 3789 1066 3834 tero
1077 3781 1180 3847 passim
1198 3795 1216 3831 a
1236 3780 1318 3847 vulgo
1332 3787 1469 3833 coemtam
1485 3783 1514 3832 in
1530 3780 1614 3833 folles
1624 3779 1809 3844 conferciunt,

1005 3853 1147 3917 nostrique
1158 3851 1335 3916 unguentarii
1347 3848 1478 3918 digerunt
1494 3848 1568 3901 haud
1579 3849 1729 3903 difficulter
1739 3849 1808 3902 udo·

1004 3921 1044 3972 ris
1054 3927 1139 3986 atque
1149 3917 1325 3986 pinguedinis
1336 3919 1516 3986 argumentis.

1040 3989 1152 4042 Genera
1168 3988 1322 4054 complura:
1341 3988 1548 4055 Troglodytics
1564 3986 1733 4039 silvestrium
1754 3988 1808 4052 pri·

1005 4074 1058 4111 nia.
1070 4058 1194 4125 Sequens
1206 4058 1328 4121 Minaea,
1337 4057 1364 4109 iu
1377 4072 1434 4124 qua
1443 4057 1609 4108 Atramitica
1620 4062 1672 4119 est,
1684 4061 1713 4106 et
1723 4057 1809 4106 Ausa·

1005 4126 1281 4179 ritisGebanitarum
1296 4142 1390 4194 reguo.
1428 4127 1526 4179 Tertia
1535 4125 1665 4178 Dianitis.
1701 4123 1808 4185 Quarta

1004 4198 1150 4250 collatitia
1187 4197 1294 4259 Quinta
1305 4196 1499 4257 Sambracena,
1517 4210 1536 4245 a
1544 4195 1659 4246 civitate
1670 4192 1749 4258 regni
1760 4190 1809 4243 Sa·

1003 4267 1134 4318 baeorum
1146 4267 1217 4317 mari
1230 4266 1365 4331 proxima.
1397 4264 1490 4325 Sexta,
1508 4278 1589 4329 quam
1602 4261 1749 4313 Dussritin
1760 4276 1807 4312 eo-

1004 4344 1076 4389 cant.
1113 4335 1164 4386 Est
1176 4340 1205 4385 et
1217 4334 1336 4386 candida
1349 4350 1402 4383 unu
1415 4340 1521 4385 tantum
1533 4332 1604 4393 loco,
1616 4345 1687 4398 quae
1696 4331 1725 4382 in
1735 4331 1808 4384 Mes·

1004 4405 1093 4456 salum
1113 4404 1242 4470 oppidum
1263 4401 1415 4457 confertur.
1453 4402 1592 4454 Probatur
1604 4399 1810 4469 Troglodytica

1004 4473 1204 4542 pinguitudine,
1228 4479 1257 4524 et
1268 4470 1340 4539 quod
1352 4472 1485 4537 adspectu
1495 4470 1662 4534 aridiorem,
1684 4470 1808 4525 sordida·

1004 4560 1058 4612 que
1068 4559 1101 4595 ac
1111 4543 1239 4602 barbara,
1251 4542 1299 4594 seri
1310 4541 1404 4593 acrior
1415 4541 1524 4593 ceteris.
1537 4540 1808 4610 Sambracesaprae-

1004 4615 1086 4667 dictis
1097 4618 1175 4665 caret
1185 4611 1277 4672 vitiis,
1298 4618 1362 4663 ante
1373 4611 1441 4663 alins
1454 4609 1563 4674 hilaris,
1583 4611 1634 4664 sed
1649 4612 1757 4664 viribus
1768 4618 1810 4665 te·

1004 4685 1075 4735 nuis.
1111 4685 1141 4735 ln
1155 4682 1264 4748 plenum
1285 4688 1378 4733 autem
1394 4681 1524 4747 probatio
1534 4689 1577 4735 est
1588 4682 1701 4735 minutis
1711 4682 1810 4749 glebis,

1005 4769 1055 4806 nec
1066 4752 1235 4813 rotundisin
1245 4758 1375 4803 concretu
1385 4750 1531 4804 albicantis
1542 4752 1615 4805 succi
1627 4759 1655 4805 et
1666 4752 1810 4804 tabescen-

1004 4824 1057 4875 tis:
1068 4829 1154 4889 utque
1165 4820 1256 4874 fracta
1266 4820 1401 4873 candidos
1410 4836 1518 4888 ungues
1527 4819 1637 4884 habeat,
1646 4828 1731 4890 gustu
1742 4819 1811 4875 leui·

1005 4900 1050 4945 ter
1059 4907 1163 4944 unsara.
1175 4891 1302 4943 Secunda
1310 4891 1419 4943 bonitas
1430 4891 1507 4942 intus
1515 4891 1605 4943 varia.
1625 4891 1758 4955 Pessima,
1766 4890 1808 4943 in·

148 4957 284 5010 minorem
303 4965 398 5011 sutem
420 4959 556 5012 urobiam.
602 4960 691 5011 biicas
711 4975 848 5012 concussu
871 4961 954 5013 elisas
1004 4970 1051 5016 tus
1064 4962 1253 5028 nigra:pcior,
1264 4961 1287 5012 si
1297 4961 1382 5014 etiam
1393 4960 1474 5013 ioris.
1510 4960 1808 5015 Pretiaenoccasiosc

147 5041 273 5080 mansam
284 5042 424 5110 vocamus.
436 5029 594 5083 Etiamnum
607 5038 700 5081 tamen
711 5029 973 5110 ἰιιιιιιίιιιιιιιιςιιι-Ι
1006 5034 1156 5085 ementium
1173 5031 1260 5080 varia.
1296 5028 1708 5083 StactaereroaXllladXis
1736 5030 1810 5082 Sati·

148 5096 955 5239 restititistitibriiudtttiil‘ill'lit:
1004 5096 1810 5237 iiiiiilhlildiffidis·rsssfy‘hihiitsishl.liiii

148 5238 215 5288 ritis
225 5237 287 5289 sine
298 5237 473 5304 parcimonia
484 5238 567 5292 thura
576 5239 713 5308 ingerenti
731 5236 797 5302 aria,
816 5238 955 5307 paedago·
1004 5239 1083 5291 XVi=
1096 5240 1154 5289 eins
1163 5251 1241 5297 sero,
1254 5250 1336 5302 quam
1348 5236 1506 5290 odorariam
1517 5243 1628 5301 vocant,
1637 5236 1710 5290 XlV.
1725 5233 1807 5287 Adul-

149 5318 199 5372 gns
209 5306 351 5360 Leonides
361 5306 485 5373 dixerat,
506 5310 601 5361 utilio
613 5308 712 5371 modo,
734 5307 956 5362 cumdevicisset
1005 5314 1111 5360 teratur
1131 5307 1246 5387 lentisci
1263 5307 1365 5387 glebis,
1384 5307 1538 5375 etgummi.
1574 5308 1642 5359 item
1654 5300 1807 5356 cucumeris

148 5372 300 5429 thuriferas
312 5382 420 5444 gentes,
432 5379 612 5446 supplicaret.
623 5379 659 5431 At
669 5379 718 5430 ille
728 5377 832 5431 Arabia
841 5376 954 5445 potitus,
1005 5391 1088 5429 succo
1099 5376 1293 5429 amaritudinis
1304 5390 1400 5429 causa:
1420 5378 1493 5431 sicut
1502 5375 1641 5443 ponderis,
1656 5380 1753 5439 spuma
1761 5381 1808 5450 ur·

147 5442 228 5499 thure
238 5453 371 5499 onustam
382 5461 479 5501 navem
491 5449 567 5500 misit
579 5448 613 5511 ei,
635 5446 816 5512 exhortatus,
834 5451 867 5497 ut
876 5446 955 5513 large
1005 5446 1090 5516 gesti.
1126 5446 1244 5514 Reliqua
1253 5445 1323 5498 sitia
1333 5442 1577 5512 deprehenduntur
1586 5454 1683 5507 sapore
1694 5447 1809 5500 Summa

147 5512 213 5568 deos
223 5514 367 5569 adoraret.
1006 5517 1091 5569 dente
1103 5516 1287 5570 lentescentis.
1324 5514 1515 5566 Fallacissims
1530 5519 1622 5563 sutem
1633 5503 1809 5557 adulteratur

179 5582 258 5638 i'hus
270 5584 418 5639 collectum
430 5583 537 5641 Subota
552 5586 665 5639 camelis
677 5584 852 5649 convehitur,
874 5590 957 5652 porta
985 5632 986 5635 ,
1008 5584 1105 5641 ludica
1114 5584 1239 5656 myrrha,
1255 5580 1552 5704 quaet21s¹sdequadam
1566 5577 1647 5643 spina
1658 5589 1666 5600 ‘
