4340 6018
352 309 412 368 teo
496 305 530 369 (2.
563 304 713 366 Plani!
745 300 954 364 SECUNDl
987 295 1158 358 NATUR.
1191 294 1382 356 uiscus.
1415 292 1504 355 ΜΒ.
1525 290 1567 352 X.
1602 289 1845 354 “Plio-7⁰.

349 453 400 510 sed
411 455 542 525 diliguat:
563 455 784 517 meditantesque
807 418 978 510 intruserant,
989 460 1056 498 eura
1067 450 1151 512 atque
1203 443 1277 494 miro
1286 440 1458 504 discrimine,
1472 443 1552 495 velut
1563 440 1659 509 generi
1667 438 1813 495 Diomedis
1824 440 1877 495 hec
1887 444 2010 499 tribuen-

350 526 524 595 cogitatiooe
532 525 714 579 intentionem
726 534 781 570 non
793 517 944 571 occultant.
956 518 1152 569 consistente·
1202 519 1259 565 tes:
1278 513 1430 579 aedemque
1442 525 1502 564 eam
1514 512 1640 580 quotidie
1651 510 1734 577 pleno
1744 518 1859 579 gutture
1870 514 2008 568 madenti·

351 596 378 647 ri
387 596 477 649 victas
487 596 650 648 difficultate
660 589 753 650 rerbiq
763 601 796 638 ae
807 587 861 638 nisi
872 584 989 637 subinde
1000 584 1151 637 eademau·
1201 581 1254 634 bus
1266 584 1363 649 pennis
1374 581 1505 650 perluunt
1516 588 1601 649 atque
1611 580 1775 647 pendeant:
1794 582 1868 635 unde
1879 588 1959 653 origo
1969 584 2010 637 ia·

350 664 440 726 diunt,
460 665 592 718 memoria
604 660 680 713 fallit
703 664 920 722 quaerentesque
941 654 1039 706 mirum
1050 654 1079 705 io
1090 667 1150 704 mo·
1202 651 1293 714 boiae,
1304 651 1447 705 Diomedis
1458 652 1550 702 socios
1561 652 1589 701 in
1601 665 1695 702 earum
1708 649 1752 703 elli
1775 653 1814 705 'es
1824 660 1958 707 mutatos.

352 733 417 785 dum
427 732 554 793 hilarari,
574 734 597 780 si
609 724 722 787 interim
733 725 873 777 audierint
881 725 910 776 id
932 726 1054 777 verbum.
1092 722 1151 775 Nec
1236 720 1324 775 exn.
1342 722 1405 774 Non
1418 720 1599 774 omittendum
1612 726 1732 783 osteum
1764 720 2008 790 eingeniisdisse·

352 803 473 870 volgaris
483 800 541 852 illis
552 798 652 858 forma,
674 796 800 862 quamvis
810 809 865 847 nen
875 793 1038 861 spectanda
1075 791 1151 845 Satis
1202 792 1300 855 mmus,
1320 792 1504 846 erolueribos
1516 789 1678 842 hirundines
1689 805 1750 842 esse
1763 790 1909 856 indociles,
1925 802 2010 848 em.

349 871 406 922 illis
419 870 526 921 decoris
538 867 566 918 in
587 865 679 933 specie
689 865 824 916 sermonis
835 862 949 916 humani
960 870 1011 916 est.
1047 861 1150 914 Verum
1203 862 1338 915 restribus
1350 877 1455 915 mures:
1478 876 1540 914 cum
1552 858 1693 927 elephanti
1702 861 1778 910 iussa
1788 859 1904 925 iaciant,
1913 865 2010 917 leones

349 938 493 991 addiscere
511 936 583 987 alias
598 941 701 1002 negant
711 947 804 1000 posse,
826 948 908 1000 quam
921 948 992 999 quae
1004 947 1037 985 ex
1049 945 1150 1000 genere
1203 932 1297 1000 iugum
1308 932 1444 995 subeant3
1464 931 1493 982 lu
1504 930 1576 983 mari
1588 928 1678 992 rituli,
1691 935 1789 997 totque
1799 931 1916 998 piscium
1926 948 2009 1002 gene.

347 1020 443 1059 mum
453 1012 526 1067 suot,
534 1019 606 1071 quae
615 1002 717 1070 glande
729 1010 889 1054 rescantorr
901 1011 929 1054 et
940 1006 1012 1055 inter
1021 1017 1069 1053 eas
1080 999 1149 1052 iaci·
1201 1016 1235 1052 ra
1246 1003 1400 1053 mitescant.

346 1074 416 1138 lius,
436 1074 536 1142 quibus
555 1073 631 1140 quini
650 1078 715 1124 sunt
731 1073 851 1138 digitiin
862 1071 993 1138 pedibus:
1013 1086 1091 1123 acne
1102 1084 1150 1121 ees
1238 1070 1339 1122 LXlll.
1357 1069 1463 1121 Bibuat
1480 1081 1546 1120 ares
1566 1073 1661 1120 sumu:
1683 1082 1718 1120 ex
1733 1066 1787 1131 his,
1808 1068 1908 1136 qulbus
1922 1071 2009 1140 longa

346 1143 458 1211 quidem
468 1143 552 1209 ipsas,
564 1143 618 1194 nisi
627 1141 725 1209 primis
735 1141 843 1193 duobus
854 1142 928 1195 ritae
940 1142 1028 1193 annis.
1052 1138 1151 1190 Latiar
1203 1140 1285 1201 colla,
1306 1140 1533 1201 intermittentes,
1554 1144 1582 1189 et
1593 1138 1686 1204 capite
1705 1138 1868 1205 resupinato
1880 1140 2008 1194 velutin·

248 1236 252 1243 -
346 1214 383 1265 iis
405 1218 449 1265 est
470 1212 578 1280 linguar
600 1212 782 1277 ournibusque
801 1212 829 1262 in
849 1226 901 1262 suo
919 1211 1019 1278 cuique
1039 1223 1150 1277 genere,
1203 1208 1422 1260 tundentessibi.
1458 1205 1615 1275 Porphyrio
1626 1207 1704 1259 solus
1716 1222 1812 1259 murm
1822 1208 1900 1261 bibit.
1931 1210 2007 1264 idem

345 1280 740 1350 quaesermoueminritantur
761 1277 924 1332 humanum:
946 1293 1104 1347 quanquam
1121 1276 1150 1327 id
1202 1284 1246 1331 est
1259 1280 1373 1345 proprio
1384 1291 1500 1344 genere,
1521 1291 1629 1329 emnem
1641 1276 1732 1329 cibum
1742 1292 1815 1344 aqua
1825 1278 1944 1331 subinde
1955 1282 2009 1332 tin·

346 1367 434 1420 paene
444 1354 472 1403 in
483 1350 610 1403 omnibus
626 1349 770 1416 contingit.
799 1349 953 1416 Agrippina
963 1348 1071 1400 Claudii
1084 1348 1151 1399 Cae·
1202 1363 1279 1468 ἔξω,
1290 1345 1390 1399 deinde
1400 1346 1471 1413 pede
1481 1345 1517 1397 ad
1528 1353 1658 1410 rostrum,
1678 1345 1765 1397 veluti
1777 1361 1868 1409 manu,
1878 1348 2007 1401 afferens.

345 1422 418 1474 saris
424 1420 537 1473 turdum
549 1417 647 1470 habuit
657 1420 741 1486 (quod
754 1434 891 1487 nunquam
903 1423 980 1481 ente)
992 1419 1149 1470 imitantem
1245 1416 1400 1469 udatissimi
1410 1417 1439 1467 in
1448 1417 1642 1483 Commagene.
1670 1415 1774 1469 Rostra
1785 1416 1830 1480 iis,
1840 1423 1869 1471 et
1881 1419 2008 1486 praelon-

345 1505 488 1544 sermoues
499 1487 650 1549 homiuum,
662 1503 724 1540 cum
737 1486 806 1540 haec
816 1488 970 1556 proderem.
1002 1487 1151 1538 llabehant
1201 1500 1238 1553 ga
1248 1501 1329 1538 crura
1340 1487 1448 1537 rubent.

347 1566 377 1613 et
387 1563 520 1612 &mares
531 1558 644 1610 iuvenes
654 1566 790 1621 sturnum,
804 1559 877 1622 ,item
888 1556 1029 1618 luscinias,
1040 1556 1149 1608 Graeco
1236 1554 1333 1607 Lle.
1352 1556 1431 1607 llaec
1447 1553 1557 1620 quidem
1577 1561 1605 1605 et
1622 1552 1831 1621 haemetopudi,
1856 1556 1944 1609 multo
1955 1560 2006 1609 ml·

345 1634 429 1695 atque
438 1627 542 1679 Latino
553 1642 682 1681 sermone
692 1627 812 1680 dociles:
824 1633 971 1694 praeterea
981 1626 1150 1679 meditantes
1202 1626 1272 1685 nom,
1284 1638 1439 1693 quanquam
1450 1623 1547 1675 eadem
1559 1638 1668 1675 crurum
1682 1624 1840 1676 altitudine.
1878 1626 2005 1679 Nascitur

344 1700 373 1747 in
385 1696 467 1760 diem,
488 1704 516 1749 et
535 1697 647 1749 assidue
668 1712 740 1748 nora
749 1698 905 1765 loquentes,
924 1696 1054 1764 longiore
1065 1695 1149 1746 etiam
1202 1695 1230 1746 in
1243 1696 1381 1762 Aegypto.
1417 1694 1523 1745 insistit
1534 1694 1622 1745 ternis
1634 1692 1739 1761 digitis.
1759 1692 1911 1762 Praecipue
1922 1700 1947 1750 ei
1959 1710 2007 1765 pa·

345 1771 489 1817 contextu·
523 1766 670 1818 Ducentur
688 1773 806 1828 secreto,
828 1773 858 1818 et
880 1767 926 1817 uhi
937 1767 1013 1817 nulla
1030 1764 1150 1816 aliavox
1202 1763 1297 1817 bulum
1310 1777 1442 1815 muscae·
1464 1762 1530 1814 Vita
1540 1762 1566 1812 in
1579 1763 1661 1814 ltalia
1673 1763 1766 1830 paucis
1779 1763 1884 1815 diebus.

344 1834 505 1899 misceatur,
516 1836 656 1888 assidente
667 1837 714 1902 qui
725 1837 822 1888 erebro
835 1837 909 1887 dicat
922 1851 963 1898 ea,
974 1849 1045 1902 quae
1057 1832 1151 1886 eonib-
1236 1832 1320 1885 bxv.
1339 1832 1491 1885 Graviores
1502 1830 1596 1883 omne's
1607 1832 1688 1900 fruge
1697 1840 1853 1895 vescemur,
1872 1834 2007 1889 altivolae

342 1910 374 1955 ta
384 1904 461 1967 velit,
471 1920 505 1956 ac
515 1905 584 1957 cibis
594 1904 765 1957 blandiente.
1202 1918 1285 1955 carne
1295 1909 1414 1954 tantum.
1443 1901 1518 1954 inter
1528 1902 1681 1968 aquaticas,
1692 1903 1779 1970 mergi
1792 1902 1870 1955 soliti
1880 1911 1946 1957 sunt
1957 1904 2007 1959 de·

377 1974 437 2025 LX.
454 1974 601 2028 Reddatur
623 1983 653 2027 et
669 1975 934 2042 continuamus,
956 1971 1149 2052 indignatione
1201 1987 1310 2034 vorare,
1323 1988 1393 2039 quae
1405 1977 1514 2053 poterae
1526 1971 1654 2053 reddunt
1870 2042 1876 2053 ¹

343 2043 1148 2179 tl?ttttll⁰t:.l3l,32tlettuttattinuerit.
1202 2040 1808 2172 1,.¹.²'il¹.;.t¹⁰.¹t.'ttollebatis?
1808 2039 2006 2163 :diluit

343 2181 439 2249 genito
452 2181 552 2247 pullus,
563 2182 754 2247 inoppositam
762 2181 897 2234 sutrinam
906 2181 1149 2241 devolavit,etiam
1202 2180 1270 2246 ipsis
1283 2180 1387 2232 inesset
1397 2179 1515 2232 alterins
1534 2181 1606 2231 uteri
1621 2193 1716 2246 genus.
1753 2180 1817 2231 Huc
1828 2181 1923 2232 oninia
1933 2180 2006 2232 iust-

261 2294 267 2305 ,
343 2248 978 2317 religionecommendatusofficinaedourioo.
1004 2251 1149 2301 lsmature
1201 2249 1304 2316 plebile
1316 2249 1420 2300 animal
1430 2251 1563 2316 congerit,
1580 2250 1652 2300 mira
1662 2258 1694 2299 ut
1704 2249 1741 2299 sit
1754 2249 1903 2314 capacitas.
1939 2250 2005 2300 htux

343 2320 465 2371 seinroni
485 2320 668 2382 assuefactus,
692 2321 819 2372 cornibus
837 2318 982 2370 matutinis
998 2317 1110 2369 evolans
1121 2317 1149 2367 in
1202 2318 1326 2385 perlecta
1337 2318 1445 2384 rapina,
1464 2317 1567 2369 sensim
1578 2317 1644 2369 inde
1658 2318 1687 2369 in
1700 2333 1731 2370 os
1742 2318 1861 2380 reddita,
1876 2319 1902 2368 in
1914 2333 2006 2370 veram

342 2388 454 2449 Bostra,
475 2388 684 2450 lorumcersus,
706 2388 860 2451 Tiberium,
878 2386 1148 2440 deinGermaoicum
1202 2387 1294 2438 alvum
1306 2388 1472 2438 rontinentia
1488 2401 1565 2438 more
1585 2385 1682 2438 refert.
1719 2385 2006 2455 Galliahosseptem·

342 2462 372 2508 et
383 2456 505 2509 Drusum
523 2460 657 2510 Caesares
677 2458 850 2519 nominatim,
870 2472 936 2509 mox
958 2463 1149 2508 transeuntem
1202 2455 1316 2509 trionnli
1326 2457 1455 2523 proxima
1464 2470 1568 2507 oceano
1579 2456 1678 2507 mittit.

341 2526 475 2594 populum
494 2526 574 2576 Rom.
595 2526 746 2588 salutabat,
769 2533 868 2592 postea
887 2527 923 2578 ad
941 2527 1087 2578 tabernam
1105 2540 1149 2578 re·
1237 2523 1350 2578 bxvll.
1374 2526 1403 2577 ln
1425 2526 1568 2591 Hercynio
1589 2525 1758 2613 Germanum
1778 2526 1850 2577 saltu
1872 2525 2006 2577 inusitata

341 2609 447 2656 means,
459 2594 724 2661 pluriumanoorum
737 2593 1054 2647 assiduoollieiomirus.
1066 2595 1150 2647 Hunc
1202 2610 1305 2664 genera
1325 2594 1426 2647 alitum
1445 2594 1612 2662 accepimus,
1632 2610 1748 2664 quarum
1769 2595 1877 2662 plumae
1897 2596 2004 2663 ignium

342 2663 400 2715 sire
410 2664 598 2715 aemulatione
609 2663 778 2725 vicinitatis,
800 2679 930 2731 nranceps
942 2668 1088 2732 proximae
1100 2680 1148 2716 su·
1202 2664 1286 2718 modo
1305 2679 1320 2716 c
1341 2664 1466 2716 llueeant
1486 2664 1625 2727 noctibus,
1645 2667 1674 2717 in
1696 2667 1796 2718 ceteris
1817 2664 2006 2733 nihilpraeter

230 2784 235 2789 ,
341 2733 441 2795 trinae,
460 2731 786 2796 siveirncuodiasubita,
806 2734 1149 2795 utvoloitvideri,excre·
1202 2735 1321 2786 nobilita
1336 2748 1378 2786 ero
1392 2734 1439 2785 lon
1461 2735 1596 2801 ‘nquitate
1608 2734 1721 2798 factam,
1743 2736 1948 2787 memorandum
1961 2749 2006 2785 oc·

342 2801 445 2853 mentis
453 2801 514 2853 eius
523 2802 615 2868 posita
627 2802 728 2856 calceis
739 2803 860 2864 macula,
871 2804 1054 2857 exanimavit:
1071 2810 1149 2855 tantu
1201 2805 1298 2856 currit.
1321 2801 1435 2855 Phaleri
1455 2820 1484 2856 es
1494 2804 1523 2854 in
1535 2803 1664 2856 Seleucia
1675 2803 1850 2867 Parthorum,
1860 2813 1889 2857 et
1898 2807 1928 2856 ia
1939 2804 2005 2858 Asia

342 2870 436 2936 plebei
447 2872 683 2936 consternatione,
703 2880 735 2924 ut
754 2873 843 2940 primo
855 2873 950 2940 pulsus
961 2889 996 2925 ex
1011 2887 1044 2926 ea
1059 2873 1149 2940 regio·
1201 2875 1393 2939 aquaticarum
1405 2872 1626 2924 laudatissimae:
1639 2888 1736 2924 rursus
1743 2871 1899 2926 Phasianae
1909 2873 2006 2925 incol-

342 2955 387 3002 ue,
410 2955 474 2992 mex
485 2948 513 2992 et
523 2942 689 2994 interemtus
700 2943 749 3003 sit,
768 2941 906 3008 funusque
920 2942 1073 2994 innumeris
1085 2942 1148 2993 aliti
1201 2941 1260 2994 chis
1271 2942 1396 3007 geminas
1407 2954 1442 2991 ex
1453 2941 1545 3005 pluma
1556 2956 1639 2991 aures
1649 2942 1827 3004 submittunt,
1841 2943 2004 3010 subrigunt·

342 3009 513 3060 celebratum
525 3010 680 3075 exsequiis,
701 3017 872 3062 constratum
890 3011 992 3062 lectum
1004 3024 1088 3076 super
1098 3013 1149 3061 Ae·
1201 3025 1263 3076 quo.
1275 3008 1437 3061 Numidicae
1446 3008 1476 3058 in
1489 3014 1568 3073 parte
1578 3007 1690 3060 Africae
1701 3007 1840 3071 Numidia,
1852 3025 2006 3078 omnesque

341 3075 469 3140 thiopum
481 3077 599 3127 duorum
616 3075 755 3139 humeros,
778 3078 962 3145 praecedente
973 3079 1097 3136 tibicine,
1118 3084 1147 3128 et
1200 3082 1253 3129 iam
1264 3079 1293 3127 ln
1307 3075 1395 3126 ltalia.
1434 3098 1438 3107 ·

343 3142 453 3194 coronis
465 3146 585 3194 omnium
598 3158 739 3211 generum,
757 3146 792 3197 ad
805 3160 903 3213 rogum
913 3159 1009 3211 usque,
1022 3147 1067 3209 qui
1080 3158 1146 3195 con·
1234 3143 1360 3196 vam.
1378 3141 1595 3209 Phoenicopteri
1606 3143 1729 3211 linguam
1740 3144 1883 3212 praecipui
1894 3151 2011 3212 saporis

342 3217 464 3263 structus
482 3212 582 3263 dextra
599 3213 661 3263 riae
681 3213 786 3278 Appiae
802 3213 837 3265 ad
853 3213 1005 3264 secondum
1015 3212 1148 3278 lapidem,
1200 3228 1270 3274 esse,
1290 3211 1403 3277 spicios
1421 3211 1532 3274 docuit,
1551 3219 1684 3279 nepotum
1703 3213 1825 3266 omnium
1848 3214 2005 3268 altissimus

340 3280 785 3347 incampoliediculiappellato,
805 3282 870 3333 suit.
905 3281 1148 3334 hdeosatisiusta
1199 3296 1309 3349 gurges.
1348 3281 1467 3348 Attagen
1479 3282 1599 3333 maxime
1608 3281 1702 3334 lenius
1713 3282 1881 3347 celebratur,
1896 3285 2004 3337 reculis

342 3364 428 3403 causa
447 3350 554 3417 populo
566 3352 692 3404 Romano
708 3352 768 3403 visa
786 3358 830 3403 est
844 3350 1049 3417 exsequiarum,
1072 3351 1148 3418 ioge-

304 3472 308 3483 ,
340 3421 417 3501 pium
428 3419 496 3481 avis,
517 3426 567 3472 aut
578 3420 709 3488 supplicii
717 3421 754 3503 de
766 3420 824 3473 cive
834 3420 969 3483 Romano,
984 3420 1012 3472 in
1023 3436 1058 3473 ea
1068 3420 1147 3481 urhe,

341 3489 1146 3625 tt13ll.rtl‘tlt.lll¹rlit.tiltdtttlltlt

341 3625 462 3689 tiamque
472 3622 580 3677 deletas
596 3624 631 3675 ab
648 3639 695 3687 eo,
715 3641 795 3679 nemo
812 3627 1002 3682 vindicaverat
1018 3636 1146 3680 mortem.

342 3692 406 3743 Hoc
423 3697 530 3757 gestum
544 3693 583 3744 Μ.
595 3691 728 3756 Servilio,
749 3698 779 3748 C.
790 3698 883 3749 Cestio
895 3699 972 3749 coss.
984 3714 1009 3750 a.
1020 3696 1046 3748 d.
1059 3698 1082 3748 V
1092 3697 1146 3749 lia·

287 3794 292 3801 -
342 3758 416 3811 lend.
429 3759 514 3825 April.
550 3760 631 3813 Nunc
643 3777 752 3830 quoque
763 3772 823 3817 erat
834 3764 860 3817 in
872 3767 940 3819 urbe
951 3768 1055 3830 Roma,
1078 3766 1147 3819 haec

342 3826 479 3896 prodente
492 3843 543 3890 me,
553 3830 656 3895 equitis
668 3831 746 3882 Rom.
758 3835 853 3885 cornix
865 3849 880 3885 e
890 3835 1015 3899 Baetica,
1026 3838 1145 3904 primunr

328 3896 440 3957 ,colore
452 3897 524 3949 mira
533 3898 682 3951 admodum
695 3900 789 3967 nigro:
807 3901 909 3952 deinde
920 3905 1001 3967 plura
1012 3911 1148 3954 contexta

343 3968 429 4021 rerba
439 3968 607 4034 exprimens,
617 3974 645 4019 et
657 3968 715 4019 alia
725 3970 823 4020 crebro
834 3968 988 4022 addiscens.
1024 3970 1147 4024 Necnon

344 4043 373 4089 et
389 4052 485 4090 recens
506 4035 582 4087 isam
593 4038 700 4088 Crateri
715 4038 907 4090 Monocerotis
924 4041 1098 4107 cognomine,
1118 4041 1147 4092 in

344 4108 465 4159 Erizena
476 4104 589 4227 sepiem
601 4107 684 4158 Asiae
696 4122 841 4159 corvorum
854 4122 939 4173 opera
949 4110 1092 4171 venantis,
1110 4125 1146 4162 eo

475 4191 506 4227 re

344 4177 417 4244 quod
438 4176 472 4227 de
527 4176 592 4227 ebat
613 4175 641 4226 in
662 4176 747 4227 silvas
766 4192 816 4229 eos
832 4177 981 4230 insidentes
997 4179 1147 4231 corniculis

343 4244 532 4312 humerisque:
555 4244 598 4296 illi
609 4246 785 4313 vestigabant
797 4247 984 4315 agebantque,
1004 4261 1039 4299 eo
1048 4248 1146 4314 perdu-

345 4321 390 4365 tta
409 4315 618 4377 consuetudine,
638 4321 669 4367 ut
688 4323 832 4367 exeuntem
849 4317 890 4367 sie
905 4317 1107 4369 comitarentur
1116 4324 1147 4371 et

344 4381 406 4433 ieri.
417 4383 592 4435 'l'radendum
606 4391 737 4451 putavere
749 4386 900 4437 memoriae
913 4385 1037 4451 quidam,
1058 4388 1145 4438 rmorm

343 4450 479 4516 persitim
491 4450 596 4516 lapides
613 4460 807 4521 congerentem
824 4454 852 4505 in
865 4455 977 4507 situlam
990 4470 1148 4508 monumen·

343 4518 374 4578 ti,
396 4518 424 4567 iu
436 4532 491 4583 qua
499 4519 593 4583 pluria
603 4536 675 4589 aqua
684 4522 816 4585 durabat,
835 4523 885 4575 sed
897 4540 968 4591 quae
978 4525 1080 4593 attingi
1092 4540 1147 4576 oon

342 4591 450 4667 posset:
460 4586 502 4639 ita
514 4586 680 4644 descendere
690 4599 835 4658 paventem
846 4594 1016 4659 expressisse
1026 4595 1147 4647 telicen-

343 4669 428 4722 gerre,
438 4659 570 4723 quantum
581 4664 682 4722 poturo
693 4660 841 4714 sufficeret.

377 4723 449 4777 th.
461 4722 520 4776 Nec
533 4723 702 4778 Diomedeas
714 4730 874 4793 praeteribo
885 4747 963 4783 aves:
976 4731 1044 4783 iuba
1055 4735 1145 4783 catar-

344 4800 436 4846 ractas
448 4799 544 4845 vocat:
565 4794 605 4844 eis
616 4810 677 4847 esse
690 4794 796 4858 dentes,
816 4801 968 4867 oculosque
979 4801 1061 4868 igneo
1072 4800 1147 4851 colo·

343 4878 382 4924 re,
394 4869 487 4915 cetero
498 4860 633 4926 candidis,
645 4863 769 4916 tradens.
797 4865 873 4918 Duos
884 4884 993 4936 semper
1002 4869 1037 4920 iis
1049 4869 1146 4920 duces:

227 4928 235 4945 ⁶
344 4932 464 4985 alterum
475 4930 578 4982 ducere
588 4945 698 4997 agmen,
707 4933 825 4986 alterum
837 4950 945 5005 cogere.
971 4936 1089 4990 Scrobes
1101 4952 1147 4989 ex·

344 5008 554 5059 microcosmo,
565 5000 629 5051 iude
640 5008 717 5053 crate
728 5008 912 5067 consternere,
933 5012 962 5058 et
972 5007 1083 5074 operire
1094 5014 1147 5059 ter·

345 5084 386 5131 ra,
396 5083 466 5135 quae
477 5076 543 5120 ante
554 5068 640 5121 luerit
650 5078 759 5137 egesta:
771 5070 802 5120 in
815 5069 857 5123 his
869 5073 1033 5128 loetilicare.
1060 5076 1147 5127 Fores

344 5137 424 5191 blnus
434 5138 556 5188 omnium
569 5138 728 5192 scrobibus:
750 5141 888 5195 orientem
899 5151 1037 5210 spectare,
1048 5145 1147 5212 quibus

345 5211 446 5259 exeant
455 5208 482 5258 in
493 5220 605 5272 pascua:
625 5223 764 5274 nemum,
778 5210 878 5277 quibus
889 5213 1013 5267 redeam.
1048 5215 1147 5267 sivum

345 5282 546 5329 exoneraturas
565 5278 713 5330 subvolare
733 5294 856 5346 semper,
877 5287 906 5332 et
918 5282 1147 5336 contmriodatu.

1200 3351 1279 3412 alias,
1300 3355 1397 3418 captus
1408 3365 1472 3404 uero
1484 3352 1693 3413 obmutescens,
1712 3352 1850 3418 quondam
1863 3354 2004 3407 existima·

1199 3428 1246 3472 tus
1258 3422 1330 3471 inter
1351 3434 1429 3471 raras
1448 3436 1520 3473 aves.
1557 3421 1614 3473 lam
1627 3428 1656 3473 et
1665 3422 1695 3472 in
1708 3420 1801 3473 Gallia
1812 3423 2004 3491 Hispaniaque

1200 3491 1319 3556 capitur,
1338 3496 1367 3541 et
1377 3504 1427 3556 per
1437 3490 1520 3556 Alpes
1532 3490 1631 3551 eham,
1650 3491 1738 3542 abiet
1750 3490 2004 3556 phalacrocoraces,

1199 3574 1265 3611 aves
1277 3559 1435 3611 Balearium
1448 3557 1601 3611 insularum
1621 3559 1791 3625 peculiarest
1811 3562 1882 3611 sicut
1892 3558 2023 3628 Alpium*

1199 3627 1401 3695 pyrrhocorax,
1413 3627 1491 3680 luteo
1501 3635 1603 3689 rostro,
1616 3629 1709 3693 niger:
1721 3635 1749 3680 et
1760 3631 1853 3695 praeci
1875 3645 1911 3680 uo
1922 3645 2003 3696 sapo-

1199 3713 1229 3749 re
1241 3697 1372 3764 lagopus:
1395 3696 1479 3762 pedes
1490 3695 1614 3762 leporino
1627 3697 1695 3747 villo
1706 3711 1805 3749 nomen
1822 3644 1913 3750 eries
1922 3698 2003 3751 dede·

1199 3782 1238 3828 re,
1248 3773 1342 3819 cetero
1354 3764 1498 3828 candidae,
1509 3765 1701 3817 columbarum
1713 3766 1912 3833 magnitudine.
1938 3769 2001 3819 Non

1199 3843 1280 3888 extra
1290 3843 1393 3888 terram
1406 3848 1467 3885 eant
1479 3834 1554 3887 nesci
1565 3835 1659 3898 facile,
1671 3836 1782 3901 quando
1794 3852 1844 3889 nec
1854 3837 1916 3888 vira
1925 3852 2002 3887 man·

1199 3907 1314 3965 suescit,
1335 3912 1364 3956 et
1376 3918 1475 3969 corpus
1487 3906 1595 3956 occisae
1605 3906 1702 3956 statim
1722 3909 1875 3957 nrarcescit.
1912 3907 1962 3957 list
1974 3912 2003 3957 et

1199 3973 1255 4023 alia
1267 3975 1376 4023 neurius
1387 3970 1495 4033 eodem,
1511 3987 1529 4023 a
1540 3974 1729 4024 coturnicibus
1741 3974 1928 4041 nrafflitudine
1940 3983 2000 4025 tan·

1199 4050 1257 4092 tum
1270 4040 1409 4100 differens,
1419 4055 1518 4092 croceo
1529 4040 1619 4093 tinctu
1629 4042 1700 4093 cibis
1710 4043 1881 4107 gratissima.
1904 4042 2000 4094 Visam

1199 4111 1226 4161 in
1236 4109 1351 4174 Alpibus
1363 4109 1398 4160 ab
1414 4123 1444 4161 se
1465 4109 1633 4175 peculiarem
1645 4111 1765 4178 Aegypti
1787 4119 1815 4164 et
1836 4113 1902 4165 ibim
1913 4114 2002 4179 ligna·

1199 4180 1255 4231 tius
1266 4179 1394 4230 Calvinus
1405 4178 1561 4244 praefectus
1572 4194 1667 4232 earum
1679 4180 1813 4246 prodidit.

1235 4247 1334 4300 hxlx.
1346 4248 1454 4300 Venere
1466 4248 1493 4298 in
1504 4246 1616 4300 ltaliam
1628 4248 1861 4303 Bebriacensibus
1873 4249 1955 4302 bellis
1966 4251 2001 4301 ci·

1200 4318 1300 4369 vilibus
1320 4324 1398 4368 trans
1408 4315 1513 4369 Padum
1536 4323 1565 4369 et
1578 4332 1669 4371 novae
1682 4334 1748 4372 aces
1766 4320 1819 4381 (ita
1829 4319 1901 4371 enim
1912 4318 2002 4369 adhue

1199 4390 1343 4447 vocantur)
1354 4385 1500 4438 turdorum
1521 4389 1628 4454 specie,
1649 4388 1762 4455 paulum
1773 4387 1848 4439 inira
1859 4388 2002 4440 columitas
2079 4407 2089 4420 ·

1201 4456 1397 4522 magnitudine,
1412 4470 1513 4521 sapore
1524 4463 1630 4523 gratae.
1659 4457 1794 4508 Baleares
1804 4455 1910 4506 insulse
1922 4456 2000 4507 nobi·

1200 4525 1297 4578 liorem
1310 4526 1393 4577 etiam
1406 4540 1489 4592 supra
1499 4526 1575 4577 dicto
1586 4523 1801 4592 porphyrionem
1814 4523 1937 4573 mittunt.
1960 4524 2003 4576 lbi

1199 4600 1228 4644 et
1247 4595 1332 4646 buteo
1351 4593 1516 4660 accipitrum
1537 4593 1648 4659 generis
1669 4593 1697 4643 in
1718 4589 1823 4643 bonore
1843 4603 2001 4645 mensarum

1199 4669 1255 4716 est:
1266 4664 1333 4714 item
1345 4662 1485 4728 ripionest
1501 4662 1542 4712 sic
1555 4663 1627 4713 erllm
1638 4665 1738 4710 vocant
1747 4659 1881 4709 nilnerem
1894 4672 2002 4725 gruenr.

1233 4731 1320 4783 LXX.
1336 4729 1459 4797 Pegasos
1469 4729 1569 4793 equino
1581 4727 1673 4792 eapite
1684 4726 1820 4790 volueres,
1835 4734 1864 4779 et
1874 4727 2002 4797 gryphus
2013 4730 2025 4743 '

1198 4800 1290 4852 aurite
1302 4798 1461 4852 aduncitate
1472 4797 1559 4849 rostri
1569 4795 1712 4848 fabulosos
1723 4810 1799 4847 reor:
1811 4796 1877 4849 illos
1887 4798 1917 4849 in
1929 4796 2001 4866 Scy·

1200 4869 1266 4930 thiu,
1277 4867 1327 4919 hos
1338 4869 1367 4918 in
1377 4865 1533 4932 Aethiopia.
1545 4866 1677 4933 Equidem
1690 4872 1719 4917 et
1728 4871 1889 4932 tragopaoa,
1899 4867 1934 4919 de
1946 4883 2002 4934 qua

1198 4938 1293 5005 plures
1303 4937 1450 4996 affirnrant,
1469 4936 1602 4988 maiorem
1613 4933 1719 5000 aquila,
1742 4948 1845 4986 cornua
1855 4935 1882 4986 in
1894 4942 2001 5002 tempo·

1199 5007 1274 5058 ribus
1284 5011 1400 5055 curvata
1411 5002 1574 5064 habentem,
1595 5002 1745 5070 ferruginei
1757 5003 1870 5067 coloris,
1890 5011 1999 5056 tantum

1199 5075 1291 5142 eapite
1301 5071 1465 5139 phoeniceo.
1489 5073 1547 5124 Nec
1559 5072 1669 5125 Sirenes
1680 5073 1892 5139 impetraverint
1903 5072 1997 5125 fldem:

1198 5146 1264 5197 licet
1275 5143 1393 5197 affirmet
1405 5142 1493 5205 Dino,
1515 5137 1649 5193 clitarchi
1668 5141 1801 5193 celebrati
1818 5143 1941 5197 auctoris
1952 5156 2000 5208 pa·

1199 5220 1252 5274 ter,
1263 5212 1291 5262 in
1301 5211 1381 5263 ludia
1391 5210 1647 5276 esse:.mulcerique
1657 5224 1752 5262 earum
1761 5220 1851 5271 cantu,
1863 5224 2000 5278 quosgra·

1198 5289 1279 5335 ratos
1290 5295 1387 5332 mnino
1399 5280 1532 5333 lacerent
1564 5278 1618 5340 Qui
1630 5277 1719 5331 credit
1729 5279 1793 5341 istu,
1804 5287 1833 5333 et
1846 5280 2000 5345 Melampo-

346 5342 577 5396 llnohaeinloeo
589 5347 1147 5420 totiusorbisvisuntur,ininsula,quam
1199 5351 1228 5403 di
1248 5349 1375 5418 prolecto
1395 5364 1477 5402 aures
1503 5347 1664 5413 renubendo,
1695 5346 1804 5401 (1Θᾶωο
1825 5349 1998 5403 intentam

346 5411 468 5466 diximus
489 5412 610 5465 nobilem
631 5414 775 5468 Diomedis
796 5419 902 5469 taurula
923 5427 1005 5486 atque
1022 5421 1147 5485 delubro,
1200 5422 1290 5476 avium
1311 5421 1445 5472 sermonis
1460 5416 1596 5469 dracones
1608 5417 1787 5470 nouabnuet:
1808 5416 1999 5484 reiquaeDe·

344 5488 440 5535 matra
448 5484 563 5550 apuliae
574 5483 939 5547 orsm,lulicorumsinriles.
950 5488 1148 5543 hdvenasbur·
1200 5491 1335 5543 nrocritus
1352 5487 1447 5549 tradit,
1468 5484 1638 5538 nominando
1658 5501 1732 5549 ores,
1753 5500 1869 5553 quamn
1882 5483 2000 5536 confuso

343 5549 426 5607 tuos
437 5552 568 5623 clangore
578 5552 725 5619 infestant,
742 5554 860 5611 Graecis
870 5562 981 5611 tantum
991 5557 1148 5625 summio,
1199 5561 1332 5629 sanguiue
1341 5570 1456 5624 motos
1465 5556 1614 5629 &immi
1626 5568 1707 5625 quern
1716 5554 1841 5625 (1ώῖΰῦ
1850 5552 1949 5611 “wib
1959 5553 2000 5603 ⁵¹¹·
