4330 6014
351 293 391 354 58
482 292 513 352 0.
557 287 713 352 PLlNll
756 286 960 349 sacuam
1004 282 1168 349 NATUR.
1212 282 1400 345 liiSTON.
1445 281 1626 344 Lililll.
1652 282 1881 344 estitit).

352 441 449 508 Neque
471 439 593 509 ingenis,
612 439 750 505 ritusque,
766 437 892 501 acchon,
910 437 1152 506 etlinguesnaua-

352 527 405 578 quc
416 518 561 577 superatas
572 521 759 560 conrmemoro
769 515 876 573 gentes.
895 507 951 573 ipsi
960 505 998 556 de
1008 519 1041 556 en
1052 504 1154 555 iudice·

354 580 538 640 vereGraeei,
557 592 645 646 genus
665 577 693 625 in
714 576 834 644 gloriam
855 590 931 625 mam
948 573 1153 636 effusissimam,

353 656 467 714 quotam
478 656 586 715 partem
596 660 670 697 exea
680 644 849 711 appellando
858 644 1002 695 Graeciam
1010 642 1154 710 oingnami

352 717 491 769 Nimirum
511 717 550 778 id,
573 714 646 781 qaod
663 714 693 763 in
713 715 853 768 mentione
869 711 1078 774 caeliiecimus,
1102 710 1154 763 bec

352 802 464 855 quoque
473 789 503 836 in
513 790 591 852 parte
602 781 762 835 laciendum
772 789 824 843 est,
840 788 872 831 at
882 780 1014 848 quasdam
1028 788 1109 833 notae
1121 796 1154 832 ac

352 870 442 922 panca
450 855 546 906 sidera
554 853 734 918 attingamus.
759 851 899 917 Legentcs
910 857 1029 912 tantum,
1041 863 1153 916 quaeso,

351 923 539 985 meminerint,
560 919 727 988 adeingule
747 925 809 971 toto
830 919 898 971 orbe
921 917 1152 971 edisserendnie·

351 993 462 1045 atinati.

386 1064 439 1114 Est
449 1076 516 1127 crgo
528 1059 597 1111 folio
614 1059 734 1109 maxime
753 1070 858 1122 querno
880 1057 1042 1117 assimilata,
1064 1056 1153 1108 multo

351 1132 522 1198 proceritate
542 1127 668 1194 amplior,
690 1140 770 1192 qaam
793 1125 960 1178 latitudine:
981 1127 1009 1177 in
1031 1127 1155 1178 laevane

351 1199 466 1252 flectens
483 1200 636 1258 cacumine,
656 1200 684 1245 et
709 1196 897 1248 Amazonicae
915 1199 1006 1265 ligura
1027 1195 1155 1248 desinam

351 1284 477 1338 parmae,
495 1268 541 1317 ubi
552 1282 569 1317 a
578 1262 669 1316 medio
680 1278 797 1316 excursa
808 1265 958 1319 Corinthos
968 1274 1094 1327 vocatur,
1106 1278 1155 1331 per

351 1340 430 1392 sinus
450 1338 560 1388 lanatos
584 1333 639 1384 duo
658 1348 763 1386 cornua
784 1336 932 1396 emittens,
951 1335 1154 1399 Leucopetram

352 1408 480 1466 dextere,
500 1401 647 1465 Lacinium
667 1402 792 1452 sinistra.
823 1403 905 1455 l’atet
924 1403 1100 1471 longitudine
1120 1402 1155 1454 ab

352 1477 452 1542 Alpino
463 1475 516 1524 bne
524 1471 688 1523 Praetoriae
697 1472 848 1538 Augustae,
859 1486 907 1538 per
914 1473 1013 1524 Urbem
1022 1474 1155 1538 Capuam·

352 1561 405 1613 que
417 1557 497 1596 cursu
508 1548 628 1603 meante,
638 1540 777 1607 Rhegium
788 1541 918 1606 oppidum
931 1544 959 1594 iu
971 1540 1085 1592 bunrero
1097 1541 1155 1592 eius

353 1616 451 1672 sitam,
467 1627 488 1667 ¹a
505 1625 558 1679 qao
580 1610 669 1663 ueluti
690 1611 805 1662 cervicis
823 1611 924 1677 incipit
946 1610 1043 1672 flexus,
1063 1610 1156 1661 decies

354 1688 468 1736 centena
478 1686 506 1730 ct
517 1680 615 1746 viginti
628 1678 715 1730 millia
725 1693 870 1745 passuum:
883 1680 1025 1747 multoque
1037 1680 1156 1745 amplior

351 1764 484 1804 messaara
502 1750 581 1800 lieret
592 1748 738 1800 Lacinium
752 1764 849 1815 usque,
870 1752 897 1800 ni
917 1750 982 1801 talis
1003 1750 1156 1816 obliquitas

349 1820 379 1872 io
391 1819 466 1870 latas
477 1816 586 1885 digredi
597 1817 748 1870 rideretur.
775 1818 911 1869 Letitado
928 1820 989 1870 eius
1006 1821 1083 1871 carin
1098 1824 1155 1870 ests

351 1888 466 1941 CCCCX
486 1887 608 1938 millium
623 1889 698 1939 inter
718 1887 772 1938 duo
783 1890 882 1948 maria,
903 1888 1022 1953 inieram
1034 1895 1155 1955 eteupe·

350 1973 422 2020 ram,
442 1972 592 2023 amnesque
610 1955 715 2008 Varum
736 1964 820 2022 atque
835 1958 956 2009 Arsiam:
977 1958 1095 2019 mediae,
1112 1963 1156 2008 at·

351 2043 404 2096 que
414 2026 501 2081 ferme
513 2027 588 2078 circa
600 2028 697 2079 urbem
709 2027 837 2088 ltomam,
857 2025 892 2078 ab
904 2028 979 2078 ostio
990 2028 1085 2079 Aterni
1096 2041 1155 2077 am·

350 2098 394 2149 nie
405 2099 435 2147 in
446 2096 618 2147 Adriaticum
628 2111 705 2148 nrare
715 2092 869 2151 induentis.
879 2095 914 2146 ad
927 2097 1061 2148 Tiberina
1072 2097 1156 2157 ostia,

248 2212 256 2225 ‚
350 2164 505 2226 CXXXVl,
525 2174 554 2217 ct
571 2165 656 2230 paulo
677 2166 767 2216 suinae
790 2166 916 2216 aCastro
939 2181 1010 2216 noro
1021 2164 1156 2217 Adriatici

350 2235 437 2289 marie
447 2234 553 2286 Alsium
565 2233 599 2285 ud
612 2235 733 2285 'l'ascam
746 2248 857 2299 aequor,
877 2232 952 2285 haud
971 2234 1029 2287 bilo
1041 2234 1106 2286 inde
1116 2235 1156 2284 lo·

351 2319 384 2356 co
395 2304 460 2354 CCC
475 2304 504 2355 in
521 2302 696 2355 latitudinem
715 2303 861 2354 excedens.
890 2304 1041 2355 Universae
1062 2310 1154 2355 nutem

350 2373 473 2427 barbitus
483 2387 500 2425 a
512 2374 591 2425 Varo
601 2371 637 2423 ad
652 2371 759 2423 Arsiam
781 2373 877 2424 tricies
889 2380 1015 2435 centena,
1038 2381 1067 2426 et
1078 2374 1157 2439 qoin-

351 2443 486 2510 quaginta
501 2455 600 2493 sorem
612 2441 701 2491 miliia
713 2455 843 2507 passuum
855 2441 948 2494 efficit

385 2512 471 2563 Abest
492 2525 510 2561 a
530 2510 706 2563 circumdatis
726 2511 829 2573 terrie,
856 2512 940 2562 letria
967 2526 1001 2563 nc
1023 2509 1157 2562 Liburnia

390 2579 516 2631 'busdam
542 2578 615 2631 locis
643 2586 760 2631 centena
778 2579 816 2630 Μ.
855 2595 911 2631 ιιι.
935 2581 989 2631 Ah
1019 2580 1106 2646 Epiro
1128 2586 1157 2629 et

351 2649 468 2716 llyrico
492 2649 558 2714 quin
578 2647 700 2714 anginta.
747 2649 788 2699 Ab
804 2596 900 2699 Aiprica
919 2650 1011 2699 urinas
1033 2650 1095 2710 CC,
1124 2653 1157 2698 ut

351 2724 450 2770 auctor
464 2664 668 2769 nimbum.
704 2717 746 2768 Ab
757 2717 889 2770 Sardinia
900 2718 975 2769 CXX
987 2719 1025 2769 Μ.
1060 2717 1155 2769 AhSi·

351 2787 418 2840 cilin
437 2786 477 2838 Μ.
489 2786 609 2838 00000.
636 2789 660 2840 A
679 2787 794 2838 Corsica
810 2788 901 2838 minue
921 2786 1035 2838 LXXX.
1062 2787 1103 2838 Ab
1120 2789 1157 2837 is-

270 2872 273 2878 ·
349 2872 382 2911 ea
397 2856 609 2924 quinquaginta.
646 2856 756 2909 incedit
777 2872 827 2922 per
846 2858 937 2908 maria
952 2856 1021 2908 caeli
1043 2857 1157 2924 regione

349 2925 385 2976 ad
403 2926 550 2979 meridiem
566 2924 692 2991 quidem:
713 2926 762 2977 sed
778 2928 802 2976 si
818 2929 880 2993 quie
894 2927 922 2977 id
934 2926 1061 2992 diligenti
1071 2924 1157 2975 subti-

349 2994 433 3047 litate
448 2994 554 3060 exigat,
574 2995 775 3046 intersertam
793 2993 890 3045 horum
910 2996 1081 3060 primamque
1093 2994 1156 3043 bru·

240 3084 245 3095 ⁸
283 3064 289 3075 ⁸
349 3063 459 3117 malent.
490 3061 715 3113 Nancambitum
733 3064 804 3124 eius,
825 3064 963 3126 urbesque
982 3061 1156 3111 enunierabi·

349 3147 419 3183 mae.
438 3130 538 3191 Quaio
551 3144 581 3179 re
592 3130 714 3196 preclari
733 3130 919 3182 neceesarium
938 3135 990 3187 est,
1013 3137 1154 3179 auctorem

350 3216 401 3255 nos
415 3200 517 3253 Dirum
534 3200 686 3263 Augustam
705 3204 866 3259 secaturos,
885 3196 1155 3262 descriptionemque

350 3270 385 3321 ab
398 3283 430 3323 to
441 3269 547 3323 factam
562 3267 662 3319 ltaliae
674 3266 761 3318 totius
776 3265 804 3317 io
814 3270 942 3334 regiones
955 3265 1001 3315 Xi.
1021 3266 1069 3316 sed
1081 3265 1157 3315 ordi·

350 3353 437 3400 neec,
457 3338 503 3405 qai
519 3338 632 3388 litorum
646 3337 811 3389 tractailet:
831 3337 939 3388 urbium
960 3334 1069 3401 quidem
1090 3334 1156 3384 rici·

350 3409 456 3463 nitates
466 3409 595 3460 oratione
607 3409 702 3475 atique
715 3420 903 3473 praepropera
911 3405 1013 3456 serrari
1027 3418 1080 3454 non
1093 3418 1154 3471 pos·

350 3494 397 3530 ser
419 3482 513 3545 itaque
533 3479 661 3527 interiori
680 3475 708 3525 in
725 3482 805 3540 parte
816 3474 1001 3541 digestionem
1017 3473 1046 3524 iu
1057 3473 1155 3524 literas

351 3545 476 3599 eiusdem
486 3560 537 3595 noe
549 3550 703 3603 secuturos,
724 3541 897 3595 coloniarum
912 3545 1053 3594 nieutione
1063 3543 1156 3608 sigon·

350 3622 389 3675 ta,
409 3629 478 3680 quas
497 3612 548 3663 iile
558 3612 587 3663 io
598 3626 632 3662 eo
644 3610 768 3676 prodidit
779 3626 902 3664 numero.
921 3610 980 3663 Nec
990 3613 1061 3663 sitas
1071 3612 1155 3680 origi·

309 3679 314 3687 “
349 3697 453 3748 aesque
474 3680 603 3747 persequi
624 3678 710 3733 focile
726 3686 778 3745 est,
798 3682 827 3733 ln
848 3684 928 3734 suuis
939 3680 1092 3748 Liguribus
1112 3688 1156 3744 (ut

351 3751 438 3805 ceteri
448 3748 628 3811 omittantur)
638 3762 706 3816 agro
716 3752 812 3805 tricies
823 3698 901 3803 tinto.

385 3819 446 3872 Vll.
462 3818 597 3884 igitarah
609 3832 690 3868 amiso
704 3818 777 3871 Varo
789 3821 895 3873 Nicaea
910 3823 1043 3887 oppidum
1054 3837 1071 3871 a
1081 3821 1155 3871 lilae-

350 3887 509 3939 siliensibue
522 3886 675 3936 conditum:
694 3887 794 3940 ilarius
806 3890 913 3941 Parias:
935 3891 1033 3956 Alpes,
1048 3893 1156 3955 populi·

351 3973 405 4023 qae
416 3955 537 4022 inalpini
549 3955 647 4006 multis
655 3958 822 4018 nominibus,
842 3960 891 4010 sed
901 3961 1023 4011 nranime
1034 3960 1155 4026 Capilla-

351 4028 390 4077 ti:
411 4025 541 4094 oppidum
559 4024 768 4081 vediantiorum
780 4028 904 4080 civitatis
916 4028 1071 4080 Camelion:
1094 4045 1156 4096 por·

352 4104 398 4147 tae
411 4094 540 4148 Herculis
551 4095 689 4157 Monoeci,
701 4097 845 4165 Ligustica
855 4113 913 4150 ora.
938 4097 1073 4164 Ligurum
1085 4100 1155 4165 §le

351 4166 464 4218 berrimi
476 4165 551 4217 altra
561 4164 644 4230 Alpes
656 4164 783 4227 Salluvii,
795 4166 935 4229 Deciates,
945 4168 1064 4235 Osybii:
1076 4169 1155 4228 eitra,

352 4233 469 4297 Veneni,
489 4241 518 4287 et
530 4235 707 4302 catur-igibus
719 4236 774 4287 orti
786 4234 935 4303 Vagienni,
950 4236 1096 4303 Statyelii,
1109 4239 1155 4290 Vi-

353 4306 430 4367 belii,
441 4305 568 4372 Megelli,
581 4305 759 4368 Euburiates,
771 4307 961 4369 Casnronetee,
984 4305 1113 4367 Veliates,
1126 4314 1154 4357 et

353 4389 469 4441 quorum
479 4375 582 4441 oppida
592 4377 620 4425 in
632 4390 681 4428 ora
691 4377 819 4442 proxima
828 4376 961 4429 diceneus.
980 4375 1096 4425 Fianieo
1106 4378 1155 4426 ltc-

353 4442 1154 4511 tubo,oppidumAlbiumlntemeliam:ssonrenMer·ala,op·

354 4511 448 4579 pidum
464 4512 576 4569 Albium
589 4515 752 4581 ingenuam:
768 4524 865 4583 portus
877 4515 986 4567 Vadam
999 4514 1154 4566 Sabatioms

354 4579 619 4641 fluirieal'orciicra,
640 4584 770 4647 oppidum
783 4586 892 4637 (ὶιιιιιιιι
914 4586 1015 4637 ilarius
1027 4584 1154 4643 Feritor,

355 4655 453 4716 portus
464 4648 610 4715 Delphini:
624 4651 834 4717 Tiguliaintus:
845 4654 1153 4721 SegestaTigalioruar:

354 4717 786 4784 ilamenMacrmLigmiaeiinis.
807 4720 1155 4789 Atergoaatemsaprudi-

355 4794 462 4841 ctoram
474 4787 1154 4858 omniumApennioasmonsltalioeanrplissiurus,

355 4856 1153 4923 perpessiciugisattipibustendossaoatmiuufretun.

354 4924 395 4976 Ab
407 4924 497 4979 altero
509 4926 568 4981 eins
579 4924 666 4977 latere
679 4926 714 4977 ad
722 4925 823 4977 Padum
832 4942 938 4979 carnem
947 4929 1155 4982 ltalineditissi·

355 5009 437 5055 aruns,
448 4995 543 5045 osenia
553 4994 693 5047 nobilibus
704 4995 812 5060 oppidis
826 4996 925 5047 niteat:
937 4998 1068 5062 Libarna,
1083 5000 1153 5051 lier-

354 5072 421 5115 tuua
439 5063 565 5123 colonia,
588 5063 652 5124 lria,
672 5062 836 5126 Berderatc,
851 5064 1000 5131 industria,
1014 5067 1156 5120 Pollentia

355 5130 912 5199 Garrea,quodPotestiacogsomiontar=
924 5136 1155 5204 Foroiulri‚quod

354 5200 545 5254 Valentinum:
566 5205 690 5267 Anguste
702 5203 918 5269 Vegieonnram,
934 5204 1004 5256 Alba
1015 5205 1155 5271 Pompeia,

354 5272 430 5335 Asta,
443 5270 528 5335 Aquis
538 5269 752 5336 Statycllorum.
770 5274 846 5325 tinec
858 5273 935 5339 regio
947 5288 980 5324 er
992 5273 1154 5342 descriptio·

354 5355 388 5390 ne
399 5340 515 5405 Augusti
524 5353 598 5389 nona
608 5346 660 5390 cst.
677 5339 761 5401 Patet
772 5355 822 5393 era
833 5340 967 5409 Liguriae
976 5346 1051 5396 inter
1060 5360 1155 5396 earnes

355 5408 459 5461 Veram
471 5415 499 5460 et
511 5409 643 5468 Macram,
660 5406 744 5461 CCXI
757 5410 795 5461 Μ
808 5425 948 5477 passuum.

391 5477 465 5530 VUI.
480 5474 644 5529 Adnectitar
654 5479 799 5544 septimae,
811 5481 841 5532 in
853 5495 908 5546 qua
922 5480 1035 5535 Etruria
1049 5490 1103 5544 est,
1119 5485 1155 5536 ab

355 5560 436 5599 toruo
456 5547 561 5617 hlacpa,
583 5546 645 5614 ipsa
663 5547 778 5599 mutatis
801 5563 885 5618 saepe
903 5550 1069 5605 nominihus.
1093 5553 1158 5605 Usa·

1207 435 1273 487 bros
1285 434 1352 487 rusie
1371 448 1490 506 exegere
1506 414 1663 502 antiquitas
1680 416 1805 499 l’eloegii
1823 432 1875 483 hos
1893 428 1978 499 Lydi,
1998 446 2015 485 a

1208 518 1326 572 qaorum
1348 520 1415 572 rege
1435 503 1590 572 Tyrrheni,
1612 514 1678 554 mox
1693 518 1710 554 a
1726 502 1852 553 eacriiico
1872 503 1943 564 ritu,
1963 502 2015 553 lin.

1208 589 1263 641 gae
1274 575 1443 625 Graecorum
1458 574 1564 625 'l'husci
1579 578 1644 624 eunt
1666 571 1861 639 cognominati.
1891 570 2015 627 Primam

1208 645 1340 696 Etruriae
1355 645 1486 710 oppidum
1501 644 1583 696 Lana
1593 650 1675 709 porta
1689 639 1789 693 nobile.
1809 639 1926 690 Colonia
1936 639 2016 691 Luca
2114 674 2118 680 ·

1208 715 1305 765 amari
1316 714 1458 774 recedens,
1478 713 1647 780 propiorque
1668 710 1840 762 resecantes
1855 722 1949 760 amnes
1960 710 2014 760 Aa·

1207 796 1298 835 serem
1310 791 1339 835 et
1350 784 1463 845 Arnum,
1471 790 1550 833 ortae
1560 796 1577 831 a
1587 780 1690 846 Pelope
1702 779 1835 847 Pisisque,
1845 777 1903 829 slve
1913 794 1932 829 a
1941 779 2014 831 Tea·

1207 854 1292 913 tanis,
1311 852 1420 904 Graeca
1430 858 1522 919 gente.
1541 849 1624 902 Vada
1632 849 1832 903 Volaterrana:
1849 846 1951 898 durius
1962 849 2013 901 Ce-

1209 923 1299 984 cinna,
1320 922 1503 989 Populoniam
1522 921 1705 973 Etruscorum
1726 915 1864 984 quondam
1885 914 1938 967 hoc
1952 924 2014 968 tan·

1208 999 1266 1043 tam
1276 991 1306 1040 in
1322 990 1416 1042 litore.
1433 992 1511 1042 Hine
1521 1004 1615 1041 amnes
1630 988 1726 1049 Prilia,
1745 999 1810 1037 mos
1822 986 1927 1037 Umbro
1938 986 2014 1037 nari·

1208 1061 1316 1126 giomm
1328 1075 1426 1127 capax,
1447 1069 1476 1112 et
1488 1062 1523 1112 ab
1543 1074 1575 1111 co
1588 1065 1692 1110 tractas
1703 1057 1840 1115 Umbriae,
1861 1062 2014 1121 portasque

1207 1131 1357 1181 Telamon:
1378 1132 1465 1181 Cossa
1478 1127 1664 1180 Uolcientium
1681 1126 1811 1192 apopulo
1827 1125 1953 1175 Romano
1964 1125 2013 1176 de·

1209 1198 1305 1249 ductas
1323 1199 1483 1261 Grauiscae,
1505 1199 1629 1248 Castrum
1647 1209 1756 1255 nciam,
1771 1193 1865 1261 Pyrgi,
1884 1193 2014 1246 Caereta-

1209 1283 1261 1321 nae
1280 1268 1378 1327 aarum,
1398 1275 1429 1318 et
1446 1269 1533 1332 ipsum
1545 1269 1633 1317 Caere
1648 1266 1723 1315 intas
1744 1262 1784 1314 Μ.
1804 1276 1935 1328 passuum
1949 1278 2013 1332 qua·

1210 1343 1284 1397 mor,
1305 1335 1408 1403 Agylla
1422 1351 1439 1386 a
1453 1335 1579 1401 Pelasgis
1594 1332 1787 1385 conditoribus
1804 1333 1926 1383 dicaam:
1943 1334 2013 1384 Alsi-

1210 1420 1266 1466 um,
1282 1404 1434 1473 Fregenae.
1463 1406 1572 1455 'l'iberis
1585 1403 1673 1455 amnis
1685 1417 1703 1452 ιι
1712 1403 1810 1453 Macra
1824 1402 2013 1457 CCLXXXlV

1209 1474 1248 1524 Μ.
1260 1486 1334 1538 pass.
1352 1477 1429 1526 lotae
1439 1474 1586 1526 coloniae:
1608 1473 1721 1523 Falisca
1734 1472 1814 1539 Argis
1827 1478 1894 1522 orta
1912 1476 2012 1534 (ateir-

1210 1551 1273 1594 otar
1292 1551 1335 1595 est
1355 1545 1455 1605 Cato,)
1484 1558 1555 1609 quae
1584 1542 1798 1609 cognominatur
1822 1542 2015 1603 Etruseorum,

1209 1613 1304 1663 Lucae
1319 1613 1467 1674 Feroniae,
1481 1612 1646 1672 Rusellnna,
1667 1610 1809 1672 Senensis,
1831 1609 1952 1662 Sabrina.
1971 1609 2014 1665 De

1210 1688 1304 1734 cetero
1315 1682 1421 1734 Aretini
1441 1688 1558 1744 veteres,
1578 1682 1686 1733 Aretini
1697 1680 1838 1741 Fidentes,
1850 1680 1962 1733 Aretlni
1971 1680 2014 1732 la·

1210 1751 1322 1813 lienees,
1341 1752 1538 1812 Amitinensee,
1554 1754 1695 1817 Aquenses
1713 1750 1877 1815 cognomine
1888 1746 2014 1810 'thamni

1211 1820 1334 1882 Blerani,
1355 1822 1553 1881 Cortonenses,
1563 1822 1729 1887 Capenates,
1745 1818 1934 1878 eleusinum,
1950 1819 2015 1868 Cla·

1209 1889 1264 1941 sini
1274 1898 1392 1951 veteres,
1405 1889 1428 1940 F
1430 1889 1547 1940 laentioi
1559 1888 1723 1955 praefluenti
1734 1891 1808 1940 Arno
1819 1886 1948 1954 appositi,
1959 1886 2016 1939 Fe·

1210 1959 1306 2021 sulae,
1327 1959 1522 2020 Ferentinum,
1545 1958 1708 2019 Fescennina,
1725 1959 1890 2017 llnrtaoum,
1910 1957 2016 2009 Herba·

1210 2043 1283 2089 nam,
1301 2028 1401 2095 Nepet,
1419 2028 1525 2080 Novem
1544 2028 1619 2095 pegi,
1639 2025 1820 2078 Praetentura
1831 2024 1949 2076 Claudia
1958 2024 2015 2075 Fo-

1210 2097 1344 2161 roclodii,
1364 2096 1530 2156 Uictoriam,
1552 2097 1680 2157 Perusia,
1699 2095 1868 2156 Suanensee,
1890 2094 2017 2146 Saturni·

1210 2168 1249 2228 ni,
1265 2167 1392 2234 quiante
1411 2167 1538 2218 Aurinini
1553 2166 1732 2228 vocabantur,
1753 2165 1912 2226 Subertani,
1922 2162 2017 2215 State·

1210 2251 1271 2299 nes,
1302 2237 1533 2303 Tarquinienses,
1561 2236 1773 2295 Tuseaoiensea,
1790 2233 2016 2294 Vetulonienses,

1211 2304 1367 2365 Veientani,
1380 2304 1532 2367 Veseotini,
1544 2304 1730 2367 Volaterrani,
1742 2303 1902 2357 Volcentini
1913 2315 2016 2369 cogno·

1210 2374 1283 2426 mine
1293 2374 1411 2435 Etrusci,
1431 2373 1632 2426 Volsinienses.
1661 2374 1691 2424 ln
1704 2374 1800 2425 eadem
1811 2371 2016 2440 parteoppido-

1208 2458 1269 2563 {am
1282 2450 1406 2495 veteram
1418 2444 1660 2496 nominaretincnt
1668 2443 1737 2510 agri,
1749 2441 1954 2503 Crustuminae,
1965 2442 2014 2492 ce,

1221 2519 1342 2565 eirenae.

1245 2581 1296 2633 ix.
1317 2582 1428 2635 Tiberis
1438 2588 1522 2636 antea
1532 2585 1637 2651 Tybris
1657 2581 1824 2651 appellatae,
1845 2577 2016 2648 etpriusAl·

1209 2650 1285 2713 bala,
1297 2667 1312 2704 e
1323 2653 1416 2704 media
1427 2652 1487 2706 iere
1496 2654 1673 2720 longitudine
1683 2653 1827 2719 Apennini,
1838 2652 1938 2702 linibus
1948 2650 2016 2701 Are-

1210 2722 1331 2772 tinorum
1343 2722 1471 2788 produit:
1490 2725 1581 2775 tenuis
1593 2724 1691 2789 primo,
1702 2738 1752 2775 occ
1762 2722 1817 2775 nisi
1827 2719 1942 2788 piscinis
1954 2731 2016 2771 eor·

1211 2791 1320 2842 ris'atus
1332 2794 1514 2859 emissaeque,
1529 2792 1701 2859 navigabilis,
1712 2792 1798 2843 sicuti
1808 2791 1894 2842 Tinia
1905 2795 1934 2841 ct
1945 2786 2012 2839 Gla·

1210 2859 1447 2912 nisinilaentesin
1467 2877 1538 2921 euni,
1560 2876 1729 2913 cutenorum
1748 2861 1789 2911 ita
1808 2866 1945 2924 concepta
1957 2856 2018 2908 ‹tie-

1210 2944 1281 2989 rum,
1303 2931 1325 2977 ei
1338 2944 1393 2977 non
1406 2927 1538 2979 adiuvent
1558 2930 1669 2980 irahres.
1697 2927 1754 2979 Sed
1774 2924 1887 2979 Tiberis
1899 2931 2016 2992 propter

1210 3012 1309 3062 aspera
1325 3002 1354 3045 et
1369 2994 1543 3061 confragosa,
1565 3011 1599 3044 ιιι
1620 2995 1796 3060 sicquidem,
1817 3003 2015 3058 praeterquam

1209 3064 1333 3114 trabibus
1343 3062 1437 3111 verius
1449 3077 1529 3127 quam
1540 3061 1657 3121 ratibus,
1669 3060 1753 3129 longe
1765 3060 1903 3112 meatibus
1914 3059 2016 3123 fertur,

1209 3147 1259 3197 per
1271 3136 1381 3181 ceratam
1398 3130 1598 3197 quinquaginta
1610 3130 1697 3180 millia
1710 3145 1837 3196 passuum
1851 3144 1905 3193 unp
1916 3129 2016 3196 procul

1209 3199 1335 3261 Tiferno,
1356 3196 1536 3264 Perusinque,
1547 3205 1576 3251 et
1586 3198 1726 3261 Ocricalo,
1746 3199 1888 3249 Etruriam
1905 3200 1939 3249 ab
1951 3199 2016 3251 Um·

1208 3269 1267 3319 bris
1279 3281 1311 3317 ae
1323 3266 1447 3317 Sabinis:
1469 3282 1534 3318 nior
1550 3268 1620 3320 citra
1633 3267 1768 3320 tredecim
1781 3268 1871 3319 millia
1880 3283 2014 3335 passuum

1208 3336 1300 3396 Urbis,
1317 3335 1463 3388 Veientem
1476 3350 1572 3404 agrum
1584 3353 1601 3388 a
1612 3338 1799 3400 Crustumino,
1822 3336 1885 3390 dein
1896 3336 2014 3389 Fidena-

1209 3414 1265 3458 tem
1285 3405 1474 3474 Latinumque
1497 3423 1514 3458 ι
1533 3404 1671 3459 Vaticano
1697 3406 1844 3458 dirimens:
1869 3404 1920 3459 sed
1940 3406 2016 3457 inira

1208 3478 1351 3529 Aretioum
1373 3474 1484 3527 Glanim
1505 3476 1613 3529 duobus
1626 3482 1654 3529 et
1669 3476 1855 3545 quadraginta
1866 3475 1957 3528 ilariis
1969 3489 2017 3527 au-

1209 3551 1278 3607 ctas,
1298 3544 1456 3612 praecipuis
1474 3553 1566 3597 autem
1584 3546 1658 3598 Nare
1674 3554 1702 3599 et
1718 3547 1834 3609 Αιιίιιιι,
1855 3546 1902 3612 qui
1915 3545 2014 3610 etipse

1209 3614 1376 3683 navigabilis
1388 3614 1499 3664 Latium
1520 3616 1639 3667 includit
1651 3631 1668 3666 a
1680 3622 1760 3683 tergo
1771 3633 1779 3679 ;
1798 3632 1849 3667 nec
1870 3615 1960 3666 nrinus
1970 3620 2012 3664 ta·

1209 3700 1270 3736 men
1282 3685 1361 3750 nqaie
1372 3696 1404 3734 ac
1417 3684 1623 3736 totiontibasiu
1635 3686 1734 3737 Urbem
1747 3685 1902 3751 perductis:
1915 3682 2015 3737 etided

1208 3754 1362 3823 quamlibet
1379 3767 1541 3823 niagrrarum
1562 3756 1668 3806 riarium
1686 3771 1718 3807 cx
1732 3755 1802 3807 italo
1825 3754 1895 3807 atari
1917 3766 2014 3818 capax,

1208 3838 1300 3877 rerum
1315 3823 1344 3874 in
1360 3829 1422 3873 tuto
1436 3827 1502 3877 orbe
1515 3827 1688 3876 nascentium
1704 3832 1845 3876 orerentur
1860 3819 2014 3890 placidissi-

1208 3911 1278 3956 mus,
1290 3892 1413 3960 pluribus
1421 3909 1505 3962 prope
1515 3895 1600 3957 solus,
1609 3909 1689 3963 qnam
1698 3894 2014 3946 ceteriinomnibueter·

1208 3965 1248 4016 ris
1260 3978 1364 4023 amnes,
1372 3964 1516 4025 accolitur,
1524 3966 1713 4031 aspiciturque
1724 3962 1808 4015 villis.
1827 3956 2014 4029 Nuiliqoellu-

1208 4034 1316 4086 viorum
1328 4034 1417 4084 minae
1430 4035 1507 4097 licet,
1518 4033 1634 4086 inclusis
1645 4033 1774 4100 utrinque
1788 4028 1939 4085 lateribus:
1961 4044 2013 4081 nec

1207 4111 1301 4155 tamen
1318 4104 1377 4169 ipse
1397 4110 1510 4169 pugnat,
1532 4118 1687 4170 quanquam
1709 4102 1807 4155 creber
1817 4116 1851 4153 ac
1862 4100 1963 4152 subitis
1973 4098 2013 4150 in·

1208 4172 1366 4230 crementis,
1378 4179 1406 4221 et
1417 4187 1551 4238 nusquam
1565 4174 1654 4240 inagis
1665 4172 1745 4240 aquis
1757 4186 1837 4241 qoam
1850 4171 1877 4219 in
1888 4168 1951 4236 ipsa
1961 4166 2013 4218 Ur·

1208 4242 1243 4294 he
1253 4239 1455 4308 stagnantibus,
1472 4241 1635 4305 Quinimmo
1645 4250 1725 4293 untes
1735 4240 1901 4309 intelligitur
1916 4237 2013 4305 potius

1208 4326 1241 4363 ac
1256 4314 1388 4377 monitor,
1410 4318 1617 4378 auctaeemper
1633 4311 1785 4380 religiosus
1804 4311 1908 4371 verius,
1929 4320 2011 4377 quam

1207 4396 1317 4433 saevas.

1244 4450 1354 4502 lantiam
1369 4452 1510 4517 antiquum
1531 4451 1653 4503 aTihcri
1667 4450 1789 4501 Circeios
1806 4452 1947 4501 serratum
1959 4452 2011 4508 eet,

1208 4521 1285 4571 mille
1306 4534 1436 4587 passuum
1460 4523 1659 4587 qninquaginta
1680 4518 1865 4585 longitndine.
1890 4516 1959 4565 Tana
1972 4520 2012 4566 te·

1209 4606 1275 4641 nues
1286 4582 1441 4655 primur-did
1453 4590 1562 4655 imperii
1574 4590 1652 4639 inere
1662 4588 1780 4638 radices.
1803 4583 1918 4636 Colonia
1928 4598 1975 4635 sne
1996 4596 2012 4635 e

1208 4662 1331 4725 enotatis,
1342 4654 1771 4721 tenuereaiiialiistemporibns,
1781 4653 1955 4720 Aborigines,
1986 4662 2013 4704 e·

1208 4728 1288 4794 lengi,
1300 4727 1429 4785 Arcades,
1438 4724 1671 4786 Siculi,Anruuci,
1682 4723 1786 4775 Rutuli.
1797 4724 1833 4776 Et
1841 4724 1916 4774 altra
1922 4720 2012 4775 Circe·

1209 4800 1250 4848 ins
1263 4796 1363 4856 Volsci,
1375 4795 1449 4857 (leci,
1461 4796 1593 4856 Ausones,
1614 4792 1688 4845 ande
1699 4806 1799 4847 nomen
1811 4794 1887 4845 Latii
1899 4804 2012 4859 perores·

1207 4865 1243 4915 sit
1256 4864 1292 4914 nd
1302 4863 1389 4915 Lirim
1398 4872 1520 4915 'emnem
1546 4865 1576 4915 ln
1589 4862 1724 4930 principio
1736 4872 1777 4915 eet
1789 4864 1879 4923 Ostia,
1901 4859 2013 4913 coloniis

1208 4951 1225 4986 a
1237 4936 1361 4985 Romano
1383 4948 1448 5000 rege
1461 4932 1590 4985 deducta.
1618 4932 1754 5000 Oppidum
1767 4933 1950 4991 Laurentum,
1968 4928 2012 4981 lu·

1208 5018 1256 5054 cae
1266 5004 1339 5053 loris
1351 5001 1493 5070 indigetis,
1510 5003 1598 5053 ansuis
1610 5002 1764 5064 Numicius,
1784 5002 1876 5054 Ardea
1886 5012 1903 5050 a
1915 4998 2012 5051 Danae

1207 5072 1302 5123 Persei
1314 5078 1403 5123 matre
1414 5071 1536 5122 condite.
1564 5071 1637 5124 Dein
1654 5071 1791 5139 quondam
1805 5067 2010 5190 Aphrodisium,

1210 5141 1320 5193 Antium
1342 5141 1461 5201 colonia,
1482 5141 1585 5193 Astura
1600 5140 1700 5193 ilamen
1719 5149 1748 5192 ct
1766 5141 1827 5191 insu
1841 5155 1867 5191 a.
1894 5137 2010 5190 Flavius

1209 5206 1399 5276 Nymphaeus,
1409 5210 1659 5265 Clostralionrana.
1680 5210 1778 5261 Circeii
1790 5208 1926 5277 qnondam
1937 5208 2023 5257 insa-¹

1208 5279 1238 5330 ln
1246 5278 1382 5330 immenso
1402 5276 1512 5344 quidem
1534 5281 1604 5331 meri
1624 5279 1804 5342 circumdata,
1824 5280 1869 5347 (at
1888 5276 2014 5330 creditur

1207 5350 1345 5407 Homero)
1362 5355 1391 5399 et
1407 5360 1479 5400 nirnc
1493 5350 1618 5416 planitie.
1646 5349 1747 5400 blitum
1759 5354 1811 5410 est,
1823 5348 1895 5416 qood
1906 5345 1959 5397 hac
1974 5343 2010 5395 dt

1207 5418 1362 5470 remanere
1372 5416 1514 5471 homiuum
1525 5419 1644 5469 notitiae
1659 5430 1815 5484 possumm.
1844 5413 2008 5481 theophra-

1209 5494 1278 5549 stus,
1299 5483 1462 5553 qulprituas
1481 5486 1657 5540 externorum
1679 5486 1819 5557 aliquade
1830 5483 1961 5538 Romanis
1971 5480 2011 5530 Μι

1209 5557 1343 5625 ligantias
1352 5555 1477 5623 scripsit:
1493 5562 1569 5617 (unm
1580 5556 1786 5625 Theopompus,
1796 5563 1953 5623 antequem
1961 5558 2009 5602 ne·
