4340 6018
553 226 573 263 Ι

358 311 418 395 ild
487 308 522 370 C.
564 307 710 371 PblNll
752 306 956 371 securint
995 305 1160 369 aarum
1203 296 1391 369 Histoe
1435 307 1602 368 llam.
1647 309 1873 375 caeo-14.

392 457 440 511 Vl·
458 455 553 509 Prima
573 456 752 509 fundamenta
772 466 923 507 commosin
942 462 1044 507 vocant
1061 455 1155 522 periti,

359 524 483 579 secunda
493 526 663 593 pissoceron,
684 524 771 575 tertia
782 523 922 590 propolis,
942 524 1015 577 inter
1026 527 1102 575 coria
1112 538 1155 575 ce·

358 609 471 662 rosque:
484 597 575 662 magni
586 592 621 645 ad
634 591 819 642 medicamina
829 608 903 643 usus.
928 592 1080 643 Commosis
1091 606 1152 643 cru·

359 668 405 715 sta
414 670 458 715 est
469 664 566 729 prima,
578 661 686 725 saporis
697 660 795 711 amari.
824 659 987 711 Pissoceros
997 674 1029 712 su
1050 675 1153 713 ercam

358 733 444 794 venit,
455 731 603 797 picantium
615 726 708 792 modo,
719 743 770 780 eeu
781 728 899 779 dilutior
910 742 983 780 cera.
1053 730 1154 781 vitium

357 799 575 868 populorumque
598 796 710 848 mitiore
731 797 834 863 gummi
853 794 986 862 propolis,
1006 798 1153 849 crassioris

304 903 307 909 ·
356 870 413 919 ium
423 868 564 927 materiae,
574 864 678 916 additis
691 865 815 926 lloribos,
838 864 1068 918 nendemtamen
1079 880 1153 931 cera,

356 935 405 987 sed
417 934 543 987 favorum
553 933 780 996 stabilimentum,
801 944 855 998 qua
867 947 963 984 omncs
979 931 1094 1001 frigoris
1105 940 1154 986 aut

355 1003 473 1054 iniuriae
484 1001 575 1054 aditus
587 1002 781 1063 obstruuntur,
790 1000 878 1052 odore
889 1007 918 1053 et
928 1001 988 1069 ipsa
999 1004 1151 1055 etiamnum

355 1072 443 1140 gravi,
454 1077 486 1121 ut
495 1086 550 1139 qua
562 1069 686 1137 plerique
698 1083 749 1136 pro
758 1069 879 1136 galbano
890 1076 1015 1123 utamur.

406 1139 466 1192 vll.
486 1138 604 1191 Praeter
615 1138 683 1189 haee
693 1136 856 1190 convehitur
866 1137 1000 1202 erithace,
1030 1139 1152 1207 nameli-

355 1208 401 1275 qui
417 1207 607 1268 sandaracam,
629 1205 679 1256 alii
699 1203 854 1257 cerinthum
876 1214 991 1259 vocent.¹
1051 1209 1079 1259 ic
1099 1208 1153 1261 crit

355 1277 458 1343 apium,
468 1277 533 1327 dum
545 1280 703 1340 operentur,
721 1274 809 1336 cibas,
820 1274 868 1340 qui
879 1290 963 1341 saepe
975 1277 1114 1328 invenitur
1124 1278 1151 1327 in

353 1343 482 1397 favorum
492 1343 674 1395 inanitatibus
685 1343 841 1408 sepositus,
862 1347 891 1395 et
901 1344 962 1412 ipse
974 1345 1063 1397 amari
1073 1360 1153 1413 sape·

353 1416 402 1465 ris.
431 1413 560 1478 Gignitur
576 1419 668 1462 autem
689 1425 859 1474 roreverno,
880 1418 909 1464 et
918 1415 1048 1466 arborum
1058 1429 1151 1477 succo,

353 1483 503 1551 gummium
514 1480 607 1541 modo,
624 1477 713 1532 Africi
724 1480 824 1544 minor,
847 1482 940 1533 Austri
953 1482 1022 1535 tlatu
1034 1483 1150 1550 nigrior,

352 1550 534 1616 Aquilonibus
556 1548 813 1612 melioretrubens,
834 1550 970 1617 plurimun
985 1555 1014 1604 iu
1035 1553 1150 1605 Graecis

300 1618 329 1661 at
353 1619 477 1669 nucibus.
512 1617 807 1687 Menecrateaimrqm
813 1634 888 1691 *esse
898 1619 977 1685 dicit,
997 1621 1048 1675 sed
1068 1635 1149 1674 nemo

352 1694 546 1753 praetensum.
864 1735 873 1747 ,

388 1753 458 1807 Vlll.
478 1756 563 1807 Ceras
578 1771 612 1808 ex
624 1756 748 1807 omnium
769 1757 901 1810 arborum
911 1763 1091 1823 satorumque
1101 1757 1151 1810 ilo·

217 1850 230 1873 a
281 1814 286 1829 ’
350 1824 428 1876 ribus
449 1827 622 1890 confingunt,
648 1832 766 1892 excepta
791 1829 898 1907 rumice
919 1834 948 1879 et
968 1824 1149 1893 echinopode.

351 1891 509 1945 Herbarum
518 1890 586 1945 haec
596 1907 708 1961 genera.
727 1886 812 1947 Falso
823 1898 963 1962 excipitur
972 1895 1002 1949 ”ei
1013 1902 1149 1962 spartum:

351 1963 452 2030 quippe
472 1976 534 2014 cum
556 1963 736 2027 inliispania
756 1963 845 2017 multa
865 1965 895 2016 in
911 1965 1152 2033 spartariismella

349 2030 464 2084 herbam
475 2046 536 2085 cam
547 2032 667 2099 sapiant.
695 2031 780 2084 Falso
790 2041 819 2086 et
829 2034 906 2087 oleas
917 2035 1010 2101 excipi
1020 2034 1150 2096 arbitror,

352 2102 453 2171 quippe
473 2102 564 2154 olivae
575 2109 710 2168 proventu
724 2103 843 2169 plurima
853 2106 983 2156 examina
1001 2104 1080 2171 gigni
1090 2117 1149 2154 ccr-

351 2179 408 2222 tum
422 2177 473 2223 est.
496 2171 644 2222 Fructibus
655 2174 738 2224 nullis
749 2181 874 2225 nocetur.
901 2172 1022 2225 Mortuis
1034 2188 1067 2224 ne
1076 2172 1151 2224 flori·

351 2240 402 2290 bus
414 2240 596 2306 quidem,non
607 2242 689 2292 modo
700 2245 867 2309 corporibus
878 2242 1011 2294 insidunt.
1029 2243 1150 2308 Operae·

352 2318 398 2358 tur
409 2310 484 2359 intra
493 2311 638 2376 sexaginta
649 2324 761 2376 passus:
782 2319 811 2363 et
828 2313 947 2364 subinde
959 2311 1111 2363 consumtis
1120 2310 1148 2359 in

350 2377 476 2444 promere
489 2378 615 2441 floribus,
634 2379 826 2445 speculatores
847 2381 883 2433 ad
895 2380 999 2447 pabula
1011 2379 1148 2432 ulteriora

351 2446 474 2496 mittunt.
511 2446 602 2499 Noctu
623 2446 811 2513 deprehensae
825 2449 854 2501 in
871 2448 1048 2516 expeditione
1068 2461 1149 2502 excu-

349 2515 419 2565 bant
429 2530 461 2565 su
481 2513 553 2577 inae,
564 2521 596 2567 ut
606 2516 666 2568 alas
677 2530 767 2569 arere
777 2524 935 2585 protegant.

383 2581 433 2632 lx.
479 2584 567 2650 equis
577 2585 693 2635 miretur
703 2600 798 2637 amore.
810 2601 905 2639 earum
918 2590 1025 2652 captos,
1041 2585 1147 2636 Aristo·

349 2648 477 2702 maehum
488 2651 631 2704 Solensem
647 2653 887 2722 duodesexaginta
897 2656 976 2706 annis
988 2653 1059 2705 nihil
1071 2653 1147 2705 aliud

252 2760 258 2765 .
349 2719 451 2788 egisse:
470 2719 621 2773 Philiscum
632 2735 698 2772 vero
709 2721 842 2775 Thasium
853 2726 880 2774 in
893 2722 1013 2776 desertis
1024 2736 1092 2787 apes
1104 2736 1148 2773 co·

347 2791 450 2910 putem
461 2789 573 2858 Agrium
586 2790 823 2858 cognominatum:
845 2794 891 2859 qui
912 2792 993 2846 ambo
1009 2792 1147 2856 scripsere

368 2858 444 2911 chia

339 2956 352 2967 -
382 2927 417 2979 Χ.
436 2928 520 2980 llatio
533 2928 641 2995 operis:
660 2928 783 2981 Interdiu
804 2931 891 2982 statio
909 2929 944 2981 ad
961 2933 1057 2996 portas
1069 2942 1147 2979 moro

349 3005 516 3060 castrorum,
527 3006 609 3048 noctu
621 2998 699 3062 quies
710 2998 736 3047 in
749 3000 924 3059 matutinum,
936 2999 1025 3051 donec
1035 3012 1089 3049 una
1100 3011 1146 3047 ex·

349 3066 417 3116 citet
429 3066 540 3131 gemino
561 3072 608 3114 aut
620 3066 723 3129 triplici
737 3066 847 3125 beritho,
870 3074 901 3115 ut
914 3067 1030 3117 buccina
1042 3066 1145 3129 aliquo.

347 3136 428 3184 Tunc
438 3133 583 3182 universae
603 3131 760 3196 provolant,
781 3137 803 3182 si
817 3133 876 3183 dies
888 3134 962 3183 mitis
972 3134 1084 3183 futurus
1093 3138 1144 3182 est.

347 3199 543 3253 l’raedivinant
554 3203 625 3251 enim
636 3209 733 3250 ventos
745 3200 848 3250 imbres
869 3216 911 3261 ue,
922 3207 950 3251 et
962 3216 991 3251 se
1004 3199 1144 3251 continent

347 3270 437 3325 tectis.
474 3269 570 3336 ltaque
583 3268 717 3334 temperie
729 3270 797 3320 caeli
809 3216 910 3332 (ethos
921 3269 995 3321 inter
1005 3268 1145 3334 praescita

349 3340 469 3403 hahent),
490 3354 549 3390 cum
561 3353 659 3407 agmen
671 3337 705 3390 ad
717 3352 802 3404 opera
812 3338 956 3403 processit,
977 3338 1049 3389 aliae
1060 3335 1144 3389 liores

347 3415 484 3477 aggerunt
494 3408 618 3475 pedibus,
639 3407 711 3459 aliae
721 3422 821 3490 aquam
834 3422 891 3467 ore,
908 3415 1055 3473 guttasque
1066 3406 1145 3457 lanu·

346 3481 410 3544 gine
431 3481 518 3528 totius
539 3476 672 3541 corporis.
708 3477 815 3538 Quibus
827 3483 869 3526 est
880 3491 972 3528 earum
986 3475 1145 3528 adolescen-

346 3547 397 3605 tia,
419 3546 453 3596 ad
472 3551 677 3610 operaexeunt,
698 3553 726 3595 et
736 3545 896 3609 supradicta
913 3543 1079 3597 convehunt:
1101 3561 1144 3596 se·

349 3615 441 3665 niores
461 3613 538 3664 intus
559 3620 718 3677 operamur.
754 3613 834 3674 Quae
855 3612 938 3667 ilures
958 3620 1142 3680 comportant,

347 3681 485 3751 prioribus
496 3681 610 3746 pedibus
622 3679 725 3732 lamina
735 3689 860 3745 onerant,
878 3690 993 3750 propter
1003 3684 1032 3734 id
1043 3689 1145 3735 natura

347 3752 454 3811 scabra,
472 3748 556 3816 pedes
569 3750 676 3814 priores
686 3757 793 3801 rostro:
814 3758 944 3821 totaeque
964 3758 1077 3804 onustae
1097 3766 1143 3802 re·

346 3825 439 3871 meant
450 3819 559 3871 sarcina
569 3818 714 3884 pendulae.
743 3819 892 3886 Excipiunt
903 3837 950 3873 eas
961 3828 1065 3881 ternae,
1077 3835 1142 3886 qua·

347 3896 511 3954 ternaeque,
531 3896 561 3941 et
577 3895 736 3940 exonerant.
772 3887 842 3939 Sunt
854 3892 926 3941 enim
939 3890 1012 3941 intus
1034 3903 1143 3955 quoquc

346 3955 438 4009 officia
448 3956 544 4009 diviso.
563 3957 642 4009 Aliae
652 3964 773 4019 struunt,
783 3958 857 4010 aliae
867 3960 982 4025 poliunt,
993 3959 1066 4010 aliae
1078 3971 1143 4023 sug·

346 4034 455 4093 gerunt,
471 4024 545 4078 uliae
556 4026 647 4077 cibum
659 4035 821 4092 comportent
832 4043 867 4079 ex
878 4042 922 4090 eo,
940 4029 1013 4094 quod
1024 4027 1141 4078 allatum

346 4101 397 4146 est.
433 4092 529 4162 Neque
540 4094 612 4146 enim
623 4098 771 4161 separatim
780 4103 935 4160 vescuntur,
946 4112 980 4147 ue
990 4094 1142 4163 inaequali·

345 4171 389 4215 tas
409 4164 500 4230 operis
519 4171 548 4215 et
564 4163 619 4215 cibi
632 4164 681 4215 liat
692 4171 719 4216 et
729 4167 870 4231 temporis.
906 4164 1023 4217 Struuat
1034 4180 1114 4217 orsae
1125 4179 1143 4215 a

346 4233 585 4284 concameratione
597 4232 678 4293 alvei,
689 4234 932 4301 textumquerelut
942 4250 960 4285 a
969 4250 1075 4286 summa
1085 4234 1142 4286 tela

345 4301 632 4363 deducunt,limitibus
642 4301 713 4353 binis
723 4302 799 4353 circa
807 4303 931 4369 singulos
939 4311 1028 4367 actus,
1038 4310 1069 4353 ut
1078 4302 1141 4357 aliis

344 4370 457 4430 intrent,
470 4370 534 4423 aliis
543 4374 651 4422 exeant.
686 4368 756 4422 Favi
764 4372 906 4435 superiore
918 4379 997 4438 parte
1008 4372 1092 4436 allisi,
1113 4378 1142 4423 et

345 4437 458 4504 paulum
475 4439 559 4490 etiam
580 4439 717 4491 lateribus
735 4439 816 4490 simul
835 4438 958 4504 haerent,
977 4449 1006 4494 et
1020 4441 1140 4507 pendent

346 4520 410 4557 una.
429 4506 542 4557 Alveum
554 4522 607 4557 non
620 4507 792 4576 contingunt,
802 4523 874 4559 nunc
884 4510 1002 4577 obliqui,
1014 4526 1086 4562 nunc
1097 4524 1140 4561 ro·

346 4573 433 4634 tundi,
441 4574 560 4640 qualiter
569 4576 695 4642 poposcit
705 4577 814 4627 alveus:
826 4577 974 4643 aliquando
985 4585 1014 4631 et
1023 4580 1138 4631 duorum

345 4657 491 4711 generum:
503 4658 564 4694 cum
576 4642 631 4693 duo
639 4647 767 4696 examina
773 4646 956 4699 concordibus
966 4648 1076 4715 populis
1087 4647 1140 4698 dis·

344 4711 448 4764 similes
459 4709 580 4763 habuere
593 4712 671 4765 ritus.
708 4715 1050 4777 ltuentesceraslulciunt,
1091 4715 1139 4766 ila-

343 4795 404 4831 rum
416 4779 591 4847 intergerinis
603 4780 643 4832 sic
653 4796 672 4833 a
681 4782 742 4834 solo
754 4780 907 4844 fornicatis,
918 4800 950 4836 ne
960 4784 1035 4835 desit
1045 4731 1138 4835 ahias

343 4847 378 4899 ad
389 4849 570 4901 sanciendum.
586 4848 672 4902 Primi
683 4849 742 4902 iere
754 4860 811 4904 tres
822 4868 916 4905 tersus
926 4853 1019 4905 inanes
1029 4859 1138 4903 struun-

342 4928 398 4979 tur,
409 4933 443 4969 ne
454 4928 591 4985 promtum
602 4920 639 4971 nit
650 4920 722 4987 quod
733 4920 834 4976 inritet
845 4922 991 4981 iurantem.
1016 4921 1139 4973 liovissl·

343 4986 381 5036 mi
393 4988 513 5039 maxime
523 4987 672 5054 implentur
682 4989 776 5041 niella:
787 4992 904 5055 ideoque
914 5004 1013 5040 aversa
1024 4990 1086 5041 alno
1098 4989 1137 5041 ia·

342 5054 371 5104 vi
381 5055 549 5105 eximuntur.
586 5058 706 5111 Gerulae
716 5059 851 5109 secundos
861 5059 943 5111 llatus
955 5064 1076 5122 captant.
1107 5060 1138 5112 Si

343 5124 488 5175 cooriatur
517 5125 630 5187 rocella,
648 5124 811 5196 apprehensi
823 5124 994 5190 pondusculo
1008 5124 1097 5192 lapilli
1108 5143 1137 5179 se

341 5190 455 5243 librant.
491 5139 609 5255 guidam
629 5194 657 5245 in
680 5195 809 5245 humeros
820 5209 881 5245 eum
900 5194 935 5242 ios
957 5195 1136 5247 oniti-adum.

341 5260 425 5335 luxtp
444 5276 510 5314 vero
530 5269 634 5316 terram
656 5261 751 5312 rolant
762 5264 789 5313 io
800 5262 916 5314 adverso
929 5207 996 5313 theto
1008 5264 1137 5330 vepribus

342 5329 464 5381 evitatis.
492 5331 568 5382 Mira
579 5330 736 5381 observatio
746 5331 847 5395 operis.
877 5332 1049 5385 cessantium
1061 5334 1136 5385 iner-

340 5399 408 5448 tiam
421 5404 530 5462 notant,
547 5397 684 5462 castigant
696 5411 770 5459 mox,
783 5405 811 5450 et
820 5398 936 5465 puniunt
945 5409 1044 5456 morte.
1062 5401 1137 5455 Mira

340 5466 487 5519 munditia.
505 5464 683 5518 amoliuntur
694 5467 812 5519 omnies
823 5470 924 5533 medio,
935 5469 1083 5538 nullaeque
1094 5471 1134 5523 in·

338 5540 382 5587 tar
403 5550 491 5603 opera
508 5533 659 5602 spurcitiae
682 5534 782 5588 iacent.
819 5537 892 5603 Quin
907 5545 936 5595 et
956 5547 1134 5595 excrementa

1206 457 1379 521 operantium
1401 457 1490 520 intus,
1511 456 1666 524 nelongius
1685 458 1828 523 recedant,
1850 474 1935 513 uuum
1948 460 2010 516 coo-

1205 530 1285 591 gcsta
1305 526 1334 576 in
1357 525 1458 586 locum,
1480 525 1600 576 turbidis
1612 526 1709 578 diebus
1720 534 1749 580 et
1761 529 1853 596 operis
1873 530 1932 582 otio
1946 548 2009 601 ege·

1204 599 1278 644 runt.
1316 594 1384 645 Cum
1406 593 1623 659 advesperascit,
1645 595 2009 664 inalveostrepuntmious

1205 675 1238 712 ac
1249 661 1348 723 minus,
1359 660 1449 713 donec
1460 677 1517 713 una
1528 663 1710 715 circumvolet
1720 664 1827 729 codem,
1838 682 1895 733 quo
1904 671 2009 722 excita·

1205 731 1255 792 vit,
1265 731 1377 793 bombo,
1388 745 1439 783 ceu
1451 732 1571 797 quietem
1583 745 1682 798 capere
1694 735 1847 800 imperans:
1860 741 1889 787 ct
1899 733 1954 789 hoc
1964 754 2008 793 cs·

1204 806 1326 850 ste-orum
1345 812 1432 852 more.
1465 800 1545 851 Tunc
1563 807 1787 867 repenteomncs
1807 805 2006 861 conticescunt.

1204 867 1310 919 Demos
1321 868 1440 934 primum
1453 868 1544 934 plebei
1556 868 1751 932 exaediiicant,
1772 871 1871 925 deinde
1884 874 2005 941 regibus.

1204 936 1234 988 Si
1247 943 1376 1003 speratur
1386 937 1494 1004 largior
1503 944 1664 1003 proventus,
1680 939 1852 994 adiiciuntur
1862 944 2007 997 contuber-

1204 1005 1251 1056 nia
1262 1012 1290 1056 et
1300 1004 1379 1057 breis.
1414 1006 1621 1060 Heraclianum
1633 1007 1774 1072 minimae,
1789 1008 1841 1064 sed
1850 1010 1906 1078 ipsi
1917 1014 2003 1064 maio·

1203 1088 1249 1125 res
1259 1072 1365 1140 apibus.

1237 1158 1287 1210 xl.
1305 1156 1376 1210 Sunt
1385 1163 1482 1212 autem
1490 1158 1810 1223 fucisincaculeo,velut
1822 1163 2004 1231 imperfectae

1204 1240 1279 1293 apes,
1291 1227 1522 1296 novissimaeque,
1531 1244 1548 1281 a
1558 1228 1679 1282 iessiset
1688 1231 1745 1281 iam
1756 1233 1881 1285 emeritis
1893 1234 2005 1289 inchoa·

1203 1302 1259 1359 tae,
1280 1297 1419 1348 serotinus
1432 1297 1534 1362 foetus,
1551 1304 1580 1351 et
1591 1300 1671 1366 quasi
1681 1301 1798 1351 servitia
1808 1318 1936 1355 verarum
1946 1306 2003 1372 api·

1203 1378 1263 1415 um:
1284 1367 1462 1431 quamobrem
1483 1372 1621 1435 imperant
1640 1368 1685 1431 iis,
1705 1370 1864 1438 primosque
1875 1372 1902 1423 in
1916 1387 2003 1441 opera

1204 1433 1357 1499 expellunt,
1377 1436 1524 1489 tardantes
1534 1438 1594 1489 sine
1606 1436 1753 1490 clementia
1763 1441 1887 1507 puniunt.
1906 1441 2002 1510 Neque

1203 1502 1232 1553 in
1252 1518 1335 1571 opere
1357 1510 1473 1569 tantum,
1493 1506 1541 1559 sed
1552 1508 1581 1557 in
1592 1505 1671 1557 foetu
1682 1522 1791 1574 quoque
1803 1508 2004 1574 adinveniens,

1203 1571 1322 1624 multum
1344 1573 1380 1626 ad
1401 1575 1522 1627 calorem
1544 1575 1703 1628 conferente
1722 1578 1812 1629 turba.
1850 1580 1931 1631 Certe
1948 1596 2001 1648 quo

1203 1642 1293 1692 maior
1308 1656 1404 1693 eorum
1422 1642 1478 1695 suit
1494 1643 1653 1707 multitudo,
1674 1642 1727 1698 hoc
1738 1646 1827 1697 maior
1837 1645 1887 1699 liet
1897 1651 2000 1700 exami-

1203 1725 1266 1761 num
1277 1719 1435 1777 proventus.
1472 1713 1538 1764 cum
1550 1714 1634 1764 mella
1644 1723 1794 1780 coeperunt
1805 1724 2001 1783 maturescere,

1203 1779 1320 1847 abigunt
1341 1794 1404 1832 eos:
1424 1782 1585 1850 multaeque
1604 1783 1730 1851 singulos
1750 1798 1897 1853 aggressae
1917 1787 2001 1839 truci·

1202 1846 1279 1900 dant.
1316 1848 1413 1901 Necid
1424 1865 1520 1918 genus,
1536 1850 1675 1915 nisiverc,
1698 1854 1873 1920 conspicitur.
1909 1854 2001 1908 Fucus

1202 1917 1320 1970 ademtis
1331 1917 1384 1969 alis
1394 1919 1424 1970 in
1434 1920 1542 1972 alveum
1553 1921 1684 1983 reiectus,
1694 1922 1754 1988 ipse
1765 1924 1865 1976 ceteris
1876 1923 1983 1976 adimit.

1236 2002 1296 2056 Xll.
1314 2004 1418 2072 Regias
1428 2005 1642 2070 imperatoribus
1654 2004 1756 2060 futuris
1767 2008 1794 2060 in
1804 2009 1860 2060 ima
1870 2016 1950 2075 parte
1961 2010 2001 2062 al·

1202 2074 1246 2125 vel
1257 2080 1403 2125 exstruunt
1413 2074 1534 2141 amplas,
1552 2076 1724 2143 magnificas,
1745 2084 1900 2144 separatas,
1911 2079 2001 2130 tuber·

1202 2143 1266 2194 culo
1278 2144 1444 2195 eminentes:
1466 2142 1539 2210 quod
1553 2146 1575 2195 si
1591 2146 1771 2211 exprimatur,
1783 2162 1840 2198 non
1850 2150 2000 2216 gignuntur

1201 2211 1321 2264 soboles.
1359 2210 1537 2279 sexangulae
1549 2229 1643 2267 omnes
1654 2213 1752 2276 cellae,
1763 2216 1938 2284 singulorum
1949 2231 1999 2268 eae

1202 2281 1302 2349 pedum
1324 2294 1415 2348 opere.
1453 2280 1529 2333 aihu
1550 2280 1647 2334 horum
1659 2290 1733 2336 stato
1745 2291 1879 2352 tempore,
1899 2285 1948 2337 sed
1958 2300 2000 2337 ra·

1202 2350 1282 2415 piant
1293 2349 1390 2402 diebus
1401 2352 1507 2402 serenis
1519 2355 1618 2403 nnuma
1655 2353 1693 2404 Et
1710 2354 1795 2406 melle
1811 2368 1866 2405 uno
1877 2354 2000 2407 alterove

1201 2417 1237 2470 ad
1248 2425 1383 2471 summum
1396 2419 1441 2472 die
1453 2420 1539 2472 cellas
1551 2423 1667 2487 replent.
1703 2423 1788 2476 Venit
1806 2422 1860 2477 hoc
1876 2440 1911 2477 ex
1925 2439 1999 2487 aere,

1201 2494 1230 2540 ct
1241 2489 1361 2540 maxime
1372 2489 1495 2541 siderum
1508 2497 1621 2554 exortu,
1638 2491 1842 2562 praecipucque
1853 2496 1913 2559 ipso
1924 2493 1998 2546 Sirio

1201 2557 1448 2622 exsplendescente
1460 2559 1504 2610 tit:
1527 2575 1578 2612 nec
1594 2562 1707 2613 omnino
1724 2563 1801 2630 prius
1813 2561 1998 2630 Vergiliarum

1200 2632 1310 2688 exortu,
1330 2627 1492 2681 sublucanis
1512 2630 1694 2695 temporibus.
1731 2631 1826 2699 ltaque
1838 2639 1896 2683 tum
1909 2631 1999 2698 prima

1200 2708 1301 2745 aurora
1314 2694 1383 2746 folia
1393 2698 1523 2748 arborum
1535 2699 1617 2751 melle
1627 2698 1740 2752 roscida
1749 2700 1942 2752 inveniuntur:
1963 2716 1998 2751 ac

1200 2763 1225 2812 si
1237 2763 1284 2830 qui
1296 2764 1435 2814 matutino
1447 2765 1498 2815 sub
1510 2765 1555 2817 die
1567 2767 1656 2830 luere,
1667 2775 1766 2820 unctas
1777 2770 1885 2836 liquore
1896 2776 1997 2830 vestes,

1200 2831 1387 2897 capillumque
1399 2841 1557 2885 concretum
1569 2840 1700 2889 sentiunt.
1736 2837 1802 2890 Sive
1812 2838 1861 2891 ille
1874 2843 1916 2892 est
1926 2837 1997 2890 caeli

1199 2899 1293 2961 sudor,
1314 2899 1372 2951 sive
1385 2900 1519 2965 quaedam
1532 2903 1651 2957 siderum
1664 2905 1761 2966 saliva,
1782 2908 1841 2959 sire
1853 2906 1997 2973 purgantis

1198 2983 1228 3020 sc
1238 2968 1312 3019 aeris
1322 2982 1428 3028 succus,
1440 2969 1600 3037 utinamque
1611 2980 1686 3023 esset
1696 2980 1724 3022 et
1734 2975 1997 3042 purusacliquidus,

1199 3042 1227 3087 et
1238 3049 1305 3086 suae
1318 3040 1447 3094 naturae,
1469 3037 1560 3101 qualis
1573 3039 1672 3090 delluit
1682 3042 1786 3105 primo:
1809 3055 1882 3091 nunc
1901 3059 1967 3096 nero
1980 3061 1997 3097 c

1199 3110 1278 3154 tanta
1289 3102 1390 3153 cadens
1401 3103 1558 3167 altitudine,
1580 3106 1696 3158 ocultum
1720 3123 1753 3158 ue
1765 3107 1829 3160 dum
1840 3110 1925 3173 venit,
1937 3125 1996 3162 sor·

1198 3171 1322 3231 desceos,
1334 3175 1363 3221 et
1375 3169 1457 3222 ebrio
1469 3178 1561 3225 terrae
1574 3173 1661 3227 halitu
1674 3124 1806 3240 iniectum
1823 3185 1996 3245 praetereas

1197 3237 1295 3291 irondc
1318 3253 1350 3289 ac
1368 3240 1478 3304 pabulis
1489 3250 1586 3308 potus,
1606 3252 1634 3297 et
1649 3246 1679 3297 in
1691 3247 1832 3299 uterculos
1844 3262 1895 3300 con
1916 3256 1994 3301 estus

1196 3322 1290 3375 spani:
1302 3309 1439 3371 (oreenim
1451 3326 1514 3363 eum
1525 3317 1664 3379 romaum)
1676 3315 1711 3366 ad
1723 3314 1791 3368 haec
1802 3332 1884 3369 succo
1895 3263 1995 3371 fferam

1197 3386 1351 3447 corruptus,
1375 3387 1403 3430 et
1419 3379 1505 3433 alveis
1526 3390 1690 3448 maceratus,
1712 3385 1850 3452 totiesque
1861 3392 1993 3452 mutatus,

1197 3462 1324 3515 maguam
1344 3454 1437 3500 tamen
1449 3451 1579 3504 caelestis
1591 3459 1707 3507 naturae
1718 3454 1889 3521 voluptatem
1900 3456 1991 3510 affert.

1231 3531 1305 3583 Xlll.
1324 3534 1366 3586 lbi
1377 3536 1498 3601 optimus
1518 3553 1637 3605 semper,
1658 3542 1707 3592 ubi
1724 3545 1892 3607 optimorum
1904 3542 1993 3594 dolio·

1196 3601 1230 3651 lis
1241 3600 1340 3652 llorum
1352 3604 1487 3656 conditur.
1514 3605 1622 3661 Atticae
1632 3610 1752 3676 regionis
1763 3609 1860 3673 boc,et
1871 3610 1994 3672 Siculae,

1197 3669 1344 3734 Hymetto,
1355 3677 1384 3722 et
1396 3673 1496 3737 llybla,
1517 3675 1647 3728 ablocis:
1668 3693 1732 3729 mox
1744 3678 1871 3744 Calydna
1890 3679 1990 3733 insula.
2075 3724 2087 3735 .

1196 3738 1247 3788 Est
1259 3746 1351 3791 autem
1364 3740 1446 3791 initio
1456 3742 1522 3806 mel,
1528 3752 1558 3794 ut
1567 3760 1647 3811 aqua,
1653 3745 1782 3809 dilutum,
1792 3755 1821 3798 et
1829 3750 1927 3814 primis
1937 3749 1991 3802 die·

1196 3806 1356 3869 busicrret,
1377 3814 1407 3859 ut
1425 3819 1524 3872 musta,
1546 3828 1631 3880 seque
1652 3822 1766 3883 purgat:
1789 3817 1921 3871 vicesimo
1945 3818 1991 3872 die

1196 3876 1351 3938 crassescit,
1362 3892 1426 3929 mox
1437 3878 1586 3933 obducitur
1597 3887 1674 3935 tenui
1684 3885 1851 3952 toenibraoa,
1862 3887 1991 3955 quaeser-

1194 3944 1271 3995 voris
1291 3945 1378 4010 ipsius
1393 3961 1490 4012 spuma
1502 3952 1665 4004 concrescit.
1692 3953 1828 4008 Sorbetur
1846 3960 1991 4023 optimum,

1195 4019 1223 4064 et
1232 4013 1344 4067 minime
1355 4015 1454 4068 fronde
1465 4016 1609 4085 infectum,
1632 4038 1787 4090 equercus,
1807 4026 1894 4088 tiliae,
1910 4042 1990 4079 arua·

1195 4082 1286 4133 dinum
1299 4082 1385 4136 loliis.

1228 4167 1303 4219 XlV.
1319 4169 1433 4223 Summa
1455 4174 1566 4240 quidem
1587 4176 1720 4230 bonitatis
1742 4178 1854 4230 natione
1875 4187 1988 4232 constat

1193 4242 1235 4299 (ut
1246 4250 1331 4304 supra
1342 4239 1484 4305 diximus),
1497 4245 1620 4309 pluribus
1632 4248 1731 4299 modis.
1767 4248 1857 4300 Aliubi
1868 4249 1939 4301 enim
1951 4249 1991 4301 fa·

1194 4309 1223 4357 vi
1232 4323 1296 4359 cera
1306 4311 1474 4374 spectabiles
1484 4315 1641 4381 gignuntur,
1652 4324 1683 4367 ut
1693 4319 1721 4369 in
1735 4315 1793 4369 Peli
1816 4320 1868 4380 nis,
1879 4317 1988 4371 Sicilia:

1193 4375 1280 4428 aliubi
1292 4379 1381 4431 mellis
1392 4385 1486 4447 copia,
1497 4393 1527 4433 ut
1538 4385 1565 4433 in
1577 4387 1669 4446 Creta,
1680 4387 1782 4454 Cypro,
1792 4429 1800 4438 .
1828 4389 1899 4439 ricae
1916 4387 1990 4440 aliu·

1193 4446 1221 4497 bi
1233 4448 1435 4515 magnitudine,
1448 4461 1478 4501 ut
1488 4451 1516 4501 in
1526 4456 1809 4518 septemtrionalibos,
1820 4458 1880 4505 viso
1891 4457 1945 4505 iam
1958 4456 1987 4507 in

1194 4515 1345 4569 Germania
1355 4526 1417 4570 octo
1422 4518 1521 4585 pedum
1533 4521 1716 4590 longitudinis
1726 4524 1802 4586 sare,
1813 4526 1841 4574 in
1850 4536 1988 4590 cavapar·

1192 4586 1256 4635 teni
1280 4600 1319 4636 ro.

1227 4600 1430 4721 lagquncunqua
1450 4663 1543 4711 tames
1564 4666 1655 4712 tractu
1672 4658 1930 4711 ternaauntruellls
1941 4674 1988 4728 ge·

1191 4735 1265 4772 nera.
1284 4720 1405 4773 Vennum
1420 4737 1453 4776 ex
1464 4726 1579 4780 {loribus
1589 4733 1749 4779 constructo
1760 4727 1912 4795 favo,quod
1922 4730 1988 4784 ideo

1190 4796 1306 4841 vocatur
1316 4788 1468 4844 uothioum.
1505 4795 1569 4845 lloc
1587 4794 1697 4861 quidam
1710 4797 1812 4865 attingi
1831 4804 1934 4862 vetant,
1954 4806 1988 4851 ut

1190 4857 1270 4922 largo
1291 4858 1424 4911 alimento
1444 4860 1539 4914 valida
1553 4865 1763 4917 exeatsoboles.
1798 4867 1986 4921 Aliiexnullo

1190 4928 1282 4976 miuus
1293 4928 1391 4993 apibus
1402 4928 1571 4997 relinquunt,
1592 4933 1722 5000 quonism
1740 4950 1839 5001 magna
1855 4945 1989 5003 sequatur

1189 4995 1312 5057 ubertas,
1322 5010 1484 5064 magnorum
1496 5000 1616 5052 siderum
1626 5010 1735 5054 exortu.
1772 5004 1922 5057 Praeterea
1932 5006 1986 5058 sol·

1190 5062 1280 5125 stilio,
1292 5079 1353 5116 cum
1365 5065 1491 5133 thymum
1505 5075 1532 5120 et
1542 5084 1595 5121 ura
1605 5070 1705 5122 llorere
1717 5071 1861 5139 incipiunt,
1877 5075 1984 5140 praeci·

1190 5145 1245 5198 pua
1255 5131 1388 5187 cellarum
1401 5140 1528 5190 materia.
1564 5140 1615 5190 Est
1635 5146 1728 5192 autem
1739 5142 1769 5193 in
1782 5143 1934 5195 eximendis
1945 5143 1985 5196 la·

1189 5200 1399 5256 visneccssaria
1418 5204 1595 5271 dispensatio,
1617 5209 1745 5274 quoniam
1765 5210 1984 5279 inopiacibide·

1190 5277 1312 5335 sperant,
1334 5275 1543 5341 moriunturque
1554 5283 1602 5329 aut
1613 5276 1777 5346 diffugiente
1797 5281 1986 5350 eonmscopis

1189 5339 1327 5405 ignaviam
1338 5341 1431 5394 affert:
1452 5357 1485 5394 ac
1496 5346 1551 5396 iam
1562 5345 1654 5407 melle,
1668 5363 1724 5400 noo
1733 5348 1857 5403 erithace
1868 5364 1983 5418 pascue

1188 5412 1243 5459 tur.
1279 5410 1354 5478 Ergo
1374 5411 1564 5476 diligentiores
1584 5430 1618 5469 ex
1634 5415 1686 5469 bac
1704 5418 1982 5472 vindemladoodeei·

1189 5480 1986 5619 ltl.ttltt.ttll2.t¹lltl.t·..latitate

1277 5582 1286 5609 t
1655 5591 1666 5617 Ὦ
