4330 6014
236 349 266 405 C.
311 346 454 404 Pilati
498 341 702 406 securint
746 349 907 410 its't'tile
952 351 1139 413 rilsroit.
1184 351 1271 412 alit.
1303 349 1347 410 ll.
1395 350 1640 414 thane-75.
1726 359 1767 416 49

129 497 242 563 improba
251 500 280 548 et
289 493 397 546 infinita
407 492 490 545 debet
500 507 561 545 esse
576 497 632 545 tarn
648 502 745 546 vastae
756 496 839 548 stolis
851 512 912 563 pes·

127 564 208 618 sessio.
236 563 313 616 Adde
333 562 406 630 quod
427 578 461 615 ex
475 562 575 614 relicto
595 561 656 630 plus
667 563 787 617 abstulit
797 567 911 619 caeluni.

128 635 184 687 h'am
196 648 254 683 cunr
266 633 324 684 sint
338 633 398 683 cius
411 632 531 698 quinque
543 639 647 697 partes,
670 647 737 699 quas
749 641 851 687 vocant
861 635 912 687 Zo-

128 719 175 761 ne«,
193 700 295 753 infesto
318 701 414 767 rigore
434 707 462 752 et
474 706 586 752 aeterne
599 701 662 767 gelu
675 702 811 768 premitur
823 718 912 767 ornae,

127 771 242 841 quidquid
258 776 302 820 est
322 771 475 821 subiectum
491 769 598 820 duabus
619 773 763 835 extreiuis,
784 774 912 840 utrinque

127 842 188 893 circa
204 839 340 891 tertices:
362 835 432 889 hunc
452 841 499 906 qui
509 841 673 905 septemtrio
684 853 803 895 vocatur
809 879 817 906 ,
838 857 912 896 eum-

126 924 168 977 que
178 910 218 976 qui
230 907 362 958 adversus
374 907 427 969 iili,
440 908 579 958 austrinus
591 908 760 974 appellatur.
774 910 912 979 Perpetua

126 978 200 1044 caligo
211 975 368 1042 utrobique,
379 982 407 1027 et
418 977 509 1027 aliene
520 976 682 1033 molliorum
698 980 821 1033 siderum
832 997 912 1047 aspe-

125 1054 174 1108 ctu,
192 1046 336 1112 nraligna,
356 1060 388 1097 nc
400 1047 497 1111 pruina
508 1050 617 1100 tanturn
629 1051 754 1103 albicans
767 1050 824 1104 lux.
852 1051 912 1102 Me·

125 1115 163 1167 dia
172 1130 232 1166 rero
244 1121 391 1175 terrarum,
403 1128 456 1180 qua
466 1114 540 1165 Solis
552 1119 648 1172 orbita
657 1130 710 1183 est,
723 1127 821 1172 exusta
832 1118 910 1170 ilam-

125 1185 167 1241 nis
187 1191 212 1234 et
232 1189 373 1245 cremata,
392 1185 517 1233 cominus
542 1203 646 1254 sapore
667 1195 798 1241 torretur.
831 1189 912 1240 Circa

127 1261 307 1312 duuetnntum.
327 1250 400 1302 inter
425 1263 548 1308 exustam
565 1262 593 1309 et
605 1259 735 1327 rigentes,
758 1264 912 1323 temperan-

127 1338 179 1378 tur:
199 1344 302 1396 eaeque
313 1328 390 1394 ipsae
399 1325 475 1378 inter
486 1342 516 1378 se
527 1341 581 1378 nen
593 1329 720 1392 perviae,
742 1334 855 1393 prepter
870 1327 910 1376 in·

126 1397 238 1447 residium
261 1397 367 1447 sideris.
394 1395 437 1446 ltu
447 1402 538 1448 terrae
550 1401 607 1446 tres
620 1402 714 1461 partes
726 1396 841 1447 abstulit
853 1410 912 1449 cac·

126 1466 186 1515 lum:
207 1466 310 1518 Oceani
322 1463 418 1531 rapina
430 1465 457 1514 in
469 1466 576 1516 incerto
591 1471 643 1518 est.

153 1533 246 1585 Sedet
258 1534 352 1585 relicta
361 1533 441 1585 nobis
451 1549 508 1585 una
516 1534 618 1602 portio,
629 1533 701 1586 haud
713 1533 771 1585 scio
782 1548 817 1585 aa
829 1533 913 1584 etiam

123 1603 150 1655 in
161 1602 262 1654 niaiem
274 1601 371 1653 damno
382 1603 427 1653 sit.
455 1602 531 1654 idem
550 1602 687 1669 siquidem
700 1603 826 1655 Oceanus
838 1600 912 1653 iniu-

123 1686 164 1722 sos
173 1671 200 1722 in
210 1672 312 1723 multos
322 1675 364 1735 (ut
374 1670 508 1736 dicemus)
518 1671 604 1733 sinus,
616 1673 685 1724 adeo
697 1672 789 1723 ricino
801 1686 913 1723 accessu

123 1737 453 1802 internamariaallatiat,
472 1748 504 1792 ut
520 1747 629 1793 centurn
650 1741 805 1808 quindecim
827 1738 911 1791 milli·

122 1809 166 1861 ius
185 1824 312 1876 manum
327 1811 460 1863 Arabicus
482 1810 557 1861 sinus
568 1810 653 1861 distet
663 1811 697 1861 ab
711 1809 846 1878 Aegyptio
857 1823 913 1860 rna·

124 1876 155 1929 ri:
167 1878 663 1946 CaspiusreroCCCLXXVmillibus
672 1880 821 1931 ul’ontiee.
837 1879 913 1929 ldsm

122 1947 265 2000 interfusus
276 1949 362 1999 intrat
372 1963 422 2014 per
434 1954 476 2000 tot
489 1948 584 2010 maria,
605 1949 705 2016 quibus
715 1946 847 2010 Africani,
860 1948 914 1998 Eu·

122 2030 216 2081 repam,
237 2017 385 2083 Asiamque
403 2016 548 2083 dispescit,
567 2026 698 2086 quantum
719 2023 857 2071 terrarum
870 2031 914 2068 oo·

122 2085 210 2149 capati
228 2087 412 2152 computetur
432 2087 516 2138 etiam
537 2102 608 2138 nunc
620 2102 750 2139 mensura
768 2094 810 2138 tot
823 2085 913 2138 llnmi·

121 2168 196 2217 num,
217 2161 360 2207 tantarum
381 2155 531 2221 paludum:
561 2156 699 2208 addantur
719 2163 748 2209 et
768 2156 865 2217 lucus,
886 2160 915 2206 et

120 2230 220 2289 stagna.
239 2225 296 2275 ianr
309 2224 383 2276 elata
393 2226 421 2276 in
433 2225 547 2286 caelum,
569 2233 597 2277 et
613 2225 701 2277 ardua
715 2233 828 2292 aspectu
848 2238 915 2290 que·

120 2305 166 2357 que
185 2294 268 2361 iuga:
300 2294 357 2345 iarn
387 2295 483 2358 silvae,
511 2293 655 2360 vallesque
676 2301 863 2361 praeruptae,
886 2297 916 2344 et

118 2358 297 2425 solitudines,
328 2368 357 2414 et
378 2363 454 2414 mille
477 2364 566 2414 causis
592 2364 703 2416 deserta
724 2363 914 2416 detrahantur.

119 2426 172 2479 liae
188 2438 233 2481 tot
256 2431 401 2498 portiones
420 2440 528 2495 terrae,
547 2431 633 2483 immo
654 2448 740 2494 reru,
769 2440 801 2483 ut
821 2432 914 2498 plures

118 2497 270 2563 tradidero,
291 2501 388 2551 mundi
409 2507 537 2567 punctus,
557 2506 658 2569 (neque
678 2502 749 2553 enim
773 2509 815 2552 cst
835 2498 911 2550 aliud

115 2565 138 2616 ia
164 2568 340 2629 universozi
359 2567 428 2619 haec
450 2576 493 2621 est
515 2571 633 2620 materia
660 2570 769 2636 gloriae
790 2575 912 2629 nostrae,

114 2631 175 2688 hacc
194 2636 299 2689 sedeas
321 2635 367 2686 hic
387 2635 506 2687 honores
526 2639 666 2701 gerimus,
688 2637 734 2687 hic
752 2650 913 2687 exercemus

113 2704 248 2771 imperia,
266 2703 313 2754 hic
334 2718 401 2769 opes
420 2703 564 2771 cupimus,
583 2701 630 2755 hic
648 2704 850 2754 tumultuamur
866 2702 914 2753 hm

113 2786 224 2825 manum
247 2786 344 2837 genus,
364 2768 409 2821 bic
429 2772 616 2822 instauramus
627 2771 703 2822 bella
713 2772 799 2823 etiam
811 2771 914 2833 cirilla,

111 2844 274 2905 mutuisque
294 2837 422 2890 caedibus
442 2839 580 2891 laxiorem
596 2839 714 2891 iacimus
737 2846 849 2892 terram.
878 2841 914 2891 Et

111 2917 138 2960 ut
149 2908 285 2976 publicos
302 2909 424 2975 gentiani
447 2907 556 2959 furores
571 2913 722 2971 transeant,
738 2907 807 2961 baec
822 2910 850 2959 in
861 2925 915 2976 qua

112 2977 299 3030 conterminos
314 2977 451 3041 pellimus,
474 2976 604 3042 furtoque
622 2976 703 3028 ricini
723 2980 855 3044 cespitem
868 2995 914 3031 no·

113 3045 242 3097 strasolo
255 3043 421 3106 adsedimus,
441 3050 472 3095 ut
493 3045 540 3109 qui
559 3045 695 3096 latissimo
715 3061 780 3098 rura
793 3053 914 3098 metatus

114 3114 210 3176 luerit,
235 3113 366 3178 ultraque
383 3113 450 3164 lines
467 3116 593 3179 exegerit
607 3114 734 3173 accolas,
756 3122 841 3181 quota
860 3123 914 3166 ter·

115 3197 202 3234 rarum
214 3188 297 3248 parte
308 3180 446 3249 gaudeat!
468 3181 512 3232 vel
528 3197 589 3233 cum
607 3180 643 3233 ad
659 3197 814 3235 niensuram
826 3187 913 3235 arari·

115 3251 166 3303 tiae
185 3266 255 3303 suae
278 3252 495 3317 propagaverit,
524 3266 606 3318 quam
625 3250 739 3305 tandem
756 3256 912 3321 portionem

116 3319 169 3371 eius
191 3319 342 3371 defunctus
364 3318 506 3372 obtineat!

146 3388 247 3440 Llilli.
274 3389 397 3440 Mediam
417 3404 479 3440 esse
499 3388 593 3440 mundi
613 3387 701 3439 totius
727 3387 801 3441 haud
819 3390 913 3443 dubiis

117 3465 219 3510 constat
231 3458 418 3525 argunientis3
438 3457 489 3507 sed
510 3458 666 3509 clarissime
687 3458 852 3524 aequinoctii
866 3475 913 3526 ps·

117 3526 183 3577 ribus
195 3526 284 3578 haris.
310 3527 380 3578 Nam
392 3526 447 3577 nisi
458 3528 485 3576 in
498 3526 588 3578 medin
600 3532 682 3588 esset,
701 3527 832 3594 aequales
853 3529 913 3581 dics

118 3602 265 3662 noctesque
281 3592 378 3648 haberi
397 3612 452 3646 non
472 3610 552 3661 posse
575 3593 783 3661 deprehendunt
803 3605 833 3649 et
855 3597 914 3647 dio-

118 3670 197 3729 ptrae,
220 3665 480 3732 quaerelmaxime
491 3665 519 3715 id
535 3666 718 3716 confirmant:
740 3680 802 3718 cum
819 3668 914 3732 acqui·

117 3733 224 3785 noctiali
246 3739 373 3800 tempore
394 3747 428 3784 ex
448 3733 544 3785 eadem
567 3733 639 3784 linea
654 3740 731 3784 ortus
743 3750 914 3802 occasusque

118 3810 259 3864 comatur,
279 3809 308 3855 et
322 3803 483 3854 solstitialis
504 3810 618 3853 exortus
638 3817 782 3868 persuum
803 3805 914 3867 lineam,

119 3869 304 3939 brunralisque
323 3887 448 3923 occasus.
485 3871 564 3932 Quae
586 3871 711 3924 accidere
731 3872 808 3927 nullo
830 3872 913 3926 modo

119 3948 236 4005 possent,
256 3941 311 3992 nisi
324 3944 353 3993 in
374 3947 470 3993 centro
484 3941 543 3991 sita
558 3945 638 3992 esset.

150 4008 235 4062 axx.
253 4011 323 4061 'l'res
344 4016 439 4062 autern
461 4010 555 4061 circuli
574 4025 660 4076 supra
676 4008 846 4061 dictiszonis
865 4010 914 4061 im·

118 4076 197 4143 plexi,
216 4080 433 4146 inaequalitates
444 4085 599 4146 temporum
612 4079 798 4147 distinguunt:
818 4079 912 4131 solsti-

118 4145 189 4197 tialis
210 4164 228 4198 a
242 4156 321 4214 parte
342 4148 475 4268 Signiferi
495 4149 682 4200 excelsissima
700 4149 793 4211 nobis,
813 4148 848 4199 ad
869 4164 912 4200 se·

26 4246 27 4269 r
118 4217 339 4280 ptemtrinnalem
360 4233 377 4284 p
391 4232 470 4284 agam
487 4232 598 4269 sersus:
619 4224 770 4284 contraque
781 4217 815 4268 ad
828 4218 912 4270 alium

115 4283 213 4349 pulum
229 4286 373 4337 brumalis:
394 4287 462 4338 item
478 4286 569 4340 medie
579 4287 686 4340 ambitu
695 4286 827 4353 Signiferi
838 4287 914 4340 orbis

116 4350 252 4403 incedens
263 4355 480 4418 aequinoctialis.

151 4418 256 4471 Lxxr.
267 4421 450 4488 Reliquorum,
461 4440 531 4492 quae
540 4423 680 4485 miramur,
697 4439 781 4475 causa
790 4424 913 4489 inipsius
943 4432 944 4435 ’

26 4496 27 4499 ’
118 4496 211 4540 terrae
230 4489 321 4554 figura
342 4500 394 4543 est:
451 4509 494 4545 nm
514 4494 598 4562 globo
620 4493 747 4554 similem,
770 4500 868 4544 etcum
881 4508 915 4545 ea

26 4580 27 4601 i
120 4572 212 4623 aquas,
232 4557 332 4611 iisdem
352 4562 520 4630 inteligitur
541 4563 722 4629 argumentis.
742 4561 787 4613 Sic
801 4562 915 4613 enimiit

26 4640 27 4659 ¹
121 4622 189 4678 baud
208 4626 300 4693 dubie,
320 4634 351 4680 ut
372 4633 452 4684 nobis
463 4630 701 4700 septemtrionalis
712 4630 810 4698 plagae
821 4630 914 4684 sidera

121 4709 254 4762 nunquam
283 4700 431 4764 occidant3
462 4707 561 4753 centra
586 4699 755 4752 meridianae
776 4716 913 4768 nunquam

26 4796 27 4811 .
122 4765 254 4819 edantur:
275 4782 426 4836 rursusque
441 4768 510 4823 haee
522 4771 578 4821 illis
590 4785 645 4821 non
658 4776 811 4831 cernantur,
832 4770 914 4822 attol-

122 4832 189 4885 lente
205 4851 235 4887 se
252 4842 350 4890 contra
368 4838 567 4890 mediastinus
590 4847 725 4891 terrarum
744 4839 837 4906 globo.
866 4838 913 4892 Se·

122 4906 298 4967 ptemtrinncs
318 4922 373 4959 nnn
395 4908 486 4960 cernit
505 4908 719 4976 Troglodytice,
750 4915 778 4961 et
799 4910 914 4961 continis

121 4972 274 5040 Aegyptus:
303 4991 355 5028 nac
378 4979 521 5044 Canopum
540 4978 636 5039 ltalia,
668 4984 696 5030 et
717 4991 796 5045 quem
817 4985 916 5031 secant

121 5037 265 5095 Berenices
285 5045 403 5110 crincm;
435 5047 503 5099 item
526 5062 606 5114 quem
627 5047 677 5098 sub
699 5046 771 5099 Divo
791 5049 915 5116 Auguste

121 5112 347 5177 regneminarere
358 5116 486 5168 Caesaris
509 5116 637 5176 thronon,
657 5117 780 5182 insignes
796 5116 836 5169 ibi
847 5119 915 5170 stel-

120 5174 165 5229 ias.
198 5181 331 5249 Adeoque
351 5185 503 5238 manifesto
523 5200 672 5253 assurgens
693 5185 835 5251 fastigium
855 5202 917 5238 cur·

120 5255 204 5311 retur,
225 5257 255 5302 ut
266 5253 395 5320 Canopus
417 5258 544 5321 quartam
557 5253 617 5306 iere
630 5264 735 5321 purtem
748 5256 822 5321 sigui
834 5256 917 5308 unius

119 5329 199 5383 supra
211 5324 317 5373 terrain
338 5323 460 5375 eminere
481 5323 665 5375 Alexandriae
684 5324 856 5377 intuentibus
877 5326 918 5376 ri·

120 5383 228 5439 deatrrr:
250 5389 348 5442 eadem
360 5391 484 5444 allhodo
501 5400 603 5445 terram
614 5393 817 5460 quodammodo
827 5395 916 5461 ipsam

119 5456 266 5523 relegeres
283 5459 312 5510 in
324 5458 415 5514 Ponto
438 5462 548 5515 omnino
570 5478 625 5514 non
645 5467 781 5525 cernatur,
802 5464 918 5515 abima-

118 5524 187 5577 xlsie
197 5526 328 5580 sublimis
343 5533 517 5598 septemtrio.
543 5532 620 5585 Idem
632 5547 649 5585 a
659 5529 757 5583 Rhodo
774 5532 917 5585 abscondi·

119 5594 179 5655 tur,
200 5598 348 5666 magisque
369 5601 564 5654 Alexandriae.
597 5600 626 5651 ln
647 5602 749 5653 Arabia
769 5602 917 5655 Novembri

149 5662 245 5717 Pars.
267 5668 362 5722 ilisa.
381 5669 512 5722 Nerua.

965 513 1058 550 niense
1070 499 1158 565 primu
1170 500 1265 568 uigilia
1275 500 1410 561 occultus,
1431 498 1554 551 secunda
1574 516 1603 553 se
1625 501 1747 554 ostendit
1760 520 1766 553 ι

965 569 993 619 in
1003 567 1100 618 hierna
1111 568 1234 619 solstitio
1245 570 1355 637 vesperi
1365 569 1505 636 paulisper
1515 576 1641 637 apparet,
1658 571 1767 639 paucis·

967 652 1019 703 quc
1040 642 1105 685 ante
1126 644 1253 688 exortum
1271 639 1384 690 Arcturi
1405 638 1501 691 diebus
1522 640 1627 705 pariter
1647 656 1708 692 cum
1721 640 1767 694 die

966 704 1097 756 cernitur.
1121 704 1319 771 Nai'igantium
1338 708 1406 759 haec
1421 710 1648 761 marimecursus
1669 711 1765 776 depre-

965 772 1099 834 hendunt,
1120 775 1149 822 in
1170 773 1227 824 alia
1245 773 1408 838 adversmln
1420 777 1477 828 elia
1488 792 1574 846 prono
1586 778 1673 830 maris
1693 778 1765 829 subi·

965 851 1051 908 teque
1071 840 1235 907 conspicuis,
1259 850 1342 908 atque
1363 853 1395 894 ut
1416 862 1431 897 e
1451 846 1526 900 freto
1547 847 1765 915 eiiiergentilius,

965 926 1037 980 quae
1057 911 1085 961 in
1109 909 1236 961 anfractu
1259 911 1333 976 pilae
1354 912 1470 976 latuere,
1491 916 1639 968 sideribus.
1668 916 1764 983 Neque

964 980 1037 1033 enim
1057 984 1099 1042 (ut
1111 979 1207 1031 dixere
1217 979 1315 1046 aliqui)
1336 982 1453 1033 mundus
1473 982 1526 1035 hoc
1536 986 1601 1052 polo
1613 985 1766 1043 excelsiore

963 1064 994 1101 se
1014 1049 1137 1100 attollitr
1158 1054 1207 1099 aut
1229 1049 1349 1116 undique
1370 1060 1549 1104 cernerentur
1568 1053 1636 1106 haec
1657 1054 1764 1106 sidere:

964 1133 1059 1171 rerum
1081 1117 1149 1169 haec
1164 1117 1260 1170 eadem
1280 1119 1431 1185 quibusque
1449 1122 1585 1185 proximis
1602 1124 1765 1176 sublimiora

964 1186 1128 1240 creduntur:
1158 1187 1310 1253 eademque
1327 1186 1453 1239 demersa
1473 1188 1646 1256 longinquis:
1679 1200 1764 1260 utque

965 1271 1037 1308 nuuc
1053 1256 1181 1307 sublimis
1196 1256 1225 1306 in
1244 1256 1352 1308 deiectu
1371 1256 1470 1322 positis
1480 1257 1593 1309 ridetur
1603 1257 1647 1311 hic
1657 1268 1765 1323 rerter,

965 1325 1092 1377 siciliam
1105 1332 1196 1377 terrae
1207 1324 1391 1377 devexitatem
1408 1327 1599 1393 transgressis,
1620 1329 1669 1380 llla
1685 1346 1715 1383 se
1726 1337 1766 1382 at·

964 1395 1078 1457 tollunt,
1097 1394 1281 1446 residentibus
1293 1409 1364 1461 quae
1374 1393 1542 1446 hicexcelsa
1552 1394 1675 1450 inerantr
1691 1400 1765 1466 quud

964 1464 1020 1515 nisi
1030 1463 1058 1513 in
1071 1465 1159 1531 ligura
1169 1464 1253 1530 pilae,
1268 1463 1395 1515 accidere
1411 1479 1464 1514 non
1487 1471 1589 1530 posset.

1000 1532 1113 1583 mxii.
1131 1532 1254 1599 ideoque
1271 1532 1398 1585 deiectus
1409 1532 1483 1585 Solis
1497 1549 1529 1585 ac
1540 1533 1636 1586 Lunae
1651 1550 1763 1602 vesper·

965 1600 1040 1653 tinos
1052 1601 1170 1652 orientis
1190 1602 1298 1654 incolae
1314 1616 1367 1653 non
1388 1603 1526 1657 sentiunt:
1546 1619 1598 1655 nec
1613 1605 1765 1655 matutinos

965 1670 1001 1722 ad
1023 1684 1152 1721 occasum
1174 1667 1344 1723 habitantes:
1371 1672 1541 1724 meridianos
1562 1687 1628 1726 vern
1644 1673 1765 1740 saepius.

967 1738 1062 1790 Nobili
1073 1738 1144 1805 apud
1156 1740 1284 1791 Arabiam
1296 1740 1392 1806 Magni
1403 1741 1551 1793 Alexandri
1560 1741 1689 1803 victoria,
1709 1742 1765 1793 Lu·
1842 1780 1848 1787 .

966 1823 1003 1858 na
1012 1806 1146 1859 deiecisse
1158 1809 1248 1859 nectis
1259 1810 1380 1878 secunda
1391 1808 1461 1861 hora
1471 1809 1582 1878 predita
1591 1818 1646 1863 est:
1658 1810 1767 1864 eadem·

966 1893 1018 1944 que
1030 1877 1058 1926 in
1069 1877 1167 1927 Sicilia
1178 1879 1316 1930 exoriens.
1336 1877 1411 1930 Solis
1430 1880 1578 1943 delectum,
1597 1880 1728 1947 Vipsanis
1740 1886 1769 1932 et

966 1946 1085 1999 Fonteio
1096 1947 1175 1996 Coss.
1188 1947 1236 2012 qui
1256 1946 1336 1999 luere
1354 1954 1419 1998 ante
1429 1963 1531 2014 paucos
1550 1964 1648 2011 annos,
1664 1950 1767 2003 factum

967 2014 1057 2086 pridie
1079 2013 1219 2067 Kalendas
1241 2015 1340 2077 Maias,
1361 2018 1513 2084 Campania
1531 2017 1601 2070 hera
1619 2018 1676 2070 diei
1696 2018 1769 2070 inter

965 2085 1111 2151 septimam
1133 2090 1162 2136 et
1179 2089 1306 2136 octavam
1326 2087 1427 2137 sensit:
1454 2087 1576 2139 Corbulo
1596 2087 1651 2138 dux
1671 2089 1698 2137 in
1719 2089 1767 2137 Ar·

967 2153 1059 2206 menia
1078 2153 1151 2207 inter
1161 2154 1257 2205 horam
1270 2155 1326 2206 diei
1337 2154 1471 2206 decimam
1483 2163 1511 2209 et
1521 2156 1695 2208 undecimam
1706 2171 1769 2223 pro·

966 2222 1040 2274 didit
1058 2223 1154 2287 visum,
1176 2225 1294 2275 circuitu
1306 2223 1385 2291 globi
1396 2225 1451 2277 alia
1462 2232 1490 2277 et
1505 2225 1571 2278 aliis
1583 2225 1730 2293 detegente
1741 2232 1768 2276 et

967 2291 1133 2343 occultante.
1157 2292 1279 2374 Quodsi
1299 2293 1383 2359 plana
1393 2299 1467 2347 esset
1478 2302 1563 2357 terre,
1582 2295 1664 2345 sinrul
1676 2294 1768 2346 omnia

966 2365 1769 2500 tacitatacita,stallatistitillata:

967 2498 1057 2550 decim
1068 2496 1198 2550 horarum
1210 2501 1359 2552 intervalla
1371 2509 1562 2566 cernerentur,
1575 2516 1645 2570 quae
1656 2516 1729 2553 nunc
1740 2501 1768 2551 ln

967 2570 1041 2617 omni
1053 2574 1131 2631 parte
1142 2568 1228 2619 simili
1242 2568 1326 2620 medo
1343 2578 1506 2635 congruunt.

1003 2634 1127 2684 Lxxlil.
1147 2635 1214 2686 ideo
1234 2650 1284 2685 nec
1297 2649 1353 2685 nox
1369 2635 1482 2702 diesque
1494 2636 1717 2704 quaeviseadem
1729 2643 1769 2686 to·

968 2707 999 2753 to
1011 2698 1170 2751 orbosimul
1193 2708 1244 2764 est,
1264 2705 1394 2770 oppositu
1414 2705 1493 2770 globi
1503 2712 1622 2764 noctem,
1642 2710 1692 2755 aut
1709 2717 1766 2753 anr-

967 2771 1029 2821 bitu
1048 2768 1120 2821 diem
1142 2768 1284 2820 afferente.
1312 2770 1411 2821 Multis
1432 2772 1485 2823 hee
1501 2773 1642 2839 cognitum
1663 2774 1769 2837 experi-

968 2838 1076 2889 mentis.
1102 2838 1132 2887 ln
1152 2838 1246 2889 Africa
1261 2837 1459 2906 Hispaniaque,
1479 2842 1610 2891 'l'urrium
1628 2840 1769 2891 Hanniba·

968 2906 1019 2971 lis;
1036 2907 1065 2957 in
1086 2907 1153 2958 Asia
1172 2921 1238 2957 rern
1249 2915 1362 2973 propter
1375 2909 1509 2973 piraticos
1520 2914 1652 2971 terreres,
1681 2909 1769 2961 simili

966 2975 1140 3041 specularum
1170 2976 1309 3042 praesidio
1327 2980 1465 3028 excitata:
1488 2979 1518 3028 in
1538 2978 1617 3044 queis
1632 2992 1768 3043 praenun-

966 3046 1082 3095 tiatiros
1096 3045 1175 3110 ignes
1193 3051 1276 3095 sexta
1287 3043 1356 3096 hora
1367 3045 1423 3097 diei
1438 3061 1578 3107 accensos,
1596 3060 1683 3113 saepe
1694 3062 1766 3098 coni·

965 3119 1074 3179 portum
1086 3121 1136 3173 est,
1148 3115 1233 3163 tertia
1242 3115 1334 3165 noctis
1345 3129 1361 3165 a
1372 3121 1452 3179 tergo
1465 3115 1572 3166 ultimis
1581 3115 1665 3166 visos.
1684 3116 1765 3165 Eius.

966 3183 1029 3232 dem
1039 3180 1191 3242 Alexandri
1208 3196 1305 3232 cursor
1319 3182 1492 3243 Philonides,
1512 3198 1547 3235 ex
1564 3183 1685 3251 Sicyone
1702 3185 1766 3235 Elin

965 3250 1044 3301 mille
1057 3256 1086 3301 et
1105 3249 1225 3301 ducenta
1244 3249 1335 3302 stadia
1350 3266 1447 3303 norem
1464 3253 1520 3304 diei
1535 3251 1656 3304 coniecit
1674 3252 1767 3304 horis:

965 3319 1093 3386 indeque,
1111 3320 1234 3385 quamvis
1250 3319 1352 3371 declivi
1369 3323 1469 3371 itinere
1479 3357 1488 3383 ,
1509 3321 1592 3372 tertia
1610 3321 1700 3372 noctis
1717 3321 1767 3372 ho·

966 3403 999 3440 ra
1016 3402 1158 3439 remensus
1170 3394 1213 3439 est
1224 3388 1344 3453 saepius.
1362 3391 1460 3449 Causa,
1472 3389 1545 3454 quod
1555 3390 1630 3440 eunti
1642 3403 1704 3440 eum
1717 3388 1767 3440 So·

966 3458 992 3508 le
1003 3457 1058 3508 iter
1067 3464 1140 3507 erat:
1154 3456 1270 3508 eundem
1281 3472 1407 3508 remeans
1415 3457 1525 3508 ebrium
1536 3458 1676 3510 contrario
1690 3472 1768 3525 prae·

966 3526 1135 3578 terrertebat
1148 3540 1271 3575 occursu.
1291 3526 1352 3585 Qua
1363 3526 1397 3576 dc
1408 3541 1491 3577 nausa
1503 3526 1538 3576 ad
1550 3541 1675 3577 occasum
1690 3527 1768 3578 nari·

966 3603 1074 3662 gentes,
1096 3596 1219 3661 quamvis
1230 3594 1393 3645 brevissimo
1407 3594 1461 3657 die,
1479 3596 1592 3646 rincunt
1607 3596 1699 3662 spatia
1715 3611 1766 3648 ne·

967 3670 1081 3715 cturnae
1094 3663 1290 3727 navigationis,
1305 3669 1337 3714 nt
1348 3662 1439 3715 Solem
1455 3665 1545 3730 ipsum
1558 3668 1731 3718 comitantes.

1001 3732 1127 3785 LXXlV·
1152 3733 1281 3796 vasaque
1300 3730 1457 3799 horoscopa
1475 3748 1529 3785 nen
1546 3734 1650 3801 ubique
1668 3734 1765 3787 eadem

966 3808 1030 3853 sunt
1040 3800 1110 3861 usui,
1122 3799 1150 3850 in
1161 3801 1292 3852 trecentis
1302 3802 1412 3863 studiis,
1428 3809 1486 3865 aut,
1503 3810 1533 3853 ut
1547 3802 1717 3870 longissime,
1736 3803 1766 3853 in

966 3870 1136 3938 quingentis,
1159 3871 1425 3923 mutantibussemet
1441 3872 1545 3923 umbris
1557 3870 1641 3924 Solis.
1668 3874 1765 3938 ltaque

966 3938 1091 3990 umbilici
1103 3942 1193 4003 (quem
1207 3954 1372 4007 gnomonem
1386 3941 1540 4007 appellant)
1551 3943 1658 4002 umbra,
1678 3942 1705 3991 in
1716 3943 1767 3992 Ae·

966 4013 1054 4075 gypto
1075 4007 1228 4060 meridiano
1250 4015 1385 4075 tempore,
1406 4012 1575 4077 aequinoctii
1596 4009 1660 4069 die,
1680 4009 1765 4075 paulo

966 4078 1029 4145 plus
1046 4090 1127 4142 quarn
1143 4076 1285 4128 dimidiam
1298 4080 1443 4145 gnomonis
1455 4093 1611 4132 mensuram
1621 4077 1715 4128 efficit.
1735 4076 1765 4125 ln

966 4145 1134 4198 urbeltoma
1154 4161 1228 4197 nona
1247 4161 1310 4213 pars
1331 4148 1477 4215 gnnmnrds
1496 4150 1576 4200 deest
1585 4147 1707 4196 umbrae.
1733 4145 1765 4195 in

965 4214 1439 4351 ill:latitabatittrtt
1454 4211 1767 4336 latitanti

967 4353 1098 4420 gnomoni
1109 4368 1159 4419 par
1170 4353 1210 4403 ht.

1000 4419 1113 4473 LXXV.
1141 4421 1234 4475 Simili
1254 4419 1339 4472 modo
1360 4419 1473 4472 tradunt
1500 4423 1527 4471 in
1542 4418 1633 4489 Syene
1654 4420 1766 4486 oppido,

966 4490 1041 4557 quod
1056 4497 1100 4542 est
1119 4506 1204 4558 supra
1226 4489 1420 4542 Alexandriam
1437 4491 1558 4557 quinque
1569 4490 1690 4542 millibus
1706 4497 1764 4542 sta·

966 4559 1095 4622 diorum,
1114 4559 1229 4613 solstitii
1250 4561 1296 4613 die
1316 4560 1408 4612 medio
1429 4560 1533 4612 nullam
1550 4561 1675 4612 umbram
1697 4559 1764 4611 iacit

965 4637 1133 4698 puteumque
1155 4633 1214 4681 eius
1230 4631 1412 4695 experimenti
1432 4631 1656 4699 gratiainctum,
1674 4634 1766 4680 toturn

965 4698 1126 4751 illuminari.
1155 4702 1196 4750 lix
1207 4711 1261 4762 quo
1272 4714 1414 4766 apparere,
1424 4710 1481 4753 turn
1493 4700 1587 4753 Solem
1597 4699 1641 4751 illi
1651 4699 1712 4749 leco
1724 4712 1768 4748 su·

967 4785 1018 4838 pra
1026 4769 1160 4820 verticem
1171 4782 1246 4820 esse:
1258 4769 1330 4835 quod
1342 4778 1370 4822 et
1381 4772 1409 4821 in
1418 4772 1494 4822 ludia
1506 4785 1591 4835 supra
1601 4767 1700 4819 durren
1707 4766 1768 4834 Hy·

967 4841 1045 4907 pasin
1062 4838 1122 4889 lieri
1133 4845 1257 4905 tempore
1269 4839 1366 4891 sedern
1377 4841 1548 4892 Onesicritus
1559 4839 1679 4903 scripsit.
1697 4836 1767 4887 Con·

967 4916 1077 4975 statque
1093 4909 1122 4959 iu
1139 4908 1274 4961 Berenice
1292 4910 1360 4961 urbe
1379 4909 1635 4975 'troglodytarum
1654 4910 1682 4956 et
1700 4903 1768 4955 inda

967 4978 1066 5030 stadiis
1082 4984 1202 5044 quatuor
1219 4979 1346 5030 millibus
1362 4976 1510 5029 Dcccxx
1520 4977 1547 5026 in
1567 4974 1662 5027 eadem
1674 4980 1767 5041 gente,

967 5047 1138 5100 Ptolemaide
1150 5048 1263 5115 oppida,
1280 5047 1352 5115 quod
1364 5047 1393 5096 in
1404 5047 1529 5113 margine
1539 5044 1625 5097 Rubri
1635 5042 1721 5094 mama
1733 5040 1769 5092 ad

968 5117 1073 5185 primos
1094 5114 1303 5184 elephantorum
1324 5122 1441 5168 renatus
1465 5115 1606 5166 eonditum
1631 5117 1688 5171 est,
1716 5108 1770 5162 hnc

969 5186 1042 5238 idem
1052 5192 1116 5238 ante
1126 5186 1279 5239 solstitium
1292 5185 1476 5252 quadragenis
1486 5184 1577 5251 quinis
1587 5181 1694 5241 diebus,
1704 5181 1770 5231 toti·

968 5255 1085 5321 demque
1095 5261 1194 5320 postea
1203 5257 1278 5317 lieri3
1298 5262 1326 5305 et
1339 5269 1388 5320 per
1397 5269 1445 5305 eos
1456 5253 1505 5305 XC
1516 5252 1613 5304 diesin
1624 5248 1769 5303 meridient

968 5324 1081 5377 unrbras
1091 5325 1153 5375 iaci.
1173 5326 1279 5376 Rursus
1289 5322 1423 5375 inhieroe
1437 5320 1620 5390 (insulaheec
1630 5321 1767 5384 caputque

987 5393 1061 5455 entis
1081 5392 1264 5460 Aethiopum,
1295 5393 1415 5511 (piisque
1437 5392 1561 5444 millibus
1584 5388 1771 5461 stadiorumu

968 5410 1062 5528 dyene
1080 5463 1109 5512 in
1125 5478 1206 5514 amne
1220 5461 1287 5513 Nilo
1323 5462 1475 5525 abitatnrrl
1500 5463 1544 5514 bis
1563 5472 1636 5510 anne
1659 5451 1770 5501 susm

970 5532 1089 5591 umbras,
1096 5530 1162 5583 Sole
1174 5529 1425 5583 duodevicesimam
1431 5532 1519 5584 Tauri
1529 5526 1768 5594 partemetqw·

970 5600 1164 5654 tamdecimam
1180 5598 1284 5652 Leonis
1295 5600 1447 5653 obtinente.
1466 5603 1495 5651 ln
1506 5594 1599 5648 indiae
1608 5593 1692 5657 gente
1701 5586 1770 5639 Ore·
