4330 6014
625 1163 1343 1270 PRAEFATIO..

252 1821 417 1943 insignis
443 1870 591 1939 comm,
624 1850 688 1944 qui
713 1848 776 1923 vel
800 1870 896 1937 non,
930 1850 994 1923 vel
1026 1851 1158 1946 primis
1190 1860 1336 1921 tantum
1366 1848 1481 1922 labris
1506 1848 1661 1941 attigere
1691 1857 1796 1921 vete·

149 2004 235 2055 rum
259 1995 358 2056 artes
383 1984 599 2079 litemque,
625 2007 729 2057 error
754 1995 829 2073 ιιι,
853 1996 897 2057 ιιι
922 1985 1156 2073 existiment,
1185 1984 1337 2057 nonnisi
1362 1983 1411 2055 ob
1436 1982 1579 2055 formae
1603 1990 1806 2077 praestan*

149 2118 244 2188 tiam
268 2118 373 2190 viros
398 2116 528 2191 doctos
552 2119 702 2191 illorum
730 2119 905 2215 operibus
926 2118 1140 2193 lectitandis
1165 2140 1318 2207 vacare,
1351 2138 1476 2191 rerum
1501 2137 1635 2212 parum
1659 2114 1722 2189 vel
1748 2112 1795 2186 ab
1879 2106 1883 2115 ’

150 2250 228 2323 ἰΙΙίι
252 2252 316 2325 vel
340 2252 388 2324 ab
416 2251 527 2325 nobis
549 2254 736 2326 rationem
760 2254 905 2343 baberi,
931 2276 1043 2351 quum
1070 2252 1316 2327 eontraillud
1340 2254 1464 2349 ipsum
1484 2250 1682 2347 praecipue
1706 2269 1795 2344 pru·

149 2382 305 2457 dentum
331 2388 478 2460 animos
503 2385 552 2459 ad
576 2389 662 2461 illos
687 2389 827 2462 alliciat
851 2387 1105 2484 detincatque,
1138 2387 1238 2482 quod
1261 2388 1439 2461 nimirum
1465 2398 1503 2457 ιι
1527 2385 1650 2457 forma
1681 2384 1725 2457 iu
1746 2382 1795 2457 iis

149 2518 261 2611 longe
285 2523 607 2615 praestantissima
631 2525 826 2618 reperitur,
848 2534 887 2594 et
906 2545 966 2595 res
992 2523 1039 2595 ab
1063 2522 1200 2595 iisdem
1224 2533 1331 2594 tanta
1355 2521 1510 2595 scicntia
1533 2530 1709 2612 tantaque
1735 2538 1795 2589 eo·

11 2732 12 2763 ¹
147 2651 216 2745 pia
240 2664 279 2723 et
303 2654 638 2749 circumspicientia
661 2657 868 2748 peritiaque
892 2654 1099 2741 tradimtur,
1123 2666 1166 2725 ut
1189 2653 1302 2727 hodie
1327 2676 1471 2745 quoque
1494 2652 1552 2725 illi
1575 2653 1618 2723 in
1641 2662 1796 2740 utraque

144 2797 258 2878 parte
288 2785 488 2855 verissimo
515 2785 625 2855 nobis
657 2785 835 2877 exemplo
868 2805 950 2855 csse
979 2784 1151 2855 debcant.
1201 2785 1304 2855 Inter
1334 2803 1399 2853 eos
1424 2792 1567 2869 autem,
1600 2782 1663 2873 qui
1687 2779 1798 2852 rebus

144 2914 322 2991 maxim
347 2911 523 2983 docendis
549 2913 853 3004 cumulandisque
875 2936 1027 3006 operam
1052 2882 1270 3002 adhibuere,
1300 2926 1452 3009 praeter
1475 2912 1715 2987 Aristotelem
1739 2914 1798 2984 in·

148 3057 209 3118 ter
233 3065 364 3116 omnes
390 3044 530 3115 eminet
544 3014 711 3133 ¹Plinius,
747 3045 810 3138 qui
835 3043 979 3117 adhoc
1004 3067 1094 3119 vere
1118 3058 1229 3119 natus
1262 3046 1379 3118 fuisse
1412 3021 1577 3135 untur,
1611 3058 1671 3134 ut,
1707 3045 1797 3118 dum

150 3178 258 3274 quasi
288 3188 469 3272 perpetuo
500 3156 637 3249 cantra¹
669 3191 911 3274 praeceptum
947 3179 1043 3252 illud
1073 3177 1321 3255 Horatianum
1358 3181 1554 3267 niteretur,
1597 3201 1691 3274 quae
1730 3201 1799 3274 per

152 3333 304 3387 omnem
330 3310 459 3384 orbern
485 3322 667 3383 terrarum
692 3311 946 3387 admiranda
970 3314 1231 3407 reperirentur,
1254 3335 1300 3384 ea
1314 3314 1628 3407 contemplaretur
1650 3324 1688 3385 ct
1707 3334 1796 3385 con·
1845 3376 1846 3379 ,

152 3446 333 3540 quireret,
366 3443 542 3538 librisque
575 3445 652 3517 suis
681 3447 887 3541 perscripta
919 3467 963 3516 ae
994 3446 1179 3519 celebrata
1214 3443 1337 3533 daret3
1375 3445 1452 3517 imo
1481 3445 1589 3515 utin
1613 3465 1659 3515 eo
1684 3464 1796 3538 opere

152 3576 408 3675 persequendo
433 3578 552 3652 vitam
579 3596 684 3650 suam
709 3577 984 3675 pessumdatam
1008 3600 1097 3653 nam
1123 3580 1310 3653 extinctis
1330 3588 1398 3667 cst,
1421 3576 1511 3651 dum
1527 3576 1666 3651 Vesevi
1688 3599 1795 3651 mon·

152 3713 202 3785 tis
232 3709 446 3785 incendium
480 3711 697 3785 admiratur.
746 3713 813 3787 Ex
841 3715 945 3787 cuius
978 3714 1115 3807 egregii
1151 3712 1315 3787 hominis
1351 3710 1484 3785 studiis
1520 3711 1591 3784 hoc
1624 3713 1795 3785 utilitatis

11 3888 13 3903 ›
152 3845 262 3919 nobis
285 3847 478 3941 provenit,
512 3856 569 3932 ut,
603 3846 782 3943 quidquid
815 3860 986 3922 veterum
1016 3848 1116 3921 orbis
1147 3847 1254 3919 vel
1241 3866 1283 3918 ιιι
1314 3845 1424 3919 rebus
1449 3857 1603 3919 natiuae
1630 3846 1693 3918 vel
1716 3856 1795 3917 arta

11 3994 13 4073 ξ
152 3979 263 4051 factis
295 3976 557 4051 admirandum
589 3993 656 4057 aut
688 3984 931 4057 memorabile
965 3980 1291 4078 complectebatur,
1330 4002 1406 4052 uno
1442 3921 1652 4074 eodemque
1683 4002 1795 4074 opere

11 4110 13 4129 '
153 4123 329 4205 congesta
351 4113 539 4206 legantur
577 4113 677 4207 quod
701 4138 795 4211 opus
821 4117 1040 4210 omnigenae
1065 4116 1243 4187 scientiae
1268 4114 1430 4207 artisque
1455 4115 1628 4208 antiquae
1653 4112 1796 4185 uberri-

153 4264 239 4318 mus
262 4247 457 4319 thesaurus
481 4259 541 4320 est
562 4245 794 4323 iudicandus.
844 4251 887 4323 ln
912 4274 986 4346 quo
1013 4249 1180 4346 quidem,
1213 4249 1269 4320 uti
1292 4270 1353 4320 res
1377 4249 1499 4341 ipsae,
1531 4247 1587 4314 ita
1617 4242 1731 4316 series
1756 4256 1796 4317 ct

157 4374 268 4464 ordo,
299 4400 370 4472 quo
395 4381 481 4454 illae
505 4394 769 4477 percenseatur
793 4386 981 4479 oculisque
1006 4385 1185 4457 lectorum
1211 4388 1486 4478 proponuntur,
1516 4376 1654 4449 mirum
1679 4399 1796 4474 quan-

153 4521 236 4582 tum
270 4508 320 4580 ad
357 4511 524 4588 lectionis
554 4514 838 4589 delectationem
878 4518 1031 4591 confert.
1081 4518 1179 4591 Nam
1213 4513 1378 4609 primum
1417 4510 1537 4603 agitur
1570 4509 1618 4583 de
1653 4511 1796 4585 mundo

152 4643 341 4733 universo,
359 4644 408 4718 dc
432 4648 627 4736 sideribus,
654 4648 702 4722 de
727 4662 833 4723 motu
857 4650 1059 4738 stellarum,
1077 4647 1124 4720 de
1148 4646 1335 4720 metauris.
1376 4644 1475 4718 Dein
1501 4645 1548 4718 de
1574 4656 1694 4717 terrae
1719 4646 1796 4718 lbr-

152 4798 217 4850 ma
241 4789 281 4850 et
302 4792 450 4867 natura,
477 4781 524 4854 de
547 4784 663 4872 mari,
688 4783 735 4857 dc
761 4784 990 4861 admirandis
1015 4783 1111 4856 cirta
1134 4782 1302 4879 physica.
1348 4779 1527 4853 Postilla
1552 4780 1716 4873 sequitur
1741 4790 1798 4852 to·

153 4909 228 4983 tius
260 4912 363 4985 orbis
396 4916 541 5008 antiqui
573 4920 809 5015 geographia
859 4918 954 4991 Τιιιιι
988 4940 1080 4991 vero
1114 4915 1161 4991 de
1191 4916 1342 4988 homine
1375 4913 1593 5008 exponitur,
1627 4925 1797 5007 respectu
1863 4904 1866 4907 ’

153 5043 281 5119 habito
307 5059 346 5120 et
370 5059 552 5123 externae
577 5052 657 5123 cius
683 5064 721 5124 et
744 5053 911 5131 internae
934 5062 1109 5138 naturae,
1134 5071 1299 5139 morum,
1325 5048 1467 5141 legum,
1493 5047 1639 5135 artium,
1663 5047 1798 5120 inven-

154 5187 287 5251 torum.
338 5179 485 5255 Dehinc
510 5198 713 5280 sequuntur
737 5187 930 5274 animalia,
960 5185 1168 5271 terrestria,
1199 5183 1395 5276 aquatilia,
1424 5181 1609 5271 volucres,
1638 5181 1796 5271 inseeta3

152 5321 191 5381 tt
223 5310 396 5390 adiicitur
424 5319 468 5389 in
499 5319 574 5390 fine
607 5320 693 5392 libri
717 5317 773 5392 XI
797 5321 998 5393 anatomiax
1020 5296 1238 5391 animalium
1269 5315 1540 5409 comparativa,
1574 5315 1627 5387 ibi
1653 5334 1821 5410 quoque

86 5423 97 5433 ⁵
149 5458 334 5540 perpetuo
358 5449 637 5525 admirabilium
660 5452 1057 5547 memorandarumque
1076 5473 1201 5526 rerum
1222 5449 1463 5521 adnotatione
1483 5445 1666 5519 adiuncta.
1698 5445 1796 5515 Hine

151 5577 307 5653 arbores
331 5593 468 5656 tractat
492 5606 691 5683 earumque
715 5588 985 5676 memorabilia,
1009 5608 1052 5658 ae
1072 5587 1237 5682 primum
1254 5583 1480 5680 peregrina&
1498 5590 1537 5651 θῐ
1558 5597 1651 5669 illm
1673 5595 1725 5683 ‚⁰¹
1747 5575 1796 5647 ¹5⁸
