<?xml version="1.0" encoding="UTF-8"?>
<!DOCTYPE html PUBLIC "-//W3C//DTD XHTML 1.0 Transitional//EN"
    "http://www.w3.org/TR/xhtml1/DTD/xhtml1-transitional.dtd">
<html xmlns="http://www.w3.org/1999/xhtml" xml:lang="en" lang="en">
 <head>
  <title>
</title>
<meta http-equiv="Content-Type" content="text/html;charset=utf-8" />
  <meta name='ocr-system' content='tesseract 3.04.00' />
  <meta name='ocr-capabilities' content='ocr_page ocr_carea ocr_par ocr_line ocrx_word'/>
</head>
<body>
  <div class='ocr_page' id='page_1' title='image "./historiaenatura00plingoog/historiaenatura00plingoog_0179.png"; bbox 0 0 4356 6014; ppageno 0'>
   <div class='ocr_carea' id='block_1_1' title="bbox 263 312 1862 421">
    <p class='ocr_par' dir='ltr' id='par_1_1' title="bbox 263 312 1862 421">
     <span class='ocr_line' id='line_1_1' title="bbox 263 312 1862 421; baseline -0.008 -33"><span class='ocrx_word' id='word_1_1' title='bbox 263 326 273 421; x_wconf 33' lang='grc' dir='ltr'>ἰ</span> <span class='ocrx_word' id='word_1_2' title='bbox 352 330 410 389; x_wconf 79' lang='lat' dir='ltr'>tos</span> <span class='ocrx_word' id='word_1_3' title='bbox 499 326 531 385; x_wconf 81' lang='lat' dir='ltr'>C.</span> <span class='ocrx_word' id='word_1_4' title='bbox 568 322 716 386; x_wconf 76' lang='lat' dir='ltr'>tatuit</span> <span class='ocrx_word' id='word_1_5' title='bbox 753 318 958 382; x_wconf 75' lang='lat' dir='ltr'>sacuam</span> <span class='ocrx_word' id='word_1_6' title='bbox 993 312 1161 380; x_wconf 77' lang='lat' dir='ltr'>NATUR.</span> <span class='ocrx_word' id='word_1_7' title='bbox 1197 313 1384 377; x_wconf 78' lang='lat' dir='ltr'>tttSl&#39;oa.</span> <span class='ocrx_word' id='word_1_8' title='bbox 1418 314 1496 375; x_wconf 80' lang='lat' dir='ltr'>atu.</span> <span class='ocrx_word' id='word_1_9' title='bbox 1519 312 1623 374; x_wconf 86' lang='lat' dir='ltr'>xttt.</span> <span class='ocrx_word' id='word_1_10' title='bbox 1655 314 1752 374; x_wconf 85' lang='lat' dir='ltr'>CAP.</span> <span class='ocrx_word' id='word_1_11' title='bbox 1777 317 1862 375; x_wconf 77' lang='lat'>8-8.</span> 
     </span>
    </p>
   </div>
   <div class='ocr_carea' id='block_1_2' title="bbox 350 465 1156 889">
    <p class='ocr_par' dir='ltr' id='par_1_2' title="bbox 350 465 1156 889">
     <span class='ocr_line' id='line_1_2' title="bbox 352 465 1156 529; baseline -0.01 -2"><span class='ocrx_word' id='word_1_12' title='bbox 352 477 395 527; x_wconf 83' lang='lat' dir='ltr'>his</span> <span class='ocrx_word' id='word_1_13' title='bbox 403 491 463 529; x_wconf 87' lang='lat' dir='ltr'>csse</span> <span class='ocrx_word' id='word_1_14' title='bbox 473 475 578 529; x_wconf 82' lang='lat' dir='ltr'>dictas:</span> <span class='ocrx_word' id='word_1_15' title='bbox 590 480 669 526; x_wconf 86' lang='lat' dir='ltr'>tanta</span> <span class='ocrx_word' id='word_1_16' title='bbox 678 468 797 523; x_wconf 89' lang='lat' dir='ltr'>materia</span> <span class='ocrx_word' id='word_1_17' title='bbox 806 465 1041 520; x_wconf 87' lang='lat' dir='ltr'>adulterandiest.</span> <span class='ocrx_word' id='word_1_18' title='bbox 1053 465 1156 519; x_wconf 82' lang='lat' dir='ltr'>onraia</span> 
     </span>
     <span class='ocr_line' id='line_1_3' title="bbox 351 538 1156 604; baseline -0.014 -6"><span class='ocrx_word' id='word_1_19' title='bbox 351 554 446 599; x_wconf 87' lang='lat' dir='ltr'>autern</span> <span class='ocrx_word' id='word_1_20' title='bbox 456 547 582 598; x_wconf 87' lang='lat' dir='ltr'>acutiora</span> <span class='ocrx_word' id='word_1_21' title='bbox 591 545 660 595; x_wconf 87' lang='lat' dir='ltr'>liunt</span> <span class='ocrx_word' id='word_1_22' title='bbox 670 546 755 598; x_wconf 89' lang='lat' dir='ltr'>costo,</span> <span class='ocrx_word' id='word_1_23' title='bbox 767 550 965 604; x_wconf 86' lang='lat' dir='ltr'>amomo,quae</span> <span class='ocrx_word' id='word_1_24' title='bbox 976 538 1098 589; x_wconf 84' lang='lat' dir='ltr'>maxime</span> <span class='ocrx_word' id='word_1_25' title='bbox 1108 551 1156 588; x_wconf 89' lang='lat' dir='ltr'>rra·</span> 
     </span>
     <span class='ocr_line' id='line_1_4' title="bbox 351 605 1156 673; baseline -0.011 -6"><span class='ocrx_word' id='word_1_26' title='bbox 351 631 397 668; x_wconf 88' lang='lat' dir='ltr'>res</span> <span class='ocrx_word' id='word_1_27' title='bbox 409 614 524 669; x_wconf 82' lang='lat' dir='ltr'>leniunt:</span> <span class='ocrx_word' id='word_1_28' title='bbox 547 613 683 665; x_wconf 73' lang='lat' dir='ltr'><strong>crassiora</strong></span> <span class='ocrx_word' id='word_1_29' title='bbox 693 605 814 672; x_wconf 75' lang='lat' dir='ltr'>myrrha,</span> <span class='ocrx_word' id='word_1_30' title='bbox 825 607 1023 673; x_wconf 70' lang='lat' dir='ltr'><strong>suaviumque:</strong></span> <span class='ocrx_word' id='word_1_31' title='bbox 1042 606 1156 659; x_wconf 87' lang='lat' dir='ltr'>medici·</span> 
     </span>
     <span class='ocr_line' id='line_1_5' title="bbox 350 675 1154 743; baseline -0.012 -7"><span class='ocrx_word' id='word_1_32' title='bbox 350 700 405 738; x_wconf 85' lang='lat' dir='ltr'>nae</span> <span class='ocrx_word' id='word_1_33' title='bbox 420 692 512 743; x_wconf 84' lang='lat' dir='ltr'>autern</span> <span class='ocrx_word' id='word_1_34' title='bbox 531 681 645 731; x_wconf 67' lang='lat' dir='ltr'>rrtdiora</span> <span class='ocrx_word' id='word_1_35' title='bbox 661 690 757 727; x_wconf 91' lang='lat' dir='ltr'>croco:</span> <span class='ocrx_word' id='word_1_36' title='bbox 779 675 918 727; x_wconf 87' lang='lat' dir='ltr'>acerrima</span> <span class='ocrx_word' id='word_1_37' title='bbox 933 691 984 742; x_wconf 89' lang='lat' dir='ltr'>per</span> <span class='ocrx_word' id='word_1_38' title='bbox 994 691 1024 728; x_wconf 88' lang='grc' dir='ltr'>ιι</span> <span class='ocrx_word' id='word_1_39' title='bbox 1034 690 1154 728; x_wconf 87' lang='lat' dir='ltr'>amomo.</span> 
     </span>
     <span class='ocr_line' id='line_1_6' title="bbox 352 740 1156 817; baseline -0.01 -10"><span class='ocrx_word' id='word_1_40' title='bbox 352 755 416 807; x_wconf 87' lang='lat' dir='ltr'>Hoc</span> <span class='ocrx_word' id='word_1_41' title='bbox 427 761 455 806; x_wconf 92' lang='lat' dir='ltr'>et</span> <span class='ocrx_word' id='word_1_42' title='bbox 466 750 565 817; x_wconf 87' lang='lat' dir='ltr'>capitis</span> <span class='ocrx_word' id='word_1_43' title='bbox 576 742 688 797; x_wconf 86' lang='lat' dir='ltr'>dolores</span> <span class='ocrx_word' id='word_1_44' title='bbox 699 740 778 794; x_wconf 84' lang='lat' dir='ltr'>facit.</span> <span class='ocrx_word' id='word_1_45' title='bbox 790 744 910 805; x_wconf 88' lang='lat' dir='ltr'>Quidam</span> <span class='ocrx_word' id='word_1_46' title='bbox 922 745 992 797; x_wconf 88' lang='lat' dir='ltr'>satis</span> <span class='ocrx_word' id='word_1_47' title='bbox 1000 745 1156 799; x_wconf 87' lang='lat' dir='ltr'>habentud·</span> 
     </span>
     <span class='ocr_line' id='line_1_7' title="bbox 351 814 1155 889; baseline -0.009 -17"><span class='ocrx_word' id='word_1_48' title='bbox 351 836 496 889; x_wconf 80' lang='lat' dir='ltr'>sper-gere,</span> <span class='ocrx_word' id='word_1_49' title='bbox 516 830 585 886; x_wconf 88' lang='lat' dir='ltr'>quae</span> <span class='ocrx_word' id='word_1_50' title='bbox 600 820 664 866; x_wconf 89' lang='lat' dir='ltr'>sunt</span> <span class='ocrx_word' id='word_1_51' title='bbox 675 814 892 882; x_wconf 86' lang='lat' dir='ltr'>pretiosissima,</span> <span class='ocrx_word' id='word_1_52' title='bbox 912 815 1013 868; x_wconf 87' lang='lat' dir='ltr'>ceteris</span> <span class='ocrx_word' id='word_1_53' title='bbox 1024 814 1155 867; x_wconf 80' lang='lat' dir='ltr'><strong>decoctis.</strong></span> 
     </span>
    </p>
   </div>
   <div class='ocr_carea' id='block_1_3' title="bbox 350 882 1173 959">
    <p class='ocr_par' dir='ltr' id='par_1_3' title="bbox 350 882 1173 959">
     <span class='ocr_line' id='line_1_8' title="bbox 350 882 1173 959; baseline -0.007 -16"><span class='ocrx_word' id='word_1_54' title='bbox 350 892 468 959; x_wconf 84' lang='lat' dir='ltr'>Myrrha</span> <span class='ocrx_word' id='word_1_55' title='bbox 478 895 506 937; x_wconf 93' lang='lat' dir='ltr'>et</span> <span class='ocrx_word' id='word_1_56' title='bbox 516 899 566 951; x_wconf 90' lang='lat' dir='ltr'>per</span> <span class='ocrx_word' id='word_1_57' title='bbox 581 898 611 935; x_wconf 89' lang='lat' dir='ltr'>se</span> <span class='ocrx_word' id='word_1_58' title='bbox 622 889 792 950; x_wconf 76' lang='lat' dir='ltr'>unguentum</span> <span class='ocrx_word' id='word_1_59' title='bbox 804 882 873 935; x_wconf 84' lang='lat' dir='ltr'>facit</span> <span class='ocrx_word' id='word_1_60' title='bbox 888 883 948 937; x_wconf 91' lang='lat' dir='ltr'>sine</span> <span class='ocrx_word' id='word_1_61' title='bbox 964 886 1043 947; x_wconf 90' lang='lat' dir='ltr'>oleo,</span> <span class='ocrx_word' id='word_1_62' title='bbox 1065 891 1155 937; x_wconf 84' lang='lat' dir='ltr'>stacte</span> <span class='ocrx_word' id='word_1_63' title='bbox 1170 894 1173 899; x_wconf 88' lang='lat'>&#39;</span> 
     </span>
    </p>
   </div>
   <div class='ocr_carea' id='block_1_4' title="bbox 254 952 1156 1355">
    <p class='ocr_par' dir='ltr' id='par_1_4' title="bbox 254 952 1156 1355">
     <span class='ocr_line' id='line_1_9' title="bbox 351 952 1154 1022; baseline -0.005 -11"><span class='ocrx_word' id='word_1_64' title='bbox 351 960 510 1011; x_wconf 78' lang='lat' dir='ltr'>dumtaxat:</span> <span class='ocrx_word' id='word_1_65' title='bbox 523 952 628 1020; x_wconf 89' lang='lat' dir='ltr'>alioqui</span> <span class='ocrx_word' id='word_1_66' title='bbox 641 955 754 1005; x_wconf 86' lang='lat' dir='ltr'>nimiam</span> <span class='ocrx_word' id='word_1_67' title='bbox 765 953 980 1007; x_wconf 85' lang='lat' dir='ltr'>antaritudinem</span> <span class='ocrx_word' id='word_1_68' title='bbox 991 953 1082 1006; x_wconf 76' lang='lat' dir='ltr'>allent.</span> <span class='ocrx_word' id='word_1_69' title='bbox 1099 956 1154 1022; x_wconf 86' lang='lat' dir='ltr'>Cy·</span> 
     </span>
     <span class='ocr_line' id='line_1_10' title="bbox 349 1022 1155 1144; baseline -0.005 -64"><span class='ocrx_word' id='word_1_70' title='bbox 349 1029 428 1094; x_wconf 86' lang='lat' dir='ltr'>prino</span> <span class='ocrx_word' id='word_1_71' title='bbox 440 1022 527 1076; x_wconf 80' lang='lat' dir='ltr'>viride</span> <span class='ocrx_word' id='word_1_72' title='bbox 538 1023 1155 1144; x_wconf 59' lang='lat' dir='ltr'>lit,susinounpuinosum,Mendesionigrunr,</span> 
     </span>
     <span class='ocr_line' id='line_1_11' title="bbox 349 1091 1156 1160; baseline -0.004 -13"><span class='ocrx_word' id='word_1_73' title='bbox 349 1093 467 1147; x_wconf 82' lang='lat' dir='ltr'><strong>rhodino</strong></span> <span class='ocrx_word' id='word_1_74' title='bbox 479 1091 635 1157; x_wconf 89' lang='lat' dir='ltr'>candidum,</span> <span class='ocrx_word' id='word_1_75' title='bbox 646 1108 722 1159; x_wconf 83' lang='lat' dir='ltr'>myrr</span> <span class='ocrx_word' id='word_1_76' title='bbox 744 1094 915 1160; x_wconf 88' lang='lat' dir='ltr'>apallidum.</span> <span class='ocrx_word' id='word_1_77' title='bbox 940 1095 1156 1146; x_wconf 85' lang='lat' dir='ltr'>Haecsuntaa·</span> 
     </span>
     <span class='ocr_line' id='line_1_12' title="bbox 254 1162 1153 1232; baseline -0.001 -17"><span class='ocrx_word' id='word_1_78' title='bbox 254 1212 259 1221; x_wconf 84' lang='lat'><em>‚</em></span> <span class='ocrx_word' id='word_1_79' title='bbox 350 1166 443 1232; x_wconf 83' lang='lat' dir='ltr'>siquae</span> <span class='ocrx_word' id='word_1_80' title='bbox 454 1162 623 1215; x_wconf 77' lang='lat' dir='ltr'>inuentionis</span> <span class='ocrx_word' id='word_1_81' title='bbox 634 1177 747 1229; x_wconf 86' lang='lat' dir='ltr'>genera,</span> <span class='ocrx_word' id='word_1_82' title='bbox 762 1169 790 1214; x_wconf 92' lang='lat' dir='ltr'>et</span> <span class='ocrx_word' id='word_1_83' title='bbox 803 1170 901 1229; x_wconf 88' lang='lat' dir='ltr'>postea</span> <span class='ocrx_word' id='word_1_84' title='bbox 913 1162 1084 1216; x_wconf 86' lang='lat' dir='ltr'>officinarum</span> <span class='ocrx_word' id='word_1_85' title='bbox 1094 1162 1153 1214; x_wconf 82' lang='lat' dir='ltr'>lur-</span> 
     </span>
     <span class='ocr_line' id='line_1_13' title="bbox 271 1231 1155 1301; baseline 0 -16"><span class='ocrx_word' id='word_1_86' title='bbox 271 1266 273 1270; x_wconf 93' lang='lat'>-</span> <span class='ocrx_word' id='word_1_87' title='bbox 347 1241 385 1285; x_wconf 88' lang='lat' dir='ltr'>ta.</span> <span class='ocrx_word' id='word_1_88' title='bbox 398 1233 421 1285; x_wconf 85' lang='lat' dir='ltr'>N</span> <span class='ocrx_word' id='word_1_89' title='bbox 425 1248 477 1284; x_wconf 93' lang='lat' dir='ltr'>unc</span> <span class='ocrx_word' id='word_1_90' title='bbox 489 1232 598 1284; x_wconf 86' lang='lat' dir='ltr'>dicetur</span> <span class='ocrx_word' id='word_1_91' title='bbox 609 1232 736 1286; x_wconf 87' lang='lat' dir='ltr'>cumulus</span> <span class='ocrx_word' id='word_1_92' title='bbox 747 1232 807 1301; x_wconf 88' lang='lat' dir='ltr'>ipse</span> <span class='ocrx_word' id='word_1_93' title='bbox 817 1231 990 1298; x_wconf 78' lang='lat' dir='ltr'>delicturum,</span> <span class='ocrx_word' id='word_1_94' title='bbox 1005 1239 1034 1288; x_wconf 87' lang='lat' dir='ltr'>et</span> <span class='ocrx_word' id='word_1_95' title='bbox 1045 1247 1155 1285; x_wconf 89' lang='lat' dir='ltr'>summa</span> 
     </span>
     <span class='ocr_line' id='line_1_14' title="bbox 348 1302 563 1355; baseline -0.019 0"><span class='ocrx_word' id='word_1_96' title='bbox 348 1304 502 1355; x_wconf 78' lang='lat' dir='ltr'>auctoritas</span> <span class='ocrx_word' id='word_1_97' title='bbox 514 1302 563 1354; x_wconf 90' lang='lat' dir='ltr'>rei.</span> 
     </span>
    </p>
   </div>
   <div class='ocr_carea' id='block_1_5' title="bbox 344 1386 1155 2148">
    <p class='ocr_par' dir='ltr' id='par_1_5' title="bbox 344 1386 1155 2148">
     <span class='ocr_line' id='line_1_15' title="bbox 381 1386 1155 1456; baseline -0.001 -15"><span class='ocrx_word' id='word_1_98' title='bbox 381 1391 455 1456; x_wconf 83' lang='lat' dir='ltr'>Ergo</span> <span class='ocrx_word' id='word_1_99' title='bbox 469 1389 564 1453; x_wconf 80' lang='lat' dir='ltr'>regale</span> <span class='ocrx_word' id='word_1_100' title='bbox 574 1392 744 1455; x_wconf 79' lang='lat' dir='ltr'>unguentum</span> <span class='ocrx_word' id='word_1_101' title='bbox 757 1386 1077 1456; x_wconf 88' lang='lat' dir='ltr'>appellatum,quoniam</span> <span class='ocrx_word' id='word_1_102' title='bbox 1087 1387 1155 1440; x_wconf 90' lang='lat' dir='ltr'>Pur·</span> 
     </span>
     <span class='ocr_line' id='line_1_16' title="bbox 345 1457 1154 1526; baseline -0.001 -15"><span class='ocrx_word' id='word_1_103' title='bbox 345 1460 456 1512; x_wconf 87' lang='lat' dir='ltr'>thorum</span> <span class='ocrx_word' id='word_1_104' title='bbox 469 1459 583 1526; x_wconf 87' lang='lat' dir='ltr'>regibus</span> <span class='ocrx_word' id='word_1_105' title='bbox 594 1457 636 1509; x_wconf 87' lang='lat' dir='ltr'>ito</span> <span class='ocrx_word' id='word_1_106' title='bbox 645 1464 829 1524; x_wconf 84' lang='lat' dir='ltr'>temperatur:</span> <span class='ocrx_word' id='word_1_107' title='bbox 841 1457 1154 1526; x_wconf 82' lang='lat' dir='ltr'>constatnryrobalano,</span> 
     </span>
     <span class='ocr_line' id='line_1_17' title="bbox 347 1527 1154 1593; baseline -0.005 -11"><span class='ocrx_word' id='word_1_108' title='bbox 347 1538 435 1589; x_wconf 79' lang='lat' dir='ltr'>errato,</span> <span class='ocrx_word' id='word_1_109' title='bbox 456 1541 576 1587; x_wconf 83' lang='grc' dir='ltr'>ιιιιιιι,</span> <span class='ocrx_word' id='word_1_110' title='bbox 593 1527 721 1578; x_wconf 90' lang='lat' dir='ltr'>cinnamo</span> <span class='ocrx_word' id='word_1_111' title='bbox 733 1542 857 1593; x_wconf 66' lang='lat' dir='ltr'>capraea,</span> <span class='ocrx_word' id='word_1_112' title='bbox 874 1529 1061 1590; x_wconf 87' lang='lat' dir='ltr'>cardamomo,</span> <span class='ocrx_word' id='word_1_113' title='bbox 1072 1527 1154 1579; x_wconf 88' lang='lat' dir='ltr'>nardi</span> 
     </span>
     <span class='ocr_line' id='line_1_18' title="bbox 345 1595 1152 1669; baseline -0.002 -19"><span class='ocrx_word' id='word_1_114' title='bbox 345 1601 432 1669; x_wconf 81' lang='lat' dir='ltr'>spice,</span> <span class='ocrx_word' id='word_1_115' title='bbox 445 1612 532 1658; x_wconf 87' lang='lat' dir='ltr'>oraro,</span> <span class='ocrx_word' id='word_1_116' title='bbox 544 1595 665 1664; x_wconf 88' lang='lat' dir='ltr'>myrrha,</span> <span class='ocrx_word' id='word_1_117' title='bbox 685 1596 769 1658; x_wconf 87' lang='lat' dir='ltr'>casia,</span> <span class='ocrx_word' id='word_1_118' title='bbox 781 1604 903 1664; x_wconf 81' lang='lat' dir='ltr'>styrace,</span> <span class='ocrx_word' id='word_1_119' title='bbox 914 1597 1025 1662; x_wconf 89' lang='lat' dir='ltr'>ladano,</span> <span class='ocrx_word' id='word_1_120' title='bbox 1037 1596 1152 1664; x_wconf 89' lang='lat' dir='ltr'>opobal-</span> 
     </span>
     <span class='ocr_line' id='line_1_19' title="bbox 346 1664 1155 1732; baseline -0.001 -12"><span class='ocrx_word' id='word_1_121' title='bbox 346 1683 435 1729; x_wconf 87' lang='lat' dir='ltr'>sanro,</span> <span class='ocrx_word' id='word_1_122' title='bbox 447 1667 564 1726; x_wconf 80' lang='lat' dir='ltr'>salumn,</span> <span class='ocrx_word' id='word_1_123' title='bbox 575 1668 666 1727; x_wconf 90' lang='lat' dir='ltr'>iunco,</span> <span class='ocrx_word' id='word_1_124' title='bbox 679 1664 829 1728; x_wconf 77' lang='lat' dir='ltr'>oenanthe,</span> <span class='ocrx_word' id='word_1_125' title='bbox 841 1665 1028 1732; x_wconf 86' lang='lat' dir='ltr'>malobathro,</span> <span class='ocrx_word' id='word_1_126' title='bbox 1034 1665 1155 1719; x_wconf 88' lang='lat' dir='ltr'>sericha-</span> 
     </span>
     <span class='ocr_line' id='line_1_20' title="bbox 345 1734 1154 1805; baseline -0.001 -16"><span class='ocrx_word' id='word_1_127' title='bbox 345 1748 386 1802; x_wconf 88' lang='lat' dir='ltr'>to,</span> <span class='ocrx_word' id='word_1_128' title='bbox 397 1752 493 1805; x_wconf 87' lang='lat' dir='ltr'>cypro,</span> <span class='ocrx_word' id='word_1_129' title='bbox 504 1734 660 1801; x_wconf 87' lang='lat' dir='ltr'>aspalatho,</span> <span class='ocrx_word' id='word_1_130' title='bbox 673 1749 787 1800; x_wconf 85' lang='lat' dir='ltr'>panace,</span> <span class='ocrx_word' id='word_1_131' title='bbox 800 1750 891 1799; x_wconf 84' lang='lat' dir='ltr'>croco,</span> <span class='ocrx_word' id='word_1_132' title='bbox 903 1738 1154 1805; x_wconf 79' lang='lat' dir='ltr'>cypiro,amaraeo,</span> 
     </span>
     <span class='ocr_line' id='line_1_21' title="bbox 346 1803 1154 1871; baseline -0.001 -11"><span class='ocrx_word' id='word_1_133' title='bbox 346 1809 415 1870; x_wconf 91' lang='lat' dir='ltr'>loto,</span> <span class='ocrx_word' id='word_1_134' title='bbox 436 1805 528 1867; x_wconf 89' lang='lat' dir='ltr'>melle,</span> <span class='ocrx_word' id='word_1_135' title='bbox 550 1803 625 1857; x_wconf 80' lang='lat' dir='ltr'>rino.</span> <span class='ocrx_word' id='word_1_136' title='bbox 661 1803 794 1871; x_wconf 82' lang='lat' dir='ltr'>Nihilque</span> <span class='ocrx_word' id='word_1_137' title='bbox 805 1806 865 1856; x_wconf 88' lang='lat' dir='ltr'>elus</span> <span class='ocrx_word' id='word_1_138' title='bbox 880 1810 924 1859; x_wconf 87' lang='lat' dir='ltr'>rei</span> <span class='ocrx_word' id='word_1_139' title='bbox 935 1822 1019 1859; x_wconf 88' lang='lat' dir='ltr'>causa</span> <span class='ocrx_word' id='word_1_140' title='bbox 1029 1808 1058 1858; x_wconf 86' lang='lat' dir='ltr'>in</span> <span class='ocrx_word' id='word_1_141' title='bbox 1069 1806 1154 1859; x_wconf 89' lang='lat' dir='ltr'>ltalia</span> 
     </span>
     <span class='ocr_line' id='line_1_22' title="bbox 345 1874 1152 1944; baseline -0.002 -16"><span class='ocrx_word' id='word_1_142' title='bbox 345 1878 463 1930; x_wconf 80' lang='lat' dir='ltr'>victrice</span> <span class='ocrx_word' id='word_1_143' title='bbox 485 1875 616 1935; x_wconf 82' lang='lat' dir='ltr'>oninium,</span> <span class='ocrx_word' id='word_1_144' title='bbox 635 1874 664 1925; x_wconf 89' lang='lat' dir='ltr'>in</span> <span class='ocrx_word' id='word_1_145' title='bbox 680 1875 794 1939; x_wconf 85' lang='lat' dir='ltr'>Europa</span> <span class='ocrx_word' id='word_1_146' title='bbox 805 1889 872 1927; x_wconf 82' lang='lat' dir='ltr'>reso</span> <span class='ocrx_word' id='word_1_147' title='bbox 884 1883 954 1939; x_wconf 90' lang='lat' dir='ltr'>tota,</span> <span class='ocrx_word' id='word_1_148' title='bbox 973 1878 1152 1944; x_wconf 88' lang='lat' dir='ltr'>praeteririn</span> 
     </span>
     <span class='ocr_line' id='line_1_23' title="bbox 345 1942 1151 2015; baseline -0.006 -14"><span class='ocrx_word' id='word_1_149' title='bbox 345 1947 498 2015; x_wconf 85' lang='lat' dir='ltr'>illyricam,</span> <span class='ocrx_word' id='word_1_150' title='bbox 520 1951 549 1996; x_wconf 90' lang='grc' dir='ltr'>ιι</span> <span class='ocrx_word' id='word_1_151' title='bbox 559 1942 675 1997; x_wconf 88' lang='lat' dir='ltr'>nardum</span> <span class='ocrx_word' id='word_1_152' title='bbox 687 1943 837 2006; x_wconf 86' lang='lat' dir='ltr'>Gallicum,</span> <span class='ocrx_word' id='word_1_153' title='bbox 858 1946 992 2013; x_wconf 73' lang='lat' dir='ltr'>gignitur.</span> <span class='ocrx_word' id='word_1_154' title='bbox 1028 1945 1099 1996; x_wconf 88' lang='lat' dir='ltr'>Nam</span> <span class='ocrx_word' id='word_1_155' title='bbox 1111 1948 1151 1996; x_wconf 85' lang='lat' dir='ltr'>ri-</span> 
     </span>
     <span class='ocr_line' id='line_1_24' title="bbox 345 2012 1153 2083; baseline -0.001 -15"><span class='ocrx_word' id='word_1_156' title='bbox 345 2032 419 2078; x_wconf 88' lang='lat' dir='ltr'>num,</span> <span class='ocrx_word' id='word_1_157' title='bbox 430 2022 458 2067; x_wconf 90' lang='lat' dir='ltr'>et</span> <span class='ocrx_word' id='word_1_158' title='bbox 468 2028 541 2075; x_wconf 88' lang='lat' dir='ltr'>rosa,</span> <span class='ocrx_word' id='word_1_159' title='bbox 553 2020 582 2066; x_wconf 90' lang='lat' dir='ltr'>et</span> <span class='ocrx_word' id='word_1_160' title='bbox 593 2013 679 2079; x_wconf 86' lang='lat' dir='ltr'>myrti</span> <span class='ocrx_word' id='word_1_161' title='bbox 691 2012 772 2076; x_wconf 85' lang='lat' dir='ltr'>folia,</span> <span class='ocrx_word' id='word_1_162' title='bbox 782 2014 938 2083; x_wconf 87' lang='lat' dir='ltr'>oleumque,</span> <span class='ocrx_word' id='word_1_163' title='bbox 949 2015 1106 2068; x_wconf 90' lang='lat' dir='ltr'>communia</span> <span class='ocrx_word' id='word_1_164' title='bbox 1114 2014 1153 2068; x_wconf 81' lang='lat' dir='ltr'>le·</span> 
     </span>
     <span class='ocr_line' id='line_1_25' title="bbox 344 2081 879 2148; baseline -0.004 -11"><span class='ocrx_word' id='word_1_165' title='bbox 344 2101 376 2139; x_wconf 88' lang='grc' dir='ltr'>ιι</span> <span class='ocrx_word' id='word_1_166' title='bbox 388 2083 510 2137; x_wconf 87' lang='lat' dir='ltr'>omniura</span> <span class='ocrx_word' id='word_1_167' title='bbox 520 2091 658 2135; x_wconf 85' lang='lat' dir='ltr'>terrarum</span> <span class='ocrx_word' id='word_1_168' title='bbox 672 2081 879 2148; x_wconf 82' lang='lat' dir='ltr'>intelliguntur.</span> 
     </span>
    </p>
   </div>
   <div class='ocr_carea' id='block_1_6' title="bbox 343 2158 1154 2863">
    <p class='ocr_par' dir='ltr' id='par_1_6' title="bbox 343 2158 1154 2863">
     <span class='ocr_line' id='line_1_26' title="bbox 380 2158 1153 2237; baseline 0.005 -17"><span class='ocrx_word' id='word_1_169' title='bbox 380 2171 425 2220; x_wconf 91' lang='lat' dir='ltr'>tlt.</span> <span class='ocrx_word' id='word_1_170' title='bbox 444 2168 534 2221; x_wconf 79' lang='lat' dir='ltr'>Siccis</span> <span class='ocrx_word' id='word_1_171' title='bbox 546 2158 679 2220; x_wconf 82' lang='lat' dir='ltr'>odoribus</span> <span class='ocrx_word' id='word_1_172' title='bbox 690 2175 830 2231; x_wconf 88' lang='lat' dir='ltr'>constant,</span> <span class='ocrx_word' id='word_1_173' title='bbox 839 2182 910 2235; x_wconf 88' lang='lat' dir='ltr'>quae</span> <span class='ocrx_word' id='word_1_174' title='bbox 921 2168 1096 2237; x_wconf 88' lang='lat' dir='ltr'>diapasmata</span> <span class='ocrx_word' id='word_1_175' title='bbox 1104 2187 1153 2224; x_wconf 81' lang='lat' dir='ltr'>ro·</span> 
     </span>
     <span class='ocr_line' id='line_1_27' title="bbox 346 2237 1153 2307; baseline 0.004 -17"><span class='ocrx_word' id='word_1_176' title='bbox 346 2249 451 2290; x_wconf 85' lang='lat' dir='ltr'>rantur.</span> <span class='ocrx_word' id='word_1_177' title='bbox 473 2237 543 2291; x_wconf 88' lang='lat' dir='ltr'>Nam</span> <span class='ocrx_word' id='word_1_178' title='bbox 556 2237 660 2290; x_wconf 76' lang='lat' dir='ltr'>faecem</span> <span class='ocrx_word' id='word_1_179' title='bbox 674 2240 806 2305; x_wconf 78' lang='lat' dir='ltr'>unguenti</span> <span class='ocrx_word' id='word_1_180' title='bbox 819 2253 930 2307; x_wconf 88' lang='lat' dir='ltr'>magma</span> <span class='ocrx_word' id='word_1_181' title='bbox 941 2240 1093 2306; x_wconf 90' lang='lat' dir='ltr'>appellant.</span> <span class='ocrx_word' id='word_1_182' title='bbox 1109 2241 1153 2293; x_wconf 92' lang='lat' dir='ltr'>ln·</span> 
     </span>
     <span class='ocr_line' id='line_1_28' title="bbox 345 2307 1152 2376; baseline 0.004 -16"><span class='ocrx_word' id='word_1_183' title='bbox 345 2317 388 2361; x_wconf 85' lang='lat' dir='ltr'>ter</span> <span class='ocrx_word' id='word_1_184' title='bbox 410 2322 505 2360; x_wconf 87' lang='lat' dir='ltr'>onmes</span> <span class='ocrx_word' id='word_1_185' title='bbox 526 2307 740 2375; x_wconf 87' lang='lat' dir='ltr'>potentissimus</span> <span class='ocrx_word' id='word_1_186' title='bbox 753 2308 837 2369; x_wconf 89' lang='lat' dir='ltr'>odor,</span> <span class='ocrx_word' id='word_1_187' title='bbox 857 2309 983 2376; x_wconf 86' lang='lat' dir='ltr'>quisquis</span> <span class='ocrx_word' id='word_1_188' title='bbox 1002 2310 1152 2363; x_wconf 82' lang='lat' dir='ltr'>norissima</span> 
     </span>
     <span class='ocr_line' id='line_1_29' title="bbox 346 2377 1152 2447; baseline -0.001 -16"><span class='ocrx_word' id='word_1_189' title='bbox 346 2378 468 2431; x_wconf 76' lang='lat' dir='ltr'>additur.</span> <span class='ocrx_word' id='word_1_190' title='bbox 505 2377 655 2447; x_wconf 81' lang='lat' dir='ltr'>Unguenta</span> <span class='ocrx_word' id='word_1_191' title='bbox 670 2379 775 2444; x_wconf 89' lang='lat' dir='ltr'>optime</span> <span class='ocrx_word' id='word_1_192' title='bbox 791 2387 938 2430; x_wconf 84' lang='lat' dir='ltr'>serrantur</span> <span class='ocrx_word' id='word_1_193' title='bbox 955 2381 983 2431; x_wconf 93' lang='lat' dir='ltr'>in</span> <span class='ocrx_word' id='word_1_194' title='bbox 995 2380 1152 2444; x_wconf 80' lang='lat' dir='ltr'>alabastris,</span> 
     </span>
     <span class='ocr_line' id='line_1_30' title="bbox 346 2445 1151 2513; baseline 0.002 -14"><span class='ocrx_word' id='word_1_195' title='bbox 346 2448 448 2500; x_wconf 89' lang='lat' dir='ltr'>odores</span> <span class='ocrx_word' id='word_1_196' title='bbox 458 2447 487 2498; x_wconf 92' lang='lat' dir='ltr'>in</span> <span class='ocrx_word' id='word_1_197' title='bbox 498 2447 580 2499; x_wconf 85' lang='lat' dir='ltr'>oleo:</span> <span class='ocrx_word' id='word_1_198' title='bbox 603 2445 677 2513; x_wconf 89' lang='lat' dir='ltr'>quod</span> <span class='ocrx_word' id='word_1_199' title='bbox 696 2447 874 2499; x_wconf 86' lang='lat' dir='ltr'>diuturnitati</span> <span class='ocrx_word' id='word_1_200' title='bbox 893 2464 988 2501; x_wconf 90' lang='lat' dir='ltr'>eorum</span> <span class='ocrx_word' id='word_1_201' title='bbox 1004 2457 1083 2502; x_wconf 91' lang='lat' dir='ltr'>tanto</span> <span class='ocrx_word' id='word_1_202' title='bbox 1096 2450 1151 2501; x_wconf 90' lang='lat' dir='ltr'>uti·</span> 
     </span>
     <span class='ocr_line' id='line_1_31' title="bbox 344 2517 1154 2588; baseline 0.001 -17"><span class='ocrx_word' id='word_1_203' title='bbox 344 2518 398 2571; x_wconf 84' lang='lat' dir='ltr'>lius</span> <span class='ocrx_word' id='word_1_204' title='bbox 408 2524 460 2580; x_wconf 90' lang='lat' dir='ltr'>est,</span> <span class='ocrx_word' id='word_1_205' title='bbox 480 2524 584 2584; x_wconf 88' lang='lat' dir='ltr'>quanto</span> <span class='ocrx_word' id='word_1_206' title='bbox 596 2517 734 2584; x_wconf 86' lang='lat' dir='ltr'>pinguius,</span> <span class='ocrx_word' id='word_1_207' title='bbox 755 2525 787 2570; x_wconf 90' lang='lat' dir='ltr'>ut</span> <span class='ocrx_word' id='word_1_208' title='bbox 797 2532 831 2570; x_wconf 88' lang='lat' dir='ltr'>ex</span> <span class='ocrx_word' id='word_1_209' title='bbox 843 2519 1010 2588; x_wconf 87' lang='lat' dir='ltr'>amygdalis.</span> <span class='ocrx_word' id='word_1_210' title='bbox 1046 2521 1083 2572; x_wconf 81' lang='lat' dir='ltr'>Et</span> <span class='ocrx_word' id='word_1_211' title='bbox 1092 2521 1154 2588; x_wconf 88' lang='lat' dir='ltr'>ipsa</span> 
     </span>
     <span class='ocr_line' id='line_1_32' title="bbox 343 2585 1150 2658; baseline 0.005 -19"><span class='ocrx_word' id='word_1_212' title='bbox 343 2596 485 2655; x_wconf 86' lang='lat' dir='ltr'>unguenta</span> <span class='ocrx_word' id='word_1_213' title='bbox 495 2592 634 2639; x_wconf 86' lang='lat' dir='ltr'>vetustate</span> <span class='ocrx_word' id='word_1_214' title='bbox 644 2585 772 2640; x_wconf 89' lang='lat' dir='ltr'>meliora.</span> <span class='ocrx_word' id='word_1_215' title='bbox 783 2586 832 2640; x_wconf 89' lang='lat' dir='ltr'>Sol</span> <span class='ocrx_word' id='word_1_216' title='bbox 844 2588 973 2641; x_wconf 86' lang='lat' dir='ltr'>inimicus</span> <span class='ocrx_word' id='word_1_217' title='bbox 987 2589 1041 2641; x_wconf 86' lang='lat' dir='ltr'>his:</span> <span class='ocrx_word' id='word_1_218' title='bbox 1055 2606 1150 2658; x_wconf 86' lang='lat' dir='ltr'>quam·</span> 
     </span>
     <span class='ocr_line' id='line_1_33' title="bbox 344 2657 1151 2728; baseline 0.006 -21"><span class='ocrx_word' id='word_1_219' title='bbox 344 2659 439 2710; x_wconf 90' lang='lat' dir='ltr'>obrem</span> <span class='ocrx_word' id='word_1_220' title='bbox 451 2658 482 2708; x_wconf 92' lang='lat' dir='ltr'>in</span> <span class='ocrx_word' id='word_1_221' title='bbox 491 2657 591 2709; x_wconf 87' lang='lat' dir='ltr'>ambra</span> <span class='ocrx_word' id='word_1_222' title='bbox 601 2662 760 2724; x_wconf 90' lang='lat' dir='ltr'>coquuntur</span> <span class='ocrx_word' id='word_1_223' title='bbox 772 2657 907 2724; x_wconf 85' lang='lat' dir='ltr'>plumbeis</span> <span class='ocrx_word' id='word_1_224' title='bbox 917 2660 1002 2711; x_wconf 80' lang='lat' dir='ltr'>rasis.</span> <span class='ocrx_word' id='word_1_225' title='bbox 1031 2660 1151 2728; x_wconf 86' lang='lat' dir='ltr'>Experi-</span> 
     </span>
     <span class='ocr_line' id='line_1_34' title="bbox 344 2726 1152 2796; baseline 0.002 -17"><span class='ocrx_word' id='word_1_226' title='bbox 344 2734 467 2780; x_wconf 90' lang='lat' dir='ltr'>mentum</span> <span class='ocrx_word' id='word_1_227' title='bbox 486 2743 581 2780; x_wconf 89' lang='lat' dir='ltr'>eorum</span> <span class='ocrx_word' id='word_1_228' title='bbox 601 2726 714 2781; x_wconf 81' lang='lat' dir='ltr'>inuersa</span> <span class='ocrx_word' id='word_1_229' title='bbox 729 2741 811 2779; x_wconf 88' lang='lat' dir='ltr'>manu</span> <span class='ocrx_word' id='word_1_230' title='bbox 828 2728 946 2796; x_wconf 89' lang='lat' dir='ltr'>capitur,</span> <span class='ocrx_word' id='word_1_231' title='bbox 967 2745 1002 2781; x_wconf 87' lang='lat' dir='ltr'>ne</span> <span class='ocrx_word' id='word_1_232' title='bbox 1018 2745 1152 2782; x_wconf 87' lang='lat' dir='ltr'>carnosae</span> 
     </span>
     <span class='ocr_line' id='line_1_35' title="bbox 344 2797 623 2863; baseline -0.011 -14"><span class='ocrx_word' id='word_1_233' title='bbox 344 2798 435 2863; x_wconf 85' lang='lat' dir='ltr'>partis</span> <span class='ocrx_word' id='word_1_234' title='bbox 445 2797 523 2849; x_wconf 91' lang='lat' dir='ltr'>calor</span> <span class='ocrx_word' id='word_1_235' title='bbox 534 2798 623 2848; x_wconf 87' lang='lat' dir='ltr'>vitiet.</span> 
     </span>
    </p>
   </div>
   <div class='ocr_carea' id='block_1_7' title="bbox 339 2880 1152 4757">
    <p class='ocr_par' dir='ltr' id='par_1_7' title="bbox 339 2880 1152 4757">
     <span class='ocr_line' id='line_1_36' title="bbox 377 2880 1151 2939; baseline 0.006 -6"><span class='ocrx_word' id='word_1_236' title='bbox 377 2880 425 2933; x_wconf 82' lang='lat' dir='ltr'>lv.</span> <span class='ocrx_word' id='word_1_237' title='bbox 445 2881 524 2935; x_wconf 85' lang='lat' dir='ltr'>llaec</span> <span class='ocrx_word' id='word_1_238' title='bbox 542 2888 587 2934; x_wconf 87' lang='grc' dir='ltr'>ιιι</span> <span class='ocrx_word' id='word_1_239' title='bbox 606 2882 725 2935; x_wconf 86' lang='lat' dir='ltr'>materia</span> <span class='ocrx_word' id='word_1_240' title='bbox 735 2882 816 2935; x_wconf 88' lang='lat' dir='ltr'>luxus</span> <span class='ocrx_word' id='word_1_241' title='bbox 830 2901 846 2936; x_wconf 87' lang='lat' dir='ltr'>e</span> <span class='ocrx_word' id='word_1_242' title='bbox 858 2887 965 2937; x_wconf 88' lang='lat' dir='ltr'>cunctis</span> <span class='ocrx_word' id='word_1_243' title='bbox 976 2886 1095 2939; x_wconf 83' lang='lat' dir='ltr'>manime</span> <span class='ocrx_word' id='word_1_244' title='bbox 1105 2900 1151 2938; x_wconf 88' lang='lat' dir='ltr'>su·</span> 
     </span>
     <span class='ocr_line' id='line_1_37' title="bbox 342 2951 1150 3021; baseline 0.001 -18"><span class='ocrx_word' id='word_1_245' title='bbox 342 2951 483 3020; x_wconf 84' lang='lat' dir='ltr'>pervacui.</span> <span class='ocrx_word' id='word_1_246' title='bbox 516 2951 689 3018; x_wconf 82' lang='lat' dir='ltr'>Margaritae</span> <span class='ocrx_word' id='word_1_247' title='bbox 700 2952 771 3004; x_wconf 89' lang='lat' dir='ltr'>enim</span> <span class='ocrx_word' id='word_1_248' title='bbox 782 2967 964 3021; x_wconf 85' lang='lat' dir='ltr'>gemmaeque</span> <span class='ocrx_word' id='word_1_249' title='bbox 974 2956 1009 3006; x_wconf 85' lang='lat' dir='ltr'>ad</span> <span class='ocrx_word' id='word_1_250' title='bbox 1021 2955 1150 3006; x_wconf 89' lang='lat' dir='ltr'>heredem</span> 
     </span>
     <span class='ocr_line' id='line_1_38' title="bbox 342 3026 1150 3090; baseline -0.001 -17"><span class='ocrx_word' id='word_1_251' title='bbox 342 3029 440 3073; x_wconf 87' lang='lat' dir='ltr'>tamen</span> <span class='ocrx_word' id='word_1_252' title='bbox 450 3026 609 3071; x_wconf 87' lang='lat' dir='ltr'>transeunt:</span> <span class='ocrx_word' id='word_1_253' title='bbox 620 3027 713 3073; x_wconf 81' lang='lat' dir='ltr'>restes</span> <span class='ocrx_word' id='word_1_254' title='bbox 724 3029 876 3090; x_wconf 88' lang='lat' dir='ltr'>prorogant</span> <span class='ocrx_word' id='word_1_255' title='bbox 886 3029 1011 3090; x_wconf 83' lang='lat' dir='ltr'>tempus:</span> <span class='ocrx_word' id='word_1_256' title='bbox 1027 3037 1150 3089; x_wconf 88' lang='lat' dir='ltr'>unguen·</span> 
     </span>
     <span class='ocr_line' id='line_1_39' title="bbox 342 3087 1152 3152; baseline 0 -11"><span class='ocrx_word' id='word_1_257' title='bbox 342 3097 375 3141; x_wconf 86' lang='lat' dir='ltr'>ta</span> <span class='ocrx_word' id='word_1_258' title='bbox 386 3087 463 3138; x_wconf 89' lang='lat' dir='ltr'>illico</span> <span class='ocrx_word' id='word_1_259' title='bbox 473 3087 626 3152; x_wconf 80' lang='lat' dir='ltr'>exspirant,</span> <span class='ocrx_word' id='word_1_260' title='bbox 641 3106 675 3142; x_wconf 90' lang='lat' dir='ltr'>ac</span> <span class='ocrx_word' id='word_1_261' title='bbox 685 3091 742 3142; x_wconf 82' lang='lat' dir='ltr'>suis</span> <span class='ocrx_word' id='word_1_262' title='bbox 753 3093 909 3143; x_wconf 89' lang='lat' dir='ltr'>moriuntur</span> <span class='ocrx_word' id='word_1_263' title='bbox 917 3090 1003 3143; x_wconf 89' lang='lat' dir='ltr'>horis.</span> <span class='ocrx_word' id='word_1_264' title='bbox 1039 3091 1152 3141; x_wconf 79' lang='lat' dir='ltr'>Samara</span> 
     </span>
     <span class='ocr_line' id='line_1_40' title="bbox 344 3155 1149 3222; baseline -0.004 -11"><span class='ocrx_word' id='word_1_265' title='bbox 344 3155 553 3211; x_wconf 86' lang='lat' dir='ltr'>commendatio</span> <span class='ocrx_word' id='word_1_266' title='bbox 565 3171 676 3222; x_wconf 87' lang='lat' dir='ltr'>eorum,</span> <span class='ocrx_word' id='word_1_267' title='bbox 696 3166 727 3212; x_wconf 89' lang='lat' dir='ltr'>ut</span> <span class='ocrx_word' id='word_1_268' title='bbox 737 3168 900 3214; x_wconf 82' lang='lat' dir='ltr'>transeunte</span> <span class='ocrx_word' id='word_1_269' title='bbox 910 3160 1014 3213; x_wconf 81' lang='lat' dir='ltr'>femina</span> <span class='ocrx_word' id='word_1_270' title='bbox 1026 3158 1097 3209; x_wconf 88' lang='lat' dir='ltr'>udor</span> <span class='ocrx_word' id='word_1_271' title='bbox 1108 3159 1149 3208; x_wconf 91' lang='lat' dir='ltr'>in·</span> 
     </span>
     <span class='ocr_line' id='line_1_41' title="bbox 342 3222 1150 3297; baseline 0.001 -21"><span class='ocrx_word' id='word_1_272' title='bbox 342 3226 417 3277; x_wconf 74' lang='lat' dir='ltr'>vitet</span> <span class='ocrx_word' id='word_1_273' title='bbox 428 3222 511 3276; x_wconf 89' lang='lat' dir='ltr'>etiam</span> <span class='ocrx_word' id='word_1_274' title='bbox 524 3224 602 3277; x_wconf 91' lang='lat' dir='ltr'>aliod</span> <span class='ocrx_word' id='word_1_275' title='bbox 610 3234 738 3295; x_wconf 83' lang='lat' dir='ltr'>agentes:</span> <span class='ocrx_word' id='word_1_276' title='bbox 749 3230 942 3297; x_wconf 82' lang='lat' dir='ltr'>exceduntque</span> <span class='ocrx_word' id='word_1_277' title='bbox 954 3227 1150 3297; x_wconf 85' lang='lat' dir='ltr'>quadragenos</span> 
     </span>
     <span class='ocr_line' id='line_1_42' title="bbox 343 3294 1149 3365; baseline 0.002 -19"><span class='ocrx_word' id='word_1_278' title='bbox 343 3294 474 3347; x_wconf 89' lang='lat' dir='ltr'>denarios</span> <span class='ocrx_word' id='word_1_279' title='bbox 485 3294 583 3348; x_wconf 85' lang='lat' dir='ltr'>librae.</span> <span class='ocrx_word' id='word_1_280' title='bbox 621 3297 706 3349; x_wconf 80' lang='lat' dir='ltr'>‘l&#39;anti</span> <span class='ocrx_word' id='word_1_281' title='bbox 717 3299 819 3352; x_wconf 89' lang='lat' dir='ltr'>emitur</span> <span class='ocrx_word' id='word_1_282' title='bbox 830 3301 958 3365; x_wconf 78' lang='lat' dir='ltr'>voluptas</span> <span class='ocrx_word' id='word_1_283' title='bbox 968 3299 1074 3350; x_wconf 85' lang='lat' dir='ltr'>aliena:</span> <span class='ocrx_word' id='word_1_284' title='bbox 1091 3304 1149 3349; x_wconf 88' lang='lat' dir='ltr'>eta·</span> 
     </span>
     <span class='ocr_line' id='line_1_43' title="bbox 341 3363 1151 3435; baseline -0.001 -16"><span class='ocrx_word' id='word_1_285' title='bbox 341 3365 401 3419; x_wconf 91' lang='lat' dir='ltr'>nim</span> <span class='ocrx_word' id='word_1_286' title='bbox 411 3363 527 3418; x_wconf 88' lang='lat' dir='ltr'>odorem</span> <span class='ocrx_word' id='word_1_287' title='bbox 541 3366 588 3433; x_wconf 90' lang='lat' dir='ltr'>qai</span> <span class='ocrx_word' id='word_1_288' title='bbox 597 3367 687 3434; x_wconf 85' lang='lat' dir='ltr'>gerit,</span> <span class='ocrx_word' id='word_1_289' title='bbox 708 3369 769 3435; x_wconf 91' lang='lat' dir='ltr'>ipse</span> <span class='ocrx_word' id='word_1_290' title='bbox 781 3382 834 3421; x_wconf 92' lang='lat' dir='ltr'>non</span> <span class='ocrx_word' id='word_1_291' title='bbox 846 3370 940 3422; x_wconf 85' lang='lat' dir='ltr'>sentit.</span> <span class='ocrx_word' id='word_1_292' title='bbox 977 3366 1032 3421; x_wconf 81' lang='lat' dir='ltr'>Sed</span> <span class='ocrx_word' id='word_1_293' title='bbox 1041 3372 1070 3418; x_wconf 88' lang='grc' dir='ltr'>ιι</span> <span class='ocrx_word' id='word_1_294' title='bbox 1081 3366 1151 3420; x_wconf 88' lang='lat' dir='ltr'>haec</span> 
     </span>
     <span class='ocr_line' id='line_1_44' title="bbox 342 3435 1150 3506; baseline 0 -18"><span class='ocrx_word' id='word_1_295' title='bbox 342 3437 438 3503; x_wconf 90' lang='lat' dir='ltr'>aliqua</span> <span class='ocrx_word' id='word_1_296' title='bbox 456 3435 618 3489; x_wconf 79' lang='lat' dir='ltr'>differentia</span> <span class='ocrx_word' id='word_1_297' title='bbox 637 3437 775 3506; x_wconf 84' lang='lat' dir='ltr'>signanda</span> <span class='ocrx_word' id='word_1_298' title='bbox 795 3446 868 3491; x_wconf 79' lang='lat' dir='ltr'>sunt.</span> <span class='ocrx_word' id='word_1_299' title='bbox 904 3438 934 3489; x_wconf 91' lang='lat' dir='ltr'>lo</span> <span class='ocrx_word' id='word_1_300' title='bbox 952 3437 992 3488; x_wconf 87' lang='grc' dir='ltr'>Μ.</span> <span class='ocrx_word' id='word_1_301' title='bbox 1008 3436 1150 3489; x_wconf 80' lang='lat' dir='ltr'>Ciceronis</span> 
     </span>
     <span class='ocr_line' id='line_1_45' title="bbox 341 3507 1150 3579; baseline 0.001 -22"><span class='ocrx_word' id='word_1_302' title='bbox 341 3508 528 3559; x_wconf 82' lang='lat' dir='ltr'>monumentis</span> <span class='ocrx_word' id='word_1_303' title='bbox 540 3507 685 3571; x_wconf 71' lang='lat' dir='ltr'>invenitor,</span> <span class='ocrx_word' id='word_1_304' title='bbox 704 3516 846 3579; x_wconf 79' lang='lat' dir='ltr'>unguenta</span> <span class='ocrx_word' id='word_1_305' title='bbox 854 3507 979 3576; x_wconf 86' lang='lat' dir='ltr'>gratiora</span> <span class='ocrx_word' id='word_1_306' title='bbox 990 3521 1060 3569; x_wconf 86' lang='lat' dir='ltr'>esse,</span> <span class='ocrx_word' id='word_1_307' title='bbox 1077 3522 1150 3574; x_wconf 88' lang='lat' dir='ltr'>quae</span> 
     </span>
     <span class='ocr_line' id='line_1_46' title="bbox 341 3576 1149 3645; baseline -0.001 -17"><span class='ocrx_word' id='word_1_308' title='bbox 341 3582 455 3639; x_wconf 88' lang='lat' dir='ltr'>terram,</span> <span class='ocrx_word' id='word_1_309' title='bbox 478 3590 559 3643; x_wconf 86' lang='lat' dir='ltr'>quarn</span> <span class='ocrx_word' id='word_1_310' title='bbox 576 3590 649 3643; x_wconf 89' lang='lat' dir='ltr'>quae</span> <span class='ocrx_word' id='word_1_311' title='bbox 665 3592 774 3630; x_wconf 89' lang='lat' dir='ltr'>crocum</span> <span class='ocrx_word' id='word_1_312' title='bbox 794 3579 917 3645; x_wconf 87' lang='lat' dir='ltr'>sapiant:</span> <span class='ocrx_word' id='word_1_313' title='bbox 937 3576 1049 3644; x_wconf 91' lang='lat' dir='ltr'>quasdo</span> <span class='ocrx_word' id='word_1_314' title='bbox 1064 3580 1149 3628; x_wconf 85' lang='lat' dir='ltr'>etiam</span> 
     </span>
     <span class='ocr_line' id='line_1_47' title="bbox 342 3646 1149 3768; baseline -0.002 -69"><span class='ocrx_word' id='word_1_315' title='bbox 342 3646 556 3713; x_wconf 90' lang='lat' dir='ltr'>corruptissimo</span> <span class='ocrx_word' id='word_1_316' title='bbox 567 3646 597 3698; x_wconf 89' lang='lat' dir='ltr'>in</span> <span class='ocrx_word' id='word_1_317' title='bbox 609 3661 711 3715; x_wconf 89' lang='lat' dir='ltr'>genere</span> <span class='ocrx_word' id='word_1_318' title='bbox 721 3647 809 3717; x_wconf 87' lang='lat' dir='ltr'>magis</span> <span class='ocrx_word' id='word_1_319' title='bbox 820 3656 914 3700; x_wconf 90' lang='lat' dir='ltr'>tamen</span> <span class='ocrx_word' id='word_1_320' title='bbox 924 3649 1003 3700; x_wconf 83' lang='lat' dir='ltr'>iurat</span> <span class='ocrx_word' id='word_1_321' title='bbox 1013 3647 1149 3768; x_wconf 48' lang='lat' dir='ltr'>{uaedam</span> 
     </span>
     <span class='ocr_line' id='line_1_48' title="bbox 340 3717 1149 3784; baseline 0 -17"><span class='ocrx_word' id='word_1_322' title='bbox 340 3718 429 3783; x_wconf 87' lang='lat' dir='ltr'>ipsius</span> <span class='ocrx_word' id='word_1_323' title='bbox 441 3717 505 3769; x_wconf 79' lang='lat' dir='ltr'>sitii</span> <span class='ocrx_word' id='word_1_324' title='bbox 516 3721 661 3770; x_wconf 82' lang='lat' dir='ltr'>severitas.</span> <span class='ocrx_word' id='word_1_325' title='bbox 683 3717 738 3770; x_wconf 85' lang='lat' dir='ltr'>Sed</span> <span class='ocrx_word' id='word_1_326' title='bbox 751 3718 884 3784; x_wconf 88' lang='lat' dir='ltr'>quosdam</span> <span class='ocrx_word' id='word_1_327' title='bbox 895 3720 1014 3769; x_wconf 89' lang='lat' dir='ltr'>crassitu</span> <span class='ocrx_word' id='word_1_328' title='bbox 1035 3732 1051 3767; x_wconf 93' lang='grc' dir='ltr'>ι</span> <span class='ocrx_word' id='word_1_329' title='bbox 1063 3717 1149 3768; x_wconf 84' lang='lat' dir='ltr'>maxi-</span> 
     </span>
     <span class='ocr_line' id='line_1_49' title="bbox 341 3785 1148 3854; baseline -0.002 -15"><span class='ocrx_word' id='word_1_330' title='bbox 341 3800 387 3839; x_wconf 87' lang='lat' dir='ltr'>me</span> <span class='ocrx_word' id='word_1_331' title='bbox 399 3785 532 3849; x_wconf 89' lang='lat' dir='ltr'>delectat,</span> <span class='ocrx_word' id='word_1_332' title='bbox 554 3786 672 3851; x_wconf 89' lang='lat' dir='ltr'>spissum</span> <span class='ocrx_word' id='word_1_333' title='bbox 683 3786 873 3851; x_wconf 81' lang='lat' dir='ltr'>appellantes:</span> <span class='ocrx_word' id='word_1_334' title='bbox 895 3788 1000 3854; x_wconf 90' lang='lat' dir='ltr'>linique</span> <span class='ocrx_word' id='word_1_335' title='bbox 1011 3786 1076 3848; x_wconf 89' lang='lat' dir='ltr'>iam,</span> <span class='ocrx_word' id='word_1_336' title='bbox 1093 3801 1148 3838; x_wconf 91' lang='lat' dir='ltr'>noo</span> 
     </span>
     <span class='ocr_line' id='line_1_50' title="bbox 341 3853 1149 3922; baseline -0.001 -15"><span class='ocrx_word' id='word_1_337' title='bbox 341 3856 433 3909; x_wconf 89' lang='lat' dir='ltr'>solum</span> <span class='ocrx_word' id='word_1_338' title='bbox 446 3853 584 3922; x_wconf 83' lang='lat' dir='ltr'>pertundi,</span> <span class='ocrx_word' id='word_1_339' title='bbox 601 3854 748 3919; x_wconf 88' lang='lat' dir='ltr'>unguentis</span> <span class='ocrx_word' id='word_1_340' title='bbox 759 3855 891 3920; x_wconf 86' lang='lat' dir='ltr'>gaudent.</span> <span class='ocrx_word' id='word_1_341' title='bbox 922 3855 1053 3908; x_wconf 89' lang='lat' dir='ltr'>Vidimus</span> <span class='ocrx_word' id='word_1_342' title='bbox 1064 3858 1149 3909; x_wconf 87' lang='lat' dir='ltr'>etiam</span> 
     </span>
     <span class='ocr_line' id='line_1_51' title="bbox 343 3921 1150 3991; baseline 0.005 -17"><span class='ocrx_word' id='word_1_343' title='bbox 343 3924 463 3991; x_wconf 71' lang='lat' dir='ltr'>vestigia</span> <span class='ocrx_word' id='word_1_344' title='bbox 473 3921 574 3990; x_wconf 90' lang='lat' dir='ltr'>pedum</span> <span class='ocrx_word' id='word_1_345' title='bbox 586 3922 674 3989; x_wconf 84' lang='lat' dir='ltr'>tingi:</span> <span class='ocrx_word' id='word_1_346' title='bbox 690 3921 765 3988; x_wconf 90' lang='lat' dir='ltr'>qaod</span> <span class='ocrx_word' id='word_1_347' title='bbox 777 3924 816 3975; x_wconf 87' lang='grc' dir='ltr'>Μ.</span> <span class='ocrx_word' id='word_1_348' title='bbox 828 3923 966 3978; x_wconf 85' lang='lat' dir='ltr'>othonem</span> <span class='ocrx_word' id='word_1_349' title='bbox 980 3933 1150 3978; x_wconf 85' lang='lat' dir='ltr'>monstrasse</span> 
     </span>
     <span class='ocr_line' id='line_1_52' title="bbox 340 3991 1149 4061; baseline 0 -14"><span class='ocrx_word' id='word_1_350' title='bbox 340 3992 448 4049; x_wconf 85' lang='lat' dir='ltr'>Neroni</span> <span class='ocrx_word' id='word_1_351' title='bbox 459 3991 575 4060; x_wconf 86' lang='lat' dir='ltr'>principi</span> <span class='ocrx_word' id='word_1_352' title='bbox 589 3992 724 4043; x_wconf 84' lang='lat' dir='ltr'>terebant.</span> <span class='ocrx_word' id='word_1_353' title='bbox 754 3992 867 4054; x_wconf 78' lang='lat' dir='ltr'>Quaeso</span> <span class='ocrx_word' id='word_1_354' title='bbox 883 3999 915 4045; x_wconf 89' lang='lat' dir='ltr'>ut</span> <span class='ocrx_word' id='word_1_355' title='bbox 927 3995 1050 4061; x_wconf 87' lang='lat' dir='ltr'>qualiter</span> <span class='ocrx_word' id='word_1_356' title='bbox 1060 3996 1149 4048; x_wconf 86' lang='grc' dir='ltr'>ιιιιι·</span> 
     </span>
     <span class='ocr_line' id='line_1_53' title="bbox 341 4059 1150 4129; baseline 0.001 -14"><span class='ocrx_word' id='word_1_357' title='bbox 341 4072 430 4128; x_wconf 87' lang='lat' dir='ltr'>retur,</span> <span class='ocrx_word' id='word_1_358' title='bbox 439 4063 612 4129; x_wconf 80' lang='lat' dir='ltr'>iuvaretque,</span> <span class='ocrx_word' id='word_1_359' title='bbox 626 4059 661 4112; x_wconf 89' lang='lat' dir='ltr'>ab</span> <span class='ocrx_word' id='word_1_360' title='bbox 673 4076 708 4113; x_wconf 87' lang='lat' dir='ltr'>ea</span> <span class='ocrx_word' id='word_1_361' title='bbox 718 4067 799 4127; x_wconf 88' lang='lat' dir='ltr'>parte</span> <span class='ocrx_word' id='word_1_362' title='bbox 809 4063 954 4129; x_wconf 87' lang='lat' dir='ltr'>corporisl</span> <span class='ocrx_word' id='word_1_363' title='bbox 963 4063 1022 4118; x_wconf 87' lang='lat' dir='ltr'>Nec</span> <span class='ocrx_word' id='word_1_364' title='bbox 1032 4079 1087 4116; x_wconf 90' lang='lat' dir='ltr'>non</span> <span class='ocrx_word' id='word_1_365' title='bbox 1099 4065 1150 4117; x_wconf 84' lang='lat' dir='ltr'>ali·</span> 
     </span>
     <span class='ocr_line' id='line_1_54' title="bbox 340 4130 1150 4203; baseline 0.005 -20"><span class='ocrx_word' id='word_1_366' title='bbox 340 4145 421 4200; x_wconf 87' lang='lat' dir='ltr'>quem</span> <span class='ocrx_word' id='word_1_367' title='bbox 433 4148 468 4187; x_wconf 88' lang='lat' dir='ltr'>ex</span> <span class='ocrx_word' id='word_1_368' title='bbox 478 4130 593 4201; x_wconf 82' lang='lat' dir='ltr'>privatis</span> <span class='ocrx_word' id='word_1_369' title='bbox 604 4130 759 4183; x_wconf 82' lang='lat' dir='ltr'>audirimus</span> <span class='ocrx_word' id='word_1_370' title='bbox 770 4131 900 4195; x_wconf 87' lang='lat' dir='ltr'>iussisse,</span> <span class='ocrx_word' id='word_1_371' title='bbox 921 4134 1016 4203; x_wconf 87' lang='lat' dir='ltr'>spargi</span> <span class='ocrx_word' id='word_1_372' title='bbox 1026 4137 1150 4202; x_wconf 87' lang='lat' dir='ltr'>parietes</span> 
     </span>
     <span class='ocr_line' id='line_1_55' title="bbox 340 4202 1150 4272; baseline 0.004 -18"><span class='ocrx_word' id='word_1_373' title='bbox 340 4202 514 4257; x_wconf 83' lang='lat' dir='ltr'>balinearum</span> <span class='ocrx_word' id='word_1_374' title='bbox 527 4208 684 4272; x_wconf 88' lang='lat' dir='ltr'>unguento:</span> <span class='ocrx_word' id='word_1_375' title='bbox 699 4211 784 4269; x_wconf 89' lang='lat' dir='ltr'>atque</span> <span class='ocrx_word' id='word_1_376' title='bbox 794 4202 892 4254; x_wconf 78' lang='lat' dir='ltr'>Caium</span> <span class='ocrx_word' id='word_1_377' title='bbox 904 4204 1066 4272; x_wconf 85' lang='lat' dir='ltr'>principem,</span> <span class='ocrx_word' id='word_1_378' title='bbox 1078 4204 1150 4257; x_wconf 86' lang='lat' dir='ltr'>solia</span> 
     </span>
     <span class='ocr_line' id='line_1_56' title="bbox 339 4270 1149 4341; baseline 0.004 -17"><span class='ocrx_word' id='word_1_379' title='bbox 339 4273 504 4340; x_wconf 88' lang='lat' dir='ltr'>temperari:</span> <span class='ocrx_word' id='word_1_380' title='bbox 527 4288 560 4325; x_wconf 89' lang='lat' dir='ltr'>uc</span> <span class='ocrx_word' id='word_1_381' title='bbox 572 4288 607 4325; x_wconf 92' lang='lat' dir='ltr'>ne</span> <span class='ocrx_word' id='word_1_382' title='bbox 617 4270 769 4341; x_wconf 89' lang='lat' dir='ltr'>principale</span> <span class='ocrx_word' id='word_1_383' title='bbox 779 4271 972 4327; x_wconf 82' lang='lat' dir='ltr'>videaturhoe</span> <span class='ocrx_word' id='word_1_384' title='bbox 987 4275 1101 4339; x_wconf 89' lang='lat' dir='ltr'>bonurn,</span> <span class='ocrx_word' id='word_1_385' title='bbox 1119 4281 1149 4327; x_wconf 90' lang='lat' dir='ltr'>et</span> 
     </span>
     <span class='ocr_line' id='line_1_57' title="bbox 340 4342 1149 4409; baseline 0.011 -19"><span class='ocrx_word' id='word_1_386' title='bbox 340 4354 440 4407; x_wconf 87' lang='lat' dir='ltr'>postea</span> <span class='ocrx_word' id='word_1_387' title='bbox 450 4342 585 4409; x_wconf 89' lang='lat' dir='ltr'>quendam</span> <span class='ocrx_word' id='word_1_388' title='bbox 601 4359 634 4397; x_wconf 88' lang='lat' dir='ltr'>ex</span> <span class='ocrx_word' id='word_1_389' title='bbox 652 4345 740 4397; x_wconf 82' lang='lat' dir='ltr'>servis</span> <span class='ocrx_word' id='word_1_390' title='bbox 756 4342 884 4395; x_wconf 88' lang='lat' dir='ltr'>Neronis.</span> <span class='ocrx_word' id='word_1_391' title='bbox 920 4343 1044 4399; x_wconf 80' lang='lat' dir='ltr'>blasima</span> <span class='ocrx_word' id='word_1_392' title='bbox 1056 4352 1149 4399; x_wconf 86' lang='lat' dir='ltr'>tamen</span> 
     </span>
     <span class='ocr_line' id='line_1_58' title="bbox 340 4407 1149 4483; baseline 0.011 -23"><span class='ocrx_word' id='word_1_393' title='bbox 340 4407 441 4460; x_wconf 89' lang='lat' dir='ltr'>mirum</span> <span class='ocrx_word' id='word_1_394' title='bbox 461 4418 519 4473; x_wconf 86' lang='lat' dir='ltr'>cst,</span> <span class='ocrx_word' id='word_1_395' title='bbox 541 4412 612 4465; x_wconf 89' lang='lat' dir='ltr'>hanc</span> <span class='ocrx_word' id='word_1_396' title='bbox 630 4415 749 4483; x_wconf 89' lang='lat' dir='ltr'>gratiam</span> <span class='ocrx_word' id='word_1_397' title='bbox 770 4419 931 4480; x_wconf 83' lang='lat' dir='ltr'>penetrasse</span> <span class='ocrx_word' id='word_1_398' title='bbox 951 4421 980 4469; x_wconf 86' lang='lat' dir='ltr'>et</span> <span class='ocrx_word' id='word_1_399' title='bbox 999 4415 1030 4468; x_wconf 91' lang='lat' dir='ltr'>ia</span> <span class='ocrx_word' id='word_1_400' title='bbox 1046 4422 1149 4469; x_wconf 87' lang='lat' dir='ltr'>eastra.</span> 
     </span>
     <span class='ocr_line' id='line_1_59' title="bbox 341 4476 1150 4552; baseline 0.014 -26"><span class='ocrx_word' id='word_1_401' title='bbox 341 4476 460 4542; x_wconf 79' lang='lat' dir='ltr'>Aquilae</span> <span class='ocrx_word' id='word_1_402' title='bbox 470 4486 546 4532; x_wconf 89' lang='lat' dir='ltr'>certe</span> <span class='ocrx_word' id='word_1_403' title='bbox 557 4498 590 4534; x_wconf 90' lang='lat' dir='ltr'>ac</span> <span class='ocrx_word' id='word_1_404' title='bbox 600 4485 690 4552; x_wconf 82' lang='lat' dir='ltr'>signa,</span> <span class='ocrx_word' id='word_1_405' title='bbox 713 4483 904 4550; x_wconf 79' lang='lat' dir='ltr'>pulverulenta</span> <span class='ocrx_word' id='word_1_406' title='bbox 915 4484 973 4547; x_wconf 80' lang='lat' dir='ltr'>ilis,</span> <span class='ocrx_word' id='word_1_407' title='bbox 989 4492 1018 4539; x_wconf 88' lang='lat' dir='ltr'>et</span> <span class='ocrx_word' id='word_1_408' title='bbox 1027 4486 1150 4539; x_wconf 88' lang='lat' dir='ltr'>custodi·</span> 
     </span>
     <span class='ocr_line' id='line_1_60' title="bbox 340 4544 1150 4624; baseline 0.015 -28"><span class='ocrx_word' id='word_1_409' title='bbox 340 4544 393 4597; x_wconf 88' lang='lat' dir='ltr'>bus</span> <span class='ocrx_word' id='word_1_410' title='bbox 404 4545 528 4610; x_wconf 87' lang='lat' dir='ltr'>horrida,</span> <span class='ocrx_word' id='word_1_411' title='bbox 538 4548 711 4619; x_wconf 88' lang='lat' dir='ltr'>inunguntur</span> <span class='ocrx_word' id='word_1_412' title='bbox 719 4552 799 4606; x_wconf 85' lang='lat' dir='ltr'>lestis</span> <span class='ocrx_word' id='word_1_413' title='bbox 811 4554 923 4618; x_wconf 87' lang='lat' dir='ltr'>diebus;</span> <span class='ocrx_word' id='word_1_414' title='bbox 933 4555 1098 4624; x_wconf 89' lang='lat' dir='ltr'>utinamque</span> <span class='ocrx_word' id='word_1_415' title='bbox 1108 4556 1150 4607; x_wconf 89' lang='lat' dir='ltr'>di·</span> 
     </span>
     <span class='ocr_line' id='line_1_61' title="bbox 342 4622 1148 4734; baseline 0.016 -68"><span class='ocrx_word' id='word_1_416' title='bbox 342 4629 406 4668; x_wconf 86' lang='lat' dir='ltr'>esre</span> <span class='ocrx_word' id='word_1_417' title='bbox 415 4629 569 4734; x_wconf 80' lang='lat' dir='ltr'>possemus,</span> <span class='ocrx_word' id='word_1_418' title='bbox 579 4624 639 4686; x_wconf 90' lang='lat' dir='ltr'>quis</span> <span class='ocrx_word' id='word_1_419' title='bbox 651 4623 755 4688; x_wconf 78' lang='lat' dir='ltr'>primm</span> <span class='ocrx_word' id='word_1_420' title='bbox 766 4622 941 4677; x_wconf 83' lang='lat' dir='ltr'>instituisset.</span> <span class='ocrx_word' id='word_1_421' title='bbox 953 4626 997 4677; x_wconf 87' lang='lat' dir='ltr'>lta</span> <span class='ocrx_word' id='word_1_422' title='bbox 1007 4633 1059 4687; x_wconf 89' lang='lat' dir='ltr'>est,</span> <span class='ocrx_word' id='word_1_423' title='bbox 1068 4626 1148 4678; x_wconf 83' lang='lat' dir='ltr'>nimi-</span> 
     </span>
     <span class='ocr_line' id='line_1_62' title="bbox 341 4687 1148 4757; baseline 0.016 -23"><span class='ocrx_word' id='word_1_424' title='bbox 341 4698 403 4735; x_wconf 87' lang='lat' dir='ltr'>mm</span> <span class='ocrx_word' id='word_1_425' title='bbox 434 4698 467 4735; x_wconf 90' lang='lat' dir='ltr'>ac</span> <span class='ocrx_word' id='word_1_426' title='bbox 478 4687 605 4741; x_wconf 88' lang='lat' dir='ltr'>mercede</span> <span class='ocrx_word' id='word_1_427' title='bbox 616 4699 766 4757; x_wconf 87' lang='lat' dir='ltr'>corruptae</span> <span class='ocrx_word' id='word_1_428' title='bbox 783 4700 919 4747; x_wconf 87' lang='lat' dir='ltr'>terrarum</span> <span class='ocrx_word' id='word_1_429' title='bbox 930 4694 1025 4747; x_wconf 88' lang='lat' dir='ltr'>orbem</span> <span class='ocrx_word' id='word_1_430' title='bbox 1037 4694 1148 4747; x_wconf 84' lang='lat' dir='ltr'>device·</span> 
     </span>
    </p>
   </div>
   <div class='ocr_carea' id='block_1_8' title="bbox 342 4752 1149 4902">
    <p class='ocr_par' dir='ltr' id='par_1_8' title="bbox 342 4752 1149 4902">
     <span class='ocr_line' id='line_1_63' title="bbox 342 4752 1149 4831; baseline 0.015 -26"><span class='ocrx_word' id='word_1_431' title='bbox 342 4768 375 4805; x_wconf 87' lang='lat' dir='ltr'>re</span> <span class='ocrx_word' id='word_1_432' title='bbox 385 4752 507 4820; x_wconf 87' lang='lat' dir='ltr'>aquilae.</span> <span class='ocrx_word' id='word_1_433' title='bbox 542 4756 600 4808; x_wconf 86' lang='lat' dir='ltr'>lata</span> <span class='ocrx_word' id='word_1_434' title='bbox 612 4761 768 4823; x_wconf 87' lang='lat' dir='ltr'>patrocinia</span> <span class='ocrx_word' id='word_1_435' title='bbox 779 4765 937 4829; x_wconf 84' lang='lat' dir='ltr'>quaerimus</span> <span class='ocrx_word' id='word_1_436' title='bbox 948 4764 1037 4827; x_wconf 81' lang='lat' dir='ltr'>vitiis,</span> <span class='ocrx_word' id='word_1_437' title='bbox 1057 4772 1089 4817; x_wconf 90' lang='lat' dir='ltr'>ut</span> <span class='ocrx_word' id='word_1_438' title='bbox 1100 4779 1149 4831; x_wconf 91' lang='lat' dir='ltr'>per</span> 
     </span>
     <span class='ocr_line' id='line_1_64' title="bbox 343 4818 952 4902; baseline 0.023 -29"><span class='ocrx_word' id='word_1_439' title='bbox 343 4818 398 4875; x_wconf 90' lang='lat' dir='ltr'>boe</span> <span class='ocrx_word' id='word_1_440' title='bbox 410 4823 452 4874; x_wconf 88' lang='lat' dir='ltr'>ius</span> <span class='ocrx_word' id='word_1_441' title='bbox 463 4830 609 4877; x_wconf 89' lang='lat' dir='ltr'>sumantur</span> <span class='ocrx_word' id='word_1_442' title='bbox 621 4827 675 4877; x_wconf 89' lang='lat' dir='ltr'>sub</span> <span class='ocrx_word' id='word_1_443' title='bbox 684 4828 792 4883; x_wconf 86' lang='lat' dir='ltr'>casside</span> <span class='ocrx_word' id='word_1_444' title='bbox 802 4840 952 4902; x_wconf 82' lang='lat' dir='ltr'>unguenta.</span> 
     </span>
    </p>
   </div>
   <div class='ocr_carea' id='block_1_9' title="bbox 309 4909 1148 5682">
    <p class='ocr_par' dir='ltr' id='par_1_9' title="bbox 343 4909 1146 5265">
     <span class='ocr_line' id='line_1_65' title="bbox 381 4909 1146 4987; baseline 0.013 -24"><span class='ocrx_word' id='word_1_445' title='bbox 381 4911 417 4963; x_wconf 85' lang='lat' dir='ltr'>V.</span> <span class='ocrx_word' id='word_1_446' title='bbox 435 4909 554 4972; x_wconf 85' lang='lat' dir='ltr'>Quaado</span> <span class='ocrx_word' id='word_1_447' title='bbox 569 4910 599 4962; x_wconf 88' lang='lat' dir='ltr'>id</span> <span class='ocrx_word' id='word_1_448' title='bbox 612 4912 729 4977; x_wconf 87' lang='lat' dir='ltr'>primurn</span> <span class='ocrx_word' id='word_1_449' title='bbox 746 4914 782 4966; x_wconf 86' lang='lat' dir='ltr'>ad</span> <span class='ocrx_word' id='word_1_450' title='bbox 794 4916 933 4972; x_wconf 84' lang='lat' dir='ltr'>Romanos</span> <span class='ocrx_word' id='word_1_451' title='bbox 948 4920 1146 4987; x_wconf 84' lang='lat' dir='ltr'>penetraverit,</span> 
     </span>
     <span class='ocr_line' id='line_1_66' title="bbox 344 4977 1145 5059; baseline 0.016 -28"><span class='ocrx_word' id='word_1_452' title='bbox 344 4993 401 5031; x_wconf 91' lang='lat' dir='ltr'>non</span> <span class='ocrx_word' id='word_1_453' title='bbox 412 4977 497 5035; x_wconf 72' lang='lat' dir='ltr'>facile</span> <span class='ocrx_word' id='word_1_454' title='bbox 506 4980 636 5033; x_wconf 80' lang='lat' dir='ltr'>dixerim.</span> <span class='ocrx_word' id='word_1_455' title='bbox 662 4985 774 5034; x_wconf 80' lang='lat' dir='ltr'>certum</span> <span class='ocrx_word' id='word_1_456' title='bbox 786 4993 830 5038; x_wconf 90' lang='lat' dir='ltr'>est</span> <span class='ocrx_word' id='word_1_457' title='bbox 838 4986 976 5041; x_wconf 91' lang='lat' dir='ltr'>Antiocho</span> <span class='ocrx_word' id='word_1_458' title='bbox 988 5005 1055 5059; x_wconf 87' lang='lat' dir='ltr'>rege</span> <span class='ocrx_word' id='word_1_459' title='bbox 1065 4990 1145 5043; x_wconf 87' lang='lat' dir='ltr'>Asia·</span> 
     </span>
     <span class='ocr_line' id='line_1_67' title="bbox 344 5049 1146 5127; baseline 0.015 -27"><span class='ocrx_word' id='word_1_460' title='bbox 344 5063 398 5117; x_wconf 87' lang='lat' dir='ltr'>que</span> <span class='ocrx_word' id='word_1_461' title='bbox 409 5049 537 5112; x_wconf 86' lang='lat' dir='ltr'>devictis,</span> <span class='ocrx_word' id='word_1_462' title='bbox 557 5050 640 5102; x_wconf 84' lang='lat' dir='ltr'>Urbis</span> <span class='ocrx_word' id='word_1_463' title='bbox 652 5066 725 5104; x_wconf 87' lang='lat' dir='ltr'>anno</span> <span class='ocrx_word' id='word_1_464' title='bbox 736 5052 959 5124; x_wconf 83' lang='lat' dir='ltr'>quingentesimo</span> <span class='ocrx_word' id='word_1_465' title='bbox 970 5062 1146 5127; x_wconf 86' lang='lat' dir='ltr'>sexagesimo</span> 
     </span>
     <span class='ocr_line' id='line_1_68' title="bbox 343 5119 1144 5187; baseline 0.014 -18"><span class='ocrx_word' id='word_1_466' title='bbox 343 5119 450 5187; x_wconf 85' lang='lat' dir='ltr'>quinto,</span> <span class='ocrx_word' id='word_1_467' title='bbox 471 5119 657 5173; x_wconf 72' lang='lat' dir='ltr'>stantarum</span> <span class='ocrx_word' id='word_1_468' title='bbox 675 5122 815 5185; x_wconf 79' lang='lat' dir='ltr'>Crassum,</span> <span class='ocrx_word' id='word_1_469' title='bbox 835 5124 868 5177; x_wconf 82' lang='lat' dir='ltr'>L.</span> <span class='ocrx_word' id='word_1_470' title='bbox 883 5128 984 5179; x_wconf 86' lang='lat' dir='ltr'>lulium</span> <span class='ocrx_word' id='word_1_471' title='bbox 997 5130 1144 5183; x_wconf 82' lang='lat' dir='ltr'>Caesarem</span> 
     </span>
     <span class='ocr_line' id='line_1_69' title="bbox 344 5189 1146 5265; baseline 0.014 -23"><span class='ocrx_word' id='word_1_472' title='bbox 344 5203 476 5242; x_wconf 82' lang='lat' dir='ltr'>censores</span> <span class='ocrx_word' id='word_1_473' title='bbox 494 5189 633 5252; x_wconf 82' lang='lat' dir='ltr'>edixisse,</span> <span class='ocrx_word' id='word_1_474' title='bbox 657 5206 691 5243; x_wconf 91' lang='lat' dir='ltr'>ne</span> <span class='ocrx_word' id='word_1_475' title='bbox 702 5191 906 5258; x_wconf 79' lang='lat' dir='ltr'>quisvenderet</span> <span class='ocrx_word' id='word_1_476' title='bbox 917 5206 1061 5265; x_wconf 85' lang='lat' dir='ltr'>unguenta</span> <span class='ocrx_word' id='word_1_477' title='bbox 1081 5214 1146 5252; x_wconf 87' lang='lat' dir='ltr'>exo·</span> 
     </span>
    </p>

    <p class='ocr_par' dir='ltr' id='par_1_10' title="bbox 309 5258 1148 5682">
     <span class='ocr_line' id='line_1_70' title="bbox 309 5258 1146 5337; baseline 0.018 -30"><span class='ocrx_word' id='word_1_478' title='bbox 309 5260 326 5291; x_wconf 59' lang='grc' dir='ltr'><strong><em>θ</em></strong></span> <span class='ocrx_word' id='word_1_479' title='bbox 342 5258 412 5312; x_wconf 84' lang='lat' dir='ltr'>tica:</span> <span class='ocrx_word' id='word_1_480' title='bbox 422 5259 463 5312; x_wconf 88' lang='lat' dir='ltr'>sic</span> <span class='ocrx_word' id='word_1_481' title='bbox 475 5261 548 5313; x_wconf 87' lang='lat' dir='ltr'>eninr</span> <span class='ocrx_word' id='word_1_482' title='bbox 560 5259 744 5327; x_wconf 82' lang='lat' dir='ltr'>appellavere.</span> <span class='ocrx_word' id='word_1_483' title='bbox 776 5262 814 5313; x_wconf 91' lang='lat' dir='ltr'>At</span> <span class='ocrx_word' id='word_1_484' title='bbox 826 5262 954 5319; x_wconf 80' lang='lat' dir='ltr'>hercules</span> <span class='ocrx_word' id='word_1_485' title='bbox 964 5271 1019 5320; x_wconf 86' lang='lat' dir='ltr'>tam</span> <span class='ocrx_word' id='word_1_486' title='bbox 1032 5269 1146 5337; x_wconf 85' lang='lat' dir='ltr'>quidam</span> 
     </span>
     <span class='ocr_line' id='line_1_71' title="bbox 343 5328 1148 5401; baseline 0.014 -20"><span class='ocrx_word' id='word_1_487' title='bbox 343 5330 428 5381; x_wconf 87' lang='lat' dir='ltr'>etiam</span> <span class='ocrx_word' id='word_1_488' title='bbox 439 5328 563 5397; x_wconf 88' lang='lat' dir='ltr'>inpetus</span> <span class='ocrx_word' id='word_1_489' title='bbox 582 5328 701 5382; x_wconf 85' lang='lat' dir='ltr'>addunt:</span> <span class='ocrx_word' id='word_1_490' title='bbox 721 5332 847 5398; x_wconf 72' lang='lat' dir='ltr'>meaque</span> <span class='ocrx_word' id='word_1_491' title='bbox 863 5337 1022 5389; x_wconf 84' lang='lat' dir='ltr'>amaritudo</span> <span class='ocrx_word' id='word_1_492' title='bbox 1034 5346 1093 5401; x_wconf 89' lang='lat' dir='ltr'>est,</span> <span class='ocrx_word' id='word_1_493' title='bbox 1115 5346 1148 5391; x_wconf 93' lang='lat' dir='ltr'>ut</span> 
     </span>
     <span class='ocr_line' id='line_1_72' title="bbox 343 5396 1145 5476; baseline 0.014 -28"><span class='ocrx_word' id='word_1_494' title='bbox 343 5396 556 5466; x_wconf 84' lang='lat' dir='ltr'>odoreprodigo</span> <span class='ocrx_word' id='word_1_495' title='bbox 566 5398 694 5453; x_wconf 79' lang='lat' dir='ltr'>truantur</span> <span class='ocrx_word' id='word_1_496' title='bbox 704 5415 738 5454; x_wconf 86' lang='lat' dir='ltr'>ex</span> <span class='ocrx_word' id='word_1_497' title='bbox 749 5406 868 5470; x_wconf 85' lang='lat' dir='ltr'>utraque</span> <span class='ocrx_word' id='word_1_498' title='bbox 876 5413 956 5470; x_wconf 87' lang='lat' dir='ltr'>parte</span> <span class='ocrx_word' id='word_1_499' title='bbox 964 5411 1100 5476; x_wconf 86' lang='lat' dir='ltr'>corporis.</span> <span class='ocrx_word' id='word_1_500' title='bbox 1112 5406 1145 5461; x_wconf 80' lang='lat' dir='ltr'>l..</span> 
     </span>
     <span class='ocr_line' id='line_1_73' title="bbox 343 5464 1145 5543; baseline 0.017 -27"><span class='ocrx_word' id='word_1_501' title='bbox 343 5464 476 5531; x_wconf 80' lang='lat' dir='ltr'>Plotium,</span> <span class='ocrx_word' id='word_1_502' title='bbox 492 5468 525 5522; x_wconf 85' lang='lat'>1..</span> <span class='ocrx_word' id='word_1_503' title='bbox 537 5469 631 5522; x_wconf 86' lang='lat' dir='ltr'>Planci</span> <span class='ocrx_word' id='word_1_504' title='bbox 643 5471 684 5521; x_wconf 93' lang='lat' dir='ltr'>bis</span> <span class='ocrx_word' id='word_1_505' title='bbox 695 5471 819 5523; x_wconf 89' lang='lat' dir='ltr'>consulis</span> <span class='ocrx_word' id='word_1_506' title='bbox 829 5475 1008 5542; x_wconf 86' lang='lat' dir='ltr'>censorisque</span> <span class='ocrx_word' id='word_1_507' title='bbox 1018 5476 1145 5543; x_wconf 65' lang='lat' dir='ltr'>tratum,</span> 
     </span>
     <span class='ocr_line' id='line_1_74' title="bbox 340 5538 1148 5606; baseline 0.015 -19"><span class='ocrx_word' id='word_1_508' title='bbox 340 5538 531 5606; x_wconf 87' lang='lat' dir='ltr'>proscriptum</span> <span class='ocrx_word' id='word_1_509' title='bbox 547 5555 565 5592; x_wconf 89' lang='lat' dir='ltr'>a</span> <span class='ocrx_word' id='word_1_510' title='bbox 575 5540 735 5604; x_wconf 85' lang='lat' dir='ltr'>triunrriris,</span> <span class='ocrx_word' id='word_1_511' title='bbox 751 5544 780 5593; x_wconf 92' lang='lat' dir='ltr'>ln</span> <span class='ocrx_word' id='word_1_512' title='bbox 791 5540 967 5596; x_wconf 85' lang='lat' dir='ltr'>Salernitana</span> <span class='ocrx_word' id='word_1_513' title='bbox 978 5543 1088 5598; x_wconf 88' lang='lat' dir='ltr'>latebra</span> <span class='ocrx_word' id='word_1_514' title='bbox 1098 5563 1148 5599; x_wconf 86' lang='lat' dir='ltr'>un·</span> 
     </span>
     <span class='ocr_line' id='line_1_75' title="bbox 341 5606 1146 5682; baseline 0.019 -26"><span class='ocrx_word' id='word_1_515' title='bbox 341 5606 540 5670; x_wconf 79' lang='lat' dir='ltr'>grentiodore</span> <span class='ocrx_word' id='word_1_516' title='bbox 561 5610 700 5677; x_wconf 82' lang='lat' dir='ltr'>proditum</span> <span class='ocrx_word' id='word_1_517' title='bbox 722 5619 848 5667; x_wconf 76' lang='lat' dir='ltr'>coemat:</span> <span class='ocrx_word' id='word_1_518' title='bbox 871 5613 1146 5682; x_wconf 86' lang='lat' dir='ltr'>quodedeeoretots</span> 
     </span>
    </p>
   </div>
   <div class='ocr_carea' id='block_1_10' title="bbox 1197 463 2013 5690">
    <p class='ocr_par' dir='ltr' id='par_1_11' title="bbox 1207 463 2010 603">
     <span class='ocr_line' id='line_1_76' title="bbox 1207 463 2010 534; baseline -0.006 -16"><span class='ocrx_word' id='word_1_519' title='bbox 1207 465 1337 519; x_wconf 86' lang='lat' dir='ltr'>absolata</span> <span class='ocrx_word' id='word_1_520' title='bbox 1353 464 1524 534; x_wconf 88' lang='lat' dir='ltr'>pmscriptlo</span> <span class='ocrx_word' id='word_1_521' title='bbox 1540 471 1592 519; x_wconf 89' lang='lat' dir='ltr'>est.</span> <span class='ocrx_word' id='word_1_522' title='bbox 1621 464 1692 527; x_wconf 89' lang='lat' dir='ltr'>Quis</span> <span class='ocrx_word' id='word_1_523' title='bbox 1704 463 1845 519; x_wconf 86' lang='lat' dir='ltr'>enimnoa</span> <span class='ocrx_word' id='word_1_524' title='bbox 1856 466 2010 520; x_wconf 85' lang='lat' dir='ltr'>meritoiu.</span> 
     </span>
     <span class='ocr_line' id='line_1_77' title="bbox 1207 535 1995 603; baseline -0.004 -12"><span class='ocrx_word' id='word_1_525' title='bbox 1207 535 1509 603; x_wconf 79' lang='lat' dir='ltr'>dicetperiissetalesl</span> <span class='ocrx_word' id='word_1_526' title='bbox 1989 560 1995 581; x_wconf 76' lang='lat' dir='ltr'>r</span> 
     </span>
    </p>

    <p class='ocr_par' dir='ltr' id='par_1_12' title="bbox 1206 604 2013 1439">
     <span class='ocr_line' id='line_1_78' title="bbox 1242 604 2011 673; baseline 0.003 -16"><span class='ocrx_word' id='word_1_527' title='bbox 1242 605 1286 659; x_wconf 88' lang='lat' dir='ltr'>Vl.</span> <span class='ocrx_word' id='word_1_528' title='bbox 1305 607 1406 661; x_wconf 74' lang='lat' dir='ltr'>lietera</span> <span class='ocrx_word' id='word_1_529' title='bbox 1417 612 1553 656; x_wconf 88' lang='lat' dir='ltr'>terrarum</span> <span class='ocrx_word' id='word_1_530' title='bbox 1565 604 1686 655; x_wconf 89' lang='lat' dir='ltr'>onmium</span> <span class='ocrx_word' id='word_1_531' title='bbox 1698 604 1842 673; x_wconf 87' lang='lat' dir='ltr'>Aegyptus</span> <span class='ocrx_word' id='word_1_532' title='bbox 1852 616 2011 659; x_wconf 85' lang='lat' dir='ltr'>accommo-</span> 
     </span>
     <span class='ocr_line' id='line_1_79' title="bbox 1208 673 2013 743; baseline 0.001 -16"><span class='ocrx_word' id='word_1_533' title='bbox 1208 675 1354 727; x_wconf 87' lang='lat' dir='ltr'>datissima</span> <span class='ocrx_word' id='word_1_534' title='bbox 1372 674 1536 742; x_wconf 85' lang='lat' dir='ltr'>unguentis:</span> <span class='ocrx_word' id='word_1_535' title='bbox 1558 673 1593 724; x_wconf 89' lang='lat' dir='ltr'>ab</span> <span class='ocrx_word' id='word_1_536' title='bbox 1604 688 1637 727; x_wconf 93' lang='lat' dir='ltr'>ea</span> <span class='ocrx_word' id='word_1_537' title='bbox 1650 674 1803 742; x_wconf 85' lang='lat' dir='ltr'>Campania</span> <span class='ocrx_word' id='word_1_538' title='bbox 1812 679 1865 736; x_wconf 88' lang='lat' dir='ltr'>est,</span> <span class='ocrx_word' id='word_1_539' title='bbox 1875 677 1958 743; x_wconf 86' lang='lat' dir='ltr'>copia</span> <span class='ocrx_word' id='word_1_540' title='bbox 1969 691 2013 728; x_wconf 88' lang='grc' dir='ltr'>ιι·</span> 
     </span>
     <span class='ocr_line' id='line_1_80' title="bbox 1207 741 2012 813; baseline 0 -15"><span class='ocrx_word' id='word_1_541' title='bbox 1207 760 1264 798; x_wconf 86' lang='lat' dir='ltr'>sae.</span> <span class='ocrx_word' id='word_1_542' title='bbox 1298 744 1402 796; x_wconf 90' lang='lat' dir='ltr'>ludnea</span> <span class='ocrx_word' id='word_1_543' title='bbox 1414 758 1479 797; x_wconf 79' lang='lat' dir='ltr'>vero</span> <span class='ocrx_word' id='word_1_544' title='bbox 1490 741 1597 810; x_wconf 87' lang='lat' dir='ltr'>inclyta</span> <span class='ocrx_word' id='word_1_545' title='bbox 1607 750 1651 795; x_wconf 89' lang='grc' dir='ltr'>ιιι</span> <span class='ocrx_word' id='word_1_546' title='bbox 1661 744 1704 795; x_wconf 82' lang='lat' dir='ltr'>rel</span> <span class='ocrx_word' id='word_1_547' title='bbox 1717 743 1807 810; x_wconf 88' lang='lat' dir='ltr'>nragis</span> <span class='ocrx_word' id='word_1_548' title='bbox 1819 743 1934 810; x_wconf 88' lang='lat' dir='ltr'>palmis:</span> <span class='ocrx_word' id='word_1_549' title='bbox 1947 760 2012 813; x_wconf 88' lang='lat' dir='ltr'>qua·</span> 
     </span>
     <span class='ocr_line' id='line_1_81' title="bbox 1207 812 2012 883; baseline 0.001 -17"><span class='ocrx_word' id='word_1_550' title='bbox 1207 829 1267 868; x_wconf 89' lang='lat' dir='ltr'>rum</span> <span class='ocrx_word' id='word_1_551' title='bbox 1279 820 1381 868; x_wconf 83' lang='lat' dir='ltr'>natura</span> <span class='ocrx_word' id='word_1_552' title='bbox 1391 830 1463 866; x_wconf 90' lang='lat' dir='ltr'>nunc</span> <span class='ocrx_word' id='word_1_553' title='bbox 1472 812 1588 865; x_wconf 90' lang='lat' dir='ltr'>dicetur.</span> <span class='ocrx_word' id='word_1_554' title='bbox 1608 812 1679 865; x_wconf 88' lang='lat' dir='ltr'>Sunt</span> <span class='ocrx_word' id='word_1_555' title='bbox 1689 814 1801 882; x_wconf 89' lang='lat' dir='ltr'>quidem</span> <span class='ocrx_word' id='word_1_556' title='bbox 1812 815 1878 866; x_wconf 90' lang='lat' dir='ltr'>etin</span> <span class='ocrx_word' id='word_1_557' title='bbox 1888 815 2012 883; x_wconf 78' lang='lat' dir='ltr'>Europa,</span> 
     </span>
     <span class='ocr_line' id='line_1_82' title="bbox 1207 883 2011 953; baseline 0.002 -18"><span class='ocrx_word' id='word_1_558' title='bbox 1207 883 1346 953; x_wconf 82' lang='lat' dir='ltr'>vulgoque</span> <span class='ocrx_word' id='word_1_559' title='bbox 1364 883 1525 948; x_wconf 71' lang='lat' dir='ltr'>ltaliased</span> <span class='ocrx_word' id='word_1_560' title='bbox 1545 883 1668 937; x_wconf 88' lang='lat' dir='ltr'>steriles.</span> <span class='ocrx_word' id='word_1_561' title='bbox 1704 883 1849 937; x_wconf 84' lang='lat' dir='ltr'>Feruntin</span> <span class='ocrx_word' id='word_1_562' title='bbox 1860 885 2011 937; x_wconf 88' lang='lat' dir='ltr'>maritimis</span> 
     </span>
     <span class='ocr_line' id='line_1_83' title="bbox 1207 953 2012 1022; baseline 0 -15"><span class='ocrx_word' id='word_1_563' title='bbox 1207 954 1362 1022; x_wconf 82' lang='lat' dir='ltr'>Hispaniae</span> <span class='ocrx_word' id='word_1_564' title='bbox 1383 953 1525 1018; x_wconf 82' lang='lat' dir='ltr'>tractum,</span> <span class='ocrx_word' id='word_1_565' title='bbox 1545 968 1641 1006; x_wconf 83' lang='lat' dir='ltr'>verum</span> <span class='ocrx_word' id='word_1_566' title='bbox 1670 954 1818 1007; x_wconf 84' lang='lat' dir='ltr'>immitem:</span> <span class='ocrx_word' id='word_1_567' title='bbox 1849 953 1958 1007; x_wconf 87' lang='lat' dir='ltr'>dulcem</span> <span class='ocrx_word' id='word_1_568' title='bbox 1981 956 2012 1007; x_wconf 90' lang='grc' dir='ltr'>ιιι</span> 
     </span>
     <span class='ocr_line' id='line_1_84' title="bbox 1206 1023 2008 1088; baseline 0 -11"><span class='ocrx_word' id='word_1_569' title='bbox 1206 1023 1367 1088; x_wconf 65' lang='lat' dir='ltr'>atrienses</span> <span class='ocrx_word' id='word_1_570' title='bbox 1379 1023 1477 1076; x_wconf 83' lang='grc' dir='ltr'>ιιιιιιι</span> <span class='ocrx_word' id='word_1_571' title='bbox 1489 1028 1707 1076; x_wconf 74' lang='lat' dir='ltr'>evanescentem.</span> <span class='ocrx_word' id='word_1_572' title='bbox 1729 1025 1835 1077; x_wconf 84' lang='lat' dir='ltr'>Contra</span> <span class='ocrx_word' id='word_1_573' title='bbox 1845 1024 2008 1077; x_wconf 87' lang='lat' dir='ltr'>in0riente:</span> 
     </span>
     <span class='ocr_line' id='line_1_85' title="bbox 1207 1093 2011 1163; baseline -0.001 -14"><span class='ocrx_word' id='word_1_574' title='bbox 1207 1110 1241 1149; x_wconf 87' lang='lat' dir='ltr'>ex</span> <span class='ocrx_word' id='word_1_575' title='bbox 1253 1094 1296 1146; x_wconf 85' lang='lat' dir='ltr'>his</span> <span class='ocrx_word' id='word_1_576' title='bbox 1307 1095 1380 1157; x_wconf 84' lang='lat' dir='ltr'>rina,</span> <span class='ocrx_word' id='word_1_577' title='bbox 1402 1094 1581 1162; x_wconf 89' lang='lat' dir='ltr'>gentiumque</span> <span class='ocrx_word' id='word_1_578' title='bbox 1601 1093 1742 1160; x_wconf 82' lang='lat' dir='ltr'>aliquibus</span> <span class='ocrx_word' id='word_1_579' title='bbox 1757 1095 1859 1163; x_wconf 35' lang='lat' dir='ltr'>,panim</span> <span class='ocrx_word' id='word_1_580' title='bbox 1882 1095 2011 1162; x_wconf 89' lang='lat' dir='ltr'>plurimis</span> 
     </span>
     <span class='ocr_line' id='line_1_86' title="bbox 1207 1161 2010 1230; baseline 0.006 -17"><span class='ocrx_word' id='word_1_581' title='bbox 1207 1179 1273 1216; x_wconf 89' lang='lat' dir='ltr'>rere</span> <span class='ocrx_word' id='word_1_582' title='bbox 1285 1163 1370 1216; x_wconf 89' lang='lat' dir='ltr'>etiam</span> <span class='ocrx_word' id='word_1_583' title='bbox 1382 1161 1594 1230; x_wconf 88' lang='lat' dir='ltr'>quadrupedum</span> <span class='ocrx_word' id='word_1_584' title='bbox 1617 1163 1704 1215; x_wconf 89' lang='lat' dir='ltr'>cibus.</span> <span class='ocrx_word' id='word_1_585' title='bbox 1741 1164 1930 1226; x_wconf 78' lang='lat' dir='ltr'>Quamobrem</span> <span class='ocrx_word' id='word_1_586' title='bbox 1950 1165 2010 1219; x_wconf 88' lang='lat' dir='ltr'>iore</span> 
     </span>
     <span class='ocr_line' id='line_1_87' title="bbox 1206 1229 2009 1303; baseline 0.002 -19"><span class='ocrx_word' id='word_1_587' title='bbox 1206 1234 1336 1286; x_wconf 90' lang='lat' dir='ltr'>dicentur</span> <span class='ocrx_word' id='word_1_588' title='bbox 1344 1240 1487 1285; x_wconf 85' lang='lat' dir='ltr'>&#39;externae</span> <span class='ocrx_word' id='word_1_589' title='bbox 1511 1231 1595 1285; x_wconf 87' lang='lat' dir='ltr'>Nulla</span> <span class='ocrx_word' id='word_1_590' title='bbox 1605 1240 1648 1284; x_wconf 89' lang='grc' dir='ltr'>ιιι</span> <span class='ocrx_word' id='word_1_591' title='bbox 1659 1233 1686 1284; x_wconf 87' lang='grc' dir='ltr'>ιι</span> <span class='ocrx_word' id='word_1_592' title='bbox 1697 1233 1781 1285; x_wconf 82' lang='grc' dir='ltr'>Ιιιιιι</span> <span class='ocrx_word' id='word_1_593' title='bbox 1793 1229 2009 1303; x_wconf 85' lang='lat' dir='ltr'>sponte&#39;genita,</span> 
     </span>
     <span class='ocr_line' id='line_1_88' title="bbox 1207 1302 2009 1374; baseline 0.001 -19"><span class='ocrx_word' id='word_1_594' title='bbox 1207 1320 1257 1357; x_wconf 92' lang='lat' dir='ltr'>nec</span> <span class='ocrx_word' id='word_1_595' title='bbox 1268 1304 1296 1355; x_wconf 92' lang='lat' dir='ltr'>in</span> <span class='ocrx_word' id='word_1_596' title='bbox 1308 1302 1365 1354; x_wconf 89' lang='lat' dir='ltr'>alia</span> <span class='ocrx_word' id='word_1_597' title='bbox 1376 1309 1457 1369; x_wconf 88' lang='lat' dir='ltr'>parte</span> <span class='ocrx_word' id='word_1_598' title='bbox 1469 1307 1617 1363; x_wconf 87' lang='lat' dir='ltr'>terrarum,</span> <span class='ocrx_word' id='word_1_599' title='bbox 1636 1302 1690 1353; x_wconf 90' lang='lat' dir='ltr'>nisi</span> <span class='ocrx_word' id='word_1_600' title='bbox 1703 1304 1731 1355; x_wconf 94' lang='lat' dir='ltr'>in</span> <span class='ocrx_word' id='word_1_601' title='bbox 1747 1303 1852 1356; x_wconf 88' lang='lat' dir='ltr'>calida:</span> <span class='ocrx_word' id='word_1_602' title='bbox 1872 1303 2009 1374; x_wconf 78' lang='lat' dir='ltr'>frugifera</span> 
     </span>
     <span class='ocr_line' id='line_1_89' title="bbox 1206 1370 1665 1439; baseline 0 -15"><span class='ocrx_word' id='word_1_603' title='bbox 1206 1389 1272 1426; x_wconf 77' lang='lat' dir='ltr'>tero</span> <span class='ocrx_word' id='word_1_604' title='bbox 1285 1387 1431 1439; x_wconf 89' lang='lat' dir='ltr'>nusquam,</span> <span class='ocrx_word' id='word_1_605' title='bbox 1441 1372 1496 1424; x_wconf 88' lang='lat' dir='ltr'>nisi</span> <span class='ocrx_word' id='word_1_606' title='bbox 1507 1372 1536 1423; x_wconf 88' lang='lat' dir='ltr'>in</span> <span class='ocrx_word' id='word_1_607' title='bbox 1548 1370 1665 1424; x_wconf 79' lang='lat' dir='ltr'>terr-toa.</span> 
     </span>
    </p>

    <p class='ocr_par' dir='ltr' id='par_1_13' title="bbox 1203 1441 2011 3026">
     <span class='ocr_line' id='line_1_90' title="bbox 1242 1441 2007 1510; baseline 0.003 -16"><span class='ocrx_word' id='word_1_608' title='bbox 1242 1441 1301 1495; x_wconf 90' lang='lat' dir='ltr'>Vll.</span> <span class='ocrx_word' id='word_1_609' title='bbox 1324 1442 1458 1510; x_wconf 85' lang='lat' dir='ltr'>Gignitur</span> <span class='ocrx_word' id='word_1_610' title='bbox 1477 1442 1531 1494; x_wconf 84' lang='lat' dir='ltr'>leri</span> <span class='ocrx_word' id='word_1_611' title='bbox 1552 1441 1738 1509; x_wconf 85' lang='lat' dir='ltr'>sabulosaque</span> <span class='ocrx_word' id='word_1_612' title='bbox 1749 1449 1840 1496; x_wconf 88' lang='lat' dir='ltr'>terra:</span> <span class='ocrx_word' id='word_1_613' title='bbox 1860 1443 1966 1496; x_wconf 88' lang='lat' dir='ltr'>maiore</span> <span class='ocrx_word' id='word_1_614' title='bbox 1979 1443 2007 1495; x_wconf 93' lang='lat' dir='ltr'>in</span> 
     </span>
     <span class='ocr_line' id='line_1_91' title="bbox 1205 1509 2009 1580; baseline 0.002 -17"><span class='ocrx_word' id='word_1_615' title='bbox 1205 1518 1287 1580; x_wconf 88' lang='lat' dir='ltr'>parte</span> <span class='ocrx_word' id='word_1_616' title='bbox 1298 1519 1327 1565; x_wconf 89' lang='lat' dir='ltr'>et</span> <span class='ocrx_word' id='word_1_617' title='bbox 1338 1514 1456 1566; x_wconf 85' lang='lat' dir='ltr'>nitroso.</span> <span class='ocrx_word' id='word_1_618' title='bbox 1483 1509 1594 1565; x_wconf 86' lang='lat' dir='ltr'>Gaudet</span> <span class='ocrx_word' id='word_1_619' title='bbox 1605 1517 1634 1563; x_wconf 89' lang='lat' dir='ltr'>et</span> <span class='ocrx_word' id='word_1_620' title='bbox 1645 1512 1748 1579; x_wconf 76' lang='lat' dir='ltr'>riguis:</span> <span class='ocrx_word' id='word_1_621' title='bbox 1759 1520 1877 1580; x_wconf 88' lang='lat' dir='ltr'>totoque</span> <span class='ocrx_word' id='word_1_622' title='bbox 1888 1527 1959 1564; x_wconf 91' lang='lat' dir='ltr'>anno</span> <span class='ocrx_word' id='word_1_623' title='bbox 1969 1514 2009 1565; x_wconf 88' lang='lat' dir='ltr'>bi·</span> 
     </span>
     <span class='ocr_line' id='line_1_92' title="bbox 1205 1581 2007 1650; baseline 0.001 -17"><span class='ocrx_word' id='word_1_624' title='bbox 1205 1584 1271 1634; x_wconf 88' lang='lat' dir='ltr'>bere</span> <span class='ocrx_word' id='word_1_625' title='bbox 1289 1596 1349 1633; x_wconf 90' lang='lat' dir='ltr'>cunr</span> <span class='ocrx_word' id='word_1_626' title='bbox 1359 1588 1443 1646; x_wconf 90' lang='lat' dir='ltr'>amet,</span> <span class='ocrx_word' id='word_1_627' title='bbox 1464 1596 1537 1633; x_wconf 91' lang='lat' dir='ltr'>anno</span> <span class='ocrx_word' id='word_1_628' title='bbox 1548 1581 1666 1634; x_wconf 87' lang='lat' dir='ltr'>sitienti.</span> <span class='ocrx_word' id='word_1_629' title='bbox 1693 1581 1909 1650; x_wconf 81' lang='lat' dir='ltr'>Ahmoquidem</span> <span class='ocrx_word' id='word_1_630' title='bbox 1922 1584 2007 1635; x_wconf 89' lang='lat' dir='ltr'>etiam</span> 
     </span>
     <span class='ocr_line' id='line_1_93' title="bbox 1206 1650 2008 1721; baseline 0 -19"><span class='ocrx_word' id='word_1_631' title='bbox 1206 1650 1279 1704; x_wconf 89' lang='lat' dir='ltr'>laedi</span> <span class='ocrx_word' id='word_1_632' title='bbox 1291 1658 1405 1719; x_wconf 86' lang='lat' dir='ltr'>putant:</span> <span class='ocrx_word' id='word_1_633' title='bbox 1421 1658 1451 1704; x_wconf 92' lang='grc' dir='ltr'>ιι</span> <span class='ocrx_word' id='word_1_634' title='bbox 1462 1651 1640 1719; x_wconf 80' lang='lat' dir='ltr'>Assyriorum</span> <span class='ocrx_word' id='word_1_635' title='bbox 1651 1665 1717 1718; x_wconf 84' lang='lat' dir='ltr'>pars</span> <span class='ocrx_word' id='word_1_636' title='bbox 1727 1651 1830 1721; x_wconf 83' lang='lat' dir='ltr'>aliqua,</span> <span class='ocrx_word' id='word_1_637' title='bbox 1840 1653 1863 1704; x_wconf 89' lang='lat' dir='ltr'>si</span> <span class='ocrx_word' id='word_1_638' title='bbox 1876 1668 1931 1703; x_wconf 87' lang='lat' dir='ltr'>non</span> <span class='ocrx_word' id='word_1_639' title='bbox 1942 1653 2008 1704; x_wconf 82' lang='lat' dir='ltr'>siris</span> 
     </span>
     <span class='ocr_line' id='line_1_94' title="bbox 1205 1720 2007 1790; baseline 0.001 -17"><span class='ocrx_word' id='word_1_640' title='bbox 1205 1722 1365 1775; x_wconf 69' lang='lat' dir='ltr'>misceatur.</span> <span class='ocrx_word' id='word_1_641' title='bbox 1402 1720 1617 1777; x_wconf 70' lang='lat' dir='ltr'>aeneatorum</span> <span class='ocrx_word' id='word_1_642' title='bbox 1628 1721 1720 1790; x_wconf 85' lang='lat' dir='ltr'>plura:</span> <span class='ocrx_word' id='word_1_643' title='bbox 1737 1726 1766 1773; x_wconf 87' lang='lat' dir='ltr'>cl</span> <span class='ocrx_word' id='word_1_644' title='bbox 1778 1722 1867 1787; x_wconf 80' lang='lat' dir='ltr'>prima</span> <span class='ocrx_word' id='word_1_645' title='bbox 1878 1722 2007 1775; x_wconf 81' lang='lat' dir='ltr'>fruticem</span> 
     </span>
     <span class='ocr_line' id='line_1_95' title="bbox 1205 1790 2009 1859; baseline 0.001 -17"><span class='ocrx_word' id='word_1_646' title='bbox 1205 1807 1259 1842; x_wconf 93' lang='lat' dir='ltr'>non</span> <span class='ocrx_word' id='word_1_647' title='bbox 1272 1790 1452 1843; x_wconf 80' lang='lat' dir='ltr'>excedentia:</span> <span class='ocrx_word' id='word_1_648' title='bbox 1473 1791 1598 1843; x_wconf 87' lang='lat' dir='ltr'>sterilem</span> <span class='ocrx_word' id='word_1_649' title='bbox 1611 1791 1693 1854; x_wconf 67' lang='lat' dir='ltr'>hunc</span> <span class='ocrx_word' id='word_1_650' title='bbox 1715 1791 1801 1844; x_wconf 91' lang='lat' dir='ltr'>aliubi</span> <span class='ocrx_word' id='word_1_651' title='bbox 1813 1800 1841 1843; x_wconf 88' lang='lat' dir='ltr'>et</span> <span class='ocrx_word' id='word_1_652' title='bbox 1851 1792 1944 1859; x_wconf 88' lang='lat' dir='ltr'>ipsum</span> <span class='ocrx_word' id='word_1_653' title='bbox 1955 1792 2009 1843; x_wconf 81' lang='lat' dir='ltr'>ser·</span> 
     </span>
     <span class='ocr_line' id='line_1_96' title="bbox 1206 1861 2009 1928; baseline 0 -15"><span class='ocrx_word' id='word_1_654' title='bbox 1206 1862 1296 1924; x_wconf 85' lang='lat' dir='ltr'>tilam,</span> <span class='ocrx_word' id='word_1_655' title='bbox 1318 1861 1451 1928; x_wconf 78' lang='lat' dir='ltr'>brevique</span> <span class='ocrx_word' id='word_1_656' title='bbox 1473 1862 1692 1913; x_wconf 87' lang='lat' dir='ltr'>ramoronrorbe</span> <span class='ocrx_word' id='word_1_657' title='bbox 1712 1861 1852 1913; x_wconf 81' lang='lat' dir='ltr'>foliosum.</span> <span class='ocrx_word' id='word_1_658' title='bbox 1882 1861 2009 1913; x_wconf 86' lang='lat' dir='ltr'>Tectorii</span> 
     </span>
     <span class='ocr_line' id='line_1_97' title="bbox 1204 1928 2009 1999; baseline 0.001 -18"><span class='ocrx_word' id='word_1_659' title='bbox 1204 1931 1292 1983; x_wconf 81' lang='lat' dir='ltr'>ricem</span> <span class='ocrx_word' id='word_1_660' title='bbox 1306 1928 1350 1982; x_wconf 90' lang='lat' dir='ltr'>hic</span> <span class='ocrx_word' id='word_1_661' title='bbox 1362 1930 1517 1997; x_wconf 88' lang='lat' dir='ltr'>parietlbus</span> <span class='ocrx_word' id='word_1_662' title='bbox 1528 1930 1668 1998; x_wconf 89' lang='lat' dir='ltr'>plerisque</span> <span class='ocrx_word' id='word_1_663' title='bbox 1679 1931 1708 1983; x_wconf 90' lang='grc' dir='ltr'>ιι</span> <span class='ocrx_word' id='word_1_664' title='bbox 1723 1931 1792 1983; x_wconf 87' lang='grc' dir='ltr'>Ιοιιι</span> <span class='ocrx_word' id='word_1_665' title='bbox 1805 1936 1930 1999; x_wconf 85' lang='lat' dir='ltr'>praestat</span> <span class='ocrx_word' id='word_1_666' title='bbox 1940 1945 2009 1982; x_wconf 90' lang='lat' dir='ltr'>con·</span> 
     </span>
     <span class='ocr_line' id='line_1_98' title="bbox 1206 2000 2011 2069; baseline 0.001 -17"><span class='ocrx_word' id='word_1_667' title='bbox 1206 2006 1252 2052; x_wconf 90' lang='lat' dir='ltr'>tra</span> <span class='ocrx_word' id='word_1_668' title='bbox 1263 2003 1431 2069; x_wconf 87' lang='lat' dir='ltr'>aspergines.</span> <span class='ocrx_word' id='word_1_669' title='bbox 1469 2000 1677 2053; x_wconf 77' lang='lat' dir='ltr'>Proecrtortbus</span> <span class='ocrx_word' id='word_1_670' title='bbox 1688 2000 1773 2064; x_wconf 85' lang='lat' dir='ltr'>silra,</span> <span class='ocrx_word' id='word_1_671' title='bbox 1790 2002 1890 2053; x_wconf 87' lang='lat' dir='ltr'>arbore</span> <span class='ocrx_word' id='word_1_672' title='bbox 1902 2016 1936 2054; x_wconf 90' lang='lat' dir='ltr'>ex</span> <span class='ocrx_word' id='word_1_673' title='bbox 1948 2000 2011 2069; x_wconf 88' lang='lat' dir='ltr'>ipsa</span> 
     </span>
     <span class='ocr_line' id='line_1_99' title="bbox 1205 2069 2010 2138; baseline 0.002 -17"><span class='ocrx_word' id='word_1_674' title='bbox 1205 2069 1338 2121; x_wconf 84' lang='lat' dir='ltr'>loliorum</span> <span class='ocrx_word' id='word_1_675' title='bbox 1360 2070 1457 2122; x_wconf 89' lang='lat' dir='ltr'>aculeo</span> <span class='ocrx_word' id='word_1_676' title='bbox 1476 2069 1630 2122; x_wconf 76' lang='lat' dir='ltr'>fruticante</span> <span class='ocrx_word' id='word_1_677' title='bbox 1652 2070 1728 2123; x_wconf 89' lang='lat' dir='ltr'>eirca</span> <span class='ocrx_word' id='word_1_678' title='bbox 1748 2076 1822 2123; x_wconf 89' lang='lat' dir='ltr'>totas</span> <span class='ocrx_word' id='word_1_679' title='bbox 1834 2071 2010 2138; x_wconf 83' lang='lat' dir='ltr'>pectinatim,</span> 
     </span>
     <span class='ocr_line' id='line_1_100' title="bbox 1205 2139 2009 2206; baseline 0.004 -17"><span class='ocrx_word' id='word_1_680' title='bbox 1205 2154 1273 2206; x_wconf 90' lang='lat' dir='ltr'>quas</span> <span class='ocrx_word' id='word_1_681' title='bbox 1287 2139 1431 2192; x_wconf 75' lang='lat' dir='ltr'>silvestres</span> <span class='ocrx_word' id='word_1_682' title='bbox 1452 2139 1570 2206; x_wconf 87' lang='lat' dir='ltr'>intelligi</span> <span class='ocrx_word' id='word_1_683' title='bbox 1582 2154 1695 2192; x_wconf 87' lang='lat' dir='ltr'>necesse</span> <span class='ocrx_word' id='word_1_684' title='bbox 1707 2148 1759 2193; x_wconf 86' lang='lat' dir='ltr'>est.</span> <span class='ocrx_word' id='word_1_685' title='bbox 1794 2141 1907 2193; x_wconf 86' lang='lat' dir='ltr'>lacerta</span> <span class='ocrx_word' id='word_1_686' title='bbox 1916 2148 2009 2194; x_wconf 88' lang='lat' dir='ltr'>tamen</span> 
     </span>
     <span class='ocr_line' id='line_1_101' title="bbox 1204 2207 2010 2279; baseline 0.002 -19"><span class='ocrx_word' id='word_1_687' title='bbox 1204 2207 1322 2261; x_wconf 86' lang='lat' dir='ltr'>libidine</span> <span class='ocrx_word' id='word_1_688' title='bbox 1332 2210 1417 2261; x_wconf 88' lang='lat' dir='ltr'>etiam</span> <span class='ocrx_word' id='word_1_689' title='bbox 1430 2209 1589 2260; x_wconf 88' lang='lat' dir='ltr'>mitioribus</span> <span class='ocrx_word' id='word_1_690' title='bbox 1600 2225 1630 2262; x_wconf 90' lang='lat' dir='ltr'>sc</span> <span class='ocrx_word' id='word_1_691' title='bbox 1642 2213 1766 2262; x_wconf 77' lang='lat' dir='ltr'>miscent</span> <span class='ocrx_word' id='word_1_692' title='bbox 1791 2210 1926 2279; x_wconf 84' lang='lat' dir='ltr'>Reliquae</span> <span class='ocrx_word' id='word_1_693' title='bbox 1937 2216 2010 2263; x_wconf 82' lang='lat' dir='ltr'>tere·</span> 
     </span>
     <span class='ocr_line' id='line_1_102' title="bbox 1205 2278 2011 2349; baseline 0.002 -19"><span class='ocrx_word' id='word_1_694' title='bbox 1205 2286 1249 2331; x_wconf 84' lang='lat' dir='ltr'>tes</span> <span class='ocrx_word' id='word_1_695' title='bbox 1260 2284 1344 2346; x_wconf 88' lang='lat' dir='ltr'>atque</span> <span class='ocrx_word' id='word_1_696' title='bbox 1353 2293 1498 2345; x_wconf 89' lang='lat' dir='ltr'>procerae,</span> <span class='ocrx_word' id='word_1_697' title='bbox 1508 2278 1602 2331; x_wconf 87' lang='lat' dir='ltr'>densis</span> <span class='ocrx_word' id='word_1_698' title='bbox 1612 2278 1793 2349; x_wconf 88' lang='lat' dir='ltr'>gradatisque</span> <span class='ocrx_word' id='word_1_699' title='bbox 1803 2282 1937 2335; x_wconf 82' lang='grc' dir='ltr'>ιιιιιιιιιιι</span> <span class='ocrx_word' id='word_1_700' title='bbox 1950 2280 2011 2348; x_wconf 91' lang='lat' dir='ltr'>pol·</span> 
     </span>
     <span class='ocr_line' id='line_1_103' title="bbox 1204 2347 2010 2411; baseline 0 -10"><span class='ocrx_word' id='word_1_701' title='bbox 1204 2349 1315 2410; x_wconf 89' lang='lat' dir='ltr'>lieibus,</span> <span class='ocrx_word' id='word_1_702' title='bbox 1327 2356 1357 2399; x_wconf 89' lang='lat' dir='ltr'>ut</span> <span class='ocrx_word' id='word_1_703' title='bbox 1368 2347 1492 2411; x_wconf 90' lang='lat' dir='ltr'>orbibus,</span> <span class='ocrx_word' id='word_1_704' title='bbox 1512 2347 1611 2401; x_wconf 76' lang='lat' dir='ltr'>faciles</span> <span class='ocrx_word' id='word_1_705' title='bbox 1620 2364 1650 2402; x_wconf 90' lang='lat' dir='ltr'>se</span> <span class='ocrx_word' id='word_1_706' title='bbox 1660 2350 1696 2402; x_wconf 88' lang='lat' dir='ltr'>ad</span> <span class='ocrx_word' id='word_1_707' title='bbox 1709 2351 1896 2404; x_wconf 83' lang='lat' dir='ltr'>scandendum</span> <span class='ocrx_word' id='word_1_708' title='bbox 1908 2351 2010 2402; x_wconf 87' lang='lat' dir='ltr'>Oricrs·</span> 
     </span>
     <span class='ocr_line' id='line_1_104' title="bbox 1205 2418 2009 2490; baseline 0.002 -19"><span class='ocrx_word' id='word_1_709' title='bbox 1205 2420 1244 2471; x_wconf 90' lang='lat' dir='ltr'>tis</span> <span class='ocrx_word' id='word_1_710' title='bbox 1255 2418 1366 2485; x_wconf 91' lang='lat' dir='ltr'>populis</span> <span class='ocrx_word' id='word_1_711' title='bbox 1378 2418 1520 2485; x_wconf 88' lang='lat' dir='ltr'>praebent,</span> <span class='ocrx_word' id='word_1_712' title='bbox 1541 2418 1646 2471; x_wconf 75' lang='lat' dir='ltr'>vitilem</span> <span class='ocrx_word' id='word_1_713' title='bbox 1666 2419 1720 2473; x_wconf 86' lang='lat' dir='ltr'>sibi</span> <span class='ocrx_word' id='word_1_714' title='bbox 1739 2420 1891 2490; x_wconf 86' lang='lat' dir='ltr'>arborique</span> <span class='ocrx_word' id='word_1_715' title='bbox 1901 2420 2009 2473; x_wconf 87' lang='lat' dir='ltr'>indutis</span> 
     </span>
     <span class='ocr_line' id='line_1_105' title="bbox 1205 2487 2008 2556; baseline 0.002 -16"><span class='ocrx_word' id='word_1_716' title='bbox 1205 2488 1351 2551; x_wconf 86' lang='lat' dir='ltr'>circulum,</span> <span class='ocrx_word' id='word_1_717' title='bbox 1371 2489 1443 2539; x_wconf 86' lang='lat' dir='ltr'>mira</span> <span class='ocrx_word' id='word_1_718' title='bbox 1461 2488 1629 2556; x_wconf 85' lang='lat' dir='ltr'>pernicitate</span> <span class='ocrx_word' id='word_1_719' title='bbox 1650 2496 1709 2542; x_wconf 92' lang='lat' dir='ltr'>tum</span> <span class='ocrx_word' id='word_1_720' title='bbox 1731 2487 1843 2546; x_wconf 90' lang='lat' dir='ltr'>homine</span> <span class='ocrx_word' id='word_1_721' title='bbox 1863 2490 2008 2543; x_wconf 88' lang='lat' dir='ltr'>subeunte.</span> 
     </span>
     <span class='ocr_line' id='line_1_106' title="bbox 1205 2559 2010 2628; baseline 0 -18"><span class='ocrx_word' id='word_1_722' title='bbox 1205 2560 1292 2610; x_wconf 89' lang='lat' dir='ltr'>Coma</span> <span class='ocrx_word' id='word_1_723' title='bbox 1303 2559 1393 2611; x_wconf 89' lang='lat' dir='ltr'>omnis</span> <span class='ocrx_word' id='word_1_724' title='bbox 1405 2560 1432 2610; x_wconf 93' lang='lat' dir='ltr'>in</span> <span class='ocrx_word' id='word_1_725' title='bbox 1443 2559 1597 2623; x_wconf 86' lang='lat' dir='ltr'>cacumine,</span> <span class='ocrx_word' id='word_1_726' title='bbox 1618 2566 1647 2611; x_wconf 88' lang='lat' dir='ltr'>et</span> <span class='ocrx_word' id='word_1_727' title='bbox 1657 2575 1768 2628; x_wconf 88' lang='lat' dir='ltr'>ponnrm</span> <span class='ocrx_word' id='word_1_728' title='bbox 1782 2569 1836 2613; x_wconf 88' lang='lat' dir='ltr'>est:</span> <span class='ocrx_word' id='word_1_729' title='bbox 1855 2576 1910 2612; x_wconf 92' lang='lat' dir='ltr'>non</span> <span class='ocrx_word' id='word_1_730' title='bbox 1932 2560 2010 2611; x_wconf 88' lang='lat' dir='ltr'>inter·</span> 
     </span>
     <span class='ocr_line' id='line_1_107' title="bbox 1205 2626 2007 2697; baseline -0.001 -18"><span class='ocrx_word' id='word_1_731' title='bbox 1205 2626 1277 2680; x_wconf 84' lang='lat' dir='ltr'>lolia</span> <span class='ocrx_word' id='word_1_732' title='bbox 1287 2626 1348 2691; x_wconf 90' lang='lat' dir='ltr'>hoc,</span> <span class='ocrx_word' id='word_1_733' title='bbox 1369 2637 1401 2680; x_wconf 92' lang='lat' dir='ltr'>ut</span> <span class='ocrx_word' id='word_1_734' title='bbox 1411 2629 1439 2679; x_wconf 92' lang='lat' dir='ltr'>in</span> <span class='ocrx_word' id='word_1_735' title='bbox 1451 2629 1568 2681; x_wconf 82' lang='lat' dir='ltr'>ceteris:</span> <span class='ocrx_word' id='word_1_736' title='bbox 1590 2629 1639 2681; x_wconf 89' lang='lat' dir='ltr'>scd</span> <span class='ocrx_word' id='word_1_737' title='bbox 1650 2633 1708 2681; x_wconf 80' lang='lat' dir='ltr'>siris</span> <span class='ocrx_word' id='word_1_738' title='bbox 1720 2631 1794 2683; x_wconf 89' lang='lat' dir='ltr'>inter</span> <span class='ocrx_word' id='word_1_739' title='bbox 1805 2644 1897 2682; x_wconf 85' lang='lat' dir='ltr'>ramos</span> <span class='ocrx_word' id='word_1_740' title='bbox 1906 2628 2007 2697; x_wconf 85' lang='lat' dir='ltr'>palmi·</span> 
     </span>
     <span class='ocr_line' id='line_1_108' title="bbox 1205 2698 2008 2768; baseline 0 -19"><span class='ocrx_word' id='word_1_741' title='bbox 1205 2698 1279 2749; x_wconf 89' lang='lat' dir='ltr'>tibus</span> <span class='ocrx_word' id='word_1_742' title='bbox 1296 2713 1480 2761; x_wconf 89' lang='lat' dir='ltr'>racemosum,</span> <span class='ocrx_word' id='word_1_743' title='bbox 1499 2705 1616 2768; x_wconf 84' lang='lat' dir='ltr'>utraque</span> <span class='ocrx_word' id='word_1_744' title='bbox 1635 2705 1911 2768; x_wconf 84' lang='lat' dir='ltr'>unturauraeatque</span> <span class='ocrx_word' id='word_1_745' title='bbox 1923 2698 2008 2767; x_wconf 90' lang='lat' dir='ltr'>pomi.</span> 
     </span>
     <span class='ocr_line' id='line_1_109' title="bbox 1205 2766 2009 2833; baseline 0 -14"><span class='ocrx_word' id='word_1_746' title='bbox 1205 2766 1289 2819; x_wconf 85' lang='lat' dir='ltr'>Folia</span> <span class='ocrx_word' id='word_1_747' title='bbox 1300 2769 1423 2820; x_wconf 88' lang='lat' dir='ltr'>cultrato</span> <span class='ocrx_word' id='word_1_748' title='bbox 1438 2783 1579 2833; x_wconf 79' lang='lat' dir='ltr'>mamone,</span> <span class='ocrx_word' id='word_1_749' title='bbox 1601 2770 1737 2823; x_wconf 86' lang='lat' dir='ltr'>lateribus</span> <span class='ocrx_word' id='word_1_750' title='bbox 1749 2771 1778 2821; x_wconf 93' lang='lat' dir='ltr'>in</span> <span class='ocrx_word' id='word_1_751' title='bbox 1790 2786 1851 2824; x_wconf 92' lang='lat' dir='ltr'>sese</span> <span class='ocrx_word' id='word_1_752' title='bbox 1872 2766 2009 2830; x_wconf 84' lang='lat' dir='ltr'>bifidatis,</span> 
     </span>
     <span class='ocr_line' id='line_1_110' title="bbox 1205 2836 2010 2905; baseline 0.004 -18"><span class='ocrx_word' id='word_1_753' title='bbox 1205 2836 1280 2889; x_wconf 85' lang='lat' dir='ltr'>bella</span> <span class='ocrx_word' id='word_1_754' title='bbox 1290 2838 1410 2905; x_wconf 89' lang='lat' dir='ltr'>primum</span> <span class='ocrx_word' id='word_1_755' title='bbox 1421 2837 1648 2891; x_wconf 76' lang='lat' dir='ltr'>demonstravere</span> <span class='ocrx_word' id='word_1_756' title='bbox 1659 2840 1785 2905; x_wconf 88' lang='lat' dir='ltr'>gemina:</span> <span class='ocrx_word' id='word_1_757' title='bbox 1797 2837 2010 2899; x_wconf 81' lang='lat' dir='ltr'>nuncadfunes,</span> 
     </span>
     <span class='ocr_line' id='line_1_111' title="bbox 1203 2906 2010 3026; baseline 0.001 -70"><span class='ocrx_word' id='word_1_758' title='bbox 1203 2906 1380 3026; x_wconf 47' lang='lat' dir='ltr'>{ltiliumqna</span> <span class='ocrx_word' id='word_1_759' title='bbox 1395 2922 1495 2970; x_wconf 81' lang='lat' dir='ltr'>nexus,</span> <span class='ocrx_word' id='word_1_760' title='bbox 1516 2913 1545 2958; x_wconf 87' lang='lat' dir='ltr'>et</span> <span class='ocrx_word' id='word_1_761' title='bbox 1559 2909 1681 2973; x_wconf 89' lang='lat' dir='ltr'>capitum</span> <span class='ocrx_word' id='word_1_762' title='bbox 1702 2907 1947 2961; x_wconf 83' lang='lat' dir='ltr'>lerinumbracula</span> <span class='ocrx_word' id='word_1_763' title='bbox 1959 2908 2010 2958; x_wconf 88' lang='lat' dir='ltr'>iln-</span> 
     </span>
     <span class='ocr_line' id='line_1_112' title="bbox 1223 2981 1315 3026; baseline 0.011 -1"><span class='ocrx_word' id='word_1_764' title='bbox 1223 2981 1315 3026; x_wconf 87' lang='lat' dir='ltr'>untur.</span> 
     </span>
    </p>

    <p class='ocr_par' dir='ltr' id='par_1_14' title="bbox 1198 3042 2012 5394">
     <span class='ocr_line' id='line_1_113' title="bbox 1239 3042 2012 3113; baseline 0.005 -20"><span class='ocrx_word' id='word_1_765' title='bbox 1239 3042 1400 3105; x_wconf 79' lang='lat' dir='ltr'>Arboribus,</span> <span class='ocrx_word' id='word_1_766' title='bbox 1419 3044 1507 3095; x_wconf 86' lang='lat' dir='ltr'>immo</span> <span class='ocrx_word' id='word_1_767' title='bbox 1527 3042 1624 3109; x_wconf 90' lang='lat' dir='ltr'>potius</span> <span class='ocrx_word' id='word_1_768' title='bbox 1642 3044 1772 3094; x_wconf 88' lang='lat' dir='ltr'>omnihus</span> <span class='ocrx_word' id='word_1_769' title='bbox 1790 3057 1862 3109; x_wconf 89' lang='lat' dir='ltr'>quae</span> <span class='ocrx_word' id='word_1_770' title='bbox 1881 3051 1959 3097; x_wconf 86' lang='lat' dir='ltr'>terra</span> <span class='ocrx_word' id='word_1_771' title='bbox 1969 3047 2012 3113; x_wconf 85' lang='lat' dir='ltr'>gi·</span> 
     </span>
     <span class='ocr_line' id='line_1_114' title="bbox 1201 3108 2012 3179; baseline 0.006 -18"><span class='ocrx_word' id='word_1_772' title='bbox 1201 3118 1278 3179; x_wconf 83' lang='lat' dir='ltr'>gnat,</span> <span class='ocrx_word' id='word_1_773' title='bbox 1290 3108 1438 3179; x_wconf 73' lang='lat' dir='ltr'>barbisque</span> <span class='ocrx_word' id='word_1_774' title='bbox 1450 3115 1543 3171; x_wconf 83' lang='lat' dir='ltr'>etiam,</span> <span class='ocrx_word' id='word_1_775' title='bbox 1554 3119 1703 3178; x_wconf 87' lang='lat' dir='ltr'>atrumque</span> <span class='ocrx_word' id='word_1_776' title='bbox 1711 3126 1807 3163; x_wconf 89' lang='lat' dir='ltr'>sexum</span> <span class='ocrx_word' id='word_1_777' title='bbox 1819 3127 1881 3164; x_wconf 85' lang='lat' dir='ltr'>esse</span> <span class='ocrx_word' id='word_1_778' title='bbox 1891 3114 2012 3179; x_wconf 87' lang='lat' dir='ltr'>diligen·</span> 
     </span>
     <span class='ocr_line' id='line_1_115' title="bbox 1202 3179 2010 3250; baseline 0.005 -21"><span class='ocrx_word' id='word_1_779' title='bbox 1202 3179 1304 3230; x_wconf 90' lang='lat' dir='ltr'>tissimi</span> <span class='ocrx_word' id='word_1_780' title='bbox 1317 3183 1433 3231; x_wconf 88' lang='lat' dir='ltr'>naturae</span> <span class='ocrx_word' id='word_1_781' title='bbox 1444 3179 1570 3231; x_wconf 70' lang='lat' dir='ltr'>tradenti</span> <span class='ocrx_word' id='word_1_782' title='bbox 1584 3179 1658 3248; x_wconf 89' lang='lat' dir='ltr'>quod</span> <span class='ocrx_word' id='word_1_783' title='bbox 1669 3182 1699 3232; x_wconf 88' lang='lat' dir='ltr'>in</span> <span class='ocrx_word' id='word_1_784' title='bbox 1712 3181 1822 3250; x_wconf 87' lang='lat' dir='ltr'>plenum</span> <span class='ocrx_word' id='word_1_785' title='bbox 1833 3181 1905 3233; x_wconf 89' lang='lat' dir='ltr'>satis</span> <span class='ocrx_word' id='word_1_786' title='bbox 1916 3184 1954 3233; x_wconf 91' lang='lat' dir='ltr'>sit</span> <span class='ocrx_word' id='word_1_787' title='bbox 1965 3183 2010 3234; x_wconf 91' lang='lat' dir='ltr'>di·</span> 
     </span>
     <span class='ocr_line' id='line_1_116' title="bbox 1201 3247 2008 3306; baseline 0.009 -7"><span class='ocrx_word' id='word_1_788' title='bbox 1201 3247 1380 3301; x_wconf 87' lang='lat' dir='ltr'>xissehoein</span> <span class='ocrx_word' id='word_1_789' title='bbox 1401 3249 1477 3301; x_wconf 82' lang='lat' dir='ltr'>loco:</span> <span class='ocrx_word' id='word_1_790' title='bbox 1498 3248 1583 3302; x_wconf 92' lang='lat' dir='ltr'>nullis</span> <span class='ocrx_word' id='word_1_791' title='bbox 1604 3258 1698 3304; x_wconf 79' lang='lat' dir='ltr'>tannen</span> <span class='ocrx_word' id='word_1_792' title='bbox 1719 3252 1868 3305; x_wconf 90' lang='lat' dir='ltr'>arboribus</span> <span class='ocrx_word' id='word_1_793' title='bbox 1888 3250 2008 3306; x_wconf 79' lang='lat' dir='ltr'>manile·</span> 
     </span>
     <span class='ocr_line' id='line_1_117' title="bbox 1201 3317 2010 3391; baseline 0.007 -23"><span class='ocrx_word' id='word_1_794' title='bbox 1201 3317 1282 3369; x_wconf 92' lang='lat' dir='ltr'>stius.</span> <span class='ocrx_word' id='word_1_795' title='bbox 1320 3318 1383 3391; x_wconf 79' lang='lat' dir='ltr'>blas</span> <span class='ocrx_word' id='word_1_796' title='bbox 1400 3320 1430 3372; x_wconf 86' lang='lat' dir='ltr'>in</span> <span class='ocrx_word' id='word_1_797' title='bbox 1450 3318 1568 3388; x_wconf 90' lang='lat' dir='ltr'>palmite</span> <span class='ocrx_word' id='word_1_798' title='bbox 1586 3319 1678 3384; x_wconf 87' lang='lat' dir='ltr'>lieret,</span> <span class='ocrx_word' id='word_1_799' title='bbox 1700 3322 1805 3376; x_wconf 82' lang='lat' dir='ltr'>lemlna</span> <span class='ocrx_word' id='word_1_800' title='bbox 1825 3320 2010 3375; x_wconf 78' lang='lat' dir='ltr'>citrallorem</span> 
     </span>
     <span class='ocr_line' id='line_1_118' title="bbox 1201 3390 2012 3461; baseline 0.002 -20"><span class='ocrx_word' id='word_1_801' title='bbox 1201 3390 1339 3458; x_wconf 86' lang='lat' dir='ltr'>germinat</span> <span class='ocrx_word' id='word_1_802' title='bbox 1351 3395 1458 3443; x_wconf 90' lang='lat' dir='ltr'>tantum</span> <span class='ocrx_word' id='word_1_803' title='bbox 1470 3392 1565 3459; x_wconf 87' lang='lat' dir='ltr'>spicae</span> <span class='ocrx_word' id='word_1_804' title='bbox 1576 3390 1669 3443; x_wconf 90' lang='lat' dir='ltr'>modo.</span> <span class='ocrx_word' id='word_1_805' title='bbox 1707 3393 1836 3461; x_wconf 84' lang='lat' dir='ltr'>Utrisque</span> <span class='ocrx_word' id='word_1_806' title='bbox 1846 3400 1939 3446; x_wconf 87' lang='lat' dir='ltr'>notem</span> <span class='ocrx_word' id='word_1_807' title='bbox 1952 3393 2012 3459; x_wconf 86' lang='lat' dir='ltr'>prl-</span> 
     </span>
     <span class='ocr_line' id='line_1_119' title="bbox 1200 3459 2010 3531; baseline 0.002 -21"><span class='ocrx_word' id='word_1_808' title='bbox 1200 3474 1247 3511; x_wconf 89' lang='lat' dir='ltr'>ma</span> <span class='ocrx_word' id='word_1_809' title='bbox 1258 3459 1382 3511; x_wconf 90' lang='lat' dir='ltr'>nascitur</span> <span class='ocrx_word' id='word_1_810' title='bbox 1393 3461 1466 3530; x_wconf 90' lang='lat' dir='ltr'>pomi</span> <span class='ocrx_word' id='word_1_811' title='bbox 1477 3476 1555 3514; x_wconf 88' lang='lat' dir='ltr'>earo:</span> <span class='ocrx_word' id='word_1_812' title='bbox 1568 3468 1667 3531; x_wconf 87' lang='lat' dir='ltr'>postea</span> <span class='ocrx_word' id='word_1_813' title='bbox 1676 3461 1784 3529; x_wconf 88' lang='lat' dir='ltr'>lignum</span> <span class='ocrx_word' id='word_1_814' title='bbox 1795 3464 1879 3525; x_wconf 89' lang='lat' dir='ltr'>intus,</span> <span class='ocrx_word' id='word_1_815' title='bbox 1890 3461 1943 3513; x_wconf 91' lang='lat' dir='ltr'>hoc</span> <span class='ocrx_word' id='word_1_816' title='bbox 1955 3470 2010 3524; x_wconf 89' lang='lat' dir='ltr'>cst,</span> 
     </span>
     <span class='ocr_line' id='line_1_120' title="bbox 1201 3529 2008 3600; baseline 0.002 -19"><span class='ocrx_word' id='word_1_817' title='bbox 1201 3544 1295 3582; x_wconf 81' lang='lat' dir='ltr'>senten</span> <span class='ocrx_word' id='word_1_818' title='bbox 1306 3529 1375 3582; x_wconf 79' lang='lat' dir='ltr'>eins.</span> <span class='ocrx_word' id='word_1_819' title='bbox 1410 3533 1619 3599; x_wconf 82' lang='lat' dir='ltr'>Argumentum,</span> <span class='ocrx_word' id='word_1_820' title='bbox 1631 3532 1704 3600; x_wconf 90' lang='lat' dir='ltr'>quod</span> <span class='ocrx_word' id='word_1_821' title='bbox 1717 3548 1818 3600; x_wconf 88' lang='lat' dir='ltr'>parrae</span> <span class='ocrx_word' id='word_1_822' title='bbox 1826 3532 1888 3584; x_wconf 87' lang='lat' dir='ltr'>sine</span> <span class='ocrx_word' id='word_1_823' title='bbox 1899 3531 1953 3582; x_wconf 89' lang='lat' dir='ltr'>hoc</span> <span class='ocrx_word' id='word_1_824' title='bbox 1965 3546 2008 3583; x_wconf 91' lang='lat' dir='ltr'>re-</span> 
     </span>
     <span class='ocr_line' id='line_1_121' title="bbox 1202 3599 2008 3668; baseline 0.001 -19"><span class='ocrx_word' id='word_1_825' title='bbox 1202 3599 1350 3666; x_wconf 88' lang='lat' dir='ltr'>periuntur</span> <span class='ocrx_word' id='word_1_826' title='bbox 1360 3601 1389 3652; x_wconf 92' lang='lat' dir='ltr'>in</span> <span class='ocrx_word' id='word_1_827' title='bbox 1399 3602 1497 3653; x_wconf 90' lang='lat' dir='ltr'>eodem</span> <span class='ocrx_word' id='word_1_828' title='bbox 1509 3603 1632 3668; x_wconf 86' lang='lat' dir='ltr'>palmite.</span> <span class='ocrx_word' id='word_1_829' title='bbox 1669 3603 1722 3654; x_wconf 82' lang='lat' dir='ltr'>Est</span> <span class='ocrx_word' id='word_1_830' title='bbox 1736 3612 1831 3656; x_wconf 90' lang='lat' dir='ltr'>autem</span> <span class='ocrx_word' id='word_1_831' title='bbox 1842 3600 2008 3668; x_wconf 83' lang='lat' dir='ltr'>oblongum:</span> 
     </span>
     <span class='ocr_line' id='line_1_122' title="bbox 1203 3670 2009 3733; baseline 0 -13"><span class='ocrx_word' id='word_1_832' title='bbox 1203 3684 1268 3732; x_wconf 90' lang='lat' dir='ltr'>non,</span> <span class='ocrx_word' id='word_1_833' title='bbox 1289 3674 1320 3720; x_wconf 94' lang='lat' dir='ltr'>ut</span> <span class='ocrx_word' id='word_1_834' title='bbox 1341 3670 1442 3733; x_wconf 78' lang='lat' dir='ltr'>olivis,</span> <span class='ocrx_word' id='word_1_835' title='bbox 1460 3671 1656 3723; x_wconf 88' lang='lat' dir='ltr'>orbiculatum.</span> <span class='ocrx_word' id='word_1_836' title='bbox 1693 3672 1844 3724; x_wconf 86' lang='lat' dir='ltr'>Praeterea</span> <span class='ocrx_word' id='word_1_837' title='bbox 1864 3684 1972 3724; x_wconf 79' lang='lat' dir='ltr'>caesara</span> <span class='ocrx_word' id='word_1_838' title='bbox 1986 3685 2009 3721; x_wconf 86' lang='lat' dir='ltr'>a</span> 
     </span>
     <span class='ocr_line' id='line_1_123' title="bbox 1202 3738 2008 3809; baseline 0.002 -20"><span class='ocrx_word' id='word_1_839' title='bbox 1202 3738 1287 3791; x_wconf 89' lang='lat' dir='ltr'>dorso</span> <span class='ocrx_word' id='word_1_840' title='bbox 1310 3738 1454 3805; x_wconf 78' lang='lat' dir='ltr'>pulvinata</span> <span class='ocrx_word' id='word_1_841' title='bbox 1474 3740 1583 3801; x_wconf 89' lang='lat' dir='ltr'>tissura,</span> <span class='ocrx_word' id='word_1_842' title='bbox 1604 3748 1633 3792; x_wconf 88' lang='lat' dir='ltr'>st</span> <span class='ocrx_word' id='word_1_843' title='bbox 1650 3741 1678 3792; x_wconf 94' lang='lat' dir='ltr'>in</span> <span class='ocrx_word' id='word_1_844' title='bbox 1689 3742 1751 3793; x_wconf 79' lang='lat' dir='ltr'>also</span> <span class='ocrx_word' id='word_1_845' title='bbox 1763 3741 1855 3795; x_wconf 90' lang='lat' dir='ltr'>media</span> <span class='ocrx_word' id='word_1_846' title='bbox 1865 3742 2008 3809; x_wconf 85' lang='lat' dir='ltr'>plerisque</span> 
     </span>
     <span class='ocr_line' id='line_1_124' title="bbox 1201 3808 2009 3879; baseline 0.002 -20"><span class='ocrx_word' id='word_1_847' title='bbox 1201 3808 1402 3871; x_wconf 90' lang='lat' dir='ltr'>umbilieatum‚</span> <span class='ocrx_word' id='word_1_848' title='bbox 1413 3808 1487 3860; x_wconf 90' lang='lat' dir='ltr'>unde</span> <span class='ocrx_word' id='word_1_849' title='bbox 1498 3811 1615 3877; x_wconf 89' lang='lat' dir='ltr'>primurn</span> <span class='ocrx_word' id='word_1_850' title='bbox 1626 3812 1770 3879; x_wconf 88' lang='lat' dir='ltr'>spargitur</span> <span class='ocrx_word' id='word_1_851' title='bbox 1782 3810 1871 3864; x_wconf 88' lang='lat' dir='ltr'>radix.</span> <span class='ocrx_word' id='word_1_852' title='bbox 1895 3809 2009 3862; x_wconf 85' lang='lat' dir='ltr'>Seritur</span> 
     </span>
     <span class='ocr_line' id='line_1_125' title="bbox 1202 3879 2009 3947; baseline 0 -17"><span class='ocrx_word' id='word_1_853' title='bbox 1202 3884 1294 3930; x_wconf 87' lang='lat' dir='ltr'>autem</span> <span class='ocrx_word' id='word_1_854' title='bbox 1307 3892 1432 3944; x_wconf 88' lang='lat' dir='ltr'>pronum,</span> <span class='ocrx_word' id='word_1_855' title='bbox 1453 3879 1557 3931; x_wconf 89' lang='lat' dir='ltr'>etbina</span> <span class='ocrx_word' id='word_1_856' title='bbox 1569 3881 1650 3932; x_wconf 89' lang='lat' dir='ltr'>iuxta</span> <span class='ocrx_word' id='word_1_857' title='bbox 1660 3880 1942 3947; x_wconf 71' lang='lat' dir='ltr'>compositoremina</span> <span class='ocrx_word' id='word_1_858' title='bbox 1961 3894 2009 3931; x_wconf 88' lang='lat' dir='ltr'>su·</span> 
     </span>
     <span class='ocr_line' id='line_1_126' title="bbox 1202 3947 2007 4021; baseline -0.004 -20"><span class='ocrx_word' id='word_1_859' title='bbox 1202 3947 2007 4021; x_wconf 79' lang='lat' dir='ltr'>perquetntidem,quonianrinfirmasingulisplantaests</span> 
     </span>
     <span class='ocr_line' id='line_1_127' title="bbox 1202 4018 2003 4088; baseline 0.001 -20"><span class='ocrx_word' id='word_1_860' title='bbox 1202 4025 1351 4085; x_wconf 85' lang='lat' dir='ltr'>quaternae</span> <span class='ocrx_word' id='word_1_861' title='bbox 1371 4018 1542 4070; x_wconf 88' lang='lat' dir='ltr'>coalescunt.</span> <span class='ocrx_word' id='word_1_862' title='bbox 1579 4019 1677 4072; x_wconf 85' lang='lat' dir='ltr'>Multis</span> <span class='ocrx_word' id='word_1_863' title='bbox 1696 4022 1879 4088; x_wconf 88' lang='lat' dir='ltr'>candidisque</span> <span class='ocrx_word' id='word_1_864' title='bbox 1897 4019 2003 4087; x_wconf 87' lang='lat' dir='ltr'>lignum</span> 
     </span>
     <span class='ocr_line' id='line_1_128' title="bbox 1201 4085 2004 4157; baseline 0.004 -19"><span class='ocrx_word' id='word_1_865' title='bbox 1201 4085 1254 4139; x_wconf 94' lang='lat' dir='ltr'>hoc</span> <span class='ocrx_word' id='word_1_866' title='bbox 1265 4102 1282 4139; x_wconf 89' lang='lat' dir='ltr'>a</span> <span class='ocrx_word' id='word_1_867' title='bbox 1293 4086 1422 4140; x_wconf 90' lang='lat' dir='ltr'>carnibus</span> <span class='ocrx_word' id='word_1_868' title='bbox 1433 4087 1602 4141; x_wconf 87' lang='lat' dir='ltr'>discernitur</span> <span class='ocrx_word' id='word_1_869' title='bbox 1619 4090 1732 4153; x_wconf 88' lang='lat' dir='ltr'>tunicis,</span> <span class='ocrx_word' id='word_1_870' title='bbox 1754 4092 1820 4143; x_wconf 90' lang='lat' dir='ltr'>aliis</span> <span class='ocrx_word' id='word_1_871' title='bbox 1831 4091 1942 4157; x_wconf 89' lang='lat' dir='ltr'>corpori</span> <span class='ocrx_word' id='word_1_872' title='bbox 1953 4088 2004 4141; x_wconf 90' lang='lat' dir='ltr'>ad·</span> 
     </span>
     <span class='ocr_line' id='line_1_129' title="bbox 1201 4155 2005 4226; baseline 0.002 -18"><span class='ocrx_word' id='word_1_873' title='bbox 1201 4155 1396 4209; x_wconf 84' lang='lat' dir='ltr'>haerentibus:</span> <span class='ocrx_word' id='word_1_874' title='bbox 1416 4158 1535 4226; x_wconf 88' lang='lat' dir='ltr'>laxeque</span> <span class='ocrx_word' id='word_1_875' title='bbox 1553 4159 1668 4223; x_wconf 88' lang='lat' dir='ltr'>distans,</span> <span class='ocrx_word' id='word_1_876' title='bbox 1687 4167 1795 4213; x_wconf 86' lang='lat' dir='ltr'>tanturn</span> <span class='ocrx_word' id='word_1_877' title='bbox 1807 4161 1941 4213; x_wconf 88' lang='lat' dir='ltr'>cacumini</span> <span class='ocrx_word' id='word_1_878' title='bbox 1952 4158 2005 4211; x_wconf 87' lang='lat' dir='ltr'>tllo</span> 
     </span>
     <span class='ocr_line' id='line_1_130' title="bbox 1201 4225 2006 4294; baseline 0.002 -16"><span class='ocrx_word' id='word_1_879' title='bbox 1201 4225 1346 4279; x_wconf 81' lang='lat' dir='ltr'>adhaeret</span> <span class='ocrx_word' id='word_1_880' title='bbox 1368 4230 1441 4280; x_wconf 83' lang='lat' dir='ltr'>Caro</span> <span class='ocrx_word' id='word_1_881' title='bbox 1452 4234 1615 4282; x_wconf 87' lang='lat' dir='ltr'>maturescit</span> <span class='ocrx_word' id='word_1_882' title='bbox 1624 4246 1706 4283; x_wconf 90' lang='lat' dir='ltr'>anno.</span> <span class='ocrx_word' id='word_1_883' title='bbox 1725 4231 1899 4294; x_wconf 75' lang='lat' dir='ltr'>Quibusdam</span> <span class='ocrx_word' id='word_1_884' title='bbox 1910 4236 2006 4281; x_wconf 87' lang='lat' dir='ltr'>lamen</span> 
     </span>
     <span class='ocr_line' id='line_1_131' title="bbox 1201 4296 2006 4368; baseline 0.001 -20"><span class='ocrx_word' id='word_1_885' title='bbox 1201 4297 1228 4348; x_wconf 93' lang='lat' dir='ltr'>in</span> <span class='ocrx_word' id='word_1_886' title='bbox 1239 4296 1318 4359; x_wconf 91' lang='lat' dir='ltr'>locis,</span> <span class='ocrx_word' id='word_1_887' title='bbox 1331 4302 1362 4348; x_wconf 93' lang='lat' dir='ltr'>ut</span> <span class='ocrx_word' id='word_1_888' title='bbox 1372 4297 1400 4348; x_wconf 93' lang='lat' dir='ltr'>in</span> <span class='ocrx_word' id='word_1_889' title='bbox 1413 4300 1515 4366; x_wconf 87' lang='lat' dir='ltr'>Cypro,</span> <span class='ocrx_word' id='word_1_890' title='bbox 1531 4315 1687 4368; x_wconf 88' lang='lat' dir='ltr'>quanquam</span> <span class='ocrx_word' id='word_1_891' title='bbox 1699 4301 1735 4354; x_wconf 90' lang='lat' dir='ltr'>ad</span> <span class='ocrx_word' id='word_1_892' title='bbox 1745 4300 1936 4354; x_wconf 88' lang='lat' dir='ltr'>maturitatem</span> <span class='ocrx_word' id='word_1_893' title='bbox 1947 4312 2006 4350; x_wconf 85' lang='lat' dir='ltr'>non</span> 
     </span>
     <span class='ocr_line' id='line_1_132' title="bbox 1201 4367 2003 4436; baseline -0.001 -16"><span class='ocrx_word' id='word_1_894' title='bbox 1201 4367 1355 4435; x_wconf 73' lang='lat' dir='ltr'>perveniat,</span> <span class='ocrx_word' id='word_1_895' title='bbox 1376 4376 1458 4436; x_wconf 88' lang='lat' dir='ltr'>grato</span> <span class='ocrx_word' id='word_1_896' title='bbox 1470 4384 1571 4435; x_wconf 88' lang='lat' dir='ltr'>sapore</span> <span class='ocrx_word' id='word_1_897' title='bbox 1583 4371 1672 4424; x_wconf 88' lang='lat' dir='ltr'>dulcis</span> <span class='ocrx_word' id='word_1_898' title='bbox 1684 4378 1741 4425; x_wconf 76' lang='lat' dir='ltr'>este</span> <span class='ocrx_word' id='word_1_899' title='bbox 1762 4378 1790 4425; x_wconf 90' lang='lat' dir='ltr'>et</span> <span class='ocrx_word' id='word_1_900' title='bbox 1800 4371 1897 4424; x_wconf 84' lang='lat' dir='ltr'>lolium</span> <span class='ocrx_word' id='word_1_901' title='bbox 1909 4368 1950 4420; x_wconf 90' lang='lat' dir='ltr'>ibi</span> <span class='ocrx_word' id='word_1_902' title='bbox 1961 4368 2003 4419; x_wconf 87' lang='lat' dir='ltr'>la·</span> 
     </span>
     <span class='ocr_line' id='line_1_133' title="bbox 1201 4435 2007 4508; baseline 0.002 -20"><span class='ocrx_word' id='word_1_903' title='bbox 1201 4439 1268 4499; x_wconf 90' lang='lat' dir='ltr'>tius,</span> <span class='ocrx_word' id='word_1_904' title='bbox 1279 4435 1387 4489; x_wconf 84' lang='lat' dir='ltr'>fructus</span> <span class='ocrx_word' id='word_1_905' title='bbox 1398 4453 1480 4507; x_wconf 88' lang='lat' dir='ltr'>quant</span> <span class='ocrx_word' id='word_1_906' title='bbox 1490 4440 1605 4508; x_wconf 87' lang='lat' dir='ltr'>reliquis</span> <span class='ocrx_word' id='word_1_907' title='bbox 1615 4441 1776 4494; x_wconf 83' lang='lat' dir='ltr'>rotundior:</span> <span class='ocrx_word' id='word_1_908' title='bbox 1789 4457 1841 4493; x_wconf 91' lang='lat' dir='ltr'>nec</span> <span class='ocrx_word' id='word_1_909' title='bbox 1850 4439 2007 4491; x_wconf 84' lang='lat' dir='ltr'>atderore·</span> 
     </span>
     <span class='ocr_line' id='line_1_134' title="bbox 1202 4508 2008 4578; baseline -0.001 -20"><span class='ocrx_word' id='word_1_910' title='bbox 1202 4514 1248 4558; x_wconf 91' lang='lat' dir='ltr'>tur</span> <span class='ocrx_word' id='word_1_911' title='bbox 1258 4522 1369 4574; x_wconf 90' lang='lat' dir='ltr'>corpus,</span> <span class='ocrx_word' id='word_1_912' title='bbox 1379 4524 1474 4560; x_wconf 81' lang='lat' dir='ltr'>verum</span> <span class='ocrx_word' id='word_1_913' title='bbox 1485 4516 1518 4560; x_wconf 90' lang='lat' dir='ltr'>ut</span> <span class='ocrx_word' id='word_1_914' title='bbox 1529 4518 1689 4578; x_wconf 86' lang='lat' dir='ltr'>exspuatur,</span> <span class='ocrx_word' id='word_1_915' title='bbox 1701 4525 1783 4562; x_wconf 86' lang='lat' dir='ltr'>succo</span> <span class='ocrx_word' id='word_1_916' title='bbox 1794 4508 1879 4559; x_wconf 83' lang='lat' dir='ltr'>niodo</span> <span class='ocrx_word' id='word_1_917' title='bbox 1889 4522 2008 4575; x_wconf 85' lang='lat' dir='ltr'>expres·</span> 
     </span>
     <span class='ocr_line' id='line_1_135' title="bbox 1200 4576 2008 4648; baseline -0.001 -20"><span class='ocrx_word' id='word_1_918' title='bbox 1200 4592 1242 4628; x_wconf 90' lang='lat' dir='ltr'>so.</span> <span class='ocrx_word' id='word_1_919' title='bbox 1262 4579 1298 4629; x_wconf 83' lang='lat' dir='ltr'>Et</span> <span class='ocrx_word' id='word_1_920' title='bbox 1310 4579 1339 4628; x_wconf 92' lang='lat' dir='ltr'>in</span> <span class='ocrx_word' id='word_1_921' title='bbox 1349 4581 1451 4632; x_wconf 87' lang='lat' dir='ltr'>Arabia</span> <span class='ocrx_word' id='word_1_922' title='bbox 1460 4579 1592 4648; x_wconf 88' lang='lat' dir='ltr'>languide</span> <span class='ocrx_word' id='word_1_923' title='bbox 1608 4580 1703 4632; x_wconf 90' lang='lat' dir='ltr'>dulces</span> <span class='ocrx_word' id='word_1_924' title='bbox 1713 4578 1933 4632; x_wconf 84' lang='lat' dir='ltr'>tradunturesse</span> <span class='ocrx_word' id='word_1_925' title='bbox 1943 4576 2008 4641; x_wconf 88' lang='lat' dir='ltr'>pal·</span> 
     </span>
     <span class='ocr_line' id='line_1_136' title="bbox 1201 4642 2010 4715; baseline 0.004 -19"><span class='ocrx_word' id='word_1_926' title='bbox 1201 4660 1275 4698; x_wconf 79' lang='lat' dir='ltr'>mae:</span> <span class='ocrx_word' id='word_1_927' title='bbox 1294 4661 1451 4714; x_wconf 88' lang='lat' dir='ltr'>quanquam</span> <span class='ocrx_word' id='word_1_928' title='bbox 1462 4648 1531 4699; x_wconf 87' lang='lat' dir='ltr'>laba</span> <span class='ocrx_word' id='word_1_929' title='bbox 1540 4648 1613 4715; x_wconf 87' lang='lat' dir='ltr'>apud</span> <span class='ocrx_word' id='word_1_930' title='bbox 1624 4648 1750 4700; x_wconf 81' lang='lat' dir='ltr'>Scenitas</span> <span class='ocrx_word' id='word_1_931' title='bbox 1760 4645 1867 4697; x_wconf 88' lang='lat' dir='ltr'>Arabas</span> <span class='ocrx_word' id='word_1_932' title='bbox 1876 4642 2010 4710; x_wconf 74' lang='lat' dir='ltr'>praefert</span> 
     </span>
     <span class='ocr_line' id='line_1_137' title="bbox 1201 4713 2008 4783; baseline 0.004 -18"><span class='ocrx_word' id='word_1_933' title='bbox 1201 4717 1328 4767; x_wconf 90' lang='lat' dir='ltr'>omnibus</span> <span class='ocrx_word' id='word_1_934' title='bbox 1341 4718 1500 4783; x_wconf 87' lang='lat' dir='ltr'>saporibus,</span> <span class='ocrx_word' id='word_1_935' title='bbox 1523 4732 1604 4783; x_wconf 89' lang='lat' dir='ltr'>quarn</span> <span class='ocrx_word' id='word_1_936' title='bbox 1625 4723 1729 4768; x_wconf 84' lang='lat' dir='ltr'>rorant</span> <span class='ocrx_word' id='word_1_937' title='bbox 1744 4714 1864 4767; x_wconf 87' lang='lat' dir='ltr'>Dablan.</span> <span class='ocrx_word' id='word_1_938' title='bbox 1901 4713 2008 4768; x_wconf 78' lang='lat' dir='ltr'>Getam</span> 
     </span>
     <span class='ocr_line' id='line_1_138' title="bbox 1200 4782 2008 4851; baseline 0.001 -16"><span class='ocrx_word' id='word_1_939' title='bbox 1200 4785 1259 4836; x_wconf 89' lang='lat' dir='ltr'>sine</span> <span class='ocrx_word' id='word_1_940' title='bbox 1270 4787 1393 4837; x_wconf 89' lang='lat' dir='ltr'>maribus</span> <span class='ocrx_word' id='word_1_941' title='bbox 1403 4801 1458 4837; x_wconf 89' lang='lat' dir='ltr'>non</span> <span class='ocrx_word' id='word_1_942' title='bbox 1468 4785 1583 4851; x_wconf 87' lang='lat' dir='ltr'>gignere</span> <span class='ocrx_word' id='word_1_943' title='bbox 1592 4782 1710 4836; x_wconf 79' lang='lat' dir='ltr'>seminas</span> <span class='ocrx_word' id='word_1_944' title='bbox 1718 4790 1817 4851; x_wconf 89' lang='lat' dir='ltr'>sponte</span> <span class='ocrx_word' id='word_1_945' title='bbox 1827 4783 2008 4837; x_wconf 89' lang='lat' dir='ltr'>editonemo·</span> 
     </span>
     <span class='ocr_line' id='line_1_139' title="bbox 1199 4853 2006 4921; baseline 0.004 -17"><span class='ocrx_word' id='word_1_946' title='bbox 1199 4855 1423 4906; x_wconf 79' lang='lat' dir='ltr'>reconfirmant:</span> <span class='ocrx_word' id='word_1_947' title='bbox 1445 4854 1573 4920; x_wconf 87' lang='lat' dir='ltr'>circaque</span> <span class='ocrx_word' id='word_1_948' title='bbox 1595 4853 1720 4920; x_wconf 88' lang='lat' dir='ltr'>singulos</span> <span class='ocrx_word' id='word_1_949' title='bbox 1738 4853 1833 4921; x_wconf 90' lang='lat' dir='ltr'>plures</span> <span class='ocrx_word' id='word_1_950' title='bbox 1854 4859 1955 4907; x_wconf 89' lang='lat' dir='ltr'>nutare</span> <span class='ocrx_word' id='word_1_951' title='bbox 1973 4856 2006 4907; x_wconf 93' lang='lat' dir='ltr'>ln</span> 
     </span>
     <span class='ocr_line' id='line_1_140' title="bbox 1200 4921 2003 4991; baseline 0 -18"><span class='ocrx_word' id='word_1_952' title='bbox 1200 4937 1263 4974; x_wconf 90' lang='lat' dir='ltr'>eum</span> <span class='ocrx_word' id='word_1_953' title='bbox 1276 4936 1378 4990; x_wconf 87' lang='lat' dir='ltr'>pronas</span> <span class='ocrx_word' id='word_1_954' title='bbox 1389 4921 1582 4975; x_wconf 82' lang='lat' dir='ltr'>blandioribus</span> <span class='ocrx_word' id='word_1_955' title='bbox 1594 4922 1690 4974; x_wconf 88' lang='lat' dir='ltr'>comis.</span> <span class='ocrx_word' id='word_1_956' title='bbox 1711 4923 1792 4977; x_wconf 88' lang='lat' dir='ltr'>lllum</span> <span class='ocrx_word' id='word_1_957' title='bbox 1803 4926 1905 4977; x_wconf 88' lang='lat' dir='ltr'>erectis</span> <span class='ocrx_word' id='word_1_958' title='bbox 1915 4922 2003 4991; x_wconf 85' lang='lat' dir='ltr'>bispi-</span> 
     </span>
     <span class='ocr_line' id='line_1_141' title="bbox 1199 4989 2005 5062; baseline 0.004 -19"><span class='ocrx_word' id='word_1_959' title='bbox 1199 4991 1273 5053; x_wconf 89' lang='lat' dir='ltr'>dum,</span> <span class='ocrx_word' id='word_1_960' title='bbox 1295 4989 1392 5044; x_wconf 88' lang='lat' dir='ltr'>alilatu</span> <span class='ocrx_word' id='word_1_961' title='bbox 1412 4993 1528 5058; x_wconf 83' lang='lat' dir='ltr'>visuque</span> <span class='ocrx_word' id='word_1_962' title='bbox 1544 4995 1645 5058; x_wconf 88' lang='lat' dir='ltr'>ipsoet</span> <span class='ocrx_word' id='word_1_963' title='bbox 1657 4993 1772 5060; x_wconf 79' lang='lat' dir='ltr'>pulvere</span> <span class='ocrx_word' id='word_1_964' title='bbox 1783 4995 1870 5047; x_wconf 92' lang='lat' dir='ltr'>etianr</span> <span class='ocrx_word' id='word_1_965' title='bbox 1879 4993 2005 5062; x_wconf 86' lang='lat' dir='ltr'>reliquas</span> 
     </span>
     <span class='ocr_line' id='line_1_142' title="bbox 1198 5059 2006 5133; baseline 0.004 -21"><span class='ocrx_word' id='word_1_966' title='bbox 1198 5061 1346 5115; x_wconf 78' lang='lat' dir='ltr'>maritaret</span> <span class='ocrx_word' id='word_1_967' title='bbox 1359 5059 1441 5114; x_wconf 89' lang='lat' dir='ltr'>huius</span> <span class='ocrx_word' id='word_1_968' title='bbox 1452 5061 1553 5115; x_wconf 85' lang='lat' dir='ltr'>arbore</span> <span class='ocrx_word' id='word_1_969' title='bbox 1563 5063 1657 5115; x_wconf 87' lang='lat' dir='ltr'>excisa</span> <span class='ocrx_word' id='word_1_970' title='bbox 1667 5062 1764 5116; x_wconf 83' lang='lat' dir='ltr'>viduas</span> <span class='ocrx_word' id='word_1_971' title='bbox 1773 5064 2006 5133; x_wconf 86' lang='lat' dir='ltr'>poststerilesee·</span> 
     </span>
     <span class='ocr_line' id='line_1_143' title="bbox 1198 5130 2005 5200; baseline -0.002 -16"><span class='ocrx_word' id='word_1_972' title='bbox 1198 5146 1232 5185; x_wconf 89' lang='lat' dir='ltr'>re</span> <span class='ocrx_word' id='word_1_973' title='bbox 1241 5130 1367 5184; x_wconf 80' lang='lat' dir='ltr'>feminas.</span> <span class='ocrx_word' id='word_1_974' title='bbox 1402 5131 1533 5200; x_wconf 85' lang='lat' dir='ltr'>Adeoque</span> <span class='ocrx_word' id='word_1_975' title='bbox 1544 5139 1589 5185; x_wconf 87' lang='grc' dir='ltr'>ιιι</span> <span class='ocrx_word' id='word_1_976' title='bbox 1600 5132 1718 5185; x_wconf 88' lang='lat' dir='ltr'>Veneris</span> <span class='ocrx_word' id='word_1_977' title='bbox 1727 5133 1896 5199; x_wconf 89' lang='lat' dir='ltr'>intellectus,</span> <span class='ocrx_word' id='word_1_978' title='bbox 1906 5138 1939 5187; x_wconf 92' lang='grc' dir='ltr'>ιιι</span> <span class='ocrx_word' id='word_1_979' title='bbox 1949 5132 2005 5185; x_wconf 83' lang='grc' dir='ltr'>ιιι·</span> 
     </span>
     <span class='ocr_line' id='line_1_144' title="bbox 1198 5200 2004 5270; baseline 0 -18"><span class='ocrx_word' id='word_1_980' title='bbox 1198 5208 1244 5252; x_wconf 89' lang='grc' dir='ltr'>ιιι</span> <span class='ocrx_word' id='word_1_981' title='bbox 1256 5201 1341 5254; x_wconf 90' lang='lat' dir='ltr'>etiam</span> <span class='ocrx_word' id='word_1_982' title='bbox 1353 5203 1530 5270; x_wconf 87' lang='lat' dir='ltr'>excogitatus</span> <span class='ocrx_word' id='word_1_983' title='bbox 1540 5203 1578 5254; x_wconf 89' lang='lat' dir='ltr'>sit</span> <span class='ocrx_word' id='word_1_984' title='bbox 1586 5200 1621 5253; x_wconf 91' lang='lat' dir='ltr'>ab</span> <span class='ocrx_word' id='word_1_985' title='bbox 1631 5200 1752 5266; x_wconf 89' lang='lat' dir='ltr'>homine,</span> <span class='ocrx_word' id='word_1_986' title='bbox 1759 5218 1796 5257; x_wconf 87' lang='lat' dir='ltr'>ex</span> <span class='ocrx_word' id='word_1_987' title='bbox 1803 5205 1927 5257; x_wconf 88' lang='lat' dir='ltr'>maribus</span> <span class='ocrx_word' id='word_1_988' title='bbox 1935 5202 2004 5254; x_wconf 85' lang='lat' dir='ltr'>llere</span> 
     </span>
     <span class='ocr_line' id='line_1_145' title="bbox 1199 5270 2002 5392; baseline -0.004 -69"><span class='ocrx_word' id='word_1_989' title='bbox 1199 5286 1233 5392; x_wconf 73' lang='lat' dir='ltr'>pc</span> <span class='ocrx_word' id='word_1_990' title='bbox 1256 5270 1398 5355; x_wconf 76' lang='lat' dir='ltr'>lapugine,</span> <span class='ocrx_word' id='word_1_991' title='bbox 1417 5271 1530 5324; x_wconf 81' lang='lat' dir='ltr'>interim</span> <span class='ocrx_word' id='word_1_992' title='bbox 1551 5284 1619 5325; x_wconf 80' lang='lat' dir='ltr'>sero</span> <span class='ocrx_word' id='word_1_993' title='bbox 1630 5278 1739 5355; x_wconf 58' lang='lat' dir='ltr'>tergam</span> <span class='ocrx_word' id='word_1_994' title='bbox 1752 5274 2002 5342; x_wconf 85' lang='lat' dir='ltr'>pulvereinsperso</span> 
     </span>
     <span class='ocr_line' id='line_1_146' title="bbox 1213 5356 1321 5394; baseline 0 0"><span class='ocrx_word' id='word_1_995' title='bbox 1213 5356 1321 5394; x_wconf 88' lang='lat' dir='ltr'>emrnrs.</span> 
     </span>
    </p>

    <p class='ocr_par' dir='ltr' id='par_1_15' title="bbox 1197 5410 2005 5690">
     <span class='ocr_line' id='line_1_147' title="bbox 1236 5410 2005 5479; baseline -0.004 -15"><span class='ocrx_word' id='word_1_996' title='bbox 1236 5410 1309 5464; x_wconf 88' lang='lat' dir='ltr'>Vlll.</span> <span class='ocrx_word' id='word_1_997' title='bbox 1327 5410 1464 5464; x_wconf 82' lang='lat' dir='ltr'>Semntur</span> <span class='ocrx_word' id='word_1_998' title='bbox 1474 5416 1566 5464; x_wconf 87' lang='lat' dir='ltr'>autern</span> <span class='ocrx_word' id='word_1_999' title='bbox 1578 5412 1688 5479; x_wconf 89' lang='lat' dir='ltr'>palmae</span> <span class='ocrx_word' id='word_1_1000' title='bbox 1699 5420 1728 5468; x_wconf 90' lang='lat' dir='ltr'>et</span> <span class='ocrx_word' id='word_1_1001' title='bbox 1738 5420 1849 5476; x_wconf 78' lang='lat' dir='ltr'>moneo,</span> <span class='ocrx_word' id='word_1_1002' title='bbox 1861 5411 1945 5463; x_wconf 84' lang='lat' dir='ltr'>dudm</span> <span class='ocrx_word' id='word_1_1003' title='bbox 1957 5425 2005 5462; x_wconf 88' lang='lat' dir='ltr'>cu·</span> 
     </span>
     <span class='ocr_line' id='line_1_148' title="bbox 1198 5474 2001 5551; baseline -0.004 -20"><span class='ocrx_word' id='word_1_1004' title='bbox 1198 5480 1323 5532; x_wconf 90' lang='lat' dir='ltr'>bitorum</span> <span class='ocrx_word' id='word_1_1005' title='bbox 1338 5480 1525 5549; x_wconf 66' lang='lat' dir='ltr'>longitudine,</span> <span class='ocrx_word' id='word_1_1006' title='bbox 1546 5495 1563 5532; x_wconf 90' lang='lat' dir='ltr'>a</span> <span class='ocrx_word' id='word_1_1007' title='bbox 1575 5483 1689 5535; x_wconf 87' lang='lat' dir='ltr'>cerebro</span> <span class='ocrx_word' id='word_1_1008' title='bbox 1701 5485 1763 5551; x_wconf 89' lang='lat' dir='ltr'>ipso</span> <span class='ocrx_word' id='word_1_1009' title='bbox 1775 5474 1884 5537; x_wconf 81' lang='lat' dir='ltr'>a&#39;rborts</span> <span class='ocrx_word' id='word_1_1010' title='bbox 1895 5477 2001 5531; x_wconf 87' lang='lat' dir='ltr'>llssuris</span> 
     </span>
     <span class='ocr_line' id='line_1_149' title="bbox 1198 5548 2001 5620; baseline -0.006 -19"><span class='ocrx_word' id='word_1_1011' title='bbox 1198 5549 1287 5603; x_wconf 77' lang='lat' dir='ltr'>diviso</span> <span class='ocrx_word' id='word_1_1012' title='bbox 1311 5558 1397 5620; x_wconf 86' lang='lat' dir='ltr'>atque</span> <span class='ocrx_word' id='word_1_1013' title='bbox 1416 5549 1538 5603; x_wconf 72' lang='lat' dir='ltr'>defosso.</span> <span class='ocrx_word' id='word_1_1014' title='bbox 1575 5551 1613 5603; x_wconf 86' lang='lat' dir='ltr'>Et</span> <span class='ocrx_word' id='word_1_1015' title='bbox 1624 5553 1765 5607; x_wconf 87' lang='lat' dir='ltr'>abradtce</span> <span class='ocrx_word' id='word_1_1016' title='bbox 1780 5554 1894 5605; x_wconf 77' lang='lat' dir='ltr'>avulsae</span> <span class='ocrx_word' id='word_1_1017' title='bbox 1905 5548 2001 5601; x_wconf 78' lang='lat' dir='ltr'>ritulis</span> 
     </span>
     <span class='ocr_line' id='line_1_150' title="bbox 1197 5620 2002 5690; baseline -0.002 -18"><span class='ocrx_word' id='word_1_1018' title='bbox 1197 5625 1341 5684; x_wconf 87' lang='lat' dir='ltr'>estratus,</span> <span class='ocrx_word' id='word_1_1019' title='bbox 1359 5623 1718 5676; x_wconf 84' lang='lat' dir='ltr'>etramorumteaerrinrls.</span> <span class='ocrx_word' id='word_1_1020' title='bbox 1754 5624 1919 5690; x_wconf 88' lang='lat' dir='ltr'>lnAssyris,</span> <span class='ocrx_word' id='word_1_1021' title='bbox 1939 5620 2002 5687; x_wconf 82' lang='lat' dir='ltr'>ipsa</span> 
     </span>
    </p>
   </div>
   <div class='ocr_carea' id='block_1_11' title="bbox 0 0 2182 6008">
    <p class='ocr_par' dir='ltr' id='par_1_16' title="bbox 0 0 2182 6008">
     <span class='ocr_line' id='line_1_151' title="bbox 0 0 2182 6008; baseline 0 0"><span class='ocrx_word' id='word_1_1022' title='bbox 0 0 2182 6008; x_wconf 95' lang='lat' dir='ltr'> </span> 
     </span>
    </p>
   </div>
  </div>
 </body>
</html>
