4340 6018
271 328 303 388 C.
346 328 491 393 PLlNil
533 325 738 391 saeuum
780 332 947 394 Naeuia
990 334 1177 401 ursiuli.
1222 288 1367 398 bilhl'.
1412 337 1505 398 CAP.
1531 343 1658 404 iti-aa.
1750 345 1790 408 79

135 480 256 546 Simyra,
267 474 426 540 Marathos,
438 483 588 548 contraque
599 479 706 532 Arados
714 467 823 548 heptem
835 480 939 533 stadio·
990 498 1056 549 syas
1067 487 1154 537 aminis
1166 489 1264 541 inlinit.
1284 486 1403 555 Cingilla
1413 490 1617 556 Commagenen
1628 491 1697 555 fluit,
1707 495 1793 548 imme

135 564 195 603 ruas
206 546 339 614 oppidum
351 553 380 599 et
389 546 490 609 insula,
501 548 633 601 ducentos
646 565 742 616 passus
754 565 771 601 a
782 550 939 603 continente
991 552 1089 603 civitas
1100 554 1206 621 incipit.
1242 558 1351 623 Oppida
1371 557 1514 611 alluuntur
1527 559 1682 627 Epiphania
1696 570 1726 616 et
1740 566 1793 616 An·

137 619 254 671 distans.
290 616 395 682 Regin,
414 616 938 684 inquasupradictirlcsinuntmontes,
990 619 1104 684 tiochia,
1115 638 1184 687 quae
1196 623 1231 674 ad
1244 624 1408 692 Euphraten
1419 635 1561 681 vocantur.
1579 631 1649 681 item
1661 631 1794 699 Zeugma,

136 686 413 751 etinteriacentibns
425 687 540 752 canrpis,
550 686 689 754 Bargylus
700 700 778 740 mon
789 689 897 757 incipit.
989 689 1014 740 L
1042 690 1368 758 lillmillibuspassnum
1382 696 1582 761 aSaniusatis,
1603 699 1793 753 transituEu·

168 754 269 809 xviii.
288 755 362 807 ilinc
382 769 478 807 rursus
499 754 597 823 Syria,
629 756 771 809 desinente
791 756 937 812 Phoenice.
990 760 1210 826 pratis'nobile.
1230 760 1551 833 hlxadrerseApamiam
1564 767 1705 833 Seleucus,
1717 770 1791 823 idern

135 825 261 893 Oppida:
284 825 382 887 Quae,
393 824 527 886 Balanea,
537 824 646 887 Paltos,
668 826 789 879 Gabale:
807 842 936 894 promon-
990 829 1286 895 utriusquecunditur,
1305 840 1389 897 ponte
1398 834 1534 891 iunxerat.
1572 840 1626 901 uui
1642 837 1793 892 cohaerent

135 897 245 956 terium,
257 896 285 943 in
295 908 350 960 quo
362 893 500 944 Laodicea
511 894 616 945 libera:
628 893 781 962 Diospolis,
794 897 937 960 llcraclea,
994 900 1228 964 Mesopotamiae,
1250 896 1349 951 lihoali
1361 913 1506 959 vocantur.
1541 910 1614 961 Atia
1626 908 1708 977 Syria
1719 910 1792 976 uppi-

135 963 304 1025 Charadrus,
312 962 462 1014 Posidium.
478 962 588 1015 Deinde
600 966 821 1029 promontorium
836 966 936 1033 Syriae
995 968 1039 1030 de,
1052 967 1202 1034 Europum,
1213 966 1388 1033 Thapsacum
1401 975 1554 1041 quondam,
1564 994 1635 1029 nune
1645 976 1793 1046 Amphipo-

135 1031 306 1088 Antiochiae.
343 1032 420 1083 latus
431 1033 490 1097 ipsa
499 1031 645 1083 Antiochia
655 1031 938 1102 libera,Epidaphncs
991 1038 1035 1090 lis.
1071 1038 1175 1089 Arabes
1185 1036 1324 1088 Scenitae.
1343 1038 1385 1089 lta
1397 1040 1487 1091 fertur
1496 1060 1582 1111 usque
1594 1048 1677 1098 Uram
1693 1048 1794 1109 lucum,

136 1101 343 1171 cugnentinata,
362 1101 469 1152 Oronte
481 1100 719 1155 amaediriditur:
739 1106 767 1154 in
780 1113 938 1170 proinontu·
991 1108 1021 1157 in
1033 1121 1086 1172 quo
1099 1121 1246 1158 conversus
1258 1106 1446 1159 adorientem
1464 1111 1595 1187 relinquit
1612 1115 1712 1182 Syriae
1731 1116 1793 1168 Pal·

135 1175 177 1225 rio
189 1179 282 1224 autum
294 1168 421 1222 Seleucia
433 1170 529 1234 libera,
543 1170 633 1222 Pieria
647 1171 798 1238 appellata.
989 1176 1111 1228 micenas
1126 1174 1306 1236 solitudines,
1327 1192 1398 1243 quae
1410 1192 1495 1242 usque
1509 1181 1545 1229 ad
1555 1180 1666 1235 Petram
1688 1185 1794 1246 urbem,

170 1242 261 1309 Super
271 1256 331 1291 eurr:
344 1254 422 1290 mons
433 1240 545 1300 eodem,
567 1255 621 1306 quo
633 1241 724 1303 alius,
745 1244 868 1305 nomine,
887 1243 937 1295 Ca·
992 1253 1020 1298 et
1029 1247 1172 1313 regionem
1184 1245 1301 1298 Arabiae
1312 1246 1334 1296 F
1336 1245 1413 1297 elicis
1425 1245 1591 1312 appellatae,
1604 1254 1750 1318 pertinent.

136 1313 202 1365 sius.
229 1310 315 1361 Cuius
326 1306 566 1360 excelsualtitudo
578 1316 678 1375 quarta
689 1310 786 1377 vigilia
801 1315 937 1364 orientem
1023 1314 1145 1366 Painiira
1161 1317 1226 1367 urbs
1242 1314 1345 1367 nobilia
1365 1315 1429 1375 situ,
1451 1314 1556 1366 divitiis
1576 1319 1644 1382 suli,
1667 1327 1695 1373 et
1715 1323 1793 1390 aquis

137 1396 185 1449 per
195 1378 325 1433 tenebras
336 1376 430 1429 Solem
440 1377 574 1443 adspicit,
597 1379 674 1430 hreri
690 1380 858 1433 circumactu
880 1396 939 1433 com
990 1383 1124 1445 amoenis,
1135 1392 1216 1435 rasta
1227 1383 1346 1450 undique
1358 1385 1461 1435 ambitu
1472 1387 1562 1435 arenis
1574 1386 1691 1439 includit
1701 1406 1793 1456 agros,

136 1450 227 1518 puris,
244 1447 316 1499 dicor
327 1452 493 1514 noctemque
502 1449 610 1513 pariter
620 1448 776 1501 ostendens.
810 1452 937 1502 Ambitus
990 1468 1023 1504 ac
1032 1452 1109 1504 reiut
1120 1455 1202 1504 terris
1214 1459 1324 1505 exemto
1333 1468 1351 1503 a
1363 1468 1456 1505 rerum
1467 1458 1577 1514 natura,
1599 1453 1706 1519 privata
1718 1467 1793 1511 sorte

135 1521 171 1572 ad
183 1532 316 1569 cacumen
326 1516 391 1566 xlx
401 1516 440 1566 Μ.
453 1531 524 1582 pass.
532 1524 587 1569 est:
598 1518 718 1570 altitudo
731 1533 780 1585 per
791 1518 938 1583 directum,
990 1522 1064 1574 inter
1074 1521 1128 1572 duo
1138 1522 1257 1588 imperia
1273 1537 1393 1585 sumnia,
1414 1522 1600 1573 Romanorum
1611 1522 1791 1576 Parthorum·

136 1588 183 1641 lV.
202 1589 238 1638 At
250 1588 278 1637 ia
289 1600 335 1638 ora
344 1585 433 1635 amnis
443 1586 573 1648 Orontes,
584 1593 664 1638 natus
675 1588 750 1639 inter
761 1588 896 1641 Libanum
909 1597 938 1641 ct
989 1606 1051 1658 que,
1060 1598 1088 1642 et
1100 1590 1188 1658 prima
1200 1591 1229 1642 ia
1241 1590 1383 1642 discordia
1393 1606 1503 1657 semper
1512 1591 1641 1659 utrinque
1649 1607 1724 1644 cura.
1742 1596 1793 1646 Ab·
1813 1638 1814 1651 ,
1839 1586 1845 1599 “

136 1658 325 1711 Antilibanum
346 1657 425 1706 iuxta
443 1655 615 1723 Heliopolim
650 1657 788 1723 oppidum
809 1657 936 1710 Rhosos:
990 1659 1200 1712 estaSeleneia
1211 1658 1389 1722 Parthorum,
1409 1674 1480 1726 quae
1501 1668 1615 1712 roratur
1632 1661 1667 1713 ad
1681 1661 1790 1729 Tigrin,

136 1736 165 1781 et
175 1743 192 1778 a
204 1733 283 1793 terga
293 1724 402 1786 Portae,
412 1738 481 1790 quae
494 1724 593 1794 Syriae
603 1725 792 1792 appellantur,
805 1726 936 1778 interval·
990 1724 1198 1782 CCCXXXVlll
1211 1728 1280 1779 mill.
1293 1744 1438 1796 passuum:
1451 1731 1606 1796 aproximo
1616 1745 1683 1782 sero
1692 1730 1792 1798 Syriae

136 1798 164 1849 lu
177 1795 343 1848 Rhosiorum
360 1793 494 1845 nrontium
512 1802 540 1847 et
553 1797 650 1847 Tauri.
686 1797 716 1847 ln
737 1812 787 1847 ora
806 1797 936 1863 oppidum
989 1798 1085 1862 litore,
1106 1797 1187 1851 cclii
1203 1798 1339 1851 millibus:
1361 1798 1792 1869 etaDamascorigiatiseptcm

137 1864 332 1932 Myriandros:
354 1878 434 1914 mons
444 1864 572 1928 Amanus,
592 1866 619 1915 in
633 1878 686 1932 quo
699 1865 830 1933 oppidum
840 1866 936 1917 Bomi-

135 1942 190 1986 tae.
227 1934 290 1999 lpse
300 1933 335 1985 ab
348 1932 426 2000 Syris
438 1934 696 2001 Ciliciampeparat.

171 2002 245 2054 xlx.
263 2001 341 2053 Nunc
355 2002 490 2054 interiora
507 2002 642 2054 dicantur.
679 2002 763 2054 Coele
774 2000 938 2069 habctApa·

135 2071 230 2134 miani,
249 2070 366 2138 Marsya
376 2086 454 2123 ariane
467 2071 584 2123 disisam
596 2089 613 2124 a
622 2072 824 2124 Nazerinorum
837 2080 938 2124 tetrar-

135 2140 212 2193 chia:
235 2140 404 2207 Bambycen,
416 2155 487 2207 quae
498 2142 554 2192 alio
566 2141 675 2190 nomine
685 2140 847 2206 Hierapolis
859 2154 938 2190 roca·

134 2216 192 2271 tur,
216 2206 296 2275 Syris
314 2209 506 2275 reroMagog.
541 2208 581 2260 lbi
604 2208 765 2275 prodigiosa
786 2209 938 2275 Atargatis,

136 2279 252 2331 Graecis
264 2281 356 2329 nutem
369 2275 489 2330 Derceto
500 2276 583 2339 dicta,
596 2279 709 2329 colitur:
723 2276 882 2330 Chalcidem
894 2294 938 2329 co·

172 2347 325 2398 eminatam
337 2343 371 2395 ad
383 2345 491 2408 Belum,
512 2346 583 2397 unde
593 2348 672 2415 regio
684 2346 850 2399 Chalcidena
862 2346 939 2399 terti·

131 2363 243 2469 fiheima
252 2413 361 2482 Syriae.
397 2416 434 2466 Et
445 2415 509 2467 inde
520 2414 697 2483 Cyrrhestica
708 2416 859 2482 Cyrrhum:
882 2416 937 2467 Ga·

131 2491 221 2547 astas,
232 2483 566 2545 Gindarenos,Gabenos:
587 2483 754 2536 tetrarchias
766 2484 848 2545 duas,
869 2500 939 2551 quac

132 2554 359 2607 Granucomatae
380 2559 523 2621 vocantur,
544 2553 705 2612 Enresenos,
729 2553 864 2619 Hylates,
885 2556 941 2604 ltu·

131 2637 262 2679 merirum
275 2628 396 2687 gentem,
415 2628 443 2671 et
454 2625 499 2686 qai
514 2622 595 2671 exiis
607 2621 771 2671 Baetarreni
786 2627 939 2672 vocantur:

127 2691 390 2744 Mariammitanos:
411 2686 601 2749 tetrarchiam,
621 2702 690 2753 quae
710 2687 875 2739 Mammisea
895 2703 940 2755 ap·

126 2760 273 2826 pellatur:
295 2755 468 2818 Paradisum,
487 2755 601 2824 Pagras,
621 2756 777 2819 Pinaritas,
797 2750 941 2808 Seleuciai

125 2821 942 2963 titili'tiiilitl“aaaiill'hiiaiiii

446 2929 454 2955 ,
665 2929 672 2943 .

127 2966 219 3032 Syria
231 2961 321 3021 habet,
338 2964 476 3028 (exceptis
487 2977 557 3029 quae
569 2974 630 3013 curn
640 2959 783 3028 Euphrate
794 2963 940 3027 dicentur),

128 3030 504 3094 Arethuains,Beroeenses,
523 3029 754 3096 Epiphaneenses.
790 3031 830 3083 Ad
843 3032 940 3084 Orien-

129 3111 191 3154 tem
203 3098 393 3160 Laodicenos,
414 3100 461 3166 qui
482 3100 517 3151 ad
538 3099 675 3151 Libanum
700 3100 940 3165 cognominantur,

131 3169 299 3231 Leucadios,
321 3165 498 3230 Larissaeus,
519 3175 631 3234 praeter
641 3168 807 3221 tetrarchias
817 3170 844 3219 in
856 3184 941 3238 regna

133 3239 293 3304 descriptas
303 3235 429 3288 barbaris
439 3237 596 3288 noniinibus
606 3234 697 3291 xvii.

171 3307 233 3359 XX.
252 3308 288 3357 Et
300 3305 334 3355 de
345 3305 486 3371 Euphrate
502 3305 555 3357 hoc
572 3307 600 3356 in
622 3306 685 3358 loco
708 3306 811 3358 dixisse
832 3305 941 3372 aptissi-

135 3391 212 3428 mum
224 3374 317 3426 fuerit.
353 3376 487 3427 Oriturln
517 3372 674 3427 raciectura
685 3377 830 3429 Armeniae
851 3373 939 3426 maio·

135 3446 176 3497 ris
185 3443 354 3506 Caranitide,
366 3450 397 3494 ut
408 3391 555 3511 prodidere
567 3459 601 3497 ex
613 3445 657 3507 iis,
670 3445 717 3511 qui
728 3444 854 3515 proxime
865 3443 941 3497 ride·

137 3520 212 3576 rant,
224 3513 366 3565 Domitius
377 3514 507 3577 Corbulo,
517 3514 546 3565 in
556 3520 652 3565 monte
661 3515 733 3566 Aba:
744 3512 870 3563 Licinius
881 3513 941 3563 Mu·

136 3584 232 3636 &aas
240 3583 291 3635 sub
303 3583 444 3635 radicibus
453 3586 648 3650 montis,quem
654 3584 779 3650 Capoten
790 3581 940 3649 appellant,

137 3667 221 3719 supra
231 3652 380 3713 Zimaram,
391 3652 442 3704 lili
454 3653 491 3704 M.
503 3667 642 3718 passuum,
648 3650 882 3718 initioPyxirates
894 3665 940 3701 no·

137 3723 267 3776 minatus.
303 3722 379 3773 Fluit
391 3722 537 3773 Derxenen
549 3722 682 3787 primum,
702 3735 767 3772 mox
777 3720 940 3780 Anaiticam,

136 3791 282 3843 Ameriae
295 3792 423 3859 regiones
435 3807 452 3842 a
462 3792 640 3857 Cappadocia
651 3790 808 3843 excludens.
832 3789 940 3840 Dascu-

137 3875 170 3912 sa
178 3860 260 3912 abest
272 3876 289 3911 a
299 3860 411 3912 Zimara
421 3858 527 3913 LXXV
538 3861 576 3911 Μ.
588 3874 724 3925 passuum.
753 3859 819 3911 lade
829 3859 940 3925 naviga-

139 3929 343 3981 tanastonam
356 3930 554 3998 quinquaginta
573 3929 612 3980 M.
624 3944 767 3996 passuum;
788 3928 940 3980 Melitenen

137 3998 331 4066 Cappadociae
342 3998 433 4050 xxiv
445 4000 483 4051 M.
494 4012 637 4067 passuum;
659 3999 786 4065 Elegiam
798 4000 941 4049 Armeniae

137 4065 231 4120 decem
241 4068 281 4119 M.
293 4083 436 4134 passuum,
457 4069 580 4135 acceptis
591 4066 747 4120 iluminibus
758 4067 845 4135 Lyco,
857 4070 939 4119 Arsa·

134 4134 190 4200 aia,
201 4139 318 4189 Arsene.
336 4139 414 4205 Apud
421 4137 546 4205 Elegiam
560 4139 682 4189 occurrit
693 4138 719 4188 ei
728 4139 837 4189 Taurus
847 4151 938 4186 mons:

133 4219 187 4257 aec
196 4206 315 4269 resistit,
336 4221 489 4273 quanquam
503 4206 552 4257 xii
564 4207 601 4258 Μ.
614 4221 687 4273 pass.
699 4205 846 4258 latitudine
858 4219 937 4271 prae·

135 4274 245 4324 salens.
267 4274 389 4325 Omiranr
402 4282 500 4326 rocant
512 4279 724 4340 irrumpentem:
745 4289 809 4326 mox
820 4275 867 4326 ubi
881 4289 941 4339 per·

131 4341 236 4406 tregit,
254 4340 421 4407 Euphraten,
441 4350 498 4394 tum
510 4358 620 4410 quoque
631 4357 762 4393 saxosum
783 4358 816 4393 ae
836 4341 941 4391 violen-

132 4407 209 4461 sum.
245 4408 373 4461 Arabiam
384 4410 445 4464 inde
455 4412 548 4474 laeva,
568 4414 661 4463 Oredn
677 4408 778 4461 dictam
789 4409 941 4475 regionem,

133 4475 301 4530 trischoena
312 4493 450 4542 mensura,
461 4483 614 4547 dextraque
627 4480 828 4544 Commagenen
840 4475 940 4526 dister-

133 4547 240 4611 minat3
260 4549 355 4615 pontis
366 4555 471 4613 tamen,
493 4550 578 4601 etiam
592 4547 639 4598 obi
649 4549 772 4598 Taurum
793 4548 940 4610 expugnat,

134 4616 255 4684 patiens.
273 4618 352 4684 Apud
363 4619 556 4685 Claudiopolis
566 4615 768 4683 Cappadociae,
783 4626 892 4665 cursum
905 4611 939 4662 ad

138 4699 269 4737 uacuum
281 4686 355 4738 Solis
366 4692 433 4755 agit.
453 4688 575 4738 Primum
586 4686 659 4739 hunc
669 4684 712 4735 illi
724 4685 751 4734 in
763 4699 797 4750 pu
838 4698 855 4733 a
865 4682 939 4732 Tau·

137 4768 187 4805 rus
198 4754 304 4807 sutert:
316 4757 460 4823 vietusque
472 4763 500 4808 at
510 4757 649 4808 abscissus
659 4754 778 4815 sibimet,
789 4768 805 4804 a
817 4752 844 4802 io
856 4749 940 4801 modo

136 4823 235 4885 siant,
246 4840 279 4877 ac
290 4823 408 4876 fractum
420 4824 537 4891 expellit
546 4827 573 4876 in
586 4822 739 4878 nieridiem.
771 4824 815 4874 lta
825 4827 942 4872 naturae

137 4892 285 4947 dimicatio
296 4895 347 4947 illa
358 4901 503 4961 aequatur,
513 4894 565 4945 hoe
576 4901 661 4946 erintc
673 4907 728 4960 qao
739 4890 807 4955 vult,
818 4890 869 4941 illo
880 4904 942 4956 pro·

136 4957 252 5014 lribeute
264 4965 305 5015 ire
317 4978 373 5032 qua
384 4963 462 5017 velit.
498 4965 520 5015 A
531 4965 693 5015 catarractis
709 4963 811 5014 iterum
830 4960 941 5080 nariga-

135 5036 200 5094 tur;
219 5031 270 5084 XL
291 5034 331 5085 M.
351 5048 482 5100 passuum
503 5031 777 5099 indeCommageaes
793 5035 875 5097 caput
894 5069 899 5079 ,
915 5044 942 5080 a·

135 5108 256 5152 notan.

173 5167 249 5220 xxi.
267 5171 369 5223 Arabis
381 5186 467 5238 supra
480 5171 563 5234 dicta,
572 5170 658 5222 habet
668 5167 786 5236 oppida:
797 5165 941 5226 Edessam,

133 5252 212 5306 quae
231 5240 367 5307 quondam
389 5240 538 5294 Antiochia
557 5240 712 5300 dicebatur,
732 5234 905 5289 Callirrhoen
925 5249 943 5287 a

132 5307 217 5360 toste
228 5312 411 5362 nominatam:
423 5310 543 5363 Carrhas
552 5309 632 5361 clads
643 5307 735 5360 Crassi
745 5307 861 5359 nobiles.
880 5306 940 5356 lun·

131 5378 215 5444 gitur
223 5379 402 5443 praefectura
410 5381 646 5445 Mesopotamiae,
667 5377 802 5444 originem
813 5376 847 5427 ab
857 5376 941 5439 Assy·

134 5445 193 5496 riis
204 5446 328 5510 mallens,
350 5450 378 5500 in
389 5464 444 5517 qua
455 5447 637 5500 Anthemusia
646 5452 674 5499 et
684 5444 880 5512 Nicephorium
892 5456 940 5506 op·

130 5512 216 5581 piris
251 5516 319 5567 Mur
329 5519 445 5580 Arisbas,
455 5518 502 5584 qai
516 5518 612 5569 lietari
622 5523 769 5567 vocantur:
789 5512 885 5566 hurum
897 5525 942 5562 ca·

131 5588 191 5652 put
201 5580 327 5653 Singara.
344 5588 365 5638 A
379 5585 532 5638 Samosatis
543 5594 645 5649 autem,
655 5586 745 5639 latare
756 5581 942 5653 Syriae,Mar·

1009 1882 1114 1933 roprus.

990 1883 1101 1987 pinira
1112 1934 1252 1988 Palmirae
1272 1936 1439 1988 solitudines
1456 1933 1624 1988 Stalendena
1642 1938 1719 2006 regio
1742 1944 1794 1999 est,

991 2005 1136 2071 dictaeque
1147 2005 1203 2056 ianr
1215 2006 1377 2074 llierapolis
1389 2022 1422 2057 ac
1431 2005 1541 2057 Beroea
1556 2010 1584 2057 ct
1595 2005 1713 2059 Chalcis.
1748 2006 1795 2056 Ul·

990 2082 1034 2125 tra
1044 2073 1196 2141 Palmiram
1206 2089 1315 2141 quoque
1328 2089 1362 2127 ex
1374 2073 1569 2127 solitudinibus
1580 2075 1616 2125 iis
1633 2074 1736 2142 aliquid
1748 2075 1795 2127 ub-

990 2143 1062 2191 tinet
1075 2147 1185 2192 Aniena:
1206 2144 1275 2195 item
1286 2144 1419 2206 Elatium,
1436 2142 1553 2194 dimidio
1564 2144 1677 2210 propior
1687 2143 1794 2207 Petrae,

990 2222 1072 2276 quam
1083 2207 1245 2260 Damascus.
1280 2213 1385 2261 ASura
1399 2218 1492 2262 autem
1510 2212 1635 2278 proxime
1656 2221 1699 2265 est
1709 2212 1794 2264 Phili·

990 2293 1081 2339 scum,
1103 2277 1234 2344 oppidum
1252 2277 1418 2330 Parthorum
1433 2279 1469 2330 ad
1484 2278 1664 2345 Euphratem.
1700 2282 1740 2333 Ab
1761 2297 1794 2334 eo

992 2347 1146 2399 Seleuciam
1160 2346 1268 2398 dierum
1280 2347 1374 2399 decem
1388 2348 1540 2415 navigatio,
1553 2348 1724 2415 totidemque
1736 2351 1794 2404 scre

991 2417 1174 2483 Babylonem.
1211 2415 1351 2467 Scinditur
1362 2414 1519 2482 Euphrates
1530 2432 1547 2467 a
1556 2417 1707 2485 Zeugmate
1719 2427 1794 2470 octu-

992 2486 1070 2552 ginta
1080 2486 1168 2535 tribus
1182 2484 1303 2535 millibus
1315 2499 1443 2550 passuum
1456 2486 1531 2535 circa
1540 2488 1631 2536 vicum
1642 2486 1793 2538 Massicen:

993 2561 1021 2604 et
1032 2558 1109 2618 parte
1120 2554 1200 2603 laeva
1210 2552 1238 2602 in
1251 2553 1484 2618 illesopotarniam
1496 2553 1572 2603 radit
1585 2567 1634 2619 per
1646 2555 1733 2619 ipsam
1744 2554 1792 2605 Se·
1899 2574 1907 2581 ·

993 2622 1121 2681 lanciam,
1146 2620 1291 2671 circaeam
1304 2618 1467 2685 praefluenti
1478 2621 1585 2671 infusus
1596 2623 1684 2687 Tigri.
1722 2622 1794 2673 Pex-

993 2689 1097 2740 teriore
1107 2696 1198 2738 autem
1210 2688 1289 2739 alrco
1300 2688 1482 2755 Babylonem,
1493 2689 1629 2754 quondam
1640 2688 1796 2741 Chaldaeae
1846 2734 1849 2749 ,

994 2763 1085 2823 caput,
1096 2759 1177 2823 petit,
1191 2756 1361 2822 mediamque
1373 2771 1532 2822 permeans,
1543 2759 1610 2809 item
1622 2772 1703 2824 quam
1715 2758 1795 2809 Otrln

993 2832 1105 2887 vocant,
1125 2824 1292 2876 distrahitur
1309 2825 1338 2875 ia
1357 2824 1480 2892 paludes.
1517 2825 1649 2877 increscit
1663 2832 1755 2880 autem
1767 2836 1796 2881 et

993 2896 1053 2961 ipse
1065 2894 1122 2946 Nili
1133 2893 1216 2946 modo
1237 2895 1318 2945 statis
1340 2894 1446 2955 diebus,
1468 2893 1581 2961 paulurn
1603 2894 1743 2956 differens,
1763 2910 1794 2948 ac

994 2963 1224 3030 Mesopotamiam
1237 2962 1366 3025 inundat,
1386 2962 1452 3014 Sole
1472 2963 1617 3015 obtinente
1636 2963 1795 3015 vicesimam

992 3038 1099 3099 partem
1112 3032 1221 3083 Cancri:
1244 3033 1328 3082 minui
1344 3031 1446 3098 incipit
1465 3031 1494 3081 in
1511 3026 1636 3098 Virgine,
1658 3039 1686 3083 et
1701 3031 1795 3085 iasone

993 3109 1069 3153 trans
1090 3115 1176 3151 ressa.
1206 3100 1237 3151 ln
1248 3108 1337 3152 totum
1350 3116 1414 3152 reru
1426 3107 1531 3151 reuirat
1543 3101 1569 3150 in
1581 3100 1712 3152 vicesima
1723 3116 1795 3151 nona

993 3175 1070 3236 parte
1109 3171 1132 3218 ir
1154 3168 1216 3218 'ais

1026 3238 1114 3288 xxii.
1154 3235 1187 3287 ed
1198 3234 1344 3288 redeamus
1356 3234 1390 3286 ad
1403 3250 1478 3287 nram
1491 3234 1597 3303 Syriae,
1610 3239 1652 3288 cui
1664 3239 1794 3303 proxima

993 3315 1035 3359 est
1054 3306 1159 3357 Cilicia.
1196 3304 1312 3355 Flumen
1332 3304 1501 3371 Diaphanes,
1522 3321 1601 3356 mons
1623 3307 1794 3372 Crocodilus,

993 3382 1089 3443 portae
1099 3373 1196 3426 Amani
1208 3377 1318 3424 montis.
1354 3373 1496 3426 Flumina:
1512 3373 1656 3437 Andricus,
1667 3375 1793 3437 Pinaros,

992 3447 1099 3513 Lycus:
1121 3446 1197 3495 sinus
1208 3443 1318 3493 lssicus.
1354 3442 1491 3508 Oppidum
1504 3444 1585 3503 isses,
1598 3443 1662 3495 inde
1673 3444 1791 3495 Alexan-

994 3514 1066 3565 dria:
1079 3511 1182 3565 tlunren
1192 3510 1318 3572 Chlorus,
1331 3511 1459 3578 oppidum
1470 3514 1561 3579 Aegae
1571 3512 1794 3577 liberum,amnis

992 3583 1139 3650 Pyramus,
1161 3589 1257 3649 portae
1269 3580 1398 3634 Ciliciae:
1421 3581 1533 3649 oppida,
1552 3582 1663 3645 Mallos,
1683 3584 1794 3650 Magar-

993 3667 1049 3714 sus,
1061 3659 1088 3702 et
1098 3652 1174 3701 intus
1184 3652 1298 3702 Tarsos.
1335 3651 1432 3717 Campi
1441 3651 1526 3703 Alcii:
1548 3652 1653 3717 oppida
1663 3653 1792 3719 Cassipu·

993 3721 1036 3782 lis,
1048 3721 1162 3785 Mopsus
1184 3719 1315 3782 liberum,
1335 3719 1454 3787 Pyramo
1473 3721 1648 3786 impositum:
1669 3720 1794 3789 Thynos,

992 3787 1319 3856 Zephyrium,Anchiale.
1354 3791 1465 3841 Amnes:
1488 3788 1581 3852 Saros,
1602 3790 1713 3856 Cydnus
1726 3791 1794 3842 Tar*

992 3874 1052 3910 surn
1064 3858 1180 3910 liberam
1191 3858 1285 3909 urbem
1297 3859 1392 3923 procul
1405 3861 1498 3910 amari
1510 3872 1619 3910 secaris:
1642 3859 1730 3926 Regio
1741 3860 1794 3911 Ce-

993 3929 1138 3980 lenderitis
1159 3943 1219 3979 cuni
1239 3927 1350 3995 oppido.
1386 3925 1688 3994 Locushlymphaeunr,
1711 3927 1794 3978 Soloe

993 3997 1099 4060 Cilicii,
1121 4012 1192 4048 nunc
1201 3996 1421 4064 Pompeiopolis:
1441 3996 1547 4059 Adana,
1560 3996 1671 4062 Cibyra,
1683 3996 1794 4056 Pinara,

995 4066 1118 4129 Pedalie,
1130 4067 1189 4128 Ale,
1201 4065 1319 4129 Selinus,
1328 4069 1452 4126 Arsinoe,
1464 4065 1567 4133 lotape,
1578 4064 1682 4116 Doroa.
1701 4063 1794 4112 iuxta·

993 4151 1046 4202 que
1059 4151 1134 4187 rorare
1146 4137 1276 4201 Corycos,
1298 4135 1394 4187 eodem
1407 4134 1517 4184 nomine
1528 4132 1670 4197 oppidum,
1692 4136 1720 4178 et
1730 4141 1793 4192 pur·

993 4213 1046 4267 tus,
1069 4213 1096 4257 et
1107 4220 1212 4272 specus.
1249 4204 1317 4255 Mna
1329 4202 1430 4251 humen
1442 4199 1626 4265 Calycadnus.
1661 4196 1793 4246 Promon-

992 4275 1095 4324 torinm
1107 4271 1257 4338 Sarpedon.
1276 4270 1299 4320 Ο
1321 4264 1635 4333 pidazilolmee,.Myle.
1663 4263 1793 4315 Promon·

991 4343 1093 4389 terium
1107 4337 1277 4404 etoppidum
1314 4336 1419 4395 coeris,
1439 4349 1457 4383 a
1477 4346 1530 4398 quo
1549 4332 1792 4399 prosimeCyprus

991 4406 1091 4458 insula.
1126 4405 1180 4457 Sed
1192 4408 1220 4455 in
1232 4402 1384 4456 continenti
1396 4400 1505 4467 oppida,
1527 4400 1658 4467 Myanda,
1678 4404 1793 4454 Anemu-

991 4475 1072 4534 rium,
1095 4474 1279 4533 Coracesium,
1300 4470 1416 4535 iiaisque
1437 4470 1564 4535 antiquus
1576 4470 1690 4523 Ciliciae
1701 4472 1792 4525 Melas

992 4542 1089 4594 amnis.
1127 4544 1204 4593 lntus
1224 4546 1317 4591 autem
1334 4536 1444 4589 dicendi
1458 4540 1637 4603 Anazarbeni,
1656 4540 1703 4608 qui
1719 4556 1792 4593 nune

993 4614 1141 4664 Caesarea:
1161 4612 1296 4678 Augusta,
1307 4608 1461 4669 castabala,
1472 4607 1642 4675 Epiphania,
1664 4625 1734 4677 quae
1745 4626 1791 4662 an·

992 4688 1040 4734 tea
1059 4678 1237 4733 Oeniandos:
1261 4677 1378 4738 Eleusa,
1398 4678 1540 4729 leonium:
1562 4665 1687 4730 Sheucia
1706 4695 1792 4746 supra

992 4765 1099 4802 amnem
1112 4747 1308 4816 Calycadnum,
1319 4746 1484 4799 Tracheotis
1496 4749 1670 4814 cognomine,
1692 4762 1709 4798 a
1720 4749 1791 4801 mari

992 4821 1096 4882 relata,
1116 4819 1164 4870 uhi
1175 4816 1328 4869 vocabatur
1338 4817 1459 4868 liolmia.
1494 4817 1642 4871 Praeterea
1653 4818 1727 4868 intus
1739 4817 1790 4869 fln-

992 4891 1074 4951 mina,
1085 4888 1202 4955 Liparis,
1213 4886 1343 4947 Bombos,
1353 4885 1511 4943 Paradisus.
1547 4887 1629 4937 Mons
1641 4887 1773 4938 imbarus.

1028 4959 1125 5010 xxiii.
1146 4955 1261 5007 Ciliciae
1271 4953 1464 5022 Pamphyliam
1485 4969 1579 5006 omnes
1594 4956 1723 5017 iunxere,
1743 4972 1790 5007 ne·

992 5029 1083 5096 glecta
1093 5032 1175 5093 gente
1186 5026 1316 5077 isauriea.
1341 5025 1452 5091 Oppida
1462 5023 1521 5076 eius
1532 5026 1614 5086 intus,
1625 5027 1729 5087 lsaurn,
1739 5025 1792 5076 Cli-

992 5097 1088 5159 banus,
1097 5095 1219 5146 Lalasis:
1233 5093 1355 5146 decurrit
1366 5101 1458 5145 autem
1469 5093 1505 5143 ad
1514 5107 1590 5145 mare
1600 5093 1741 5145 Anemurii
1750 5108 1792 5143 re·

992 5163 1253 5235 gionesupradicti.
1288 5163 1381 5216 Simili
1393 5164 1475 5214 modo
1487 5164 1626 5223 omnibus,
1639 5164 1684 5228 qui
1695 5161 1792 5213 eadem

993 5248 1182 5299 composuere,
1190 5235 1371 5299 ignorataest
1380 5233 1549 5284 contermina
1560 5232 1602 5281 ilii
1613 5245 1680 5297 gons
1688 5230 1791 5280 llomo·

993 5302 1104 5362 nadam,
1114 5317 1228 5369 quorun:
1239 5303 1313 5352 intus
1324 5300 1454 5367 oppidum
1466 5301 1603 5350 lismona.
1641 5302 1739 5351 Cetera
1748 5306 1792 5342 ca·

993 5372 1077 5425 stella
1086 5369 1176 5423 XLlV
1186 5372 1260 5420 inter
1271 5383 1385 5436 asperas
1395 5366 1535 5417 conralles
1546 5367 1641 5419 latent.

1029 5439 1129 5493 xxiv,
1148 5437 1413 5490 misenensi-ticam
1425 5432 1545 5495 Pisidiae,
1565 5432 1700 5501 quondam
1712 5422 1791 5490 Soly·

993 5510 1032 5561 mi
1043 5508 1193 5573 appellati:
1214 5520 1276 5570 quo¹
1548 5515 1616 5557 τοῦ,
1635 5491 1729 5547 *3ῑᾶοΜ
1741 5493 1790 5543 Αὓ·

993 5576 1109 5632 tiochia.
1146 5573 1233 5625 Orci'
1576 5578 1612 5613 ³³·
