4368 6008
349 341 411 399 als
454 335 487 400 C.
532 336 684 402 edidit
717 334 923 398 sacuam
957 335 1339 419 Natumiilsiou.
1374 336 1640 400 mcxxvii.
1680 333 1779 397 cti.
1803 340 1907 402 11-27.

353 508 412 556 ron,
425 508 478 544 non
489 487 615 543 absimile
625 494 669 540 est
679 458 1162 554 hyperico,dcquadiximuscaulis

354 563 424 614 culis
437 560 597 621 maioribus,
604 556 875 622 densioribusque,et
885 556 974 624 stragis
981 558 1153 609 rubentibus.

1206 490 1316 611 galitas!
1344 480 1408 543 Non
1426 488 1518 542 danda
1537 487 1665 552 feminis,
1685 488 1817 557 quonism
1826 490 2008 548 sterilitatem

1218 576 1261 612 aer
1276 597 1282 610 .

354 632 435 684 Folia
447 630 511 683 alba
521 634 600 679 rutae
610 627 714 692 ligura:
728 639 820 676 semen
835 626 980 692 papaveris
990 628 1074 694 nigri.
1103 628 1154 678 Co·
1204 626 1339 682 tlllllll.
1359 625 1536 694 Asrlcpiades
1549 624 1620 677 inlia
1631 624 1732 679 ederae
1743 623 1937 692 habet,rnmos
1950 630 2008 682 loo·

356 715 417 754 urae
429 701 512 752 tritae
523 695 674 760 sanguineo
687 708 770 745 succo
781 702 904 746 manant.
941 695 1018 749 udnr
1034 698 1074 747 eis
1085 698 1153 749 resi·

355 785 450 823 nosris.
485 765 617 833 Gignitur
636 762 664 814 in
684 762 781 815 vineis.
817 762 887 815 Fere
907 764 999 816 medio
1016 772 1153 818 autumno

265 868 271 875 ,
355 838 495 897 effoditur,
518 830 759 899 suspenditurque.
795 831 866 883 Usus
881 833 915 884 ad
929 835 1100 901 purgandam
1114 836 1154 887 al·

355 922 418 961 rum
427 912 507 956 tusae
518 916 578 953 cum
590 903 704 962 semino,
714 908 850 967 potaeque
861 904 1057 964 matutino,rel
1067 919 1084 955 a
1093 920 1153 957 coe„

1206 713 1267 766 gos,
1285 698 1393 750 radices
1406 712 1577 758 autumnans,
1596 703 1703 758 tenues,
1714 697 1858 748 odoratas:
1877 696 1957 750 doris
1968 698 2006 750 ri·

1206 784 1255 819 rus
1271 782 1365 836 gravo,
1386 782 1478 818 semen
1495 765 1686 827 secaridacae.
1723 765 1849 817 Nascitur
1859 766 1887 818 in
1899 771 2008 822 monti·

1206 838 1265 890 bus.
1301 835 1421 887 Radices
1437 835 1602 886 torminibus
1618 833 1780 897 credentur,
1800 842 1828 886 et
1839 846 1938 889 contra
1948 854 2006 892 ser·

1206 908 1328 975 pestium
1341 905 1421 966 ictus,
1441 920 1495 954 non
1511 904 1601 955 solum
1613 911 1690 970 potu,
1703 904 1753 956 scd
1764 905 1847 955 etiam
1858 906 1945 958 illitu.

355 992 392 1029 ne
412 973 518 1024 duabus
539 969 680 1021 drachmis
700 971 729 1021 in
748 984 822 1037 aqua
841 971 939 1034 mulsa,
958 973 1002 1023 rel
1015 973 1088 1036 rino,
1108 975 1154 1027 rel
1194 985 1219 1037 a,
1241 973 1923 1041 lllll.dstcrabaliquibusbubonionappellatur,
1939 990 2006 1043 quo·

290 1056 295 1065 ·
355 1058 426 1113 aqua
437 1056 516 1109 pura,
535 1039 623 1091 totius
641 1039 762 1106 potionis
773 1039 906 1092 sestario.
943 1041 1043 1094 Trahit
1053 1042 1153 1094 bilem:

353 1113 467 1184 prodest
478 1108 597 1162 ischiadi
608 1110 737 1160 maxime.
773 1108 827 1160 Sed
840 1116 953 1174 postera
970 1110 1015 1161 dic
1027 1112 1154 1178 capparis

355 1182 477 1236 radicem
499 1179 610 1231 resinae
631 1178 798 1245 permixtam
820 1178 955 1230 decorare
967 1188 1078 1245 oportet
1089 1180 1152 1232 dra·

355 1251 451 1306 chmne
463 1248 593 1318 pondere,
612 1247 768 1313 iterumque
789 1247 932 1314 quatridui
952 1248 1098 1301 intervallo
1109 1264 1154 1301 ea·

355 1321 418 1374 dem
430 1318 536 1371 iacere:
554 1334 570 1371 a
581 1319 745 1385 purgatione
756 1322 847 1367 erstem
858 1316 921 1383 ipsa
930 1315 1103 1371 robustiores
1114 1319 1154 1369 ri·

355 1405 421 1443 nrim
441 1389 550 1450 bibere,
568 1386 735 1438 infirmiores
756 1399 865 1452 aquam.
899 1387 1057 1453 imponitur
1068 1394 1096 1441 et
1107 1402 1155 1455 po·

1206 1043 1278 1094 niam
1292 1038 1435 1109 inguinum
1447 1049 1677 1110 praesentaneum
1688 1042 1841 1095 rentedium
1854 1052 1906 1095 est.
1936 1047 2005 1098 Cau·

1206 1112 1306 1168 litsilus
1316 1111 1393 1162 iuliis
1404 1111 1651 1185 oblongisduobus
1661 1119 1709 1163 aut
1720 1112 1826 1163 tribus:
1845 1113 1874 1163 in
1886 1117 2003 1167 cacumi-

1206 1198 1242 1234 no
1255 1181 1380 1248 capitula
1390 1181 1488 1232 stellae
1500 1180 1583 1232 morlo
1595 1180 1713 1232 radiata.
1746 1180 1860 1234 Bibitur
1869 1189 1897 1234 ct
1908 1183 2003 1236 adrer-

1206 1265 1252 1303 sus
1264 1256 1417 1316 serpentes.
1445 1250 1499 1301 Sed
1510 1250 1546 1300 ad
1557 1250 1697 1318 inguinum
1712 1250 2003 1313 medicinam,sinistra

1205 1334 1287 1371 manu
1299 1319 1410 1386 decerpi
1420 1319 1529 1382 iubent,
1539 1321 1654 1371 etiusta
1664 1320 1769 1370 cinctus
1783 1320 1903 1389 alligari.
1940 1322 2003 1375 l’rn·

1206 1389 1269 1441 dest
1286 1395 1314 1441 ct
1327 1389 1485 1440 coxendicis
1495 1389 1590 1440 dolori
1600 1388 1760 1455 adalligata.

353 1460 456 1528 dagris,
476 1463 506 1510 et
524 1454 673 1519 ambustis,
693 1459 723 1507 et
739 1453 917 1518 emneribus,
937 1454 1071 1510 cohibens
1090 1472 1153 1509 san·
1199 1466 1215 1511 t
1240 1457 1303 1510 xx.
1320 1460 1447 1525 ascyron
1463 1466 1492 1509 ct
1508 1456 1670 1525 ascyroides
1685 1457 1791 1509 similia
1804 1464 1868 1509 sunt
1880 1458 2001 1524 intersc,

353 1530 475 1599 guinem.

344 1620 358 1653 -ι
388 1598 436 1649 xi.
455 1593 600 1648 Ambrosia
610 1595 673 1660 vagi
685 1592 805 1645 nominis
818 1598 869 1658 est,
887 1599 915 1647 ct
925 1593 1001 1648 circa
1012 1593 1082 1647 alias
1093 1593 1153 1648 her·

353 1667 404 1717 bas
415 1663 561 1717 fluctuati:
582 1678 666 1715 unam
682 1661 768 1716 habet
783 1669 898 1726 certam,
919 1663 1042 1729 densam,
1062 1680 1152 1717 ramo-

354 1749 424 1799 sam,
437 1740 557 1795 tenuem,
567 1732 653 1785 trium
669 1731 729 1785 iero
741 1733 907 1800 palmorum,
921 1734 1007 1787 tertia
1017 1741 1098 1800 parte
1108 1751 1152 1787 ra·

355 1803 418 1856 dict·
429 1804 567 1865 breviore,
588 1801 760 1853 foliisrutae
782 1804 857 1853 circa
873 1805 958 1854 imum
970 1804 1086 1855 caulem.
1122 1805 1153 1855 ln

354 1872 470 1927 ramulis
489 1884 583 1922 semen
603 1871 716 1922 asturis
728 1869 957 1937 dependentibus,
978 1872 1153 1924 odorerinn-

353 1958 399 1995 so:
420 1956 475 2009 qua
491 1940 525 1992 de
541 1955 626 1992 causa
642 1939 743 2007 botrys
759 1954 777 1990 a
787 1939 953 2006 quibusdam
969 1947 1094 2001 vocatur,
1118 1941 1152 1991 alr

353 2011 416 2065 aliis
427 2009 579 2062 artemisia.
616 2011 792 2062 coronantur
804 2009 856 2062 illa
864 2008 1051 2077 Cappadoces.
1080 2010 1152 2060 Usus

354 2082 414 2134 eius
425 2079 460 2131 ad
472 2093 507 2131 ca
517 2093 589 2147 quae
600 2079 703 2132 discuti
714 2093 782 2145 opus
794 2079 837 2131 sit

333 2160 345 2201 ⁴.
387 2149 448 2202 ΧΠ.
466 2147 574 2201 Anonin
597 2147 710 2214 quidam
731 2147 852 2223 ononida
863 2149 969 2200 malunt
978 2160 1087 2211 vocare,
1104 2161 1151 2200 ra·

353 2234 468 2282 rstosam,
479 2218 596 2269 similem
607 2215 690 2269 foeno
701 2216 818 2280 Graeco,
829 2218 881 2267 nisi
892 2216 1052 2269 fruticosior
1064 2216 1153 2269 hirsu-

340 2292 463 2356 'tiorque
475 2292 557 2350 essct,
568 2285 655 2339 odoro
663 2285 792 2349 iucunda,
803 2292 867 2352 post
877 2304 926 2341 rer
936 2290 1056 2354 spinosa.
1068 2288 1153 2338 Estur

353 2359 438 2411 ctiam
452 2358 543 2409 inuria
553 2354 672 2408 condita.
709 2356 815 2408 Recens
828 2371 895 2409 sero
907 2358 1046 2425 margines
1056 2355 1151 2409 hulce-

352 2443 413 2481 rum
429 2426 531 2480 erodit.
567 2424 658 2477 ltadix
670 2423 836 2493 decoquitur
846 2426 873 2477 in
885 2440 969 2493 posca
980 2425 1072 2478 dolori
1083 2427 1153 2479 dca-

353 2501 431 2550 tinm.
469 2494 643 2548 Eademcnm
656 2494 825 2561 mellepota,
844 2496 1065 2562 calculospellit.
1101 2498 1153 2549 Co·

353 2566 507 2619 mitialibus
520 2564 603 2616 datur
612 2564 642 2616 in
653 2565 807 2634 oxymelite
818 2563 935 2617 decocta
944 2565 981 2616 ad
993 2565 1135 2619 dimidias.

348 2642 368 2687 l-
388 2635 462 2688 xlii.
481 2637 636 2702 anagyros,
658 2649 739 2702 qnam
749 2634 835 2701 aliqui
847 2650 955 2703 acopon
967 2641 1078 2698 rorant,
1092 2635 1152 2687 iru-

354 2707 445 2759 ticusa
456 2711 507 2765 est,
527 2704 620 2772 gravis
631 2703 725 2766 odore,
743 2703 813 2756 llorc
824 2703 921 2756 oleris:
944 2720 1038 2758 semen
1050 2706 1078 2756 ln
1090 2719 1151 2757 cnr·

354 2774 455 2828 nicnlis
467 2788 522 2824 nnn
534 2773 663 2825 lareribus
674 2774 772 2841 gignit,
783 2773 875 2826 simile
887 2774 1008 2838 renibus,
1020 2774 1094 2841 quod
1105 2774 1153 2825 du·

352 2845 437 2897 rescit
447 2857 497 2909 per
509 2856 622 2894 messes.
650 2842 732 2893 Folia
743 2842 955 2894 collectionibus
966 2844 1152 2910 imponuntur,

355 2913 559 2977 difficulterque
569 2912 739 2977 parientibus
749 2911 946 2980 adalligantur,
953 2913 993 2964 ita
1002 2918 1035 2965 ut
1044 2929 1061 2965 a
1071 2919 1152 2980 partu

352 2985 449 3035 statim
461 2979 633 3032 auferantur.
662 2979 742 3041 uuna
752 2984 775 3030 si
786 2988 930 3034 ernortnus
942 2980 1065 3044 haereat,
1075 2989 1103 3034 ct
1113 2998 1154 3036 se·

355 3050 462 3103 eundae
473 3062 634 3114 mensesque
644 3055 796 3110 morentur,
819 3049 952 3104 drachma
971 3051 1104 3104 bibuntur
1123 3053 1153 3104 iu

355 3133 438 3188 passo
449 3116 529 3167 lolia.
566 3115 612 3167 Sic
624 3124 652 3168 et
661 3117 821 3183 suspiriosis
833 3118 947 3172 danturr
958 3127 987 3172 et
995 3121 1023 3171 in
1034 3122 1098 3172 rino
1109 3137 1153 3173 vc-

354 3187 461 3240 tercad
475 3182 685 3252 phalangiorum
704 3201 821 3239 rrrorsus.
859 3189 950 3243 Radix
970 3188 1153 3244 discutiendis

355 3252 784 3323 concoquendisqueadhibetur.
820 3257 921 3312 Samen
942 3262 1153 3313 commanduca-

353 3334 414 3379 tum
424 3322 590 3377 vomitiones
601 3324 680 3379 facit.

387 3410 461 3466 xiv.
480 3412 642 3480 ‚anonymos
661 3426 714 3465 non
738 3413 901 3468 inveniendo
919 3428 1021 3470 nomen
1041 3417 1153 3470 invenit

353 3483 475 3537 Affertur
497 3497 512 3534 e
534 3477 656 3548 Scythia,
678 3484 819 3537 celebrata
831 3486 963 3552 Hicesio,
986 3502 1153 3554 nonparraa

1206 1531 1235 1580 ct
1243 1525 1391 1595 hyporien:
1403 1528 1451 1579 scd
1461 1528 1581 1579 rnmrores
1594 1525 1676 1578 habet
1685 1526 1867 1594 ramos,quod
1879 1529 2003 1594 ascyroi·
2045 1586 2050 1601 ·

1206 1595 1255 1649 des
1268 1603 1391 1658 roratur,
1401 1595 1565 1659 ieruluccos,
1577 1598 1689 1648 oninino
1701 1596 1850 1648 rubentes:
1872 1597 2001 1665 capitulis

1205 1667 1308 1735 paruis,
1320 1665 1411 1717 luteis.
1438 1663 1536 1718 Semen
1546 1665 1575 1729 ia
1586 1665 1723 1734 calyculis
1736 1664 1875 1732 pusillum,
1886 1667 2001 1734 nigrum,

1206 1736 1371 1789 rosinosum.
1407 1736 1511 1787 Concae
1522 1735 1605 1787 tritae
1616 1735 1693 1787 rclut
1704 1740 1858 1786 cruentant
1895 1736 1959 1798 Qua
1970 1735 2003 1789 dt

1206 1819 1292 1856 causa
1309 1804 1424 1871 quidam
1437 1803 1507 1855 hanc
1527 1803 1729 1855 androsaemon
1749 1816 1894 1856 recavere.
1933 1804 2003 1857 Usus

1206 1874 1321 1926 seminis
1332 1872 1368 1923 ad
1381 1870 1557 1935 ischiadicos,
1574 1872 1634 1939 poti
1647 1874 1752 1925 duabus
1764 1869 1904 1925 drachmis
1915 1873 1943 1923 in
1955 1872 2003 1942 hy·

1207 1941 1365 1993 dromclitis
1376 1943 1508 1993 sextario.
1543 1941 1642 1994 Alvum
1658 1942 1752 2007 sclrit,
1772 1943 1856 1995 bilem
1870 1942 2002 1996 detrahit.

1206 2010 1328 2061 illinitur
1340 2016 1368 2062 et
1379 2011 1524 2063 ambustis.

1213 2078 1315 2131 cxxi.
1334 2078 1446 2145 aphaca
1465 2080 1562 2134 tenuia
1578 2080 1727 2134 admodum
1750 2081 1930 2136 ioliahabet:
1952 2098 2033 2153 pu·,¹.

1205 2147 1270 2199 silio
1293 2147 1380 2201 altior
1400 2150 1534 2202 lenticula
1544 2158 1596 2204 est.
1633 2151 1755 2219 Siliquae
1769 2154 1889 2206 maiores
1900 2152 1963 2216 iert,
1974 2152 2003 2204 in

1206 2218 1304 2285 quibus
1319 2225 1400 2271 terna
1418 2227 1467 2271 nut
1483 2223 1735 2287 quaternascminn
1747 2232 1813 2274 sunt
1832 2224 1957 2291 nigriora
1974 2231 2003 2273 et

1205 2288 1515 2342 madidioralenticula.
1551 2289 1720 2343 Nascitur'in
1741 2293 1824 2343 arvis.
1860 2291 2003 2344 Naturael

1206 2357 1242 2411 ad
1263 2358 1436 2425 spissandum
1449 2358 1596 2423 efficacior,
1618 2375 1700 2428 quam
1722 2360 1802 2412 lenti:
1823 2359 1933 2426 reliquo
1953 2374 2003 2410 usu

1206 2427 1319 2481 eusdem
1331 2429 1447 2481 effectius
1459 2427 1553 2481 habet.
1588 2428 1728 2483 Stomachi
1740 2430 1850 2498 alvique
1864 2428 2002 2481 fluxiones

1205 2498 1281 2549 sistit
1295 2513 1389 2551 semen
1401 2499 1557 2551 decoctum.

1209 2572 1228 2605 οἱ
1239 2567 1328 2620 xxti.
1347 2568 1475 2620 alcibion
1487 2569 1578 2636 qualis
1590 2574 1665 2626 essct
1675 2535 1770 2630 herba,
1789 2566 1861 2634 apud
1873 2572 2003 2619 auctores
2060 2564 2081 2605 ‘1'
2094 2592 2100 2601 ·
2118 2576 2123 2583 “

1203 2650 1259 2687 non
1271 2638 1371 2704 reperi.
1408 2634 1463 2693 Sed
1477 2639 1598 2693 radicem
1619 2640 1678 2690 eius
1689 2643 1717 2688 et
1726 2635 1799 2688 lolia
1807 2641 1882 2697 trita,
1901 2635 1935 2686 ad
1947 2650 2003 2686 ser·

1205 2706 1297 2773 pentis
1308 2721 1429 2761 morsum
1442 2708 1548 2774 imponi
1567 2715 1596 2761 ct
1606 2708 1677 2761 bibi:
1698 2704 1778 2767 iolla,
1800 2712 1932 2774 qnantum
1944 2719 2001 2756 ma·

1203 2790 1257 2826 nus
1268 2775 1368 2843 capiat,
1375 2777 1443 2829 trita
1453 2792 1514 2829 cum
1526 2778 1586 2828 riui
1596 2777 1665 2830 meri
1677 2773 1786 2842 cyathis
1797 2776 1896 2837 trihus,
1904 2782 1952 2825 aut
1961 2787 2003 2825 re·

1206 2845 1293 2898 dicem
1318 2844 1511 2898 drachmarum
1533 2846 1616 2898 triurn
1628 2843 1751 2914 pondere
1767 2860 1828 2896 cum
1839 2845 1897 2896 cini
1907 2842 2002 2895 eadem

1205 2928 1343 2966 memora.

1207 2998 1211 3033 :
1239 2981 1339 3033 Xlllll.
1356 2979 1599 3046 Alectornlophos,
1613 2994 1682 3047 quae
1694 2982 1765 3047 apud
1777 2997 1829 3032 ans
1842 2984 1930 3034 crista
1939 2982 2003 3034 dici·
2014 2998 2038 3025 a·

1204 3058 1259 3111 tur,
1270 3051 1340 3101 lolia
1349 3047 1433 3100 habet
1442 3049 1549 3100 similia
1559 3049 1708 3115 gallinacei
1720 3051 1830 3111 cristae,
1843 3050 1932 3115 pluro,
1943 3065 2004 3102 cau·

1204 3122 1260 3173 lem
1272 3128 1395 3182 tenuem,
1417 3132 1510 3170 senten
1533 3119 1643 3184 nigrum
1656 3119 1683 3169 in
1696 3116 1812 3185 siliquis.
1850 3118 1931 3169 lltilis
1944 3126 2002 3171 tus·

1207 3190 1342 3243 aientibus
1353 3194 1433 3242 cocta
1444 3202 1506 3242 cum
1519 3186 1586 3239 iuba
1595 3185 1679 3251 ircsa,
1695 3186 1899 3241 melloadditor
1921 3195 1950 3241 et
1961 3203 2003 3241 ca·

1205 3259 1285 3328 ligini
1297 3258 1452 3311 oculorum.
1489 3257 1615 3311 Solidum
1634 3271 1727 3308 semen
1742 3259 1892 3310 coniicitur
1903 3260 1929 3309 in
1940 3272 2002 3310 ocu·

1205 3331 1270 3391 lum,
1281 3343 1332 3380 nec
1342 3328 1447 3390 turbat,
1459 3328 1508 3381 sed
1520 3328 1548 3378 in
1559 3343 1590 3379 so
1602 3326 1748 3395 caliginem
1761 3326 1913 3379 contrahit.
1940 3328 2002 3378 Mu·

1204 3407 1248 3451 rat
1258 3400 1388 3462 colorem,
1398 3398 1449 3451 sed
1460 3412 1494 3450 cx
1506 3397 1586 3465 nigro
1599 3395 1721 3449 albicare
1731 3395 1841 3464 incipit,
1850 3403 1878 3450 et
1888 3398 2002 3450 intume-

1206 3469 1268 3528 scit,
1285 3482 1318 3518 ac
1347 3483 1418 3521 erse
1429 3469 1495 3519 exit.

352 3552 529 3605 auctoritatis
550 3549 670 3603 medico:
690 3553 758 3604 item
769 3553 970 3624 Aristogitonis
991 3558 1019 3609 in
1036 3558 1154 3609 vulneri·
1196 3554 1224 3599 †
1241 3535 1306 3589 xx'
1336 3537 1443 3589 ’ΛΜΝ
1464 3550 1513 3587 ¹¹⁰⁸
1535 3550 1681 3599 l'⁰⁰³¹¹¹*¹⁸r
1711 3535 1813 3588 Gfflffl
1833 3532 2002 3602 ⁸l'ml’hl't0ss

350 3624 404 3675 bus
417 3620 571 3690 praeclara,
593 3635 627 3672 ex
639 3634 710 3689 aqua
722 3627 785 3673 tusa
796 3631 823 3675 et
834 3623 980 3692 impositas
1000 3632 1067 3693 pota
1078 3641 1155 3686 cero,

352 3692 480 3744 mammis
491 3689 718 3761 praecordiisque
729 3693 882 3756 percussis:
903 3693 971 3746 item
991 3695 1154 3763 sauguinem

352 3759 567 3816 exscrcantihus.
604 3757 741 3811 Putarere
768 3764 796 3810 ct
824 3760 971 3813 bibendam
991 3763 1153 3816 vulneratis.

352 3828 493 3883 Fabulosn
505 3825 635 3887 arlritror,
654 3842 724 3893 qnae
736 3826 922 3880 adiiciuntur:
944 3839 1057 3886 recente
1068 3848 1111 3896 ea,
1129 3833 1153 3884 si

352 3907 459 3962 stratur,
469 3895 574 3949 ferrum
585 3901 634 3945 aut
645 3911 693 3948 acs
704 3894 891 3948 ferruminarl.

293 3972 307 3991 ⁹
353 4020 370 4044 Ἰ
388 3984 449 4039 XV.
466 3981 604 4048 Apariaeu
616 3978 705 4047 aliqui
717 3979 966 4050 omphacocarpon,
985 3983 1033 4037 alii
1044 3982 1153 4052 philan-

351 4054 471 4121 thropon
484 4056 593 4113 vocant,
604 4064 754 4114 ramosam,
776 4049 922 4118 hirsutam,
944 4054 1153 4122 quiuissenisre

350 4127 381 4177 in
403 4125 498 4176 orbem
517 4121 593 4175 cirea
603 4134 696 4173 ramos
707 4118 784 4173 foliis
797 4137 846 4189 per
857 4124 1015 4177 intervalla.
1053 4125 1152 4177 Samen

351 4190 956 4254 rotundum,durum,cuncarum,subdulce.
983 4195 1114 4248 Nascitur
1123 4194 1152 4245 in

351 4260 535 4315 irumentario
561 4274 644 4328 egro,
664 4269 713 4313 cut
732 4258 822 4314 hortis
841 4264 982 4329 pratisre,
1002 4265 1153 4333 asperitato

352 4334 437 4384 ettam
450 4330 569 4383 vestium
580 4329 680 4383 tenaci.
716 4330 823 4384 Efficax
834 4339 931 4386 contra
942 4342 1092 4402 serpentes,
1112 4351 1154 4387 se·

352 4401 426 4452 minc
444 4407 510 4465 poto
530 4414 565 4452 cx
583 4402 647 4452 rino
670 4398 819 4453 drachma:
842 4408 870 4455 et
886 4410 982 4457 contra
993 4403 1152 4472 phalangia.

352 4465 502 4533 Sanguinis
513 4467 712 4522 abundantiam
723 4484 758 4522 ex
769 4469 930 4524 vulneribus
943 4475 1097 4543 reprimunt
1108 4474 1153 4526 lo·

353 4535 546 4601 iiaimposita=
569 4552 666 4591 succus
678 4541 793 4594 auribus
803 4538 967 4595 infunditur.

387 4617 461 4671 XVl.
480 4619 591 4673 Arctior
609 4623 697 4691 aliqui
711 4632 852 4678 arcturum
865 4635 977 4680 vocant:
995 4626 1098 4679 similis
1109 4632 1153 4678 est

352 4685 486 4740 verbasco
498 4687 585 4749 foliis,
594 4693 650 4743 nisi
661 4695 734 4760 quod
745 4694 898 4748 hirsutiora
907 4705 983 4749 sunt:
1001 4695 1081 4748 caule
1092 4695 1152 4746 lon·

353 4772 400 4827 go,
408 4756 498 4820 molli,
508 4759 614 4810 semine
625 4763 736 4815 crimini.
755 4763 888 4815 Nascitur
899 4766 927 4816 in
940 4767 1068 4833 petrosis,
1079 4763 1153 4815 radi·

352 4841 385 4879 cc
400 4831 508 4889 tenera,
530 4825 603 4888 alba,
622 4827 756 4897 dulcique.
793 4832 968 4899 Decoquitur
984 4835 1011 4884 in
1031 4835 1095 4884 rino
1117 4832 1151 4883 ad

352 4895 475 4950 dentium
493 4894 630 4959 dolorem,
649 4898 732 4952 itaut
743 4901 921 4954 contineatur
936 4917 986 4954 ore
997 4896 1152 4956 decoctum.

351 4964 463 5019 itibtnn
472 4970 587 5032 propter
596 4964 721 5019 ischiada
733 4975 762 5019 ct
772 4971 959 5039 stranguriam
971 4987 977 5020 r
994 4986 1010 5022 e
1021 4972 1085 5022 rino
1096 4986 1152 5022 arrr-

351 5033 443 5087 bustis
453 5031 619 5101 imponitur,
640 5040 668 5085 et
682 5038 869 5101 pernionibus.
905 5038 1152 5095 Forentureadem

353 5120 414 5158 cum
426 5103 522 5156 radice
533 5103 638 5153 senine
648 5106 715 5155 tritn
726 5106 755 5157 is
767 5106 840 5160 rino.

389 5188 477 5243 XVll.
496 5187 645 5255 Asplenum
656 5196 719 5240 sunt
729 5196 774 5257 qui
786 5193 945 5248 hemionion
956 5192 1152 5258 vorant,ioliis

352 5260 532 5314 trientalibus
544 5256 647 5319 multis,
663 5256 757 5311 radice
772 5261 881 5326 limosa,
903 5278 1064 5326 cavernosa,
1079 5264 1153 5315 sicut

353 5330 444 5393 dlicis,
457 5326 583 5390 candida,
594 5324 718 5378 hirsuta:
730 5343 781 5380 nec
793 5335 910 5394 caulem,
921 5348 974 5385 nec
983 5334 1090 5395 ilorcm,
1101 5348 1153 5386 nec

353 5414 447 5452 semen
458 5397 551 5452 habet.
579 5396 712 5449 Nascitur
720 5396 749 5447 ln
760 5401 857 5464 petris,
868 5401 1076 5468 parietibusque
1088 5416 1153 5469 opa-

353 5468 402 5529 cis,
422 5466 555 5522 humidisr
577 5465 771 5520 laudatissima
789 5466 920 5520 increta.
954 5471 1044 5522 liuius
1067 5471 1150 5524 iulio·

353 5550 414 5589 rum
425 5540 453 5589 in
463 5544 543 5593 aceto
551 5536 669 5591 dococto
680 5550 732 5604 per
745 5536 805 5590 dier
814 5536 865 5589 xi.
880 5542 947 5603 poto
959 5537 1061 5590 lienem
1071 5540 1152 5594 absu-

352 5606 393 5657 nt
406 5606 499 5659 aiant:
516 5614 547 5660 ot
558 5607 705 5663 ilhnaatur
726 5614 832 5664 autema
852 5603 950 5661 eadem
967 5603 1083 5662 sedate
1096 5611 1151 5664 sin·

1207 3614 1360 3674 petraeum,
1381 3606 1474 3657 sirnile
1493 3606 1602 3659 cunilae
1612 3605 1740 3668 brrbnlae,
1754 3604 1829 3656 iuliis
1840 3604 1941 3671 parvis,
1961 3617 2003 3654 ra·

1206 3675 1259 3725 mis
1271 3675 1360 3727 tribus
1372 3683 1422 3727 aut
1432 3683 1553 3743 quatuor
1564 3692 1581 3727 a
1590 3675 1692 3736 radice,
1706 3673 1892 3726 cacuminibus
1903 3671 2002 3739 thymi,

1206 3744 1391 3807 surculosum,
1412 3747 1568 3807 odoratum,
1587 3754 1672 3812 gustu
1683 3743 1771 3807 dulce,
1791 3743 1907 3795 saliram
1920 3747 2002 3805 cieris,

1206 3812 1300 3866 radice
1312 3814 1395 3880 longa
1407 3815 1500 3865 rutila.
1534 3814 1668 3865 Nascitur
1678 3814 1705 3864 in
1718 3813 1813 3880 petris,
1824 3811 1887 3865 ideo
1899 3818 2002 3878 petrae·

1206 3898 1252 3934 utu
1265 3882 1506 3950 cognominatum:
1525 3883 1704 3934 utilissimum
1718 3882 1862 3944 lateribus,
1882 3881 2003 3941 renibus,

1206 3952 1381 4013 torminibus,
1400 3950 1517 4018 pectori,
1538 3952 1713 4019 pulmonibus
1733 3952 1893 4018 sanguinem
1913 3947 2003 4001 reiici-

1206 4020 1325 4082 entibus,
1346 4020 1472 4073 saucibus
1483 4022 1599 4089 asperis.
1635 4022 1747 4074 Bibitur
1758 4020 1838 4072 radix
1849 4020 1924 4081 trita,
1936 4026 1966 4069 ct
1977 4019 2003 4067 in

1204 4092 1270 4143 rino
1291 4091 1418 4154 decocta,
1437 4099 1466 4143 ct
1486 4090 1637 4158 aliquando
1660 4088 1848 4157 superlinitur.
1885 4089 1956 4151 Quin
1977 4092 2005 4137 et

1206 4160 1439 4213 commanducata
1449 4162 1526 4212 sitim
1539 4160 1626 4222 sedat,
1634 4162 1836 4227 praecipueque
1847 4157 2003 4226 pulmonem

1204 4233 1364 4299 refrigerat.
1399 4230 1518 4282 erxatis
1529 4244 1638 4298 qaoque
1649 4230 1809 4298 imponitur,
1830 4235 1857 4280 et
1868 4227 2004 4278 contusirr

1205 4300 1277 4353 lenit
1287 4302 1438 4353 interanea.
1475 4300 1571 4354 Alvum
1583 4300 1661 4351 sistit
1672 4306 1752 4352 cocta
1761 4301 1790 4350 in
1802 4299 1903 4358 cinere,
1913 4295 2005 4346 detra·

1206 4371 1313 4438 ctisque
1324 4370 1458 4422 iolliculis
1470 4370 1538 4423 tritu
1550 4385 1612 4421 cum
1624 4369 1728 4437 piperis
1746 4382 1845 4420 nocero
1858 4366 1959 4433 grauis.
1977 4369 2005 4414 ei

1206 4455 1239 4492 es
1252 4448 1407 4507 aquaputa.
1442 4439 1613 4492 Vulneribus
1625 4438 1758 4492 sanandis
1776 4443 2005 4511 tantaprscstan·

1205 4510 1247 4560 tia
1257 4518 1309 4571 cst,
1321 4520 1352 4561 ut
1364 4524 1459 4561 earnes
1471 4523 1588 4576 quoque,
1604 4508 1847 4575 dum-coquuntur,
1869 4502 2006 4582 congluti-

1205 4585 1254 4629 net
1265 4579 1375 4631 addita:
1388 4578 1461 4631 unde
1473 4586 1501 4630 ct
1512 4580 1611 4631 Graeci
1621 4592 1722 4631 nomen
1734 4578 1903 4643 inposuere.
1931 4572 2005 4623 Ossi-

1205 4648 1257 4698 bus
1270 4664 1378 4715 quoque
1391 4649 1488 4700 lractis
1499 4647 1632 4699 medetur.

1240 4716 1328 4771 XXV.
1348 4719 1416 4785 llige
1426 4717 1489 4769 ruia
1500 4722 1527 4767 et
1536 4716 1712 4780 scorpionum
1723 4713 1836 4766 ictibus.

1211 4785 1339 4838 ·xxvt.
1366 4792 1475 4851 ‚actaea
1493 4785 1571 4850 gravi
1593 4783 1724 4834 loliorum
1745 4780 1846 4841 odore,
1876 4779 2003 4833 caulibus
2024 4786 2043 4831 t

1205 4856 1309 4920 asperis
1320 4850 1496 4920 geniculatis,
1518 4852 1621 4903 semine
1634 4852 1723 4919 nigro,
1738 4854 1768 4899 ut
1780 4847 1890 4909 ederae,
1910 4848 2004 4901 baccis

1205 4923 1346 4982 mollibus,
1367 4920 1529 4973 nasciturin
1540 4922 1634 4986 opacis
1645 4926 1673 4970 et
1689 4918 1805 4985 asperis,
1829 4919 2003 4985 aquosisque.

1205 4992 1295 5042 Datur
1324 4990 1472 5042 acetabulo
1503 4989 1587 5056 pleno
1621 4988 1803 5040 interioribus
1835 4985 2001 5041 laminarum

1204 5059 1316 5112 morbis.

1208 5168 1212 5177 .
1238 5126 1350 5179 xxvii.
1369 5127 1499 5193 Ampelos
1510 5127 1590 5194 agria
1600 5125 1821 5187 roraturherba,
1836 5125 1914 5178 loliis
1927 5123 2004 5176 duris

1205 5197 1341 5249 cineracei
1354 5196 1467 5259 coloris,
1488 5196 1598 5264 qualem
1610 5200 1637 5248 in
1649 5197 1720 5247 satis
1730 5196 1861 5257 diximus,
1880 5193 2003 5247 viticulis

1205 5266 1305 5334 longis,
1316 5265 1436 5324 callosis,
1446 5267 1620 5327 rubentibus,
1630 5265 1754 5334 qualiter
1764 5264 1826 5328 ilos,
1837 5278 1916 5331 quem
1927 5261 2002 5315 loris

1204 5335 1341 5388 dammam
1353 5333 1552 5402 appellavimus
1562 5337 1590 5387 in
1603 5334 1700 5387 violis:
1723 5335 1778 5388 lert
1797 5347 1891 5386 semen
1906 5327 2011 5383 Punic!

1205 5404 1271 5457 mali
1283 5406 1375 5458 similo
1385 5403 1480 5456 acinis.
1498 5404 1589 5457 lindis
1601 5404 1662 5455 eius
1674 5402 1790 5458 decocta
1800 5406 1828 5456 ln
1840 5414 1928 5468 aquae
1939 5414 2004 5468 cya-

1204 5473 1260 5527 this
1272 5473 1368 5538 ternis,
1386 5472 1488 5526 additis
1502 5475 1560 5526 rinl
1580 5474 1630 5527 Coi
1642 5473 1752 5541 cyathis
1772 5472 1890 5532 duobus,
1910 5467 2002 5519 urum
2014 5490 2026 5501 ·

1204 5542 1290 5596 solvit
1300 5543 1410 5605 leniter,
1422 5542 1542 5612 ideoque
1554 5542 1718 5613 hydropicis
1727 5544 1816 5596 datur.
1847 5538 1954 5618 Vulrae
1964 5536 2003 5588 ri·

1203 5613 1247 5666 tls
1255 5618 1285 5665 ct
1295 5612 1369 5675 cutis
1379 5612 1408 5664 in
1420 5612 1491 5668 lacte
1502 5615 1649 5669 madorem
1659 5613 1797 5668 emendat
1833 5604 2003 5661 ischiadicos

2172 5224 2173 5261 l

2171 5288 2173 5321 l
