4340 6018
207 323 212 335 .
291 277 323 335 C.
359 274 508 334 PLlNll
541 270 748 333 uacuum
782 271 949 331 NATUR.
972 272 1170 333 'diaron
1206 272 1288 332 ulii.
1318 272 1363 331 X.
1398 272 1490 332 CAP.
1515 277 1637 334 11-22.
1733 278 1792 339 135

132 429 194 482 dam
207 426 268 494 lupi
277 423 351 493 apud
360 422 487 477 Maeotia
499 420 629 489 paludem
648 419 764 475 iaciunt.
801 418 873 473 Nam
884 418 938 473 aial
992 423 1124 489 auspiciis
1141 424 1195 477 soii
1214 422 1343 477 videatur
1356 421 1529 476 intellectum
1541 421 1645 477 habere
1655 424 1795 494 signiilca·

132 507 240 569 mnam
252 512 269 547 a
280 495 453 561 piscantibus
464 506 542 545 suam
554 505 694 559 accepere,
706 502 829 557 expansa
840 505 938 542 eorum
991 491 1099 543 donum
1119 504 1241 545 suarum.
1276 494 1349 546 Nam
1363 507 1425 544 cum
1442 491 1554 545 Mediae
1567 492 1691 561 hospites
1711 499 1795 549 occisi

132 568 206 622 retia
223 567 358 618 lacerant.
393 562 549 630 Accipitres
561 562 653 615 avium
672 576 727 612 aon
744 558 832 613 edant
843 558 958 613 corda·

132 639 290 692 Nocturnus
305 634 439 701 accipiter
458 629 738 700 cymindisvocatur,
759 646 842 686 rarus
853 631 938 682 etiarn

132 710 162 761 ia
175 706 269 768 silvis,
290 704 412 756 interdiu
430 704 520 754 minus
532 715 658 754 carneas.
693 700 804 754 Bellum
816 701 938 753 laterae·

132 782 222 831 ciuum
234 776 308 842 gerit
320 788 383 826 curu
393 773 501 841 aquila,
522 770 762 838 cohaerentesque
776 785 862 838 saepe
877 782 939 837 pre·

133 846 298 900 headuntur.

183 917 234 968 xi.
251 915 362 982 Coccyx
379 927 416 965 ex
432 912 565 979 accipitre
579 911 692 964 videtur
709 910 788 973 deri,
809 915 937 976 tempore

132 987 197 1038 sani
210 986 327 1051 liguram
339 989 459 1044 mutans,
471 983 602 1048 quoniam
612 988 679 1034 tunc
689 994 745 1032 aoa
755 984 938 1047 appareatre·

133 1056 211 1123 liqui,
221 1055 274 1104 nisi
285 1067 418 1121 perquam
430 1051 526 1119 paucis
539 1052 649 1103 diebus:
660 1052 720 1117 ipse
732 1063 842 1117 quoque
851 1046 938 1100 modi·

133 1139 164 1177 co
174 1131 302 1189 tempore
316 1123 431 1174 aestatis
446 1122 522 1172 visus
538 1134 594 1172 aaa
605 1121 732 1172 cernitur
742 1126 849 1187 postea.
884 1118 938 1169 Est

133 1200 225 1247 autem
236 1206 326 1258 neque
339 1192 453 1243 aduncis
465 1191 603 1257 unguibus
613 1190 691 1241 soius
702 1190 876 1256 accipitrum,
888 1200 938 1238 aee

132 1264 223 1330 capite
233 1261 335 1313 similis
347 1260 415 1323 iilis,
427 1274 515 1326 neque
528 1259 586 1310 alio
598 1273 681 1326 quam
692 1259 798 1320 colore,
818 1273 852 1310 ae
864 1258 937 1309 rictu

132 1331 255 1387 columbi
266 1330 367 1397 potius.
404 1329 478 1393 Quia
490 1336 519 1381 et
529 1330 688 1380 absumitur
698 1329 732 1380 ab
743 1328 893 1394 accipitre,
913 1324 940 1377 si

132 1401 241 1472 quaudo
252 1415 311 1452 una
324 1413 493 1467 apparuere:
513 1398 578 1449 sola
588 1399 711 1449 carnium
728 1398 789 1449 aris
803 1412 821 1448 a
831 1410 881 1447 suo
893 1410 939 1463 ge·

132 1488 197 1527 aere
207 1472 366 1523 interemta.
382 1469 477 1520 Mutat
488 1475 580 1521 autem
591 1474 620 1520 et
631 1481 740 1519 vocem:
752 1465 882 1533 procedit
892 1480 939 1517 re·

131 1558 171 1605 re,
191 1540 353 1595 occultatur
372 1537 523 1590 Caniculae
545 1544 621 1589 ortus
643 1549 805 1603 semperque
821 1534 895 1602 parit
907 1533 937 1586 in

132 1613 233 1665 alienis
245 1610 336 1671 nidis,
357 1609 479 1661 maxime
490 1606 677 1674 palumbium,
696 1606 798 1656 maiori
811 1609 938 1671 exparte

131 1680 246 1750 singula
256 1694 317 1740 ova,
328 1678 403 1746 quod
414 1678 493 1730 aulla
503 1677 561 1729 alia
572 1678 648 1727 suis:
660 1690 725 1727 raro
736 1674 811 1727 bina.
848 1676 939 1725 Causa

130 1748 298 1803 subiiciendi
310 1748 403 1815 pullos
415 1753 536 1814 putatur,
544 1746 617 1814 quod
627 1746 698 1798 sciat
708 1760 738 1797 se
749 1747 867 1799 invisam
874 1756 938 1794 cun·

131 1821 185 1874 ctis
194 1820 306 1871 aribus:
329 1832 392 1869 narn
405 1818 526 1868 minutas
539 1815 810 1884 qucqueinlestaatr
830 1814 873 1865 ita
883 1826 938 1862 non

130 1890 193 1943 lore
205 1895 296 1941 tutam
308 1888 406 1955 generi
418 1902 469 1937 suo
485 1887 599 1954 stirpem
617 1885 762 1952 opinatur,
783 1885 810 1936 ni
830 1881 938 1935 fefelle-

131 1962 181 2012 rit:
199 1972 285 2025 quare
296 1956 404 2008 nullum
414 1956 483 2007 iacit
494 1955 597 2017 nidum,
610 1956 713 2023 alioqui
725 1953 866 2020 trepidum
877 1951 937 2003 ani-

131 2029 196 2081 mal.
233 2026 346 2079 Educet
355 2040 424 2093 ergo
442 2024 584 2078 subditum
596 2025 756 2076 adulterato
772 2022 851 2075 loeta
862 2020 937 2074 nido.

130 2098 183 2152 iile
193 2096 293 2150 aridus
305 2112 339 2151 ex
350 2103 460 2158 natura,
480 2095 617 2162 praeripit
628 2096 705 2146 cibos
718 2093 832 2160 reliquis
844 2091 938 2159 pullis,

130 2167 228 2237 itaque
238 2169 414 2236 pinguescit,
432 2172 462 2217 et
472 2164 576 2229 nitidus
587 2165 615 2216 in
631 2180 662 2216 sc
678 2163 813 2215 nutricem
825 2175 938 2214 conver-

129 2237 182 2290 tit:
204 2237 255 2289 illa
264 2236 369 2306 gaudet
381 2237 440 2289 eius
449 2236 560 2302 specie,
582 2232 938 2299 miraturqueseseipsam,

130 2306 205 2375 qaod
222 2307 309 2359 talem
328 2306 484 2373 pepererit:
506 2318 573 2356 suos
593 2302 805 2370 comparatione
817 2301 877 2353 eius
888 2298 937 2350 da·

128 2382 216 2439 mnat,
227 2384 259 2428 ut
268 2375 386 2441 alienos,
397 2376 559 2441 absumique
570 2376 654 2425 etiam
667 2388 697 2424 se
707 2372 881 2438 inspectante
890 2384 939 2436 pa·

127 2446 211 2508 titur,
223 2445 314 2497 donec
326 2445 462 2511 corripiat
473 2445 560 2509 ipsam
572 2457 683 2508 quoque
692 2441 748 2491 iam
761 2438 877 2488 scluradi
887 2453 938 2500 po-

126 2521 202 2567 teas.
230 2513 318 2567 Nulla
328 2518 397 2563 tunc
405 2512 498 2563 avium
509 2515 647 2559 suavitate
658 2511 750 2557 curnis
761 2510 939 2571 comparatur

162 2651 229 2703 Xll.
248 2647 332 2699 hiilri
343 2661 378 2697 ex
391 2646 491 2698 eodem
501 2643 664 2709 accipitrum
676 2656 785 2710 genere,
799 2639 938 2707 magnitu-

124 2720 197 2773 dine
209 2716 352 2769 differunt.
389 2714 523 2766 Notatum
534 2714 563 2763 in
575 2712 626 2774 his,
636 2710 849 2778 rapacissimam
860 2714 889 2761 et
899 2708 939 2758 ia-

123 2788 262 2843 naricam
284 2797 396 2850 semper
414 2784 511 2834 alitem
530 2780 599 2833 nihil
618 2780 756 2833 esculenti
775 2792 875 2845 rapere
891 2793 940 2828 un·

123 2871 215 2927 quam
226 2868 260 2905 ex
273 2851 399 2904 tuncrum
412 2852 537 2913 ferculis,
549 2866 600 2903 nec
610 2849 759 2918 Olympiae
770 2863 804 2900 ex
816 2862 874 2900 ara.
900 2848 940 2897 Ac

124 2924 328 2980 carmennum
340 2921 453 2987 quidem
465 2922 591 2973 manibus
596 2936 607 2983 s
628 2923 683 2971 nisi
700 2918 812 2985 lugubri
822 2917 938 2968 munici-

125 2998 243 3065 piorum
253 2991 459 3042 immolantium
472 2996 593 3041 ostento.
609 2990 696 3040 iidem
707 2987 839 3039 videntur
848 2990 938 3037 artem

127 3061 308 3133 gubernandi
318 3061 446 3113 docuisse
457 3059 564 3110 caudae
579 3056 708 3117 flexibus,
728 3056 758 3107 in
771 3056 849 3107 caelo
861 3069 938 3106 aron·

128 3138 242 3185 straute
251 3137 363 3194 astura,
385 3128 459 3197 quod
470 3142 539 3193 opus
551 3137 625 3180 esset
637 3127 666 3178 in
677 3123 825 3194 profundo.
856 3124 939 3176 Miivi

130 3202 229 3269 stipsi
240 3201 364 3254 hibernis
374 3199 515 3251 mensibus
525 3197 624 3260 latent,
645 3201 805 3247 nontamen
816 3198 883 3245 ante
894 3190 937 3244 hi·

131 3270 277 3323 ruadinem
290 3272 433 3323 abeuntes.
461 3267 622 3320 Traduntur
633 3273 726 3318 autem
740 3271 768 3317 et
779 3279 796 3315 a
806 3262 938 3315 solstitiis

132 3342 205 3394 allici
216 3340 351 3408 podagra.
709 3374 719 3389 .

168 3410 243 3463 Xlll.
262 3407 670 3476 Volucrumprimadistlactia
684 3406 802 3472 pedibus
819 3402 939 3457 maxime

134 3485 253 3531 constat.
284 3482 340 3533 Aut
351 3479 425 3531 enim
437 3478 559 3530 aduncos
570 3492 677 3545 ungues
689 3476 801 3539 babeat,
812 3481 861 3528 aut
871 3474 940 3541 digi-

133 3557 193 3610 tos,
214 3556 264 3601 aut
275 3547 465 3615 palmipedum
482 3547 510 3598 ln
521 3562 622 3615 genere
634 3553 710 3608 suat,
732 3547 774 3597 uti
784 3558 900 3597 anseres
911 3549 940 3595 ct

135 3618 281 3686 aquaticae
291 3618 350 3671 iere
361 3633 434 3670 aves.
470 3617 597 3669 Adunccs
606 3631 715 3685 ungues
725 3614 867 3679 habentia,
878 3627 938 3666 car·

134 3705 168 3741 aa
178 3694 285 3741 tantum
296 3694 448 3741 vescuntur
458 3702 492 3739 ex
505 3693 584 3754 parte
594 3701 704 3754 magna.

167 3758 242 3810 XIV.
261 3758 393 3810 cornices
414 3756 517 3809 etalio
535 3757 652 3823 pabulo:
676 3760 707 3808 ut
722 3769 794 3823 quac
806 3753 938 3805 duritiem

123 3828 209 3880 ‘aucis
220 3833 314 3879 rostro
327 3834 535 3895 repugnantem,
552 3826 682 3879 volantes
693 3826 722 3876 in
732 3823 820 3875 altum
831 3826 860 3874 in
870 3837 940 3874 sara

135 3897 279 3965 tegulasve
296 3898 403 3948 iaciunt
418 3899 518 3949 iterum
535 3896 704 3963 accaepius,
727 3895 941 3960 donecquassa·

135 3973 187 4018 tem
199 3966 374 4035 perfringere
386 3973 499 4036 queant.
536 3969 601 4032 ipsa
612 3966 672 4017 ales
686 3970 732 4017 est
746 3962 940 4030 inauspicatae

134 4036 319 4104 garrulitatis,
328 4051 346 4086 a
354 4036 519 4104 quibusdam
530 4042 624 4089 tamen
637 4034 761 4086 laudata.
774 4032 816 4084 Ab
827 4031 939 4083 Arcturi

135 4106 226 4159 sidere
237 4107 273 4157 ad
284 4105 464 4158 hirundinum
480 4104 628 4157 adveutum
645 4110 762 4157 notatur
772 4115 833 4153 earn
843 4103 873 4153 in
885 4099 940 4152 Mi·

134 4190 235 4227 nervae
244 4175 314 4226 lucis
325 4176 492 4242 templisque
503 4189 577 4236 raro,
589 4174 690 4226 alicubi
700 4172 813 4224 omnino
826 4185 881 4222 non
892 4169 940 4222 ad·

132 4246 216 4311 spici,
236 4245 310 4295 sieut
319 4244 441 4297 Athenis.
479 4243 628 4296 Praeterea
640 4244 703 4295 sola
714 4242 783 4294 haec
793 4241 880 4293 etiam
892 4255 940 4291 vo·

130 4312 227 4365 lantes
248 4312 340 4377 pullos
359 4312 531 4383 aliquamdiu
553 4314 655 4379 pascit:
683 4308 940 4377 inauspicatissima

132 4381 231 4435 foetus
241 4387 376 4447 tempore,
386 4382 438 4436 hcc
449 4390 502 4445 est,
513 4390 578 4450 post
588 4382 751 4433 solstitium.

164 4448 229 4503 XV.
250 4452 366 4504 ceterae
382 4467 478 4507 omnes
496 4467 532 4505 ex
551 4451 650 4505 eodem
669 4464 770 4520 genere
781 4446 939 4514 pelluatni·

86 4546 95 4557 ·
134 4520 292 4590 dispullos,
313 4524 451 4575 accolere
462 4527 575 4590 cogunt,
592 4518 805 4573 sicutetecrcir
825 4518 872 4583 qui
884 4516 939 4583 ipsi

136 4606 188 4642 non
198 4605 283 4641 carae
295 4596 403 4643 tantum
415 4594 540 4654 aluntur,
561 4590 610 4643 sed
621 4592 752 4643 robustos
762 4601 871 4655 quoque
881 4586 939 4637 ioe-

135 4666 178 4711 tus
188 4676 255 4712 suos
272 4658 373 4729 fugant
388 4661 511 4733 longius.
546 4662 645 4728 ltaque
661 4659 754 4728 parvis
764 4660 792 4708 ia
803 4656 873 4708 vicis
884 4670 939 4707 noa

136 4730 195 4794 plus
217 4728 284 4784 bina
304 4732 435 4800 coniugia
454 4739 532 4783 sunt:
557 4733 633 4783 circa
654 4732 808 4783 Cranunenr
830 4726 939 4793 quidem

136 4799 299 4851 Thessaliae
315 4803 428 4870 singula
444 4807 596 4871 perpetuo:
618 4801 761 4867 genitores
775 4798 865 4850 soboli
877 4797 939 4848 laco

137 4869 245 4923 cedam.
259 4870 378 4923 Diversa
388 4872 416 4923 in
430 4872 492 4935 hac,
504 4887 537 4925 ac
546 4870 708 4938 supradicta
714 4870 784 4921 alite
793 4867 939 4937 quaedam.

136 4938 217 4990 Corvi
233 4946 301 4992 ante
322 4942 476 4995 solstitium
499 4949 648 5010 generant,
670 4939 753 4992 iidem
775 4942 940 5007 aegrescunt

135 5010 282 5076 magcnis
303 5009 414 5075 dicbus,
435 5013 484 5065 siti
502 5011 638 5072 maxime,
663 5017 812 5076 antequam
831 5009 877 5059 lici
893 5022 939 5059 co·

136 5083 255 5144 quantur
265 5086 409 5132 autumno.
443 5081 549 5134 cornix
560 5082 595 5133 ab
606 5094 640 5133 eo
651 5085 779 5147 tempore
789 5077 941 5144 corripitur

134 5148 241 5200 morbo.
278 5150 360 5201 Corvi
374 5151 490 5216 pariant
504 5149 726 5216 cumplurimum
740 5148 848 5215 quinos.
885 5146 940 5197 0re

135 5230 181 5268 eos
193 5231 294 5284 parere
304 5225 354 5270 aut
363 5220 440 5273 coire
450 5220 552 5289 vulgus
563 5220 732 5272 arbitraturi
746 5218 865 5283 ideoque
876 5230 939 5283 gra·

135 5284 224 5348 vides,
236 5288 262 5339 si
273 5287 385 5341 ederint
394 5292 539 5342 corridum
551 5302 748 5356 usucaperes
760 5292 868 5353 partum
879 5285 941 5336 red·

133 5352 215 5419 dere,
227 5366 313 5423 atque
325 5362 352 5410 in
362 5366 465 5424 tatum,
487 5358 638 5412 difficulter
648 5372 760 5425 parere,
779 5357 805 5407 si
815 5362 891 5407 tecto
900 5354 941 5404 in·

130 5421 266 5505 leccator.
277 5427 443 5482 Aristoteles
454 5435 549 5496 negat,
560 5442 615 5480 aon
626 5425 738 5480 hercule
749 5426 850 5494 magis,
858 5437 940 5490 quam

130 5495 302 5565 saAegypto
315 5498 396 5550 ibims
417 5498 468 5551 sed
487 5499 568 5550 iliam
588 5496 847 5555 exosculationem‚
869 5506 940 5559 quue

130 5566 361 5632 nepceeraitur,
378 5567 690 5636 qasiemincclambis,
712 5581 782 5621 csse.
818 5562 940 5616 corriin

991 566 1074 624 sunt,
1096 576 1191 613 omnes
1208 577 1224 614 e
1236 562 1430 632 Peloponneso
1448 570 1477 614 et
1489 564 1582 615 Attica
1592 565 1707 632 regione
1719 566 1795 618 rola-

991 636 1100 682 rerunt.
1110 630 1235 683 Pessima
1244 647 1339 684 eorum
1350 631 1530 701 significatio,
1542 648 1604 685 cum
1616 635 1739 703 glutiunt
1749 652 1795 687 ro·

991 715 1051 754 cem
1065 699 1140 752 reiut
1150 700 1327 766 strangulati.

1026 768 1099 822 XVl.
1118 769 1210 820 Uccos
1221 785 1328 836 ungues
1347 775 1376 822 et
1387 778 1539 824 nocturnae
1551 787 1615 825 ares
1628 769 1744 837 habent,
1765 782 1797 827 ut

992 844 1120 902 noctuae,
1134 838 1221 900 bubo,
1238 837 1342 891 ululae.
1378 842 1506 892 Omnium
1517 838 1614 894 horum
1626 840 1742 896 hebetes
1753 845 1794 896 in·

992 908 1087 962 terdia
1097 908 1181 961 oculi.
1213 907 1295 959 Buba
1306 906 1439 971 funebris,
1449 918 1478 962 et
1489 913 1611 965 maxime
1622 913 1797 966 abominatus

992 979 1112 1046 publicis
1121 977 1272 1046 praecipue
1282 978 1422 1043 auspiciis,
1432 979 1542 1032 deserta
1550 982 1661 1035 incolite
1674 998 1727 1036 aec
1737 991 1797 1036 taa-

992 1057 1049 1101 tum
1057 1048 1194 1109 desolata,
1200 1046 1249 1100 sed
1258 1047 1319 1098 dira
1325 1047 1409 1098 etiam
1417 1054 1445 1099 et
1455 1049 1610 1103 inaccessa:
1623 1054 1797 1107 nectismoa·

991 1125 1090 1181 strum,
1100 1133 1153 1170 nec
1164 1124 1247 1170 centu
1258 1117 1352 1184 aliquo
1363 1117 1476 1177 vocalis,
1490 1120 1539 1169 sed
1550 1123 1664 1188 gemitu.
1700 1125 1797 1194 ltaque

990 1188 1020 1239 in
1032 1189 1147 1240 urbibus
1161 1194 1210 1239 aut
1222 1188 1334 1239 omnino
1346 1185 1374 1237 in
1387 1186 1448 1238 lucc
1459 1187 1543 1249 risus,
1555 1189 1643 1243 dirum
1657 1200 1796 1246 ostentum
1851 1201 1856 1211 ·

991 1263 1042 1310 cst.
1070 1258 1247 1310 Privaturum
1261 1257 1388 1308 dontibus
1400 1254 1566 1309 insidentem
1577 1259 1725 1325 plurimum
1736 1266 1796 1315 sciu

993 1342 1050 1379 aon
1062 1326 1149 1379 inisse
1160 1326 1284 1379 feralem.
1321 1326 1407 1379 Volat
1416 1340 1556 1391 nunquam
1568 1341 1621 1394 quo
1632 1330 1724 1394 libuit,
1745 1332 1796 1384 sed

994 1403 1169 1450 transversus
1180 1396 1314 1448 aufertur.
1351 1394 1484 1461 Capitolii
1497 1395 1595 1447 cellam
1610 1400 1696 1464 ipsam
1709 1405 1795 1453 intra-

992 1466 1106 1518 vitScx.
1126 1466 1241 1534 Papeiio
1260 1467 1368 1527 iiiatro,
1388 1464 1421 1517 i..
1441 1463 1566 1517 Pedanio
1589 1467 1665 1519 Coss.
1683 1478 1797 1538 prepter

993 1535 1066 1604 quad
1077 1535 1167 1588 Nonis
1178 1535 1292 1588 Martiis
1305 1535 1376 1587 Urbs
1387 1535 1508 1587 lustrata
1518 1541 1561 1586 est
1574 1548 1608 1588 eo
1620 1551 1701 1588 anino.

1026 1605 1114 1659 xvu.
1134 1605 1308 1674 inauspicata
1317 1612 1360 1658 est
1370 1613 1400 1657 et
1411 1605 1584 1657 incendiaria
1593 1607 1663 1670 avis,
1683 1616 1798 1675 propter

991 1689 1074 1742 quam
1094 1690 1294 1743 saepenumero
1316 1675 1464 1727 lustratam
1480 1675 1581 1728 Urbem
1604 1676 1634 1728 in
1650 1677 1798 1730 annalibus

991 1745 1159 1809 invenimus,
1179 1746 1251 1797 sicut
1262 1746 1295 1797 i..
1307 1745 1413 1808 Cassio,
1424 1746 1454 1797 (l.
1465 1744 1558 1796 Mario
1569 1746 1646 1797 Coss.
1659 1761 1713 1815 quo
1723 1761 1797 1799 anno

992 1820 1020 1867 et
1032 1814 1142 1867 bubone
1154 1816 1213 1867 uiso
1225 1816 1347 1867 lustrata
1357 1822 1409 1867 est.
1432 1816 1510 1879 Quae
1521 1815 1630 1867 sitatis
1641 1822 1682 1879 ed,
1694 1831 1746 1869 acc
1755 1832 1798 1870 re·

992 1884 1110 1951 peritur,
1121 1899 1172 1937 acc
1182 1885 1312 1937 traditur.
1339 1885 1457 1948 Quidam
1468 1886 1509 1936 ita
1518 1885 1748 1953 interpretantur,
1758 1886 1799 1938 in.

992 1954 1160 2006 cendiariam
1183 1970 1245 2007 esse
1267 1969 1447 2022 quaecunque
1468 1956 1630 2021 apparuerit
1650 1956 1798 2010 carbonem

992 2022 1085 2077 ferens
1096 2038 1131 2077 ex
1144 2026 1200 2075 aris
1216 2025 1261 2077 rei
1278 2024 1423 2077 altaribus.
1458 2025 1514 2075 Alii
1526 2025 1724 2091 spinturnicem
1737 2042 1799 2081 eam

991 2098 1106 2146 vocant:
1129 2093 1180 2146 sed
1196 2091 1265 2147 haec
1276 2094 1337 2161 ipsa
1347 2108 1419 2161 quae
1432 2101 1507 2157 esset
1521 2095 1596 2146 inter
1611 2111 1689 2158 ares,
1711 2098 1799 2165 quise

991 2164 1063 2216 scire
1075 2163 1196 2225 diceret,
1216 2178 1270 2215 aon
1281 2165 1381 2216 inveni.
1419 2164 1535 2217 Cliniam
1553 2179 1661 2233 quoque
1672 2181 1750 2219 erem
1762 2169 1798 2219 ab

991 2233 1113 2301 antiquis
1124 2233 1305 2298 nominatam,
1318 2233 1657 2302 animadvertoignorari.
1679 2235 1799 2298 Quidam

991 2303 1185 2357 clamatoriam
1197 2301 1303 2367 dicunt,
1314 2303 1409 2355 Labeo
1422 2302 1645 2372 prohibitoriam.
1676 2304 1714 2356 Et
1727 2304 1800 2374 apud

991 2370 1138 2440 Nigidium
1148 2372 1226 2424 subis
1238 2373 1396 2441 appellatur
1405 2373 1473 2430 avie,
1495 2388 1567 2436 quae
1577 2372 1733 2437 aquilarum
1746 2391 1800 2428 ora

992 2439 1111 2502 irsrrgaa
1139 2440 1209 2486 sunt
1221 2450 1367 2502 praeterea
1376 2438 1521 2503 complura
1531 2454 1635 2507 genera
1646 2440 1798 2507 depictam

994 2505 1113 2556 Etrusca
1123 2504 1278 2570 disciplina,
1290 2506 1339 2558 sed
1351 2506 1401 2557 uili
1412 2521 1466 2557 nun
1477 2505 1549 2559 visa:
1562 2524 1632 2575 quae
1642 2525 1714 2561 nunc
1724 2511 1799 2565 deie-
1849 2520 1854 2527 ’

992 2574 1065 2625 cisse
1076 2574 1178 2625 mirum
1189 2580 1245 2636 est,
1265 2589 1326 2626 cum
1340 2574 1482 2627 abundent
1493 2577 1577 2627 etiam
1590 2591 1661 2643 quae
1671 2579 1738 2647 gula
1751 2580 1799 2631 hu·

992 2641 1242 2708 manapopulatur.

1027 2708 1128 2764 XVlil.
1148 2709 1335 2763 Exteraorum
1356 2710 1391 2764 de
1407 2713 1532 2780 augtrriis
1548 2714 1716 2780 peritissime
1731 2720 1799 2771 scri·

992 2781 1081 2848 psisse
1093 2778 1187 2849 llylas
1199 2782 1311 2832 nomine
1322 2786 1445 2847 putatur.
1461 2782 1487 2833 ls
1500 2785 1587 2835 tradit
1597 2792 1737 2850 noctuam,
1748 2788 1798 2840 bu-

993 2852 1102 2913 bonem,
1122 2850 1213 2916 picum
1226 2851 1340 2902 arbores
1352 2857 1507 2915 cavantem,
1528 2858 1684 2920 trogonenr,
1707 2858 1797 2910 corni·

992 2935 1061 2983 cem,
1083 2918 1202 2971 acauda
1212 2919 1248 2971 de
1259 2934 1310 2971 ovo
1323 2919 1413 2973 exire:
1435 2922 1568 2989 quoniam
1585 2924 1709 2990 pondere
1719 2928 1796 2994 capi·

992 2995 1052 3041 tum
1064 3004 1196 3056 perversa
1207 3004 1267 3051 ora,
1279 2990 1463 3055 posteriorem
1475 2995 1582 3058 partem
1594 3006 1742 3061 corporum
1754 2994 1797 3048 ic·

991 3057 1109 3111 rendam
1120 3059 1202 3110 matri
1213 3057 1362 3124 applicent.

1026 3128 1107 3179 Xlx.
1130 3127 1299 3180 Noetnarum
1326 3136 1424 3181 contra
1446 3143 1511 3181 stes
1531 3129 1623 3182 solers
1645 3131 1797 3187 dimicatio.

991 3198 1101 3251 Maiore
1113 3196 1302 3250 circumdatae
1312 3197 1501 3260 multitudine,
1511 3201 1669 3266 sesopiaae
1682 3202 1799 3269 pedibus

991 3273 1160 3335 repugnant,
1181 3266 1371 3334 collectaeque
1381 3269 1408 3318 in
1421 3273 1540 3329 arctum,
1558 3276 1650 3320 rostro
1663 3279 1691 3323 et
1701 3273 1798 3340 ungui·

991 3340 1044 3391 bus
1066 3343 1146 3390 totae
1164 3344 1305 3406 teguntur.
1341 3334 1499 3388 Auxiliatur
1519 3338 1578 3389 acci
1600 3339 1656 3389 iter
1676 3339 1797 3409 collegio

992 3408 1111 3481 quodam
1122 3412 1246 3469 naturae,
1259 3406 1418 3474 bellumque
1427 3404 1559 3472 partitur.
1580 3352 1706 3460 fluctuas
1717 3425 1796 3462 sesa·

993 3481 1072 3549 genis
1082 3478 1180 3530 diebus
1192 3476 1291 3529 hiemis
1305 3477 1421 3539 cubare,
1443 3482 1472 3529 et
1488 3490 1589 3530 novem
1600 3490 1683 3531 uoces
1695 3478 1798 3535 habere

993 3548 1081 3601 tradit
1091 3546 1229 3614 Nigidius.

1027 3618 1090 3670 XX.
1109 3617 1179 3669 Sunt
1190 3627 1218 3670 et
1229 3632 1331 3686 parrae
1341 3633 1405 3671 ares
1416 3632 1551 3672 uncorum
1561 3618 1706 3689 unguium,
1719 3623 1796 3687 utpi-

993 3690 1028 3741 ci:
1049 3687 1156 3739 Martio
1168 3688 1331 3756 cognomine
1345 3689 1482 3757 insignes,
1504 3695 1533 3742 et
1547 3688 1731 3758 inauspicatu
1741 3703 1797 3741 ma·

992 3757 1050 3826 gni.
1061 3757 1163 3820 Quoia
1175 3773 1277 3825 genere
1289 3758 1418 3809 arborum
1431 3766 1578 3812 cavatores
1589 3758 1755 3812 scandentes
1765 3757 1795 3810 in

992 3829 1156 3893 subreptum
1167 3826 1263 3879 lelium
1274 3827 1370 3879 niodo:
1386 3828 1430 3878 ilii
1441 3844 1508 3881 sero
1520 3835 1549 3881 et
1560 3828 1661 3897 supini,
1672 3828 1797 3894 percussi

993 3898 1108 3950 corticis
1118 3912 1196 3959 sono,
1207 3898 1339 3964 pabulum
1350 3898 1463 3949 subesse
1472 3899 1645 3966 intelligunt.
1662 3897 1757 3950 l’ullos
1768 3897 1797 3949 ia

993 3965 1198 4020 caviseducant
1217 3967 1308 4018 avium
1330 3966 1393 4019 soli.
1429 3967 1797 4020 Adactoscancraiseorum

992 4052 1009 4088 a
1020 4043 1134 4105 pastore
1146 4051 1259 4101 cuneos,
1278 4036 1391 4089 admota
1402 4037 1520 4104 quadam
1533 4034 1623 4089 abhis
1634 4035 1728 4097 herba,
1738 4034 1795 4087 cla·

991 4107 1020 4158 bi
1032 4106 1153 4158 creditur
1167 4106 1274 4174 vulgo„
1296 4106 1417 4158 'l'rebius
1431 4114 1530 4158 auctor
1547 4112 1602 4166 est,
1624 4104 1732 4155 clavum
1748 4117 1798 4153 ru-

992 4190 1109 4228 neamre
1121 4175 1260 4237 adactum,
1276 4182 1379 4241 quanta
1390 4174 1477 4227 libeat
1486 4177 1521 4237 si,
1542 4173 1637 4227 arbori
1649 4175 1677 4224 in
1688 4187 1744 4240 qua
1755 4173 1799 4224 ui-

993 4245 1058 4298 dum
1070 4243 1187 4307 habeat,
1209 4245 1303 4296 statim
1323 4243 1454 4305 exsilire,
1476 4259 1537 4295 cum
1555 4243 1663 4307 crepitu
1676 4241 1797 4305 arboris,

993 4329 1055 4366 cum
1066 4312 1204 4366 insederit
1215 4313 1294 4364 clavo
1307 4320 1356 4364 aut
1367 4328 1463 4365 cuneo.
1499 4313 1555 4379 ipsi
1567 4311 1733 4379 principales
1744 4311 1797 4364 La·
1871 4352 1873 4355 .

993 4386 1033 4433 tio
1044 4388 1109 4434 suat
1120 4384 1146 4431 in
1158 4382 1290 4449 auguriis,
1300 4395 1317 4430 a
1329 4396 1406 4449 rege,
1415 4380 1462 4449 qui
1472 4396 1573 4433 noarea
1583 4380 1648 4432 huic
1657 4381 1702 4434 ani
1710 4381 1796 4435 dedit.

992 4452 1083 4503 Unum
1094 4465 1189 4502 eorum
1202 4450 1371 4517 praescitum
1387 4453 1507 4502 transire
1525 4466 1578 4503 non
1592 4465 1673 4519 queo.
1710 4452 1741 4504 ln
1754 4468 1797 4505 ca·

992 4521 1050 4591 pite
1067 4521 1204 4588 praetoris
1221 4521 1319 4572 urbani
1334 4520 1406 4573 Aelii
1418 4521 1591 4585 Tuberonis,
1611 4521 1641 4572 in
1656 4521 1720 4575 foro
1734 4523 1797 4575 iura

992 4604 1042 4659 pro
1054 4589 1189 4642 tribunali
1200 4588 1358 4654 reddentis,
1380 4589 1454 4641 sedit
1472 4591 1513 4642 ita
1528 4591 1652 4659 placide,
1672 4597 1798 4644 uturana

992 4659 1217 4729 prehenderetur.
1254 4659 1530 4727 Respondererates,
1551 4661 1667 4714 exitium
1679 4662 1798 4729 imperio

992 4730 1131 4801 portendi,
1143 4730 1168 4782 si
1180 4730 1384 4782 dimitteretur:
1407 4738 1436 4783 at
1447 4733 1472 4783 si
1482 4732 1701 4795 exanimaretur,
1719 4746 1797 4798 prae·

993 4802 1058 4854 tori.
1094 4799 1190 4853 Etilie
1206 4816 1285 4853 arem
1305 4800 1431 4868 protinus
1451 4802 1623 4871 concerpsit:
1645 4801 1797 4855 necmalto

992 4877 1058 4938 post
1066 4870 1193 4938 implerit
1204 4870 1372 4940 prodigium.

1027 4940 1101 4992 XXl.
1120 4938 1278 4992 Vescuntur
1293 4949 1321 4992 et
1333 4939 1436 5008 glande
1452 4940 1480 4991 in
1494 4939 1673 5009 hangemara,
1693 4942 1798 5006 pomis·

993 5025 1046 5076 qne
1057 5008 1176 5072 multae,
1197 5012 1246 5063 sed
1258 5025 1330 5079 quae
1341 5025 1422 5062 earne
1434 5016 1542 5060 tanturn
1553 5025 1607 5060 non
1618 5012 1731 5071 vivunt,
1753 5023 1798 5060 er-

993 5084 1076 5147 cepto
1086 5078 1186 5130 milvo:
1199 5080 1271 5145 quod
1284 5081 1373 5147 ipsum
1384 5080 1412 5130 in
1425 5079 1549 5147 auguriis
1561 5079 1650 5129 dirum
1664 5086 1717 5129 est.
1747 5080 1800 5130 Un-

994 5165 1041 5200 cus
1052 5161 1158 5215 ungues
1176 5146 1309 5202 habentes
1326 5151 1439 5201 omnino
1453 5164 1508 5199 non
1527 5151 1751 5214 congregantur,
1773 5153 1801 5197 et

993 5219 1045 5269 sibi
1058 5231 1183 5284 quaeque
1194 5218 1372 5284 praedantur.
1392 5216 1462 5269 Sunt
1474 5222 1567 5269 autem
1580 5225 1676 5263 omnes
1687 5211 1750 5264 iere
1762 5212 1801 5264 ai·

993 5286 1105 5347 uvolae,
1115 5292 1228 5354 praeter
1234 5295 1399 5340 costumas:
1411 5292 1440 5337 et
1452 5286 1550 5352 magis,
1559 5282 1688 5333 maiores.
1701 5278 1801 5327 Omni·

993 5358 1044 5408 bus
1054 5354 1117 5408 alae
1128 5357 1257 5422 grandes,
1274 5371 1375 5426 corpus
1386 5355 1526 5421 exiguum.
1563 5341 1718 5399 Amb¹¹¹⁸¹¹t
1729 5342 1804 5393 Μ·

994 5425 1092 5478 culter.
1104 5426 1133 5477 la
1145 5426 1232 5492 petris
1241 5442 1308 5481 raro
1319 5425 1473 5479 consister*
1508 5418 1653 5448 *·‘·”·‘''''¹
1662 5412 1807 5468 'mmm

994 5495 1166 5562 prohibente.

1028 5564 1118 5619 XXll.
1135 5566 1215 5620 Nunc
1229 5565 1264 5616 ds
1279 5561 1396 5615 secandr
1716 5541 1777 5593 '‘it‘.
1790 5542 1820 5591 in
