4340 6018
327 343 360 401 C.
397 342 539 402 Pthii
576 341 782 410 secubet
819 344 982 406 Neruo.
1020 344 1207 412 HISTOR.
1246 349 1329 413 elo.
1354 350 1396 411 X.
1435 350 1529 411 CAP.
1555 355 1623 412 Μ.
1746 354 1805 418 ria

148 489 244 545 erodi
259 505 327 560 ergo
339 511 347 544 s
367 496 446 546 motu
457 490 570 546 demum
581 507 630 546 cer
650 508 729 548 orum
741 495 835 548 visere
846 510 895 548 ees
906 509 953 562 ap·
1006 495 1065 547 ailo
1076 498 1151 550 intus
1162 500 1318 569 excipiente
1329 502 1493 556 centonibus
1503 511 1622 571 raptum,
1643 518 1679 555 ne
1688 505 1807 573 palpita-

149 563 278 633 probuut.
299 563 378 615 Cirta
388 562 556 617 Heracleam
568 580 619 616 ean
640 581 693 627 om,
709 565 952 634 eodemquebyco
1004 566 1047 618 tio
1058 566 1116 618 ulio
1128 574 1176 619 aut
1186 584 1270 622 sonus
1280 579 1388 625 ceteros
1398 572 1502 642 abiget.
1521 574 1733 626 conciliatorem
1746 592 1807 627 nes-

149 648 231 686 umne
242 632 404 697 decedente,
411 633 470 686 oris
480 633 594 697 relictis,
604 635 632 686 in
643 634 710 687 iimo
718 636 953 703 generariplsces,
1006 650 1038 687 se
1049 635 1084 687 ud
1095 633 1148 687 hoc
1159 639 1280 704 prodest,
1292 658 1327 693 ne
1337 642 1473 709 capiatur,
1493 642 1619 710 fugituro
1629 645 1656 694 in
1668 645 1807 714 reliquam

149 704 242 772 quiad
254 703 359 771 pabula
377 704 496 770 petenda
511 704 650 773 palpitent
671 706 779 773 exiguis
799 705 951 768 branchiis,
1004 719 1100 773 grege.
1136 704 1242 759 Ferunt
1261 708 1417 764 discordem
1437 713 1542 764 socium
1563 711 1625 764 duci
1644 715 1807 768 insidiatum

148 788 202 842 que
214 774 276 826 lieri
287 773 465 842 nonindlgoa
483 771 623 827 humeris:
645 783 761 842 propter
780 775 856 844 quod
867 778 952 827 etan·
1005 774 1121 843 pulchre
1132 781 1208 837 neto,
1226 778 1387 847 cepisseque
1405 784 1529 834 malelica
1546 781 1704 837 voluntate:
1727 787 1805 854 agni·

147 844 249 914 guillae
260 843 367 895 diutius
377 845 473 897 rivere
494 850 618 896 exemtaa
630 846 718 913 aquis.
748 845 951 897 Oraautemin
1005 845 1651 910 tuminmecclloasocio,cuiusiniuriaerat:
1673 855 1807 908 etdamni

147 914 222 968 sicce
234 913 383 976 maturari,
394 918 427 965 ut
438 914 619 967 testudinum.
656 913 761 967 Eadem
771 915 801 966 in
814 913 897 966 Ponti
909 929 951 965 re-

146 985 232 1053 gione
255 983 425 1050 apprehendi
439 982 530 1050 glacie
542 983 661 1051 piscium
677 985 796 1036 maxime
807 984 952 1052 gobiones,

146 1070 201 1105 aon
212 1054 267 1105 nisi
279 1053 437 1120 patinarum
450 1053 545 1107 calore
560 1054 674 1106 vitalem
692 1061 798 1106 motum
819 1053 951 1106 latentes.

146 1122 289 1175 iistinhis
301 1123 423 1189 quidem,
442 1125 555 1176 tametsi
576 1123 723 1187 mirabilis,
744 1130 837 1175 tarrren
857 1124 953 1192 aliqua

144 1193 227 1246 ratio.
255 1192 332 1245 idem
351 1191 441 1244 tradit
451 1193 480 1243 in
490 1191 682 1262 Paphlagonia
693 1193 779 1260 effodi
790 1196 880 1261 pisces
890 1208 952 1262 grn-

144 1263 269 1315 tissimos
280 1262 359 1325 cibis,
380 1269 518 1327 terrenos,
538 1263 605 1315 altis
616 1264 770 1327 scrobibus,
788 1262 951 1316 inhislocis

144 1331 192 1385 ubi
204 1331 300 1385 nullae
312 1338 390 1386 resta
429 1339 478 1385 ent
489 1348 592 1403 aquae:
615 1333 789 1401 miratusque
801 1339 830 1384 et
842 1334 901 1401 ipse
911 1333 951 1400 gi·

144 1403 191 1471 gni
204 1405 265 1454 sine
286 1401 376 1465 coho,
417 1405 523 1455 umoris
540 1401 650 1471 quidem
667 1404 724 1454 rim
745 1404 829 1455 aliam
850 1404 951 1464 inesse,

144 1487 226 1541 quarn
238 1472 340 1539 puteis,
356 1472 522 1541 arbitratur,
540 1488 590 1526 eeu
601 1488 667 1526 vero
678 1474 707 1524 ln
718 1474 801 1525 nullis
813 1474 950 1540 reperian-

143 1550 190 1594 tur
199 1542 300 1609 pisces.
320 1540 463 1610 Quidquid
475 1550 519 1595 est
529 1541 590 1607 hoc,
611 1550 686 1596 certe
699 1543 788 1594 minus
801 1541 950 1594 admirabi-

144 1612 198 1665 iem
210 1613 351 1680 talparum
361 1611 430 1663 iecit
440 1613 525 1666 vitam
545 1614 720 1665 subterranei
736 1612 874 1675 aninmlis,
894 1612 950 1663 nisi

143 1680 948 1750 torterermiumterrenorumethispiscibusnaturainest:

180 1749 331 1803 LXXXIV.
351 1750 453 1803 Verum
473 1752 600 1804 omnibus
617 1752 660 1805 hia
671 1752 754 1804 fldem
765 1750 823 1803 Nili
834 1750 949 1803 inunda-

143 1822 186 1871 tio
197 1821 286 1884 affert,
306 1821 401 1873 ooruia
421 1822 574 1875 excedente
585 1822 738 1875 miracula:
760 1823 861 1889 quippe
872 1821 948 1873 dete-

142 1901 227 1956 gente
238 1906 271 1943 eo
283 1891 402 1943 musculi
414 1893 592 1960 reperiuntur
604 1890 733 1945 inchoato
745 1905 830 1958 opere
841 1890 947 1959 genita·

141 1960 179 2010 iis
190 1974 280 2028 aquae
290 1967 448 2029 terraeque,
459 1962 515 2014 iam
530 1968 611 2029 parte
621 1961 747 2030 corporis
757 1961 889 2026 virentes,
899 1974 952 2013 noe

141 2028 256 2082 sissima
266 2029 358 2099 effigie
369 2031 520 2084 etiamnum
532 2039 654 2086 terrena.

174 2097 317 2154 LXXXV.
329 2100 388 2154 Nec
398 2099 433 2152 de
444 2100 540 2153 anthia
551 2105 627 2169 pisce
638 2102 717 2155 sileri
726 2102 864 2164 convenit,
875 2114 947 2169 quae

141 2166 291 2236 plerosque
312 2168 430 2223 adverto
452 2171 613 2225 credidisse.
650 2170 829 2224 Chelidonias
841 2171 947 2221 insulas

37 2238 40 2245 '
140 2236 261 2290 diximus
273 2240 365 2303 lisiae,
374 2240 519 2307 scopulosi
530 2243 625 2305 utaris,
647 2249 712 2293 ante
723 2240 946 2308 promontorium

139 2308 224 2359 ritas:
241 2308 281 2361 ibi
293 2308 423 2377 frequens
438 2309 482 2362 hic
492 2310 576 2377 piscis
588 2319 617 2364 et
627 2310 759 2364 celeriter
770 2310 882 2378 capitur
891 2324 946 2360 uno

137 2389 251 2496 genere.
270 2376 360 2430 Parvo
374 2381 493 2448 navigio,
505 2387 534 2433 et
545 2379 688 2434 concolori
697 2385 783 2443 veste,
794 2381 947 2447 eademque

157 2460 210 2498 ora
231 2460 282 2513 per
300 2447 410 2515 aliquot
431 2450 491 2498 dies
510 2452 659 2498 continues
676 2450 800 2513 piscator
817 2450 948 2517 enavigat

137 2522 217 2567 certo
228 2517 329 2583 spatio,
339 2529 488 2582 escamque
499 2514 620 2580 proiicit.
639 2514 784 2583 Quidquid
795 2534 830 2566 ex
840 2534 873 2566 eo
883 2518 947 2564 mit-

135 2583 216 2645 titur,
238 2589 371 2650 suspecta
382 2581 458 2633 haus
479 2583 599 2647 praedae
616 2589 676 2633 est:
697 2596 853 2647 cavensque
874 2582 946 2648 quod

135 2653 245 2715 timuit,
256 2666 319 2704 cum
331 2648 360 2698 id
372 2663 456 2714 saepe
467 2649 571 2699 iactum
584 2656 713 2713 est,unus
722 2650 872 2715 aliquando
884 2665 948 2701 con·

135 2721 289 2775 suetudine
299 2717 435 2768 inritatus
446 2716 567 2780 anthias,
578 2732 670 2770 escam
682 2719 801 2785 appetit.
826 2718 948 2770 Notatur

133 2790 182 2843 hic
195 2786 499 2855 intentionediiigenti,
506 2792 537 2837 ut
547 2788 721 2855 auctorspei,
727 2786 947 2855 conciliatorque

1005 913 1154 966 lormuiam
1166 913 1287 980 editam,
1302 917 1571 991 condemnatumque
1583 922 1691 975 eddidit
1701 925 1805 978 Mutia·

1005 999 1055 1035 nus
1067 984 1215 1036 aestimata
1226 983 1285 1037 lite.
1314 986 1401 1039 iidem
1413 990 1533 1055 anthiae,
1555 1002 1615 1043 cum
1627 1010 1709 1047 unum
1723 993 1822 1047 hane-

1004 1057 1094 1106 teneri
1104 1053 1235 1118 uiderint,
1241 1056 1341 1121 spinis,
1349 1071 1416 1123 quas
1428 1059 1456 1109 in
1466 1059 1548 1112 dorso
1560 1072 1683 1116 serratas
1695 1064 1807 1127 habent,

1005 1123 1107 1175 lineam
1119 1139 1215 1176 secare
1225 1125 1391 1177 traduntur:
1412 1142 1445 1179 eo
1459 1129 1507 1196 qui
1520 1138 1640 1195 tenetur,
1657 1134 1807 1186 extenden-

1004 1197 1043 1257 te,
1051 1199 1084 1245 ut
1095 1195 1216 1259 praecidi
1228 1196 1326 1261 possit.
1355 1197 1392 1248 at
1402 1196 1477 1250 inter
1486 1214 1593 1267 sargos,
1605 1202 1665 1268 ipae
1676 1204 1723 1271 qui
1733 1212 1808 1256 tene·
1901 1227 1905 1234 ·

1004 1268 1060 1325 tur,
1072 1262 1107 1314 ad
1118 1267 1249 1331 scopulos
1260 1266 1361 1318 lineam
1373 1267 1450 1318 terit.

1038 1333 1192 1386 LXXXVi.
1212 1333 1509 1389 i’raeterhaceciaros
1530 1339 1806 1404 sapientiaauctores

1003 1402 1085 1454 rideo
1097 1403 1193 1474 ruirmi
1204 1404 1316 1457 stellam
1327 1406 1354 1456 in
1368 1409 1448 1457 utari.
1486 1408 1526 1458 Ea
1536 1410 1626 1474 ligura
1637 1418 1680 1461 est
1692 1424 1699 1459 t
1720 1426 1807 1478 parva

1003 1470 1153 1524 admodum
1164 1487 1229 1525 caro
1241 1474 1324 1538 intus,
1334 1482 1414 1529 extra
1425 1476 1538 1529 duriore
1551 1477 1633 1528 cailo.
1663 1478 1738 1531 iiuie
1749 1488 1806 1532 tam

1003 1543 1114 1609 igneum
1126 1544 1265 1596 fervorem
1276 1560 1339 1597 esse
1351 1546 1475 1613 tradunt,
1482 1554 1514 1598 ut
1524 1547 1618 1598 omnia
1629 1548 1656 1598 ln
1668 1549 1736 1599 utari
1744 1560 1807 1601 coit·

1004 1618 1080 1663 tacta
1090 1611 1199 1674 adurat,
1209 1627 1319 1666 emnem
1331 1616 1419 1667 cibum
1432 1618 1527 1668 statim
1538 1623 1665 1685 peragat.
1700 1619 1807 1681 Quibus

1003 1683 1041 1732 sit
1051 1680 1104 1734 hoc
1115 1683 1257 1750 cognitum
1270 1686 1476 1751 experimentis,
1493 1684 1566 1739 haud
1579 1685 1664 1738 facile
1675 1685 1805 1739 dixerim:

1002 1751 1093 1802 multo
1109 1753 1320 1807 memorabilius
1343 1755 1461 1810 dixerim
1483 1756 1522 1821 ld,
1544 1757 1623 1808 cules
1644 1756 1807 1822 experiendi

1003 1820 1128 1889 quetidie
1140 1823 1251 1876 occasio
1263 1831 1315 1877 est.

1037 1890 1204 1945 Lxxxvn.
1233 1893 1404 1946 concharum
1429 1910 1444 1947 e
1455 1909 1559 1963 genere
1569 1902 1633 1947 sunt
1644 1894 1760 1962 dactyli,
1771 1898 1805 1947 ab

1001 1957 1185 2013 humanorum
1197 1965 1329 2031 unguium
1341 1964 1524 2016 similitudine
1534 1965 1679 2032 appellati.
1697 1966 1749 2017 liis
1761 1982 1808 2017 na·

998 2032 1103 2082 turain
1126 2032 1248 2084 tenebris
1264 2038 1374 2085 remoto
1390 2034 1505 2098 lumine,
1527 2036 1583 2087 alio
1595 2034 1705 2103 fulgere
1715 2035 1806 2099 elar03

1001 2104 1029 2153 et
1050 2106 1155 2167 quanto
1176 2103 1266 2169 magis
1288 2101 1432 2157 humorem
1453 2101 1590 2169 habeant,
1612 2106 1706 2157 lucere
1716 2105 1746 2155 in
1758 2120 1806 2157 ore

999 2169 1199 2233 plaudentium,
1210 2172 1303 2225 lucere
1315 2174 1345 2224 in
1358 2174 1497 2239 manibus,
1513 2180 1597 2241 atque
1608 2175 1691 2225 etlam
1703 2174 1731 2224 in
1743 2174 1805 2226 soie

1000 2253 1033 2291 ac
1042 2246 1131 2304 veste,
1143 2240 1335 2294 decidentibus
1340 2245 1445 2311 guttis:
1457 2250 1489 2296 ut
1498 2244 1596 2312 procui
1608 2242 1692 2295 dubio
1699 2250 1806 2310 pateat,

999 2309 1075 2361 succi
1086 2309 1163 2362 illam
1175 2318 1304 2365 naturam
1315 2328 1389 2376 esse,
1412 2329 1494 2382 quam
1506 2316 1671 2366 miraremur
1681 2316 1765 2365 etiam
1777 2316 1806 2364 in

1000 2393 1127 2446 corpere.

1035 2449 1806 2520 LXXXVIII.Suntetinimicltiarumatqueconcordiae

999 2516 1142 2566 miracula.
1170 2521 1261 2580 Mugil
1272 2527 1302 2565 et
1311 2523 1392 2583 lupus
1402 2527 1499 2567 mutuo
1510 2520 1576 2568 odio
1589 2520 1722 2585 flagrant:
1741 2534 1805 2571 eou-

1000 2593 1050 2646 ger
1062 2585 1091 2630 et
1105 2595 1245 2643 muraena,
1257 2584 1360 2635 caudas
1373 2586 1484 2637 interae
1494 2587 1703 2653 praecedentes.
1723 2586 1806 2656 Poly·

1000 2662 1064 2715 pum
1076 2649 1104 2699 in
1116 2655 1225 2702 tantum
1237 2653 1346 2703 locusta
1355 2658 1445 2718 parat,
1457 2660 1490 2703 ut
1499 2657 1523 2704 si
1534 2657 1613 2706 iuxta
1624 2654 1704 2718 vidit,
1716 2658 1805 2707 omnl-

999 2719 1186 2768 nomoriatur.
1205 2719 1356 2771 Locustam
1369 2724 1669 2790 congertrursuspoly
1690 2739 1735 2776 um
1743 2740 1806 2777 con·

999 2787 1043 2855 gri
1056 2787 1191 2838 lacerant.
1227 2788 1363 2859 Nigidius,
1378 2799 1538 2855 auctorest,
1559 2806 1659 2859 praere
1682 2808 1729 2846 ere
1740 2808 1804 2845 cau·

132 2866 282 2926 capturae.
319 2856 417 2924 Neque
427 2855 499 2908 enim
512 2862 555 2907 eat
565 2855 687 2919 difficile,
703 2872 765 2909 cum
777 2872 826 2924 per
837 2857 947 2926 aliquot

133 2928 202 2980 dies
214 2925 291 2976 seius
303 2924 434 2977 accedere
447 2925 559 2977 audeat.
596 2926 722 2979 Tandem
742 2933 770 2979 et
781 2927 892 2994 aliquos
903 2929 945 2978 in-

134 2996 224 3055 cenit,
235 2994 428 3060 paulatimque
440 2995 611 3057 comitatior,
631 2998 772 3063 postremo
783 3011 884 3063 greges
895 2996 943 3047 ad·

135 3064 218 3119 ducit
228 3063 469 3126 innumeros,·iam
481 3066 678 3117 vetustissimis
689 3064 844 3133 quibusque
855 3080 947 3117 assue-

135 3140 177 3185 tis
189 3134 359 3200 piscatorem
372 3147 533 3199 agnoscere,
556 3140 613 3186 ete
628 3148 711 3186 manu
730 3134 822 3186 cibum
839 3148 945 3201 rapere.
999 3142 1028 3188 et
1040 3138 1196 3188 musculus:
1218 3137 1328 3204 quando
1351 3139 1499 3206 praegravi
1508 3138 1723 3205 superciliorum
1737 3155 1803 3208 pon·

135 3206 212 3255 'rum
233 3202 281 3254 iile
293 3200 406 3269 paulum
418 3202 493 3254 ultra
513 3202 619 3271 digitos
629 3204 659 3255 in
670 3219 734 3256 esca
746 3202 885 3257 iaculatus
896 3201 945 3255 ha·
1000 3205 1066 3258 dere
1078 3205 1186 3257 obrutis
1203 3208 1263 3257 clus
1284 3208 1381 3270 ocniis,
1398 3207 1564 3261 inlectantiu
1582 3208 1803 3277 magnitudinem

137 3286 225 3334 mem,
236 3271 361 3339 singulos
373 3272 478 3324 involat
489 3276 582 3325 verius
593 3287 674 3341 quam
687 3274 771 3341 capit,
792 3276 828 3328 ab
850 3274 947 3326 umbra
999 3277 1072 3328 rada
1083 3279 1252 3344 praenatans
1265 3277 1446 3339 demonstrat,
1456 3277 1656 3347 oculorumque
1667 3279 1728 3331 vice
1738 3277 1802 3331 iun·

140 3342 219 3393 naris
240 3341 318 3394 brevi
341 3349 443 3397 conatu
465 3342 588 3409 rapiens,
606 3344 647 3396 ita
658 3359 693 3399 ue
703 3346 791 3400 ceteri
812 3346 946 3407 scebant,
999 3345 1083 3415 gitur.
1118 3347 1192 3397 ilinc
1201 3345 1344 3398 volucrum
1357 3352 1475 3401 naturae
1485 3348 1620 3401 dicentur.

999 2856 1063 2909 darn
1077 2855 1175 2923 mugili
1187 2857 1297 2924 lupum,
1318 2859 1488 2927 eosdemque
1498 2861 1581 2913 statis
1590 2861 1731 2914 mensibus
1743 2878 1806 2915 eora-

1000 2924 1100 2978 cordes
1111 2939 1181 2979 esse.
1198 2929 1301 2981 Omnes
1313 2934 1406 2982 autem
1417 2932 1521 2994 vivere,
1536 2930 1636 2999 quibus
1648 2931 1754 2985 caudae
1765 2933 1806 2985 sic

1000 3002 1190 3065 amputentur.
1213 2999 1249 3049 et
1260 3014 1276 3050 e
1287 2998 1427 3053 contrario
1440 2998 1581 3051 amicitiae
1593 3001 1721 3068 exernpla
1733 3010 1805 3067 suut,

999 3068 1123 3135 (praeter
1134 3067 1250 3131 ilios,de
1260 3083 1376 3136 querum
1388 3069 1509 3121 diximus
1520 3068 1677 3134 societate)
1686 3070 1805 3126 balaena

318 3536 332 3543 ·
364 3532 1541 3562 ‘--—-———-—==-————-—--·<

591 3668 639 3754 C.
697 3669 953 3757 PLINil
1012 3671 1345 3758 SECUNDI

206 3828 931 3953 Norbensis
1027 3847 1732 3953 Hrsroolne

730 4054 1077 4129 LIBER
1161 4054 1209 4129 x

855 4246 1088 4261 m

137 4367 158 4419 Ι.
178 4335 324 4436 Sequitur
341 4374 441 4423 natura
461 4370 563 4434 arium,
582 4382 698 4437 quaram
718 4370 896 4438 grandissimi
915 4378 945 4423 et
997 4370 1154 4424 caeruleam
1175 4373 1267 4425 roseis
1288 4373 1407 4424 caudam
1428 4370 1524 4436 peanis
1545 4370 1798 4438 distinguentibus,

136 4451 228 4522 paene
250 4438 402 4520 bestiarum
422 4441 549 4523 generis,
564 4437 944 4523 'struthiocameiihirieirci
996 4440 1090 4522 cristis
1110 4441 1214 4503 lauces,
1233 4448 1378 4524 caputque
1391 4440 1603 4507 piumeeapice
1624 4438 1799 4560 hpnestante.
1842 4532 1849 4549 .

138 4507 944 4646 littlettlhtttllt'tltttltttttsltt
996 4509 1799 4642 ihlhtttttl³lttttttllttttttthtreet

141 4646 233 4710 ais,ut
245 4654 402 4700 currentem
414 4647 559 4700 adiuvent:
570 4654 726 4701 ceterenen
737 4647 944 4712 auntrolucres,
998 4650 1042 4701 nia
1062 4650 1177 4703 doctore
1197 4649 1292 4701 nuile=
1312 4652 1451 4701 neminem
1472 4649 1614 4703 exstitisse
1633 4651 1679 4717 qui
1698 4650 1801 4703 viderit

140 4729 214 4768 ueca
224 4720 303 4768 terra
314 4716 462 4769 tolluntur.
490 4716 619 4787 Unguiae
638 4718 676 4771 iis
690 4718 811 4771 cervinis
830 4718 945 4780 similes,
996 4728 1170 4773 vescentem:
1192 4734 1302 4772 sacrum
1311 4720 1340 4771 in
1351 4720 1454 4772 Arabia
1465 4719 1525 4772 Soli
1536 4720 1710 4784 esae,virere
1720 4720 1799 4773 annis

141 4786 238 4850 ‹pribus
253 4784 398 4848 dimicant,
416 4786 551 4852 bisulcae,
570 4786 836 4855 comprehendendis
846 4787 944 4855 lapidi·
985 4787 1651 4872 fflQaenescentemeasiaethurisqoesurcuiis
1659 4796 1800 4843 construe·
1872 4802 1878 4811 ’
1915 4768 1988 4865 “’“·”
2063 4802 2069 4815 ·

140 4853 189 4907 bus
203 4855 305 4918 utiles,
329 4870 401 4923 ques
416 4856 447 4907 in
462 4855 532 4925 iuga
549 4864 648 4909 eontra
657 4864 806 4925 sequentes
816 4858 946 4926 ingerunt
996 4859 1800 4927 tenumm,replereednribus,etsuperemon.Exessibus
1870 4896 1909 4909 ,.
1978 4882 1993 4903 ,ι
2033 4874 2058 4901 ·.

140 4923 265 4988 pedibus.
304 4926 501 4995 Concoquendi
524 4927 584 4979 sine
598 4926 709 4979 deiectu
730 4927 946 4981 devoratamira
997 4928 1799 4997 deindeetmeduiiiaeiusnasclpn‘moeeuvermiculum:

140 5001 252 5046 satura:
273 4994 323 5046 sed
346 5009 402 5047 non
424 4996 515 5048 minua
535 4996 690 5059 stoliditas,
713 4996 742 5049 in
753 5003 832 5049 tanta
843 4998 945 5064 reliqui
996 4998 1065 5051 inde
1082 5000 1143 5052 lieri
1162 4999 1283 5067 pullum:
1303 5001 1495 5068 principioque
1511 5002 1586 5052 iusta
1604 4996 1704 5051 lunera
1713 4998 1799 5066 priori

141 5066 269 5130 torperis
279 5063 440 5127 altitudine,
453 5081 516 5119 eum
527 5065 603 5120 coila
613 5064 716 5119 lrutice
728 5067 946 5129 occultaverunt,
996 5067 1123 5132 reddere,
1143 5075 1174 5120 et
1192 5076 1283 5121 tetum
1305 5070 1521 5123 delerrenidum
1534 5083 1621 5138 prope
1630 5067 1799 5123 Panchaiam

141 5129 517 5190 latereaeexistlmantium.
553 5135 683 5190 Praemia
701 5152 736 5189 ex
752 5138 861 5201 lisera,
880 5152 944 5207 pro·
995 5137 1026 5188 in
1038 5135 1113 5189 Solis
1124 5137 1232 5200 urbem,
1250 5146 1279 5191 et
1288 5140 1317 5190 in
1330 5154 1379 5191 ara
1389 5140 1427 5190 ibi
1448 5139 1594 5206 deponere.
1631 5139 1698 5189 Cum
1721 5137 1800 5188 buius

140 5207 202 5267 pter
211 5203 423 5270 amplitudinem
435 5222 486 5275 pro
499 5206 664 5275 quibusdam
685 5204 782 5259 habita
793 5210 875 5270 rasis,
898 5222 944 5259 co·
997 5206 1076 5259 alitis
1094 5208 1153 5259 elta
1170 5209 1264 5275 magni
1285 5209 1492 5261 conversionem
1508 5208 1579 5261 enni
1600 5206 1662 5259 lieri
1674 5205 1800 5273 prodidit

140 5273 380 5397 ''⁰1⁸i¹'iii¹÷¹i⁰⁰l
387 5276 853 5415 iiiiiihidiiiiii‘hilhih
864 5353 893 5398 ..
902 5346 931 5396 in
996 5276 1799 5400 {tilithi-lt*mlrolttltttttttettt

139 5413 315 5466 manabiles
324 5359 423 5468 gerunt
431 5432 507 5480 ares,
519 5382 627 5470 et'ante
637 5431 734 5470 omnes
744 5417 865 5469 nobilem
874 5415 943 5472 Ara·
998 5415 1409 5484 meridiemineipere,quedie
1418 5415 1529 5483 signum
1539 5408 1800 5469 incastellatis„

136 5477 185 5532 bia
195 5480 374 5549 phoenicem,
388 5485 464 5538 haud
475 5487 535 5539 scio
545 5501 581 5539 an
592 5485 730 5551 fabulose,
747 5485 944 5539 unuminteto
997 5483 1077 5537 verit.
1111 5485 1149 5537 Et
1172 5485 1260 5538 luisse
1269 5487 1331 5538 eius
1350 5484 1541 5537 conversionis
1553 5496 1653 5532 aenum
1665 5476 1800 5544 prodente

136 5550 213 5612 erbe,
234 5554 387 5605 necrisuat
399 5569 577 5624 magnopere.
614 5557 733 5624 Aquilae
744 5561 875 5609 narratur
885 5568 944 5609 ma·
997 5544 1800 5627 se,P.bieinie,cn.cemelloconsulibuaducestesiiuw

134 5620 293 5688 ecitndlne,
304 5627 367 5677 auri
376 5622 489 5694 fulgore
498 5627 575 5680 eirca
584 5626 770 5689 connectere
779 5638 945 5693 purpureas,
997 5626 1123 5692 quintum
1134 5625 1282 5680 daciarum.
1301 5618 1625 5677 camminavalerlaans
1634 5613 1799 5682 phaenicem
