<?xml version="1.0" encoding="UTF-8"?>
<!DOCTYPE html PUBLIC "-//W3C//DTD XHTML 1.0 Transitional//EN"
    "http://www.w3.org/TR/xhtml1/DTD/xhtml1-transitional.dtd">
<html xmlns="http://www.w3.org/1999/xhtml" xml:lang="en" lang="en">
 <head>
  <title>
</title>
<meta http-equiv="Content-Type" content="text/html;charset=utf-8" />
  <meta name='ocr-system' content='tesseract 3.04.00' />
  <meta name='ocr-capabilities' content='ocr_page ocr_carea ocr_par ocr_line ocrx_word'/>
</head>
<body>
  <div class='ocr_page' id='page_1' title='image "./historiaenatura00plingoog_0323.png"; bbox 0 0 4368 6008; ppageno 0'>
   <div class='ocr_carea' id='block_1_1' title="bbox 356 292 1918 366">
    <p class='ocr_par' dir='ltr' id='par_1_1' title="bbox 356 292 1918 366">
     <span class='ocr_line' id='line_1_1' title="bbox 356 292 1918 366; baseline -0.003 0"><span class='ocrx_word' id='word_1_1' title='bbox 356 310 419 366; x_wconf 78' lang='lat'><strong>³12</strong></span> <span class='ocrx_word' id='word_1_2' title='bbox 502 294 534 365; x_wconf 82' lang='lat' dir='ltr'><strong>C.</strong></span> <span class='ocrx_word' id='word_1_3' title='bbox 562 300 709 363; x_wconf 76' lang='lat' dir='ltr'><strong>rainu</strong></span> <span class='ocrx_word' id='word_1_4' title='bbox 746 295 951 359; x_wconf 74' lang='lat' dir='ltr'><strong>sacuam</strong></span> <span class='ocrx_word' id='word_1_5' title='bbox 985 292 1151 357; x_wconf 73' lang='lat' dir='ltr'><strong>Natum</strong></span> <span class='ocrx_word' id='word_1_6' title='bbox 1186 294 1376 360; x_wconf 75' lang='lat' dir='ltr'><strong>lttstott</strong></span> <span class='ocrx_word' id='word_1_7' title='bbox 1408 294 1489 357; x_wconf 79' lang='lat' dir='ltr'><strong>bib.</strong></span> <span class='ocrx_word' id='word_1_8' title='bbox 1512 292 1645 356; x_wconf 84' lang='lat' dir='ltr'><strong>XXVI.</strong></span> <span class='ocrx_word' id='word_1_9' title='bbox 1680 295 1780 359; x_wconf 80' lang='lat' dir='ltr'><strong>cae:</strong></span> <span class='ocrx_word' id='word_1_10' title='bbox 1802 297 1918 364; x_wconf 60' lang='lat' dir='ltr'><strong>thoe</strong></span> 
     </span>
    </p>
   </div>
   <div class='ocr_carea' id='block_1_2' title="bbox 175 436 2138 5624">
    <p class='ocr_par' dir='ltr' id='par_1_2' title="bbox 175 436 2138 5624">
     <span class='ocr_line' id='line_1_2' title="bbox 359 436 2128 524; baseline -0.001 -16"><span class='ocrx_word' id='word_1_11' title='bbox 359 454 501 509; x_wconf 76' lang='lat' dir='ltr'><strong>laudatae.</strong></span> <span class='ocrx_word' id='word_1_12' title='bbox 540 453 691 503; x_wconf 71' lang='lat' dir='ltr'><strong>astantem</strong></span> <span class='ocrx_word' id='word_1_13' title='bbox 711 446 785 498; x_wconf 88' lang='lat' dir='ltr'><strong>inter</strong></span> <span class='ocrx_word' id='word_1_14' title='bbox 801 460 849 499; x_wconf 87' lang='lat' dir='ltr'><strong>eas</strong></span> <span class='ocrx_word' id='word_1_15' title='bbox 864 460 935 513; x_wconf 80' lang='lat' dir='ltr'><strong>quac</strong></span> <span class='ocrx_word' id='word_1_16' title='bbox 949 445 1161 500; x_wconf 84' lang='lat' dir='ltr'><strong>eduntursiire·</strong></span> <span class='ocrx_word' id='word_1_17' title='bbox 1213 449 1384 502; x_wconf 87' lang='lat' dir='ltr'><strong>scammonia</strong></span> <span class='ocrx_word' id='word_1_18' title='bbox 1393 445 1511 498; x_wconf 54' lang='lat' dir='ltr'><strong>&amp;cocta</strong></span> <span class='ocrx_word' id='word_1_19' title='bbox 1522 460 1583 497; x_wconf 89' lang='lat' dir='ltr'><strong>cum</strong></span> <span class='ocrx_word' id='word_1_20' title='bbox 1602 444 1701 499; x_wconf 83' lang='lat' dir='ltr'><strong>hordei</strong></span> <span class='ocrx_word' id='word_1_21' title='bbox 1712 444 1816 500; x_wconf 79' lang='lat' dir='ltr'><strong>farina</strong></span> <span class='ocrx_word' id='word_1_22' title='bbox 1852 448 2014 524; x_wconf 67' lang='lat' dir='ltr'><strong>Semenhy·</strong></span> <span class='ocrx_word' id='word_1_23' title='bbox 2124 436 2128 445; x_wconf 45' lang='lat'>⁸</span> 
     </span>
     <span class='ocr_line' id='line_1_3' title="bbox 359 514 2016 586; baseline -0.004 -8"><span class='ocrx_word' id='word_1_24' title='bbox 359 526 458 578; x_wconf 84' lang='lat' dir='ltr'><strong>atrium</strong></span> <span class='ocrx_word' id='word_1_25' title='bbox 481 522 635 574; x_wconf 88' lang='lat' dir='ltr'><strong>herbarum.</strong></span> <span class='ocrx_word' id='word_1_26' title='bbox 671 518 752 567; x_wconf 83' lang='lat' dir='ltr'><strong>lianc</strong></span> <span class='ocrx_word' id='word_1_27' title='bbox 771 523 848 568; x_wconf 85' lang='lat' dir='ltr'><strong>certe</strong></span> <span class='ocrx_word' id='word_1_28' title='bbox 871 516 944 582; x_wconf 90' lang='lat' dir='ltr'><strong>apud</strong></span> <span class='ocrx_word' id='word_1_29' title='bbox 961 514 1159 568; x_wconf 84' lang='lat' dir='ltr'><strong>Callimachum</strong></span> <span class='ocrx_word' id='word_1_30' title='bbox 1213 520 1300 586; x_wconf 80' lang='lat' dir='ltr'><strong>periei</strong></span> <span class='ocrx_word' id='word_1_31' title='bbox 1311 518 1458 583; x_wconf 91' lang='lat' dir='ltr'><strong>utriusque</strong></span> <span class='ocrx_word' id='word_1_32' title='bbox 1476 515 1583 567; x_wconf 90' lang='lat' dir='ltr'><strong>bibitur</strong></span> <span class='ocrx_word' id='word_1_33' title='bbox 1595 529 1629 566; x_wconf 80' lang='lat' dir='ltr'><strong>ea</strong></span> <span class='ocrx_word' id='word_1_34' title='bbox 1640 514 1715 568; x_wconf 81' lang='lat' dir='ltr'><strong>rino.</strong></span> <span class='ocrx_word' id='word_1_35' title='bbox 1753 515 1834 569; x_wconf 84' lang='lat' dir='ltr'><strong>Sedis</strong></span> <span class='ocrx_word' id='word_1_36' title='bbox 1845 520 1914 573; x_wconf 83' lang='lat' dir='ltr'><strong>ritia</strong></span> <span class='ocrx_word' id='word_1_37' title='bbox 1925 530 1954 575; x_wconf 85' lang='lat' dir='ltr'><strong>et</strong></span> <span class='ocrx_word' id='word_1_38' title='bbox 1975 514 2016 577; x_wconf 63' lang='grc' dir='ltr'><strong>αἱ.</strong></span> 
     </span>
     <span class='ocr_line' id='line_1_4' title="bbox 360 583 2017 722; baseline -0.001 -7"><span class='ocrx_word' id='word_1_39' title='bbox 360 584 1160 722; x_wconf 50' lang='lat' dir='ltr'><strong>tritheit‘i‘tll:tlttlti.tl.t⁰lt:li,⁰.ii.lii</strong></span> <span class='ocrx_word' id='word_1_40' title='bbox 1214 583 2017 721; x_wconf 61' lang='lat' dir='ltr'><strong>‘litttl“2{battititi‘tiallll’l&#39;ltati¹·</strong></span> 
     </span>
     <span class='ocr_line' id='line_1_5' title="bbox 524 670 2014 719; baseline 0.011 -22"><span class='ocrx_word' id='word_1_41' title='bbox 524 696 531 711; x_wconf 77' lang='grc'><em>,</em></span> <span class='ocrx_word' id='word_1_42' title='bbox 1150 680 1160 693; x_wconf 89' lang='lat'><strong>·</strong></span> <span class='ocrx_word' id='word_1_43' title='bbox 1371 673 1379 708; x_wconf 81' lang='lat' dir='ltr'><em>z</em></span> <span class='ocrx_word' id='word_1_44' title='bbox 1535 670 1540 683; x_wconf 84' lang='lat'><em>&#39;</em></span> <span class='ocrx_word' id='word_1_45' title='bbox 1804 711 1812 719; x_wconf 81' lang='grc'><strong>,</strong></span> <span class='ocrx_word' id='word_1_46' title='bbox 1951 679 1968 712; x_wconf 88' lang='lat' dir='ltr'><strong>a</strong></span> <span class='ocrx_word' id='word_1_47' title='bbox 1986 680 2014 716; x_wconf 90' lang='lat' dir='ltr'><strong>e·</strong></span> 
     </span>
     <span class='ocr_line' id='line_1_6' title="bbox 357 674 2015 788; baseline -0.001 -4"><span class='ocrx_word' id='word_1_48' title='bbox 357 734 424 784; x_wconf 82' lang='lat' dir='ltr'><strong>&#39;rens</strong></span> <span class='ocrx_word' id='word_1_49' title='bbox 436 726 591 784; x_wconf 86' lang='lat' dir='ltr'><strong>odoratum,</strong></span> <span class='ocrx_word' id='word_1_50' title='bbox 611 736 660 773; x_wconf 89' lang='lat' dir='ltr'><strong>ceu</strong></span> <span class='ocrx_word' id='word_1_51' title='bbox 671 722 833 775; x_wconf 74' lang='lat' dir='ltr'>libanotidis</span> <span class='ocrx_word' id='word_1_52' title='bbox 843 725 1004 786; x_wconf 86' lang='lat' dir='ltr'><strong>rotundum,</strong></span> <span class='ocrx_word' id='word_1_53' title='bbox 1024 725 1159 775; x_wconf 89' lang='lat' dir='ltr'><strong>siccatum</strong></span> <span class='ocrx_word' id='word_1_54' title='bbox 1211 674 1251 779; x_wconf 64' lang='lat' dir='ltr'><strong>ilo.</strong></span> <span class='ocrx_word' id='word_1_55' title='bbox 1287 728 1346 779; x_wconf 85' lang='lat' dir='ltr'><strong>tias</strong></span> <span class='ocrx_word' id='word_1_56' title='bbox 1366 722 1482 777; x_wconf 81' lang='lat' dir='ltr'><strong>allidunt</strong></span> <span class='ocrx_word' id='word_1_57' title='bbox 1494 721 1624 787; x_wconf 72' lang='lat' dir='ltr'><strong>caerulea</strong></span> <span class='ocrx_word' id='word_1_58' title='bbox 1635 724 1837 788; x_wconf 86' lang='lat' dir='ltr'><strong>procidentiam</strong></span> <span class='ocrx_word' id='word_1_59' title='bbox 1849 728 1925 779; x_wconf 89' lang='lat' dir='ltr'><strong>sedis</strong></span> <span class='ocrx_word' id='word_1_60' title='bbox 1938 740 2015 783; x_wconf 59' lang='lat' dir='ltr'><strong>refero</strong></span> 
     </span>
     <span class='ocr_line' id='line_1_7' title="bbox 361 788 2015 869; baseline -0.003 -20"><span class='ocrx_word' id='word_1_61' title='bbox 361 802 511 864; x_wconf 78' lang='lat' dir='ltr'><strong>rumpitur:</strong></span> <span class='ocrx_word' id='word_1_62' title='bbox 531 791 615 843; x_wconf 87' lang='lat' dir='ltr'><strong>habet</strong></span> <span class='ocrx_word' id='word_1_63' title='bbox 625 793 699 843; x_wconf 88' lang='lat' dir='ltr'><strong>intus</strong></span> <span class='ocrx_word' id='word_1_64' title='bbox 710 791 836 844; x_wconf 88' lang='lat' dir='ltr'><strong>nucleum</strong></span> <span class='ocrx_word' id='word_1_65' title='bbox 849 792 1006 855; x_wconf 87' lang='lat' dir='ltr'><strong>candidum,</strong></span> <span class='ocrx_word' id='word_1_66' title='bbox 1016 808 1098 860; x_wconf 88' lang='lat' dir='ltr'><strong>quem</strong></span> <span class='ocrx_word' id='word_1_67' title='bbox 1108 793 1158 844; x_wconf 88' lang='lat' dir='ltr'><strong>ali·</strong></span> <span class='ocrx_word' id='word_1_68' title='bbox 1213 791 1325 864; x_wconf 72' lang='lat' dir='ltr'><strong>agitz&#39;e</strong></span> <span class='ocrx_word' id='word_1_69' title='bbox 1356 788 1560 865; x_wconf 60' lang='lat' dir='ltr'><strong>rrerso‘mrbens</strong></span> <span class='ocrx_word' id='word_1_70' title='bbox 1577 794 1705 858; x_wconf 77' lang='lat' dir='ltr'><strong>proritat.</strong></span> <span class='ocrx_word' id='word_1_71' title='bbox 1742 792 1897 860; x_wconf 84' lang='lat' dir='ltr'><strong>Cotylcdou</strong></span> <span class='ocrx_word' id='word_1_72' title='bbox 1909 800 2015 869; x_wconf 83' lang='lat' dir='ltr'><strong>condy.</strong></span> 
     </span>
     <span class='ocr_line' id='line_1_8' title="bbox 361 854 2014 938; baseline 0.001 -20"><span class='ocrx_word' id='word_1_73' title='bbox 361 863 665 938; x_wconf 76' lang='lat' dir='ltr'><strong>quicachrynrocaat.</strong></span> <span class='ocrx_word' id='word_1_74' title='bbox 700 859 782 913; x_wconf 84' lang='lat' dir='ltr'><strong>Folio</strong></span> <span class='ocrx_word' id='word_1_75' title='bbox 793 862 899 931; x_wconf 90' lang='lat' dir='ltr'><strong>pingui,</strong></span> <span class='ocrx_word' id='word_1_76' title='bbox 924 862 1062 914; x_wconf 85' lang='lat' dir='ltr'><strong>albicante</strong></span> <span class='ocrx_word' id='word_1_77' title='bbox 1072 862 1160 914; x_wconf 76' lang='lat' dir='ltr'><strong>voluti</strong></span> <span class='ocrx_word' id='word_1_78' title='bbox 1212 866 1357 919; x_wconf 88' lang='lat' dir='ltr'><strong>lomatset</strong></span> <span class='ocrx_word' id='word_1_79' title='bbox 1371 854 1601 914; x_wconf 78' lang='lat' dir='ltr'><strong>haemorrhoidas</strong></span> <span class='ocrx_word' id='word_1_80' title='bbox 1616 860 1687 912; x_wconf 93' lang='lat' dir='ltr'><strong>mire</strong></span> <span class='ocrx_word' id='word_1_81' title='bbox 1704 869 1794 914; x_wconf 86' lang='lat' dir='ltr'><strong>curat.</strong></span> <span class='ocrx_word' id='word_1_82' title='bbox 1830 864 2014 920; x_wconf 82' lang='lat' dir='ltr'><strong>&#39;l&#39;estiumtu-</strong></span> 
     </span>
     <span class='ocr_line' id='line_1_9' title="bbox 361 929 2014 998; baseline -0.004 -9"><span class='ocrx_word' id='word_1_83' title='bbox 361 938 460 995; x_wconf 80' lang='lat' dir='ltr'><strong>oliuae,</strong></span> <span class='ocrx_word' id='word_1_84' title='bbox 472 932 617 993; x_wconf 73' lang='lat' dir='ltr'>crassiore,</span> <span class='ocrx_word' id='word_1_85' title='bbox 628 936 656 982; x_wconf 89' lang='lat' dir='ltr'><strong>et</strong></span> <span class='ocrx_word' id='word_1_86' title='bbox 667 930 744 982; x_wconf 89' lang='lat' dir='ltr'><strong>salso</strong></span> <span class='ocrx_word' id='word_1_87' title='bbox 756 938 852 998; x_wconf 88' lang='lat' dir='ltr'><strong>gustu:</strong></span> <span class='ocrx_word' id='word_1_88' title='bbox 876 931 984 984; x_wconf 90' lang='lat' dir='ltr'><strong>radices</strong></span> <span class='ocrx_word' id='word_1_89' title='bbox 995 931 1077 997; x_wconf 89' lang='lat' dir='ltr'><strong>digiti</strong></span> <span class='ocrx_word' id='word_1_90' title='bbox 1088 946 1161 982; x_wconf 88' lang='lat' dir='ltr'><strong>cras·</strong></span> <span class='ocrx_word' id='word_1_91' title='bbox 1213 948 1303 985; x_wconf 87' lang='lat' dir='ltr'><strong>mores</strong></span> <span class='ocrx_word' id='word_1_92' title='bbox 1313 932 1389 984; x_wconf 88' lang='lat' dir='ltr'><strong>acori</strong></span> <span class='ocrx_word' id='word_1_93' title='bbox 1400 929 1481 982; x_wconf 81' lang='lat' dir='ltr'>radix</span> <span class='ocrx_word' id='word_1_94' title='bbox 1491 930 1607 983; x_wconf 86' lang='lat' dir='ltr'><strong>decocta</strong></span> <span class='ocrx_word' id='word_1_95' title='bbox 1617 930 1645 980; x_wconf 90' lang='lat' dir='ltr'><strong>in</strong></span> <span class='ocrx_word' id='word_1_96' title='bbox 1655 931 1729 991; x_wconf 83' lang='lat' dir='ltr'><strong>rino,</strong></span> <span class='ocrx_word' id='word_1_97' title='bbox 1741 932 1875 998; x_wconf 87' lang='lat' dir='ltr'><strong>tritaque,</strong></span> <span class='ocrx_word' id='word_1_98' title='bbox 1888 943 1915 986; x_wconf 87' lang='lat' dir='ltr'><strong>et</strong></span> <span class='ocrx_word' id='word_1_99' title='bbox 1929 936 2014 989; x_wconf 80' lang='lat' dir='ltr'><strong>illita.</strong></span> 
     </span>
     <span class='ocr_line' id='line_1_10' title="bbox 360 998 2138 1070; baseline -0.003 -14"><span class='ocrx_word' id='word_1_100' title='bbox 360 1002 481 1056; x_wconf 89' lang='lat' dir='ltr'><strong>situdine</strong></span> <span class='ocrx_word' id='word_1_101' title='bbox 501 1008 559 1053; x_wconf 87' lang='lat' dir='ltr'><strong>tres</strong></span> <span class='ocrx_word' id='word_1_102' title='bbox 579 1004 627 1050; x_wconf 90' lang='lat' dir='ltr'><strong>aut</strong></span> <span class='ocrx_word' id='word_1_103' title='bbox 647 1005 774 1065; x_wconf 88' lang='lat' dir='ltr'><strong>quatuor.</strong></span> <span class='ocrx_word' id='word_1_104' title='bbox 811 1000 943 1053; x_wconf 75' lang='lat' dir='ltr'><strong>Nascitur</strong></span> <span class='ocrx_word' id='word_1_105' title='bbox 964 1003 991 1051; x_wconf 93' lang='lat' dir='ltr'><strong>in</strong></span> <span class='ocrx_word' id='word_1_106' title='bbox 1012 1000 1160 1053; x_wconf 71' lang='lat' dir='ltr'><strong>maritimis</strong></span> <span class='ocrx_word' id='word_1_107' title='bbox 1213 1003 1407 1070; x_wconf 88' lang='lat' dir='ltr'><strong>intertrigines</strong></span> <span class='ocrx_word' id='word_1_108' title='bbox 1417 1008 1501 1066; x_wconf 89' lang='lat' dir='ltr'><strong>negat</strong></span> <span class='ocrx_word' id='word_1_109' title='bbox 1511 998 1572 1051; x_wconf 90' lang='lat' dir='ltr'><strong>lieri</strong></span> <span class='ocrx_word' id='word_1_110' title='bbox 1584 999 1662 1058; x_wconf 81' lang='lat' dir='ltr'><strong>Cato,</strong></span> <span class='ocrx_word' id='word_1_111' title='bbox 1682 998 1852 1051; x_wconf 74' lang='lat' dir='ltr'><strong>absinthium</strong></span> <span class='ocrx_word' id='word_1_112' title='bbox 1866 1002 2011 1068; x_wconf 68' lang='lat' dir='ltr'><strong>Ponticum</strong></span> <span class='ocrx_word' id='word_1_113' title='bbox 2032 999 2138 1060; x_wconf 58' lang='lat' dir='ltr'><strong>addet.</strong></span> 
     </span>
     <span class='ocr_line' id='line_1_11' title="bbox 359 1065 2011 1142; baseline 0.001 -20"><span class='ocrx_word' id='word_1_114' title='bbox 359 1070 489 1142; x_wconf 82' lang='lat' dir='ltr'><strong>petrosis.</strong></span> <span class='ocrx_word' id='word_1_115' title='bbox 525 1068 1069 1132; x_wconf 82' lang='lat' dir='ltr'><strong>Esturcrudumcoctumrecumolere,</strong></span> <span class='ocrx_word' id='word_1_116' title='bbox 1092 1070 1160 1120; x_wconf 85' lang='lat' dir='ltr'><strong>odo·</strong></span> <span class='ocrx_word' id='word_1_117' title='bbox 1212 1087 1305 1124; x_wconf 88' lang='lat' dir='ltr'><strong>secum</strong></span> <span class='ocrx_word' id='word_1_118' title='bbox 1316 1069 1489 1123; x_wconf 86' lang='lat' dir='ltr'><strong>habentibus.</strong></span> <span class='ocrx_word' id='word_1_119' title='bbox 1516 1065 2011 1141; x_wconf 64' lang='lat' dir='ltr'><strong>tiliiadiiciuntetpuiegiumr&#39;tpffrd</strong></span> 
     </span>
     <span class='ocr_line' id='line_1_12' title="bbox 360 1136 2089 1211; baseline 0.003 -18"><span class='ocrx_word' id='word_1_120' title='bbox 360 1142 414 1194; x_wconf 90' lang='lat' dir='ltr'><strong>rati</strong></span> <span class='ocrx_word' id='word_1_121' title='bbox 431 1141 540 1206; x_wconf 86' lang='lat' dir='ltr'><strong>saporis</strong></span> <span class='ocrx_word' id='word_1_122' title='bbox 556 1145 584 1190; x_wconf 91' lang='lat' dir='ltr'><strong>et</strong></span> <span class='ocrx_word' id='word_1_123' title='bbox 599 1136 724 1189; x_wconf 89' lang='lat' dir='ltr'><strong>iucundi.</strong></span> <span class='ocrx_word' id='word_1_124' title='bbox 760 1136 893 1191; x_wconf 80' lang='lat' dir='ltr'><strong>Servatur</strong></span> <span class='ocrx_word' id='word_1_125' title='bbox 907 1140 992 1190; x_wconf 84' lang='lat' dir='ltr'><strong>etiam</strong></span> <span class='ocrx_word' id='word_1_126' title='bbox 1008 1139 1037 1189; x_wconf 91' lang='lat' dir='ltr'><strong>in</strong></span> <span class='ocrx_word' id='word_1_127' title='bbox 1056 1138 1159 1190; x_wconf 90' lang='lat' dir='ltr'><strong>muria:</strong></span> <span class='ocrx_word' id='word_1_128' title='bbox 1212 1137 2012 1211; x_wconf 69' lang='lat' dir='ltr'><strong>ieiunosquilcgcritsipostsealliget,ioguiaisdolores</strong></span> <span class='ocrx_word' id='word_1_129' title='bbox 2082 1188 2089 1199; x_wconf 87' lang='lat'><strong>.</strong></span> 
     </span>
     <span class='ocr_line' id='line_1_13' title="bbox 359 1198 2127 1279; baseline -0.003 -17"><span class='ocrx_word' id='word_1_130' title='bbox 359 1209 502 1279; x_wconf 83' lang='lat' dir='ltr'><strong>praecipui</strong></span> <span class='ocrx_word' id='word_1_131' title='bbox 514 1223 579 1260; x_wconf 89' lang='lat' dir='ltr'><strong>usus</strong></span> <span class='ocrx_word' id='word_1_132' title='bbox 589 1206 624 1258; x_wconf 91' lang='lat' dir='ltr'><strong>ad</strong></span> <span class='ocrx_word' id='word_1_133' title='bbox 634 1208 832 1274; x_wconf 89' lang='lat' dir='ltr'><strong>stranguriam,</strong></span> <span class='ocrx_word' id='word_1_134' title='bbox 853 1207 934 1272; x_wconf 85' lang='lat' dir='ltr'><strong>tolio,</strong></span> <span class='ocrx_word' id='word_1_135' title='bbox 953 1207 1095 1270; x_wconf 83' lang='lat' dir='ltr'><strong>relcaulc,</strong></span> <span class='ocrx_word' id='word_1_136' title='bbox 1114 1205 1160 1259; x_wconf 84' lang='lat' dir='ltr'><strong>vel</strong></span> <span class='ocrx_word' id='word_1_137' title='bbox 1212 1209 1351 1278; x_wconf 89' lang='lat' dir='ltr'><strong>prohibet,</strong></span> <span class='ocrx_word' id='word_1_138' title='bbox 1373 1206 1645 1274; x_wconf 87' lang='lat' dir='ltr'><strong>autsedatcocptos.</strong></span> <span class='ocrx_word' id='word_1_139' title='bbox 2033 1198 2051 1225; x_wconf 63' lang='lat'><em>*</em></span> <span class='ocrx_word' id='word_1_140' title='bbox 2116 1210 2127 1225; x_wconf 70' lang='grc'><em>“</em></span> 
     </span>
     <span class='ocr_line' id='line_1_14' title="bbox 359 1274 2010 1398; baseline -0.001 -64"><span class='ocrx_word' id='word_1_141' title='bbox 359 1278 584 1334; x_wconf 84' lang='lat' dir='ltr'><strong>radicecxrino.</strong></span> <span class='ocrx_word' id='word_1_142' title='bbox 613 1276 741 1328; x_wconf 85' lang='lat' dir='ltr'><strong>Colorem</strong></span> <span class='ocrx_word' id='word_1_143' title='bbox 754 1290 863 1398; x_wconf 76' lang='lat' dir='ltr'><strong>quorpre</strong></span> <span class='ocrx_word' id='word_1_144' title='bbox 874 1277 998 1344; x_wconf 89' lang='lat' dir='ltr'><strong>corporis</strong></span> <span class='ocrx_word' id='word_1_145' title='bbox 1008 1277 1160 1344; x_wconf 86' lang='lat' dir='ltr'><strong>gratiorem</strong></span> <span class='ocrx_word' id='word_1_146' title='bbox 1245 1276 1322 1331; x_wconf 86' lang='lat' dir='ltr'><strong>LlX.</strong></span> <span class='ocrx_word' id='word_1_147' title='bbox 1349 1276 1501 1346; x_wconf 89' lang='lat' dir='ltr'><strong>inguinalis</strong></span> <span class='ocrx_word' id='word_1_148' title='bbox 1519 1279 1612 1343; x_wconf 81' lang='lat' dir='ltr'><strong>(quam</strong></span> <span class='ocrx_word' id='word_1_149' title='bbox 1634 1274 1745 1343; x_wconf 88' lang='lat' dir='ltr'><strong>quidam</strong></span> <span class='ocrx_word' id='word_1_150' title='bbox 1766 1292 1945 1348; x_wconf 76' lang='lat' dir='ltr'><strong>argemonen:</strong></span> <span class='ocrx_word' id='word_1_151' title='bbox 1966 1299 2010 1334; x_wconf 88' lang='lat' dir='ltr'><strong>ro·</strong></span> 
     </span>
     <span class='ocr_line' id='line_1_15' title="bbox 360 1342 2007 1419; baseline 0 -16"><span class='ocrx_word' id='word_1_152' title='bbox 360 1350 444 1403; x_wconf 81' lang='lat' dir='ltr'><strong>iacit:</strong></span> <span class='ocrx_word' id='word_1_153' title='bbox 462 1362 559 1401; x_wconf 87' lang='lat' dir='ltr'><strong>rerum</strong></span> <span class='ocrx_word' id='word_1_154' title='bbox 571 1359 660 1412; x_wconf 85' lang='lat' dir='ltr'><strong>aequo</strong></span> <span class='ocrx_word' id='word_1_155' title='bbox 672 1345 777 1413; x_wconf 89' lang='lat' dir='ltr'><strong>largior</strong></span> <span class='ocrx_word' id='word_1_156' title='bbox 788 1348 816 1397; x_wconf 89' lang='lat' dir='ltr'><strong>in</strong></span> <span class='ocrx_word' id='word_1_157' title='bbox 837 1346 953 1398; x_wconf 82' lang='lat' dir='ltr'><strong>stiones.</strong></span> <span class='ocrx_word' id='word_1_158' title='bbox 998 1347 1096 1398; x_wconf 77' lang='lat' dir='ltr'><strong>alvum</strong></span> <span class='ocrx_word' id='word_1_159' title='bbox 1106 1344 1161 1397; x_wconf 92' lang='lat' dir='ltr'><strong>sol·</strong></span> <span class='ocrx_word' id='word_1_160' title='bbox 1212 1347 1287 1411; x_wconf 90' lang='lat' dir='ltr'><strong>cant)</strong></span> <span class='ocrx_word' id='word_1_161' title='bbox 1309 1348 1411 1415; x_wconf 88' lang='lat' dir='ltr'><strong>passim</strong></span> <span class='ocrx_word' id='word_1_162' title='bbox 1423 1348 1449 1397; x_wconf 85' lang='lat' dir='ltr'><strong>in</strong></span> <span class='ocrx_word' id='word_1_163' title='bbox 1460 1346 1590 1413; x_wconf 71' lang='lat' dir='ltr'><strong>uepribus</strong></span> <span class='ocrx_word' id='word_1_164' title='bbox 1601 1361 1725 1409; x_wconf 87' lang='lat' dir='ltr'><strong>nascens,</strong></span> <span class='ocrx_word' id='word_1_165' title='bbox 1746 1342 1787 1399; x_wconf 78' lang='lat' dir='ltr'><strong>of</strong></span> <span class='ocrx_word' id='word_1_166' title='bbox 1788 1350 1880 1416; x_wconf 89' lang='lat' dir='ltr'><strong>prosit</strong></span> <span class='ocrx_word' id='word_1_167' title='bbox 1890 1351 2007 1419; x_wconf 82' lang='lat' dir='ltr'><strong>inguini·</strong></span> 
     </span>
     <span class='ocr_line' id='line_1_16' title="bbox 360 1412 1727 1482; baseline -0.003 -11"><span class='ocrx_word' id='word_1_168' title='bbox 360 1421 400 1471; x_wconf 81' lang='lat' dir='ltr'><strong>rit</strong></span> <span class='ocrx_word' id='word_1_169' title='bbox 410 1422 535 1479; x_wconf 90' lang='lat' dir='ltr'><strong>decocto,</strong></span> <span class='ocrx_word' id='word_1_170' title='bbox 546 1416 719 1482; x_wconf 80' lang='lat' dir='ltr'><strong>miramque,</strong></span> <span class='ocrx_word' id='word_1_171' title='bbox 725 1422 753 1466; x_wconf 91' lang='lat' dir='ltr'><strong>et</strong></span> <span class='ocrx_word' id='word_1_172' title='bbox 763 1430 780 1466; x_wconf 89' lang='lat' dir='ltr'><strong>a</strong></span> <span class='ocrx_word' id='word_1_173' title='bbox 790 1416 900 1468; x_wconf 84' lang='lat' dir='ltr'><strong>renibus</strong></span> <span class='ocrx_word' id='word_1_174' title='bbox 911 1414 1053 1468; x_wconf 89' lang='lat' dir='ltr'><strong>humorem</strong></span> <span class='ocrx_word' id='word_1_175' title='bbox 1064 1413 1159 1467; x_wconf 90' lang='lat' dir='ltr'><strong>trahit.</strong></span> <span class='ocrx_word' id='word_1_176' title='bbox 1213 1419 1274 1479; x_wconf 88' lang='lat' dir='ltr'><strong>bur,</strong></span> <span class='ocrx_word' id='word_1_177' title='bbox 1286 1417 1314 1467; x_wconf 91' lang='lat' dir='ltr'><strong>ln</strong></span> <span class='ocrx_word' id='word_1_178' title='bbox 1328 1421 1528 1467; x_wconf 83' lang='lat' dir='ltr'><strong>manutentum</strong></span> <span class='ocrx_word' id='word_1_179' title='bbox 1540 1412 1665 1466; x_wconf 87' lang='lat' dir='ltr'><strong>habenda</strong></span> <span class='ocrx_word' id='word_1_180' title='bbox 1675 1421 1727 1467; x_wconf 90' lang='lat' dir='ltr'><strong>est.</strong></span> 
     </span>
     <span class='ocr_line' id='line_1_17' title="bbox 361 1483 2007 1554; baseline 0.001 -12"><span class='ocrx_word' id='word_1_181' title='bbox 361 1491 410 1543; x_wconf 83' lang='lat' dir='ltr'><strong>Sic</strong></span> <span class='ocrx_word' id='word_1_182' title='bbox 420 1497 448 1540; x_wconf 91' lang='lat' dir='ltr'><strong>ct</strong></span> <span class='ocrx_word' id='word_1_183' title='bbox 458 1486 587 1539; x_wconf 83' lang='lat' dir='ltr'><strong>althaeae</strong></span> <span class='ocrx_word' id='word_1_184' title='bbox 603 1485 694 1537; x_wconf 89' lang='lat' dir='ltr'><strong>siccae</strong></span> <span class='ocrx_word' id='word_1_185' title='bbox 710 1483 802 1536; x_wconf 79' lang='lat' dir='ltr'><strong>farina</strong></span> <span class='ocrx_word' id='word_1_186' title='bbox 817 1486 844 1535; x_wconf 91' lang='lat' dir='ltr'><strong>in</strong></span> <span class='ocrx_word' id='word_1_187' title='bbox 856 1485 923 1536; x_wconf 78' lang='lat' dir='ltr'><strong>rino</strong></span> <span class='ocrx_word' id='word_1_188' title='bbox 934 1493 1010 1552; x_wconf 89' lang='lat' dir='ltr'><strong>pota,</strong></span> <span class='ocrx_word' id='word_1_189' title='bbox 1029 1491 1159 1551; x_wconf 87' lang='lat' dir='ltr'><strong>strangu·</strong></span> <span class='ocrx_word' id='word_1_190' title='bbox 1247 1486 1307 1538; x_wconf 77' lang='lat' dir='ltr'><strong>Lx.</strong></span> <span class='ocrx_word' id='word_1_191' title='bbox 1324 1484 1414 1538; x_wconf 82' lang='lat' dir='ltr'><strong>Panos</strong></span> <span class='ocrx_word' id='word_1_192' title='bbox 1435 1490 1517 1536; x_wconf 87' lang='lat' dir='ltr'><strong>sanat</strong></span> <span class='ocrx_word' id='word_1_193' title='bbox 1538 1496 1656 1549; x_wconf 86' lang='lat' dir='ltr'><strong>panaces</strong></span> <span class='ocrx_word' id='word_1_194' title='bbox 1676 1499 1737 1534; x_wconf 90' lang='lat' dir='ltr'><strong>cum</strong></span> <span class='ocrx_word' id='word_1_195' title='bbox 1756 1484 1854 1539; x_wconf 85' lang='lat' dir='ltr'><strong>melle:</strong></span> <span class='ocrx_word' id='word_1_196' title='bbox 1877 1488 1973 1554; x_wconf 89' lang='lat' dir='ltr'><strong>planta</strong></span> <span class='ocrx_word' id='word_1_197' title='bbox 1992 1502 2007 1542; x_wconf 94' lang='lat' dir='ltr'><strong>o</strong></span> 
     </span>
     <span class='ocr_line' id='line_1_18' title="bbox 361 1546 2008 1621; baseline 0.001 -12"><span class='ocrx_word' id='word_1_198' title='bbox 361 1559 431 1609; x_wconf 73' lang='lat' dir='ltr'><strong>nam</strong></span> <span class='ocrx_word' id='word_1_199' title='bbox 450 1546 534 1619; x_wconf 83' lang='lat' dir='ltr'><strong>tdllit,</strong></span> <span class='ocrx_word' id='word_1_200' title='bbox 553 1554 692 1608; x_wconf 84' lang='lat' dir='ltr'><strong>efficacius</strong></span> <span class='ocrx_word' id='word_1_201' title='bbox 708 1552 804 1605; x_wconf 91' lang='lat' dir='ltr'><strong>addito</strong></span> <span class='ocrx_word' id='word_1_202' title='bbox 820 1555 918 1621; x_wconf 82' lang='lat' dir='ltr'><strong>dauco.</strong></span> <span class='ocrx_word' id='word_1_203' title='bbox 954 1554 1035 1606; x_wconf 88' lang='lat' dir='ltr'><strong>Lieni</strong></span> <span class='ocrx_word' id='word_1_204' title='bbox 1050 1568 1160 1621; x_wconf 86' lang='lat' dir='ltr'><strong>quoque</strong></span> <span class='ocrx_word' id='word_1_205' title='bbox 1212 1571 1274 1608; x_wconf 91' lang='lat' dir='ltr'><strong>cum</strong></span> <span class='ocrx_word' id='word_1_206' title='bbox 1284 1554 1358 1609; x_wconf 87' lang='lat' dir='ltr'><strong>sale:</strong></span> <span class='ocrx_word' id='word_1_207' title='bbox 1378 1551 1614 1621; x_wconf 79' lang='lat' dir='ltr'><strong>quinquefolium:</strong></span> <span class='ocrx_word' id='word_1_208' title='bbox 1634 1554 1795 1620; x_wconf 85' lang='lat' dir='ltr'><strong>persolutae</strong></span> <span class='ocrx_word' id='word_1_209' title='bbox 1814 1556 1914 1618; x_wconf 82' lang='lat' dir='ltr'><strong>radis,</strong></span> <span class='ocrx_word' id='word_1_210' title='bbox 1932 1566 1963 1609; x_wconf 94' lang='lat' dir='ltr'><strong>ut</strong></span> <span class='ocrx_word' id='word_1_211' title='bbox 1981 1574 2008 1611; x_wconf 88' lang='lat' dir='ltr'><strong>to</strong></span> 
     </span>
     <span class='ocr_line' id='line_1_19' title="bbox 361 1620 2009 1689; baseline 0 -10"><span class='ocrx_word' id='word_1_212' title='bbox 361 1628 450 1679; x_wconf 89' lang='lat' dir='ltr'><strong>utilis.</strong></span> <span class='ocrx_word' id='word_1_213' title='bbox 487 1625 624 1678; x_wconf 75' lang='lat' dir='ltr'><strong>Adversus</strong></span> <span class='ocrx_word' id='word_1_214' title='bbox 638 1630 780 1689; x_wconf 87' lang='lat' dir='ltr'><strong>serpentes</strong></span> <span class='ocrx_word' id='word_1_215' title='bbox 795 1620 910 1676; x_wconf 88' lang='lat' dir='ltr'><strong>bibitur.</strong></span> <span class='ocrx_word' id='word_1_216' title='bbox 946 1624 1079 1675; x_wconf 91' lang='lat' dir='ltr'><strong>lumentis</strong></span> <span class='ocrx_word' id='word_1_217' title='bbox 1095 1638 1161 1689; x_wconf 89' lang='lat' dir='ltr'><strong>quo·</strong></span> <span class='ocrx_word' id='word_1_218' title='bbox 1213 1625 1340 1677; x_wconf 89' lang='lat' dir='ltr'><strong>strumis:</strong></span> <span class='ocrx_word' id='word_1_219' title='bbox 1358 1622 1640 1675; x_wconf 87' lang='lat' dir='ltr'><strong>itemdamasonium:</strong></span> <span class='ocrx_word' id='word_1_220' title='bbox 1659 1623 1821 1675; x_wconf 80' lang='lat' dir='ltr'><strong>verbascum</strong></span> <span class='ocrx_word' id='word_1_221' title='bbox 1834 1640 2009 1679; x_wconf 80' lang='lat' dir='ltr'><strong>mutauera-</strong></span> 
     </span>
     <span class='ocr_line' id='line_1_20' title="bbox 361 1690 2009 1764; baseline 0.001 -17"><span class='ocrx_word' id='word_1_222' title='bbox 361 1711 414 1764; x_wconf 92' lang='lat' dir='ltr'><strong>que</strong></span> <span class='ocrx_word' id='word_1_223' title='bbox 427 1697 454 1746; x_wconf 92' lang='lat' dir='ltr'><strong>in</strong></span> <span class='ocrx_word' id='word_1_224' title='bbox 464 1696 576 1763; x_wconf 81' lang='lat' dir='ltr'><strong>pituita,</strong></span> <span class='ocrx_word' id='word_1_225' title='bbox 596 1700 646 1745; x_wconf 91' lang='lat' dir='ltr'><strong>aut</strong></span> <span class='ocrx_word' id='word_1_226' title='bbox 656 1692 824 1762; x_wconf 86' lang='lat' dir='ltr'><strong>straoguria,</strong></span> <span class='ocrx_word' id='word_1_227' title='bbox 846 1691 953 1747; x_wconf 85' lang='lat' dir='ltr'><strong>hordeo</strong></span> <span class='ocrx_word' id='word_1_228' title='bbox 964 1694 1093 1760; x_wconf 91' lang='lat' dir='ltr'><strong>inspersa</strong></span> <span class='ocrx_word' id='word_1_229' title='bbox 1102 1707 1162 1743; x_wconf 90' lang='lat' dir='ltr'><strong>suc·</strong></span> <span class='ocrx_word' id='word_1_230' title='bbox 1213 1695 1275 1747; x_wconf 89' lang='lat' dir='ltr'><strong>dice</strong></span> <span class='ocrx_word' id='word_1_231' title='bbox 1286 1701 1386 1757; x_wconf 87' lang='lat' dir='ltr'><strong>tusum,</strong></span> <span class='ocrx_word' id='word_1_232' title='bbox 1406 1692 1471 1742; x_wconf 86' lang='lat' dir='ltr'><strong>rino</strong></span> <span class='ocrx_word' id='word_1_233' title='bbox 1482 1705 1637 1758; x_wconf 90' lang='lat' dir='ltr'><strong>aspersum,</strong></span> <span class='ocrx_word' id='word_1_234' title='bbox 1659 1690 1783 1759; x_wconf 78' lang='lat' dir='ltr'><strong>solioque</strong></span> <span class='ocrx_word' id='word_1_235' title='bbox 1796 1695 1958 1758; x_wconf 79' lang='lat' dir='ltr'><strong>involutum,</strong></span> <span class='ocrx_word' id='word_1_236' title='bbox 1980 1702 2009 1748; x_wconf 86' lang='lat' dir='ltr'><strong>et</strong></span> 
     </span>
     <span class='ocr_line' id='line_1_21' title="bbox 361 1758 2007 1827; baseline -0.002 -8"><span class='ocrx_word' id='word_1_237' title='bbox 361 1765 456 1819; x_wconf 87' lang='lat' dir='ltr'><strong>currit.</strong></span> <span class='ocrx_word' id='word_1_238' title='bbox 766 1758 794 1772; x_wconf 76' lang='grc'>”</span> <span class='ocrx_word' id='word_1_239' title='bbox 1214 1763 1254 1814; x_wconf 91' lang='lat' dir='ltr'><strong>ita</strong></span> <span class='ocrx_word' id='word_1_240' title='bbox 1265 1763 1293 1814; x_wconf 90' lang='lat' dir='ltr'><strong>in</strong></span> <span class='ocrx_word' id='word_1_241' title='bbox 1306 1763 1396 1814; x_wconf 90' lang='lat' dir='ltr'><strong>cinere</strong></span> <span class='ocrx_word' id='word_1_242' title='bbox 1408 1758 1566 1822; x_wconf 79' lang='lat' dir='ltr'><strong>calfactum,</strong></span> <span class='ocrx_word' id='word_1_243' title='bbox 1576 1766 1607 1811; x_wconf 89' lang='lat' dir='ltr'><strong>ut</strong></span> <span class='ocrx_word' id='word_1_244' title='bbox 1617 1760 1777 1827; x_wconf 92' lang='lat' dir='ltr'><strong>imponatur</strong></span> <span class='ocrx_word' id='word_1_245' title='bbox 1787 1761 1917 1815; x_wconf 86' lang='lat' dir='ltr'><strong>calidum.</strong></span> <span class='ocrx_word' id='word_1_246' title='bbox 1953 1764 2007 1815; x_wconf 75' lang='lat' dir='ltr'><strong>Et·</strong></span> 
     </span>
     <span class='ocr_line' id='line_1_22' title="bbox 360 1829 2006 1901; baseline -0.001 -15"><span class='ocrx_word' id='word_1_247' title='bbox 360 1846 383 1886; x_wconf 78' lang='lat' dir='ltr'><strong>-t</strong></span> <span class='ocrx_word' id='word_1_248' title='bbox 397 1832 440 1884; x_wconf 82' lang='lat' dir='ltr'><strong>Li</strong></span> <span class='ocrx_word' id='word_1_249' title='bbox 451 1833 477 1885; x_wconf 83' lang='lat'><strong>2.</strong></span> <span class='ocrx_word' id='word_1_250' title='bbox 488 1829 651 1899; x_wconf 81' lang='lat' dir='ltr'><strong>Anthyllion</strong></span> <span class='ocrx_word' id='word_1_251' title='bbox 663 1835 707 1901; x_wconf 82' lang='lat' dir='ltr'><strong>est</strong></span> <span class='ocrx_word' id='word_1_252' title='bbox 720 1831 789 1885; x_wconf 84' lang='lat' dir='ltr'><strong>lenti</strong></span> <span class='ocrx_word' id='word_1_253' title='bbox 800 1830 953 1893; x_wconf 85' lang='lat' dir='ltr'><strong>simillima,</strong></span> <span class='ocrx_word' id='word_1_254' title='bbox 973 1829 1085 1897; x_wconf 85' lang='lat' dir='ltr'><strong>quaein</strong></span> <span class='ocrx_word' id='word_1_255' title='bbox 1095 1832 1160 1882; x_wconf 85' lang='lat' dir='ltr'><strong>rino</strong></span> <span class='ocrx_word' id='word_1_256' title='bbox 1213 1834 1286 1900; x_wconf 90' lang='lat' dir='ltr'><strong>perti</strong></span> <span class='ocrx_word' id='word_1_257' title='bbox 1297 1832 1477 1892; x_wconf 83' lang='lat' dir='ltr'><strong>affirmavere,</strong></span> <span class='ocrx_word' id='word_1_258' title='bbox 1499 1829 1647 1897; x_wconf 83' lang='lat' dir='ltr'><strong>plurinum</strong></span> <span class='ocrx_word' id='word_1_259' title='bbox 1661 1829 1768 1883; x_wconf 78' lang='lat' dir='ltr'><strong>‘referre</strong></span> <span class='ocrx_word' id='word_1_260' title='bbox 1785 1832 1810 1882; x_wconf 91' lang='lat' dir='ltr'><strong>si</strong></span> <span class='ocrx_word' id='word_1_261' title='bbox 1827 1832 1907 1898; x_wconf 78' lang='lat' dir='ltr'><strong>virgo</strong></span> <span class='ocrx_word' id='word_1_262' title='bbox 1921 1832 2006 1899; x_wconf 87' lang='lat' dir='ltr'><strong>impo-</strong></span> 
     </span>
     <span class='ocr_line' id='line_1_23' title="bbox 175 1899 2009 1970; baseline 0 -17"><span class='ocrx_word' id='word_1_263' title='bbox 175 1956 180 1963; x_wconf 67' lang='grc'>,</span> <span class='ocrx_word' id='word_1_264' title='bbox 360 1912 430 1970; x_wconf 86' lang='lat' dir='ltr'><strong>pota</strong></span> <span class='ocrx_word' id='word_1_265' title='bbox 439 1901 546 1953; x_wconf 75' lang='lat' dir='ltr'><strong>vesicas</strong></span> <span class='ocrx_word' id='word_1_266' title='bbox 556 1900 630 1951; x_wconf 86' lang='lat' dir='ltr'><strong>ritiis</strong></span> <span class='ocrx_word' id='word_1_267' title='bbox 641 1899 754 1964; x_wconf 88' lang='lat' dir='ltr'><strong>liberat,</strong></span> <span class='ocrx_word' id='word_1_268' title='bbox 769 1901 936 1969; x_wconf 88' lang='lat' dir='ltr'><strong>sanguinem</strong></span> <span class='ocrx_word' id='word_1_269' title='bbox 948 1900 1029 1951; x_wconf 81' lang='lat' dir='ltr'><strong>sistit</strong></span> <span class='ocrx_word' id='word_1_270' title='bbox 1066 1899 1162 1952; x_wconf 76' lang='lat' dir='ltr'><strong>Altera</strong></span> <span class='ocrx_word' id='word_1_271' title='bbox 1213 1908 1261 1954; x_wconf 90' lang='lat' dir='ltr'><strong>nat</strong></span> <span class='ocrx_word' id='word_1_272' title='bbox 1272 1901 1355 1963; x_wconf 87' lang='lat' dir='ltr'><strong>nuda,</strong></span> <span class='ocrx_word' id='word_1_273' title='bbox 1375 1899 1469 1953; x_wconf 88' lang='lat' dir='ltr'><strong>ieiuna</strong></span> <span class='ocrx_word' id='word_1_274' title='bbox 1479 1899 1582 1961; x_wconf 89' lang='lat' dir='ltr'><strong>ieiuno,</strong></span> <span class='ocrx_word' id='word_1_275' title='bbox 1603 1906 1632 1950; x_wconf 91' lang='lat' dir='ltr'><strong>et</strong></span> <span class='ocrx_word' id='word_1_276' title='bbox 1643 1914 1726 1950; x_wconf 90' lang='lat' dir='ltr'><strong>manu</strong></span> <span class='ocrx_word' id='word_1_277' title='bbox 1736 1900 1834 1965; x_wconf 87' lang='lat' dir='ltr'><strong>supina</strong></span> <span class='ocrx_word' id='word_1_278' title='bbox 1844 1906 1960 1969; x_wconf 87' lang='lat' dir='ltr'><strong>tangens</strong></span> <span class='ocrx_word' id='word_1_279' title='bbox 1971 1901 2009 1953; x_wconf 89' lang='lat' dir='ltr'><strong>di·</strong></span> 
     </span>
     <span class='ocr_line' id='line_1_24' title="bbox 233 1967 2008 2041; baseline 0.002 -22"><span class='ocrx_word' id='word_1_280' title='bbox 233 2010 239 2019; x_wconf 91' lang='lat'><strong>.</strong></span> <span class='ocrx_word' id='word_1_281' title='bbox 258 2006 262 2013; x_wconf 81' lang='grc'>.</span> <span class='ocrx_word' id='word_1_282' title='bbox 362 1978 406 2025; x_wconf 88' lang='lat' dir='ltr'><strong>est</strong></span> <span class='ocrx_word' id='word_1_283' title='bbox 417 1968 560 2038; x_wconf 84' lang='lat' dir='ltr'><strong>anthyllis,</strong></span> <span class='ocrx_word' id='word_1_284' title='bbox 581 1967 912 2036; x_wconf 87' lang='lat' dir='ltr'><strong>chamaepityossimilis,</strong></span> <span class='ocrx_word' id='word_1_285' title='bbox 933 1968 1003 2022; x_wconf 83' lang='lat' dir='ltr'><strong>tiore</strong></span> <span class='ocrx_word' id='word_1_286' title='bbox 1013 1982 1161 2037; x_wconf 89' lang='lat' dir='ltr'><strong>purpureo,</strong></span> <span class='ocrx_word' id='word_1_287' title='bbox 1214 1977 1273 2023; x_wconf 90' lang='lat' dir='ltr'><strong>cat:</strong></span> <span class='ocrx_word' id='word_1_288' title='bbox 1292 1968 1387 2041; x_wconf 84' lang='lat' dir='ltr'><strong>Negat</strong></span> <span class='ocrx_word' id='word_1_289' title='bbox 1404 1968 1499 2037; x_wconf 77' lang='lat' dir='ltr'><strong>Apollo</strong></span> <span class='ocrx_word' id='word_1_290' title='bbox 1517 1977 1621 2036; x_wconf 82' lang='lat' dir='ltr'><strong>pestem</strong></span> <span class='ocrx_word' id='word_1_291' title='bbox 1636 1984 1715 2035; x_wconf 84' lang='lat' dir='ltr'><strong>porse</strong></span> <span class='ocrx_word' id='word_1_292' title='bbox 1735 1970 1917 2034; x_wconf 58' lang='lat' dir='ltr'><strong>crescerem·</strong></span> <span class='ocrx_word' id='word_1_293' title='bbox 1935 1972 2008 2023; x_wconf 82' lang='lat' dir='ltr'><strong>nuda</strong></span> 
     </span>
     <span class='ocr_line' id='line_1_25' title="bbox 249 2037 2009 2120; baseline -0.001 -29"><span class='ocrx_word' id='word_1_294' title='bbox 249 2067 253 2075; x_wconf 92' lang='lat'><strong>·</strong></span> <span class='ocrx_word' id='word_1_295' title='bbox 362 2040 449 2092; x_wconf 89' lang='lat' dir='ltr'><strong>odore</strong></span> <span class='ocrx_word' id='word_1_296' title='bbox 459 2038 552 2107; x_wconf 78' lang='lat' dir='ltr'><strong>gravi,</strong></span> <span class='ocrx_word' id='word_1_297' title='bbox 572 2037 666 2090; x_wconf 89' lang='lat' dir='ltr'><strong>radice</strong></span> <span class='ocrx_word' id='word_1_298' title='bbox 677 2037 777 2090; x_wconf 90' lang='lat' dir='ltr'><strong>lntubi.</strong></span> <span class='ocrx_word' id='word_1_299' title='bbox 1212 2040 1290 2120; x_wconf 78' lang='lat' dir='ltr'><strong>uirgo</strong></span> <span class='ocrx_word' id='word_1_300' title='bbox 1301 2039 1473 2108; x_wconf 82' lang='lat' dir='ltr'><strong>restinguat:</strong></span> <span class='ocrx_word' id='word_1_301' title='bbox 1490 2044 1573 2104; x_wconf 89' lang='lat' dir='ltr'><strong>atque</strong></span> <span class='ocrx_word' id='word_1_302' title='bbox 1585 2037 1625 2090; x_wconf 91' lang='lat' dir='ltr'><strong>ita</strong></span> <span class='ocrx_word' id='word_1_303' title='bbox 1642 2041 1768 2089; x_wconf 76' lang='lat' dir='ltr'><strong>retrorsa</strong></span> <span class='ocrx_word' id='word_1_304' title='bbox 1777 2052 1859 2090; x_wconf 83' lang='lat' dir='ltr'><strong>nrairu</strong></span> <span class='ocrx_word' id='word_1_305' title='bbox 1871 2045 1915 2090; x_wconf 92' lang='lat' dir='ltr'><strong>tcr</strong></span> <span class='ocrx_word' id='word_1_306' title='bbox 1925 2038 2009 2103; x_wconf 86' lang='lat' dir='ltr'><strong>dicat,</strong></span> 
     </span>
     <span class='ocr_line' id='line_1_26' title="bbox 347 2104 2010 2175; baseline -0.001 -15"><span class='ocrx_word' id='word_1_307' title='bbox 347 2142 362 2153; x_wconf 32' lang='lat' dir='ltr'><strong>a</strong></span> <span class='ocrx_word' id='word_1_308' title='bbox 397 2104 557 2161; x_wconf 70' lang='lat' dir='ltr'><strong>talavel</strong></span> <span class='ocrx_word' id='word_1_309' title='bbox 573 2120 617 2156; x_wconf 89' lang='lat' dir='ltr'><strong>ma</strong></span> <span class='ocrx_word' id='word_1_310' title='bbox 647 2119 704 2171; x_wconf 78' lang='lat' dir='ltr'><strong>see</strong></span> <span class='ocrx_word' id='word_1_311' title='bbox 723 2119 783 2171; x_wconf 86' lang='lat' dir='ltr'><strong>aea,</strong></span> <span class='ocrx_word' id='word_1_312' title='bbox 804 2106 905 2158; x_wconf 90' lang='lat' dir='ltr'><strong>similis</strong></span> <span class='ocrx_word' id='word_1_313' title='bbox 925 2104 1096 2174; x_wconf 83' lang='lat' dir='ltr'><strong>portulacae,</strong></span> <span class='ocrx_word' id='word_1_314' title='bbox 1119 2104 1159 2156; x_wconf 90' lang='lat' dir='ltr'><strong>ni·</strong></span> <span class='ocrx_word' id='word_1_315' title='bbox 1213 2115 1354 2175; x_wconf 79' lang='lat' dir='ltr'><strong>tottesque</strong></span> <span class='ocrx_word' id='word_1_316' title='bbox 1365 2108 1501 2173; x_wconf 88' lang='lat' dir='ltr'><strong>despuant</strong></span> <span class='ocrx_word' id='word_1_317' title='bbox 1522 2105 1613 2158; x_wconf 87' lang='lat' dir='ltr'><strong>antbo.</strong></span> <span class='ocrx_word' id='word_1_318' title='bbox 1647 2106 1777 2160; x_wconf 84' lang='lat' dir='ltr'><strong>Medetur</strong></span> <span class='ocrx_word' id='word_1_319' title='bbox 1795 2116 1824 2159; x_wconf 90' lang='lat' dir='ltr'><strong>et</strong></span> <span class='ocrx_word' id='word_1_320' title='bbox 1840 2107 1919 2159; x_wconf 78' lang='lat' dir='ltr'><strong>radix</strong></span> <span class='ocrx_word' id='word_1_321' title='bbox 1937 2123 2010 2160; x_wconf 88' lang='lat' dir='ltr'><strong>maa·</strong></span> 
     </span>
     <span class='ocr_line' id='line_1_27' title="bbox 361 2120 2008 2245; baseline 0 -16"><span class='ocrx_word' id='word_1_322' title='bbox 361 2174 611 2245; x_wconf 87' lang='lat' dir='ltr'><strong>grioreradice,se</strong></span> <span class='ocrx_word' id='word_1_323' title='bbox 640 2120 742 2239; x_wconf 63' lang='lat' dir='ltr'><strong>inutiii,</strong></span> <span class='ocrx_word' id='word_1_324' title='bbox 753 2190 870 2228; x_wconf 89' lang='lat' dir='ltr'><strong>nascens</strong></span> <span class='ocrx_word' id='word_1_325' title='bbox 883 2176 911 2227; x_wconf 94' lang='lat' dir='ltr'><strong>in</strong></span> <span class='ocrx_word' id='word_1_326' title='bbox 921 2176 1052 2228; x_wconf 89' lang='lat' dir='ltr'><strong>litoribus</strong></span> <span class='ocrx_word' id='word_1_327' title='bbox 1065 2190 1161 2228; x_wconf 89' lang='lat' dir='ltr'><strong>areno·</strong></span> <span class='ocrx_word' id='word_1_328' title='bbox 1214 2178 1352 2244; x_wconf 86' lang='lat' dir='ltr'><strong>dragorac</strong></span> <span class='ocrx_word' id='word_1_329' title='bbox 1371 2191 1405 2228; x_wconf 79' lang='lat' dir='ltr'><strong>cx</strong></span> <span class='ocrx_word' id='word_1_330' title='bbox 1427 2191 1513 2243; x_wconf 81' lang='lat' dir='ltr'><strong>aqua:</strong></span> <span class='ocrx_word' id='word_1_331' title='bbox 1534 2175 1637 2228; x_wconf 84' lang='lat' dir='ltr'><strong>radicis</strong></span> <span class='ocrx_word' id='word_1_332' title='bbox 1658 2177 1844 2230; x_wconf 84' lang='lat' dir='ltr'><strong>scammoniae</strong></span> <span class='ocrx_word' id='word_1_333' title='bbox 1864 2176 2008 2229; x_wconf 88' lang='lat' dir='ltr'><strong>decoctum</strong></span> 
     </span>
     <span class='ocr_line' id='line_1_28' title="bbox 361 2243 2008 2315; baseline 0.001 -18"><span class='ocrx_word' id='word_1_334' title='bbox 361 2249 410 2308; x_wconf 89' lang='lat' dir='ltr'><strong>sis,</strong></span> <span class='ocrx_word' id='word_1_335' title='bbox 420 2252 504 2313; x_wconf 88' lang='lat' dir='ltr'><strong>gustu</strong></span> <span class='ocrx_word' id='word_1_336' title='bbox 515 2259 619 2295; x_wconf 87' lang='lat' dir='ltr'><strong>amara.</strong></span> <span class='ocrx_word' id='word_1_337' title='bbox 656 2245 686 2294; x_wconf 90' lang='lat' dir='ltr'><strong>ln</strong></span> <span class='ocrx_word' id='word_1_338' title='bbox 696 2243 760 2296; x_wconf 87' lang='lat' dir='ltr'><strong>rino</strong></span> <span class='ocrx_word' id='word_1_339' title='bbox 771 2259 832 2296; x_wconf 91' lang='lat' dir='ltr'><strong>cum</strong></span> <span class='ocrx_word' id='word_1_340' title='bbox 844 2245 974 2314; x_wconf 78' lang='lat' dir='ltr'><strong>asparagi</strong></span> <span class='ocrx_word' id='word_1_341' title='bbox 984 2243 1076 2297; x_wconf 85' lang='lat' dir='ltr'><strong>radice</strong></span> <span class='ocrx_word' id='word_1_342' title='bbox 1088 2245 1161 2297; x_wconf 88' lang='lat' dir='ltr'><strong>resi·</strong></span> <span class='ocrx_word' id='word_1_343' title='bbox 1213 2262 1273 2297; x_wconf 91' lang='lat' dir='ltr'><strong>cum</strong></span> <span class='ocrx_word' id='word_1_344' title='bbox 1292 2245 1388 2298; x_wconf 85' lang='lat' dir='ltr'><strong>melle:</strong></span> <span class='ocrx_word' id='word_1_345' title='bbox 1409 2244 1533 2296; x_wconf 89' lang='lat' dir='ltr'><strong>sideritis</strong></span> <span class='ocrx_word' id='word_1_346' title='bbox 1553 2259 1613 2295; x_wconf 83' lang='lat' dir='ltr'><strong>curn</strong></span> <span class='ocrx_word' id='word_1_347' title='bbox 1636 2246 1681 2296; x_wconf 86' lang='lat' dir='ltr'><strong>adl</strong></span> <span class='ocrx_word' id='word_1_348' title='bbox 1704 2259 1719 2297; x_wconf 90' lang='lat' dir='ltr'><strong>e</strong></span> <span class='ocrx_word' id='word_1_349' title='bbox 1739 2252 1847 2299; x_wconf 78' lang='lat' dir='ltr'><strong>uetere:</strong></span> <span class='ocrx_word' id='word_1_350' title='bbox 1866 2244 2008 2315; x_wconf 84' lang='lat' dir='ltr'><strong>rchhry·</strong></span> 
     </span>
     <span class='ocr_line' id='line_1_29' title="bbox 363 2313 2008 2387; baseline 0.001 -20"><span class='ocrx_word' id='word_1_351' title='bbox 363 2331 413 2387; x_wconf 75' lang='lat' dir='ltr'><strong>cae</strong></span> <span class='ocrx_word' id='word_1_352' title='bbox 424 2314 574 2382; x_wconf 90' lang='lat' dir='ltr'><strong>plurimum</strong></span> <span class='ocrx_word' id='word_1_353' title='bbox 591 2313 712 2380; x_wconf 90' lang='lat' dir='ltr'><strong>prodest.</strong></span> <span class='ocrx_word' id='word_1_354' title='bbox 1213 2319 1308 2383; x_wconf 87' lang='lat' dir='ltr'><strong>sippea</strong></span> <span class='ocrx_word' id='word_1_355' title='bbox 1318 2330 1379 2366; x_wconf 83' lang='lat' dir='ltr'><strong>cunr</strong></span> <span class='ocrx_word' id='word_1_356' title='bbox 1392 2313 1452 2365; x_wconf 82' lang='lat' dir='ltr'><strong>dcis</strong></span> <span class='ocrx_word' id='word_1_357' title='bbox 1463 2313 1623 2382; x_wconf 79' lang='lat' dir='ltr'><strong>pinguibus:</strong></span> <span class='ocrx_word' id='word_1_358' title='bbox 1644 2320 1672 2366; x_wconf 92' lang='lat' dir='ltr'><strong>et</strong></span> <span class='ocrx_word' id='word_1_359' title='bbox 1719 2329 1750 2367; x_wconf 92' lang='lat' dir='ltr'><strong>ec</strong></span> <span class='ocrx_word' id='word_1_360' title='bbox 1759 2313 1793 2365; x_wconf 90' lang='lat' dir='ltr'><strong>ab</strong></span> <span class='ocrx_word' id='word_1_361' title='bbox 1803 2315 1951 2369; x_wconf 81' lang='lat' dir='ltr'><strong>inventore</strong></span> <span class='ocrx_word' id='word_1_362' title='bbox 1961 2314 2008 2368; x_wconf 91' lang='lat' dir='ltr'><strong>ha·</strong></span> 
     </span>
     <span class='ocr_line' id='line_1_30' title="bbox 348 2376 1380 2450; baseline 0 -14"><span class='ocrx_word' id='word_1_363' title='bbox 348 2390 365 2423; x_wconf 55' lang='grc' dir='ltr'>ἑ</span> <span class='ocrx_word' id='word_1_364' title='bbox 398 2384 469 2436; x_wconf 86' lang='lat' dir='ltr'><strong>Llll.</strong></span> <span class='ocrx_word' id='word_1_365' title='bbox 479 2382 505 2435; x_wconf 81' lang='lat'><strong>4.</strong></span> <span class='ocrx_word' id='word_1_366' title='bbox 515 2382 621 2435; x_wconf 80' lang='lat' dir='ltr'><strong>Eadem</strong></span> <span class='ocrx_word' id='word_1_367' title='bbox 635 2376 759 2448; x_wconf 79' lang='lat' dir='ltr'><strong>piaestat</strong></span> <span class='ocrx_word' id='word_1_368' title='bbox 768 2379 929 2450; x_wconf 82' lang='lat' dir='ltr'><strong>hypericon,</strong></span> <span class='ocrx_word' id='word_1_369' title='bbox 939 2396 1021 2450; x_wconf 87' lang='lat' dir='ltr'><strong>quam</strong></span> <span class='ocrx_word' id='word_1_370' title='bbox 1032 2382 1081 2434; x_wconf 89' lang='lat' dir='ltr'><strong>alii</strong></span> <span class='ocrx_word' id='word_1_371' title='bbox 1093 2379 1160 2434; x_wconf 92' lang='lat' dir='ltr'><strong>cha·</strong></span> <span class='ocrx_word' id='word_1_372' title='bbox 1213 2386 1380 2438; x_wconf 89' lang='lat' dir='ltr'><strong>betnomcn.</strong></span> 
     </span>
     <span class='ocr_line' id='line_1_31' title="bbox 363 2449 2006 2522; baseline 0 -19"><span class='ocrx_word' id='word_1_373' title='bbox 363 2452 519 2520; x_wconf 83' lang='lat' dir='ltr'><strong>maepytin,</strong></span> <span class='ocrx_word' id='word_1_374' title='bbox 531 2452 580 2502; x_wconf 91' lang='lat' dir='ltr'><strong>alii</strong></span> <span class='ocrx_word' id='word_1_375' title='bbox 592 2454 688 2501; x_wconf 90' lang='lat' dir='ltr'><strong>corion</strong></span> <span class='ocrx_word' id='word_1_376' title='bbox 700 2451 850 2517; x_wconf 83' lang='lat' dir='ltr'><strong>appellant,</strong></span> <span class='ocrx_word' id='word_1_377' title='bbox 864 2453 992 2504; x_wconf 85' lang='lat' dir='ltr'><strong>oleraceo</strong></span> <span class='ocrx_word' id='word_1_378' title='bbox 1003 2451 1111 2515; x_wconf 83' lang='lat' dir='ltr'><strong>frutice,</strong></span> <span class='ocrx_word' id='word_1_379' title='bbox 1122 2458 1160 2503; x_wconf 89' lang='lat' dir='ltr'><strong>tc·</strong></span> <span class='ocrx_word' id='word_1_380' title='bbox 1249 2452 1320 2506; x_wconf 74' lang='lat' dir='ltr'><strong>ext.</strong></span> <span class='ocrx_word' id='word_1_381' title='bbox 1341 2454 1475 2507; x_wconf 87' lang='lat' dir='ltr'><strong>Venerem</strong></span> <span class='ocrx_word' id='word_1_382' title='bbox 1487 2452 1514 2503; x_wconf 92' lang='lat' dir='ltr'><strong>in</strong></span> <span class='ocrx_word' id='word_1_383' title='bbox 1525 2458 1614 2504; x_wconf 86' lang='lat' dir='ltr'><strong>toturn</strong></span> <span class='ocrx_word' id='word_1_384' title='bbox 1625 2451 1732 2514; x_wconf 85' lang='lat' dir='ltr'><strong>adimit,</strong></span> <span class='ocrx_word' id='word_1_385' title='bbox 1741 2457 1773 2501; x_wconf 90' lang='lat' dir='ltr'><strong>ut</strong></span> <span class='ocrx_word' id='word_1_386' title='bbox 1784 2449 1916 2516; x_wconf 82' lang='lat' dir='ltr'><strong>dirimas,</strong></span> <span class='ocrx_word' id='word_1_387' title='bbox 1927 2467 2006 2522; x_wconf 76' lang='lat' dir='ltr'><strong>nym-</strong></span> 
     </span>
     <span class='ocr_line' id='line_1_32' title="bbox 363 2515 2009 2590; baseline -0.002 -15"><span class='ocrx_word' id='word_1_388' title='bbox 363 2524 421 2585; x_wconf 87' lang='lat' dir='ltr'><strong>nui,</strong></span> <span class='ocrx_word' id='word_1_389' title='bbox 432 2520 554 2582; x_wconf 88' lang='lat' dir='ltr'><strong>cubitali,</strong></span> <span class='ocrx_word' id='word_1_390' title='bbox 564 2520 689 2580; x_wconf 87' lang='lat' dir='ltr'><strong>rubente,</strong></span> <span class='ocrx_word' id='word_1_391' title='bbox 701 2518 770 2571; x_wconf 81' lang='lat' dir='ltr'><strong>tolio</strong></span> <span class='ocrx_word' id='word_1_392' title='bbox 783 2527 870 2582; x_wconf 83' lang='lat' dir='ltr'><strong>rutae,</strong></span> <span class='ocrx_word' id='word_1_393' title='bbox 886 2521 972 2573; x_wconf 82' lang='lat' dir='ltr'><strong>odora</strong></span> <span class='ocrx_word' id='word_1_394' title='bbox 982 2522 1049 2585; x_wconf 88' lang='lat' dir='ltr'><strong>acri,</strong></span> <span class='ocrx_word' id='word_1_395' title='bbox 1058 2524 1162 2573; x_wconf 75' lang='lat' dir='ltr'><strong>sentina</strong></span> <span class='ocrx_word' id='word_1_396' title='bbox 1214 2521 1302 2590; x_wconf 81' lang='lat' dir='ltr'><strong>pheca</strong></span> <span class='ocrx_word' id='word_1_397' title='bbox 1312 2519 1447 2575; x_wconf 89' lang='lat' dir='ltr'><strong>heraclia:</strong></span> <span class='ocrx_word' id='word_1_398' title='bbox 1467 2520 1563 2574; x_wconf 83' lang='lat' dir='ltr'><strong>eadem</strong></span> <span class='ocrx_word' id='word_1_399' title='bbox 1574 2521 1661 2574; x_wconf 88' lang='lat' dir='ltr'><strong>semel</strong></span> <span class='ocrx_word' id='word_1_400' title='bbox 1673 2527 1749 2588; x_wconf 84' lang='lat' dir='ltr'><strong>pota,</strong></span> <span class='ocrx_word' id='word_1_401' title='bbox 1760 2519 1787 2571; x_wconf 89' lang='lat' dir='ltr'><strong>in</strong></span> <span class='ocrx_word' id='word_1_402' title='bbox 1798 2519 1849 2572; x_wconf 81' lang='lat' dir='ltr'><strong>XL</strong></span> <span class='ocrx_word' id='word_1_403' title='bbox 1859 2515 1939 2573; x_wconf 65' lang='lat' dir='ltr'><strong>dieas</strong></span> <span class='ocrx_word' id='word_1_404' title='bbox 1965 2524 2009 2574; x_wconf 91' lang='lat' dir='ltr'><strong>ln·</strong></span> 
     </span>
     <span class='ocr_line' id='line_1_33' title="bbox 364 2589 2010 2659; baseline -0.001 -15"><span class='ocrx_word' id='word_1_405' title='bbox 364 2596 393 2644; x_wconf 93' lang='lat' dir='ltr'><strong>in</strong></span> <span class='ocrx_word' id='word_1_406' title='bbox 404 2590 507 2658; x_wconf 87' lang='lat' dir='ltr'><strong>siliqua</strong></span> <span class='ocrx_word' id='word_1_407' title='bbox 517 2590 607 2657; x_wconf 88' lang='lat' dir='ltr'><strong>nigro,</strong></span> <span class='ocrx_word' id='word_1_408' title='bbox 620 2595 823 2642; x_wconf 83' lang='lat' dir='ltr'><strong>maturescente</strong></span> <span class='ocrx_word' id='word_1_409' title='bbox 835 2605 895 2642; x_wconf 88' lang='lat' dir='ltr'><strong>cum</strong></span> <span class='ocrx_word' id='word_1_410' title='bbox 909 2590 1024 2643; x_wconf 86' lang='lat' dir='ltr'><strong>hordeo.</strong></span> <span class='ocrx_word' id='word_1_411' title='bbox 1054 2591 1162 2643; x_wconf 84' lang='lat' dir='ltr'><strong>Natura</strong></span> <span class='ocrx_word' id='word_1_412' title='bbox 1213 2593 1321 2645; x_wconf 87' lang='lat' dir='ltr'><strong>somnia</strong></span> <span class='ocrx_word' id='word_1_413' title='bbox 1343 2607 1451 2659; x_wconf 90' lang='lat' dir='ltr'><strong>quoque</strong></span> <span class='ocrx_word' id='word_1_414' title='bbox 1463 2589 1581 2644; x_wconf 87' lang='lat' dir='ltr'><strong>Veneria</strong></span> <span class='ocrx_word' id='word_1_415' title='bbox 1603 2606 1620 2643; x_wconf 89' lang='lat' dir='ltr'><strong>a</strong></span> <span class='ocrx_word' id='word_1_416' title='bbox 1638 2590 1733 2642; x_wconf 89' lang='lat' dir='ltr'><strong>ieiuno</strong></span> <span class='ocrx_word' id='word_1_417' title='bbox 1754 2596 1832 2657; x_wconf 89' lang='lat' dir='ltr'><strong>pota,</strong></span> <span class='ocrx_word' id='word_1_418' title='bbox 1853 2595 1881 2642; x_wconf 91' lang='lat' dir='ltr'><strong>et</strong></span> <span class='ocrx_word' id='word_1_419' title='bbox 1901 2592 1931 2641; x_wconf 91' lang='lat' dir='ltr'><strong>in</strong></span> <span class='ocrx_word' id='word_1_420' title='bbox 1947 2591 2010 2643; x_wconf 87' lang='lat' dir='ltr'><strong>cibo</strong></span> 
     </span>
     <span class='ocr_line' id='line_1_34' title="bbox 363 2657 2010 2729; baseline -0.001 -16"><span class='ocrx_word' id='word_1_421' title='bbox 363 2662 462 2713; x_wconf 86' lang='lat' dir='ltr'><strong>semini</strong></span> <span class='ocrx_word' id='word_1_422' title='bbox 472 2657 626 2728; x_wconf 81' lang='lat' dir='ltr'><strong>spissandi:</strong></span> <span class='ocrx_word' id='word_1_423' title='bbox 642 2658 733 2710; x_wconf 70' lang='lat' dir='ltr'><strong>aivum</strong></span> <span class='ocrx_word' id='word_1_424' title='bbox 743 2659 834 2711; x_wconf 85' lang='lat' dir='ltr'><strong>sistit:</strong></span> <span class='ocrx_word' id='word_1_425' title='bbox 856 2659 963 2713; x_wconf 89' lang='lat' dir='ltr'><strong>urinam</strong></span> <span class='ocrx_word' id='word_1_426' title='bbox 976 2659 1042 2712; x_wconf 90' lang='lat' dir='ltr'><strong>ciet:</strong></span> <span class='ocrx_word' id='word_1_427' title='bbox 1054 2660 1162 2713; x_wconf 79' lang='lat' dir='ltr'><strong>vesicae</strong></span> <span class='ocrx_word' id='word_1_428' title='bbox 1213 2667 1314 2713; x_wconf 88' lang='lat' dir='ltr'><strong>sumta.</strong></span> <span class='ocrx_word' id='word_1_429' title='bbox 1351 2661 1423 2712; x_wconf 89' lang='lat' dir='ltr'><strong>lllita</strong></span> <span class='ocrx_word' id='word_1_430' title='bbox 1436 2676 1544 2729; x_wconf 88' lang='lat' dir='ltr'><strong>quoque</strong></span> <span class='ocrx_word' id='word_1_431' title='bbox 1554 2659 1634 2711; x_wconf 80' lang='lat' dir='ltr'><strong>radix</strong></span> <span class='ocrx_word' id='word_1_432' title='bbox 1645 2660 1820 2728; x_wconf 83' lang='lat' dir='ltr'><strong>genitalibus,</strong></span> <span class='ocrx_word' id='word_1_433' title='bbox 1839 2657 1946 2711; x_wconf 88' lang='lat' dir='ltr'><strong>inhibet</strong></span> <span class='ocrx_word' id='word_1_434' title='bbox 1956 2673 2010 2711; x_wconf 87' lang='lat' dir='ltr'><strong>noo</strong></span> 
     </span>
     <span class='ocr_line' id='line_1_35' title="bbox 364 2727 2010 2797; baseline -0.002 -14"><span class='ocrx_word' id='word_1_435' title='bbox 364 2745 426 2784; x_wconf 89' lang='lat' dir='ltr'><strong>cum</strong></span> <span class='ocrx_word' id='word_1_436' title='bbox 437 2730 503 2782; x_wconf 79' lang='lat' dir='ltr'><strong>rino</strong></span> <span class='ocrx_word' id='word_1_437' title='bbox 512 2727 627 2780; x_wconf 89' lang='lat' dir='ltr'><strong>bibitur.</strong></span> <span class='ocrx_word' id='word_1_438' title='bbox 1213 2731 1303 2783; x_wconf 90' lang='lat' dir='ltr'><strong>solum</strong></span> <span class='ocrx_word' id='word_1_439' title='bbox 1316 2728 1462 2790; x_wconf 86' lang='lat' dir='ltr'><strong>Venerem,</strong></span> <span class='ocrx_word' id='word_1_440' title='bbox 1474 2729 1529 2795; x_wconf 34' lang='lat' dir='ltr'><strong>‘scd</strong></span> <span class='ocrx_word' id='word_1_441' title='bbox 1548 2735 1577 2781; x_wconf 87' lang='lat' dir='ltr'><strong>et</strong></span> <span class='ocrx_word' id='word_1_442' title='bbox 1591 2727 1761 2781; x_wconf 86' lang='lat' dir='ltr'><strong>affluentiam</strong></span> <span class='ocrx_word' id='word_1_443' title='bbox 1782 2729 1939 2797; x_wconf 80' lang='lat' dir='ltr'><strong>geniturae:</strong></span> <span class='ocrx_word' id='word_1_444' title='bbox 1975 2728 2010 2780; x_wconf 89' lang='lat' dir='ltr'><strong>ob</strong></span> 
     </span>
     <span class='ocr_line' id='line_1_36' title="bbox 364 2796 2010 2866; baseline -0.002 -15"><span class='ocrx_word' id='word_1_445' title='bbox 364 2796 1163 2865; x_wconf 77' lang='lat' dir='ltr'><strong>·LlV.5.listaiiudhypericon,quodalilcorlnappel·</strong></span> <span class='ocrx_word' id='word_1_446' title='bbox 1214 2799 1242 2851; x_wconf 92' lang='lat' dir='ltr'><strong>ld</strong></span> <span class='ocrx_word' id='word_1_447' title='bbox 1267 2814 1367 2866; x_wconf 89' lang='lat' dir='ltr'><strong>corpus</strong></span> <span class='ocrx_word' id='word_1_448' title='bbox 1389 2799 1463 2851; x_wconf 84' lang='lat' dir='ltr'><strong>alere</strong></span> <span class='ocrx_word' id='word_1_449' title='bbox 1486 2813 1639 2866; x_wconf 85' lang='lat' dir='ltr'><strong>rocenrque</strong></span> <span class='ocrx_word' id='word_1_450' title='bbox 1660 2798 1771 2850; x_wconf 87' lang='lat' dir='ltr'><strong>dicitur.</strong></span> <span class='ocrx_word' id='word_1_451' title='bbox 1820 2800 2010 2866; x_wconf 76' lang='lat' dir='ltr'><strong>appetentiam</strong></span> 
     </span>
     <span class='ocr_line' id='line_1_37' title="bbox 362 2865 2010 2934; baseline -0.002 -13"><span class='ocrx_word' id='word_1_452' title='bbox 362 2867 512 2932; x_wconf 86' lang='lat' dir='ltr'><strong>lant,&#39;lolio</strong></span> <span class='ocrx_word' id='word_1_453' title='bbox 524 2869 672 2926; x_wconf 80' lang='lat' dir='ltr'><strong>tamaricis,</strong></span> <span class='ocrx_word' id='word_1_454' title='bbox 692 2877 721 2918; x_wconf 89' lang='lat' dir='ltr'><strong>et</strong></span> <span class='ocrx_word' id='word_1_455' title='bbox 731 2868 781 2918; x_wconf 92' lang='lat' dir='ltr'><strong>sub</strong></span> <span class='ocrx_word' id='word_1_456' title='bbox 792 2882 826 2919; x_wconf 90' lang='lat' dir='ltr'><strong>ea</strong></span> <span class='ocrx_word' id='word_1_457' title='bbox 837 2869 968 2930; x_wconf 86' lang='lat' dir='ltr'><strong>nascitur,</strong></span> <span class='ocrx_word' id='word_1_458' title='bbox 977 2868 1025 2919; x_wconf 92' lang='lat' dir='ltr'><strong>sed</strong></span> <span class='ocrx_word' id='word_1_459' title='bbox 1038 2867 1162 2934; x_wconf 85' lang='lat' dir='ltr'><strong>pinguio·</strong></span> <span class='ocrx_word' id='word_1_460' title='bbox 1214 2869 1332 2922; x_wconf 86' lang='lat' dir='ltr'><strong>Veneris</strong></span> <span class='ocrx_word' id='word_1_461' title='bbox 1345 2867 1413 2920; x_wconf 85' lang='lat' dir='ltr'><strong>iacit</strong></span> <span class='ocrx_word' id='word_1_462' title='bbox 1428 2868 1507 2918; x_wconf 84' lang='lat' dir='ltr'><strong>radix</strong></span> <span class='ocrx_word' id='word_1_463' title='bbox 1523 2882 1538 2919; x_wconf 91' lang='lat' dir='ltr'><strong>e</strong></span> <span class='ocrx_word' id='word_1_464' title='bbox 1554 2865 1802 2933; x_wconf 83' lang='lat' dir='ltr'><strong>xiphiosuperior,</strong></span> <span class='ocrx_word' id='word_1_465' title='bbox 1823 2867 1890 2919; x_wconf 91' lang='lat' dir='ltr'><strong>data</strong></span> <span class='ocrx_word' id='word_1_466' title='bbox 1906 2873 1973 2933; x_wconf 90' lang='lat' dir='ltr'><strong>potu</strong></span> <span class='ocrx_word' id='word_1_467' title='bbox 1984 2869 2010 2918; x_wconf 88' lang='lat' dir='ltr'><strong>ia</strong></span> 
     </span>
     <span class='ocr_line' id='line_1_38' title="bbox 361 2934 2033 3005; baseline -0.002 -15"><span class='ocrx_word' id='word_1_468' title='bbox 361 2938 439 2990; x_wconf 88' lang='lat' dir='ltr'><strong>ribus</strong></span> <span class='ocrx_word' id='word_1_469' title='bbox 458 2936 536 2989; x_wconf 84' lang='lat' dir='ltr'><strong>foliis</strong></span> <span class='ocrx_word' id='word_1_470' title='bbox 553 2942 582 2988; x_wconf 91' lang='lat' dir='ltr'><strong>et</strong></span> <span class='ocrx_word' id='word_1_471' title='bbox 598 2937 689 2987; x_wconf 89' lang='lat' dir='ltr'><strong>minus</strong></span> <span class='ocrx_word' id='word_1_472' title='bbox 700 2937 870 2999; x_wconf 85' lang='lat' dir='ltr'><strong>rubentibus,</strong></span> <span class='ocrx_word' id='word_1_473' title='bbox 891 2936 1049 2998; x_wconf 89' lang='lat' dir='ltr'><strong>odoratum,</strong></span> <span class='ocrx_word' id='word_1_474' title='bbox 1070 2934 1162 3002; x_wconf 88' lang='lat' dir='ltr'><strong>palmo</strong></span> <span class='ocrx_word' id='word_1_475' title='bbox 1214 2937 1287 2989; x_wconf 84' lang='lat' dir='ltr'><strong>vino.</strong></span> <span class='ocrx_word' id='word_1_476' title='bbox 1323 2937 1392 2988; x_wconf 92' lang='lat' dir='ltr'><strong>ltem</strong></span> <span class='ocrx_word' id='word_1_477' title='bbox 1413 2950 1492 3002; x_wconf 88' lang='lat' dir='ltr'><strong>quam</strong></span> <span class='ocrx_word' id='word_1_478' title='bbox 1511 2935 1653 2987; x_wconf 83' lang='lat' dir='ltr'><strong>crethmon</strong></span> <span class='ocrx_word' id='word_1_479' title='bbox 1670 2937 1769 3005; x_wconf 85' lang='lat' dir='ltr'><strong>agrion</strong></span> <span class='ocrx_word' id='word_1_480' title='bbox 1792 2936 1948 3002; x_wconf 83' lang='lat' dir='ltr'><strong>appellant:</strong></span> <span class='ocrx_word' id='word_1_481' title='bbox 1983 2940 2033 2989; x_wconf 81' lang='lat' dir='ltr'><strong>et¹</strong></span> 
     </span>
     <span class='ocr_line' id='line_1_39' title="bbox 361 3003 1805 3073; baseline -0.002 -15"><span class='ocrx_word' id='word_1_482' title='bbox 361 3008 458 3068; x_wconf 86' lang='lat' dir='ltr'><strong>altius,</strong></span> <span class='ocrx_word' id='word_1_483' title='bbox 478 3019 571 3067; x_wconf 86' lang='lat' dir='ltr'><strong>auare,</strong></span> <span class='ocrx_word' id='word_1_484' title='bbox 591 3004 693 3056; x_wconf 88' lang='lat' dir='ltr'><strong>leniter</strong></span> <span class='ocrx_word' id='word_1_485' title='bbox 704 3012 823 3056; x_wconf 90' lang='lat' dir='ltr'><strong>acutum.</strong></span> <span class='ocrx_word' id='word_1_486' title='bbox 861 3005 912 3059; x_wconf 87' lang='lat' dir='ltr'><strong>Vis</strong></span> <span class='ocrx_word' id='word_1_487' title='bbox 930 3004 1029 3056; x_wconf 88' lang='lat' dir='ltr'><strong>semini</strong></span> <span class='ocrx_word' id='word_1_488' title='bbox 1045 3004 1163 3057; x_wconf 77' lang='lat' dir='ltr'><strong>excalfa-</strong></span> <span class='ocrx_word' id='word_1_489' title='bbox 1214 3004 1354 3073; x_wconf 83' lang='lat' dir='ltr'><strong>horminos</strong></span> <span class='ocrx_word' id='word_1_490' title='bbox 1365 3004 1466 3072; x_wconf 71' lang='lat' dir='ltr'><strong>agriem,</strong></span> <span class='ocrx_word' id='word_1_491' title='bbox 1477 3018 1538 3055; x_wconf 90' lang='lat' dir='ltr'><strong>cum</strong></span> <span class='ocrx_word' id='word_1_492' title='bbox 1551 3003 1663 3069; x_wconf 87' lang='lat' dir='ltr'><strong>polenta</strong></span> <span class='ocrx_word' id='word_1_493' title='bbox 1676 3004 1805 3055; x_wconf 87' lang='lat' dir='ltr'><strong>contrita.</strong></span> 
     </span>
     <span class='ocr_line' id='line_1_40' title="bbox 364 3064 2009 3137; baseline -0.001 -11"><span class='ocrx_word' id='word_1_494' title='bbox 364 3077 467 3126; x_wconf 88' lang='lat' dir='ltr'><strong>ctoria:</strong></span> <span class='ocrx_word' id='word_1_495' title='bbox 488 3080 517 3125; x_wconf 91' lang='lat' dir='ltr'><strong>ct</strong></span> <span class='ocrx_word' id='word_1_496' title='bbox 527 3071 590 3123; x_wconf 88' lang='lat' dir='ltr'><strong>ideo</strong></span> <span class='ocrx_word' id='word_1_497' title='bbox 601 3072 772 3124; x_wconf 83' lang='lat' dir='ltr'><strong>inflationem</strong></span> <span class='ocrx_word' id='word_1_498' title='bbox 789 3073 871 3124; x_wconf 84' lang='lat' dir='ltr'><strong>iacit:</strong></span> <span class='ocrx_word' id='word_1_499' title='bbox 892 3073 940 3126; x_wconf 86' lang='lat' dir='ltr'><strong>sed</strong></span> <span class='ocrx_word' id='word_1_500' title='bbox 953 3070 1097 3125; x_wconf 90' lang='lat' dir='ltr'><strong>stomacho</strong></span> <span class='ocrx_word' id='word_1_501' title='bbox 1109 3090 1162 3125; x_wconf 78' lang='lat' dir='ltr'><strong>tion</strong></span> <span class='ocrx_word' id='word_1_502' title='bbox 1245 3068 1333 3127; x_wconf 84' lang='lat' dir='ltr'><strong>tht.</strong></span> <span class='ocrx_word' id='word_1_503' title='bbox 1347 3064 1370 3124; x_wconf 83' lang='grc'><strong>1.</strong></span> <span class='ocrx_word' id='word_1_504' title='bbox 1400 3066 1453 3125; x_wconf 82' lang='lat' dir='ltr'><strong>Sed</strong></span> <span class='ocrx_word' id='word_1_505' title='bbox 1464 3071 1538 3123; x_wconf 89' lang='lat' dir='ltr'><strong>inter</strong></span> <span class='ocrx_word' id='word_1_506' title='bbox 1550 3086 1636 3137; x_wconf 85' lang='lat' dir='ltr'><strong>pauca</strong></span> <span class='ocrx_word' id='word_1_507' title='bbox 1647 3071 1781 3123; x_wconf 89' lang='lat' dir='ltr'><strong>mirabilis</strong></span> <span class='ocrx_word' id='word_1_508' title='bbox 1792 3076 1834 3122; x_wconf 90' lang='lat' dir='ltr'><strong>cst</strong></span> <span class='ocrx_word' id='word_1_509' title='bbox 1844 3071 1938 3123; x_wconf 87' lang='lat' dir='ltr'><strong>orchis</strong></span> <span class='ocrx_word' id='word_1_510' title='bbox 1948 3069 2009 3124; x_wconf 89' lang='lat' dir='ltr'><strong>her·</strong></span> 
     </span>
     <span class='ocr_line' id='line_1_41' title="bbox 362 3137 2010 3211; baseline -0.001 -16"><span class='ocrx_word' id='word_1_511' title='bbox 362 3142 475 3195; x_wconf 88' lang='lat' dir='ltr'><strong>inutile:</strong></span> <span class='ocrx_word' id='word_1_512' title='bbox 497 3141 589 3208; x_wconf 87' lang='lat' dir='ltr'><strong>praeci</strong></span> <span class='ocrx_word' id='word_1_513' title='bbox 611 3137 720 3192; x_wconf 89' lang='lat' dir='ltr'><strong>uumad</strong></span> <span class='ocrx_word' id='word_1_514' title='bbox 732 3142 929 3207; x_wconf 70' lang='lat' dir='ltr'><strong>stranguriam,</strong></span> <span class='ocrx_word' id='word_1_515' title='bbox 947 3142 1162 3194; x_wconf 82' lang='lat' dir='ltr'><strong>sieshulcerata</strong></span> <span class='ocrx_word' id='word_1_516' title='bbox 1201 3143 1261 3201; x_wconf 82' lang='lat' dir='ltr'><strong>rba:</strong></span> <span class='ocrx_word' id='word_1_517' title='bbox 1281 3143 1341 3196; x_wconf 86' lang='lat' dir='ltr'><strong>sire</strong></span> <span class='ocrx_word' id='word_1_518' title='bbox 1359 3141 1490 3211; x_wconf 89' lang='lat' dir='ltr'><strong>serapias,</strong></span> <span class='ocrx_word' id='word_1_519' title='bbox 1512 3140 1587 3192; x_wconf 81' lang='lat' dir='ltr'><strong>toliis</strong></span> <span class='ocrx_word' id='word_1_520' title='bbox 1599 3142 1685 3208; x_wconf 90' lang='lat' dir='ltr'><strong>porri,</strong></span> <span class='ocrx_word' id='word_1_521' title='bbox 1706 3140 1784 3192; x_wconf 91' lang='lat' dir='ltr'><strong>caule</strong></span> <span class='ocrx_word' id='word_1_522' title='bbox 1801 3139 1922 3206; x_wconf 88' lang='lat' dir='ltr'><strong>palmeo,</strong></span> <span class='ocrx_word' id='word_1_523' title='bbox 1941 3137 2010 3194; x_wconf 85' lang='lat' dir='ltr'><strong>tiore</strong></span> 
     </span>
     <span class='ocr_line' id='line_1_42' title="bbox 363 3206 2011 3281; baseline -0.002 -17"><span class='ocrx_word' id='word_1_524' title='bbox 363 3227 419 3264; x_wconf 89' lang='lat' dir='ltr'><strong>non</strong></span> <span class='ocrx_word' id='word_1_525' title='bbox 431 3211 469 3262; x_wconf 92' lang='lat' dir='ltr'><strong>sit</strong></span> <span class='ocrx_word' id='word_1_526' title='bbox 478 3209 580 3261; x_wconf 83' lang='lat' dir='ltr'><strong>vesica.</strong></span> <span class='ocrx_word' id='word_1_527' title='bbox 623 3207 722 3261; x_wconf 88' lang='lat' dir='ltr'><strong>edetur</strong></span> <span class='ocrx_word' id='word_1_528' title='bbox 732 3210 924 3277; x_wconf 89' lang='lat' dir='ltr'><strong>etpleuriticis</strong></span> <span class='ocrx_word' id='word_1_529' title='bbox 934 3226 967 3262; x_wconf 83' lang='lat' dir='ltr'><strong>ex</strong></span> <span class='ocrx_word' id='word_1_530' title='bbox 977 3210 1043 3281; x_wconf 82' lang='lat' dir='ltr'><strong>rino</strong></span> <span class='ocrx_word' id='word_1_531' title='bbox 1055 3220 1161 3278; x_wconf 90' lang='lat' dir='ltr'><strong>potum.</strong></span> <span class='ocrx_word' id='word_1_532' title='bbox 1214 3207 1372 3280; x_wconf 70' lang='lat' dir='ltr'><strong>purpureo,</strong></span> <span class='ocrx_word' id='word_1_533' title='bbox 1383 3206 1490 3280; x_wconf 70' lang='lat' dir='ltr'><strong>gemina</strong></span> <span class='ocrx_word' id='word_1_534' title='bbox 1511 3208 1613 3272; x_wconf 86' lang='lat' dir='ltr'><strong>radice,</strong></span> <span class='ocrx_word' id='word_1_535' title='bbox 1629 3206 1772 3262; x_wconf 76' lang='lat' dir='ltr'><strong>&#39;testiculis</strong></span> <span class='ocrx_word' id='word_1_536' title='bbox 1791 3208 1894 3260; x_wconf 83' lang='lat' dir='ltr'><strong>simili:</strong></span> <span class='ocrx_word' id='word_1_537' title='bbox 1918 3210 1960 3261; x_wconf 92' lang='lat' dir='ltr'><strong>ita</strong></span> <span class='ocrx_word' id='word_1_538' title='bbox 1980 3214 2011 3261; x_wconf 90' lang='lat' dir='ltr'><strong>ut</strong></span> 
     </span>
     <span class='ocr_line' id='line_1_43' title="bbox 398 3276 2011 3347; baseline -0.002 -14"><span class='ocrx_word' id='word_1_539' title='bbox 398 3280 457 3335; x_wconf 85' lang='lat' dir='ltr'><strong>LV.</strong></span> <span class='ocrx_word' id='word_1_540' title='bbox 468 3280 494 3333; x_wconf 82' lang='lat' dir='ltr'><strong>d.</strong></span> <span class='ocrx_word' id='word_1_541' title='bbox 506 3276 624 3331; x_wconf 78' lang='lat' dir='ltr'><strong>Vesicae</strong></span> <span class='ocrx_word' id='word_1_542' title='bbox 644 3284 737 3330; x_wconf 89' lang='lat' dir='ltr'><strong>autem</strong></span> <span class='ocrx_word' id='word_1_543' title='bbox 759 3278 900 3345; x_wconf 77' lang='lat' dir='ltr'><strong>callithrix</strong></span> <span class='ocrx_word' id='word_1_544' title='bbox 915 3279 983 3332; x_wconf 93' lang='lat' dir='ltr'><strong>trita</strong></span> <span class='ocrx_word' id='word_1_545' title='bbox 998 3280 1081 3332; x_wconf 89' lang='lat' dir='ltr'><strong>simul</strong></span> <span class='ocrx_word' id='word_1_546' title='bbox 1102 3297 1162 3333; x_wconf 89' lang='lat' dir='ltr'><strong>cum</strong></span> <span class='ocrx_word' id='word_1_547' title='bbox 1214 3282 1314 3345; x_wconf 88' lang='lat' dir='ltr'><strong>maior,</strong></span> <span class='ocrx_word' id='word_1_548' title='bbox 1335 3282 1393 3333; x_wconf 84' lang='lat' dir='ltr'><strong>sire</strong></span> <span class='ocrx_word' id='word_1_549' title='bbox 1413 3287 1453 3345; x_wconf 92' lang='lat' dir='ltr'><strong>(ut</strong></span> <span class='ocrx_word' id='word_1_550' title='bbox 1464 3280 1551 3347; x_wconf 90' lang='lat' dir='ltr'><strong>aliqui</strong></span> <span class='ocrx_word' id='word_1_551' title='bbox 1564 3278 1670 3342; x_wconf 90' lang='lat' dir='ltr'><strong>dicunt)</strong></span> <span class='ocrx_word' id='word_1_552' title='bbox 1692 3278 1796 3341; x_wconf 90' lang='lat' dir='ltr'><strong>durior,</strong></span> <span class='ocrx_word' id='word_1_553' title='bbox 1818 3292 1851 3331; x_wconf 82' lang='lat' dir='ltr'><strong>es</strong></span> <span class='ocrx_word' id='word_1_554' title='bbox 1863 3292 1935 3344; x_wconf 88' lang='lat' dir='ltr'><strong>aqua</strong></span> <span class='ocrx_word' id='word_1_555' title='bbox 1947 3285 2011 3346; x_wconf 86' lang='lat' dir='ltr'><strong>pota</strong></span> 
     </span>
     <span class='ocr_line' id='line_1_44' title="bbox 364 3345 2126 3418; baseline -0.002 -15"><span class='ocrx_word' id='word_1_556' title='bbox 364 3350 485 3414; x_wconf 91' lang='lat' dir='ltr'><strong>cumino,</strong></span> <span class='ocrx_word' id='word_1_557' title='bbox 505 3354 534 3402; x_wconf 88' lang='lat' dir='ltr'><strong>et</strong></span> <span class='ocrx_word' id='word_1_558' title='bbox 551 3348 618 3402; x_wconf 88' lang='lat' dir='ltr'><strong>dats</strong></span> <span class='ocrx_word' id='word_1_559' title='bbox 635 3349 748 3402; x_wconf 76' lang='lat' dir='ltr'><strong>carino</strong></span> <span class='ocrx_word' id='word_1_560' title='bbox 765 3346 839 3403; x_wconf 88' lang='lat' dir='ltr'><strong>albo.</strong></span> <span class='ocrx_word' id='word_1_561' title='bbox 869 3345 1038 3403; x_wconf 69' lang='lat' dir='ltr'><strong>verbenaca</strong></span> <span class='ocrx_word' id='word_1_562' title='bbox 1053 3365 1107 3418; x_wconf 90' lang='lat' dir='ltr'><strong>quo</strong></span> <span class='ocrx_word' id='word_1_563' title='bbox 1128 3368 1162 3403; x_wconf 89' lang='lat' dir='ltr'><strong>nc</strong></span> <span class='ocrx_word' id='word_1_564' title='bbox 1215 3351 1321 3403; x_wconf 80' lang='lat' dir='ltr'><strong>excitet</strong></span> <span class='ocrx_word' id='word_1_565' title='bbox 1337 3350 1494 3402; x_wconf 87' lang='lat' dir='ltr'><strong>libidinem:</strong></span> <span class='ocrx_word' id='word_1_566' title='bbox 1516 3350 1605 3399; x_wconf 92' lang='lat' dir='ltr'><strong>minor</strong></span> <span class='ocrx_word' id='word_1_567' title='bbox 1621 3348 1678 3399; x_wconf 86' lang='lat' dir='ltr'><strong>sire</strong></span> <span class='ocrx_word' id='word_1_568' title='bbox 1696 3347 1822 3411; x_wconf 91' lang='lat' dir='ltr'><strong>mollior,</strong></span> <span class='ocrx_word' id='word_1_569' title='bbox 1843 3347 1947 3399; x_wconf 89' lang='lat' dir='ltr'><strong>elactc</strong></span> <span class='ocrx_word' id='word_1_570' title='bbox 1968 3362 2010 3399; x_wconf 86' lang='lat' dir='ltr'><strong>ca·</strong></span> <span class='ocrx_word' id='word_1_571' title='bbox 2102 3374 2126 3407; x_wconf 81' lang='grc'><strong>·,</strong></span> 
     </span>
     <span class='ocr_line' id='line_1_45' title="bbox 363 3367 2105 3487; baseline -0.001 -16"><span class='ocrx_word' id='word_1_572' title='bbox 363 3436 424 3471; x_wconf 90' lang='lat' dir='ltr'><strong>cum</strong></span> <span class='ocrx_word' id='word_1_573' title='bbox 437 3419 514 3473; x_wconf 81' lang='lat' dir='ltr'><strong>toliis</strong></span> <span class='ocrx_word' id='word_1_574' title='bbox 525 3419 641 3471; x_wconf 89' lang='lat' dir='ltr'><strong>decocta</strong></span> <span class='ocrx_word' id='word_1_575' title='bbox 651 3417 687 3470; x_wconf 91' lang='lat' dir='ltr'><strong>ad</strong></span> <span class='ocrx_word' id='word_1_576' title='bbox 697 3420 805 3485; x_wconf 88' lang='lat' dir='ltr'><strong>tertias,</strong></span> <span class='ocrx_word' id='word_1_577' title='bbox 826 3419 871 3474; x_wconf 83' lang='lat' dir='ltr'><strong>rel</strong></span> <span class='ocrx_word' id='word_1_578' title='bbox 883 3420 962 3473; x_wconf 82' lang='lat' dir='ltr'><strong>radix</strong></span> <span class='ocrx_word' id='word_1_579' title='bbox 974 3367 1162 3474; x_wconf 70' lang='lat' dir='ltr'><strong>eiusenuim</strong></span> <span class='ocrx_word' id='word_1_580' title='bbox 1215 3418 1447 3487; x_wconf 88' lang='lat' dir='ltr'><strong>prinoinhibeat.</strong></span> <span class='ocrx_word' id='word_1_581' title='bbox 1484 3416 1600 3482; x_wconf 76' lang='lat' dir='ltr'><strong>Quidam</strong></span> <span class='ocrx_word' id='word_1_582' title='bbox 1622 3416 1692 3468; x_wconf 81' lang='lat' dir='ltr'><strong>folio</strong></span> <span class='ocrx_word' id='word_1_583' title='bbox 1713 3418 1807 3470; x_wconf 87' lang='lat' dir='ltr'><strong>scillae</strong></span> <span class='ocrx_word' id='word_1_584' title='bbox 1829 3432 1889 3468; x_wconf 89' lang='lat' dir='ltr'><strong>csse</strong></span> <span class='ocrx_word' id='word_1_585' title='bbox 1910 3415 2033 3478; x_wconf 67' lang='lat' dir='ltr'><strong>dicuat&#39;</strong></span> <span class='ocrx_word' id='word_1_586' title='bbox 2101 3424 2105 3433; x_wconf 92' lang='lat'>&#39;</span> 
     </span>
     <span class='ocr_line' id='line_1_46' title="bbox 365 3485 2011 3552; baseline -0.003 -13"><span class='ocrx_word' id='word_1_587' title='bbox 365 3489 465 3549; x_wconf 91' lang='lat' dir='ltr'><strong>calido,</strong></span> <span class='ocrx_word' id='word_1_588' title='bbox 477 3488 599 3540; x_wconf 88' lang='lat' dir='ltr'><strong>calculos</strong></span> <span class='ocrx_word' id='word_1_589' title='bbox 610 3488 693 3540; x_wconf 86' lang='lat' dir='ltr'><strong>eiicit.</strong></span> <span class='ocrx_word' id='word_1_590' title='bbox 1215 3490 1337 3541; x_wconf 74' lang='lat' dir='ltr'><strong>laeviora</strong></span> <span class='ocrx_word' id='word_1_591' title='bbox 1348 3504 1381 3539; x_wconf 90' lang='lat' dir='ltr'><strong>ac</strong></span> <span class='ocrx_word' id='word_1_592' title='bbox 1392 3489 1511 3551; x_wconf 88' lang='lat' dir='ltr'><strong>minore,</strong></span> <span class='ocrx_word' id='word_1_593' title='bbox 1532 3486 1612 3538; x_wconf 84' lang='lat' dir='ltr'><strong>caule</strong></span> <span class='ocrx_word' id='word_1_594' title='bbox 1622 3488 1744 3552; x_wconf 88' lang='lat' dir='ltr'><strong>spinoso.</strong></span> <span class='ocrx_word' id='word_1_595' title='bbox 1782 3485 1898 3536; x_wconf 81' lang='lat' dir='ltr'><strong>Radices</strong></span> <span class='ocrx_word' id='word_1_596' title='bbox 1911 3488 2011 3535; x_wconf 86' lang='lat' dir='ltr'><strong>sanant</strong></span> 
     </span>
     <span class='ocr_line' id='line_1_47' title="bbox 397 3550 2010 3623; baseline -0.002 -16"><span class='ocrx_word' id='word_1_597' title='bbox 397 3557 424 3608; x_wconf 79' lang='lat'><strong>7.</strong></span> <span class='ocrx_word' id='word_1_598' title='bbox 442 3557 511 3608; x_wconf 88' lang='lat' dir='ltr'><strong>item</strong></span> <span class='ocrx_word' id='word_1_599' title='bbox 525 3569 679 3621; x_wconf 86' lang='lat' dir='ltr'><strong>perpressa,</strong></span> <span class='ocrx_word' id='word_1_600' title='bbox 699 3571 769 3623; x_wconf 89' lang='lat' dir='ltr'><strong>qaae</strong></span> <span class='ocrx_word' id='word_1_601' title='bbox 784 3558 873 3611; x_wconf 79' lang='lat' dir='ltr'><strong>Aretii</strong></span> <span class='ocrx_word' id='word_1_602' title='bbox 891 3566 920 3612; x_wconf 89' lang='lat' dir='ltr'><strong>et</strong></span> <span class='ocrx_word' id='word_1_603' title='bbox 934 3559 962 3611; x_wconf 90' lang='lat' dir='ltr'><strong>in</strong></span> <span class='ocrx_word' id='word_1_604' title='bbox 979 3559 1011 3611; x_wconf 90' lang='lat' dir='ltr'><strong>iil</strong></span> <span class='ocrx_word' id='word_1_605' title='bbox 1034 3559 1094 3611; x_wconf 90' lang='lat' dir='ltr'><strong>rico</strong></span> <span class='ocrx_word' id='word_1_606' title='bbox 1116 3572 1164 3609; x_wconf 89' lang='lat' dir='ltr'><strong>aa·</strong></span> <span class='ocrx_word' id='word_1_607' title='bbox 1216 3559 1273 3609; x_wconf 91' lang='lat' dir='ltr'><strong>oris</strong></span> <span class='ocrx_word' id='word_1_608' title='bbox 1285 3556 1415 3609; x_wconf 89' lang='lat' dir='ltr'><strong>hulccra:</strong></span> <span class='ocrx_word' id='word_1_609' title='bbox 1433 3554 1556 3607; x_wconf 85' lang='lat' dir='ltr'><strong>thoracis</strong></span> <span class='ocrx_word' id='word_1_610' title='bbox 1566 3555 1689 3622; x_wconf 89' lang='lat' dir='ltr'><strong>pituitas,</strong></span> <span class='ocrx_word' id='word_1_611' title='bbox 1706 3550 1796 3606; x_wconf 87' lang='lat' dir='ltr'><strong>airum</strong></span> <span class='ocrx_word' id='word_1_612' title='bbox 1808 3555 1909 3604; x_wconf 90' lang='lat' dir='ltr'><strong>sistunt</strong></span> <span class='ocrx_word' id='word_1_613' title='bbox 1921 3568 1936 3604; x_wconf 92' lang='lat' dir='ltr'><strong>e</strong></span> <span class='ocrx_word' id='word_1_614' title='bbox 1947 3553 2010 3604; x_wconf 86' lang='lat' dir='ltr'><strong>rino</strong></span> 
     </span>
     <span class='ocr_line' id='line_1_48' title="bbox 365 3620 2050 3694; baseline -0.004 -19"><span class='ocrx_word' id='word_1_615' title='bbox 365 3624 463 3687; x_wconf 90' lang='lat' dir='ltr'><strong>scitur,</strong></span> <span class='ocrx_word' id='word_1_616' title='bbox 483 3624 1001 3690; x_wconf 86' lang='lat' dir='ltr'><strong>inaquadecoctaatribushemlnisa</strong></span> <span class='ocrx_word' id='word_1_617' title='bbox 1032 3633 1163 3690; x_wconf 71' lang='lat' dir='ltr'><strong>unumst</strong></span> <span class='ocrx_word' id='word_1_618' title='bbox 1215 3634 1308 3694; x_wconf 89' lang='lat' dir='ltr'><strong>potae.</strong></span> <span class='ocrx_word' id='word_1_619' title='bbox 1355 3626 1569 3677; x_wconf 84' lang='lat' dir='ltr'><strong>Concitatriccm</strong></span> <span class='ocrx_word' id='word_1_620' title='bbox 1588 3624 1644 3674; x_wconf 87' lang='lat' dir='ltr'><strong>rim</strong></span> <span class='ocrx_word' id='word_1_621' title='bbox 1666 3622 1749 3675; x_wconf 89' lang='lat' dir='ltr'><strong>habet</strong></span> <span class='ocrx_word' id='word_1_622' title='bbox 1769 3621 1904 3690; x_wconf 69' lang='lat' dir='ltr'><strong>satyrion.</strong></span> <span class='ocrx_word' id='word_1_623' title='bbox 1947 3620 2050 3673; x_wconf 54' lang='lat' dir='ltr'><strong>Daoi</strong></span> 
     </span>
     <span class='ocr_line' id='line_1_49' title="bbox 364 3689 2011 3763; baseline -0.002 -19"><span class='ocrx_word' id='word_1_624' title='bbox 364 3701 441 3759; x_wconf 91' lang='lat' dir='ltr'><strong>pota.</strong></span> <span class='ocrx_word' id='word_1_625' title='bbox 477 3689 627 3741; x_wconf 80' lang='lat' dir='ltr'><strong>Trifolium</strong></span> <span class='ocrx_word' id='word_1_626' title='bbox 641 3693 890 3747; x_wconf 78' lang='lat' dir='ltr'><strong>errinosumtum.</strong></span> <span class='ocrx_word' id='word_1_627' title='bbox 1216 3698 1275 3748; x_wconf 83' lang='lat' dir='ltr'><strong>cius</strong></span> <span class='ocrx_word' id='word_1_628' title='bbox 1295 3708 1411 3763; x_wconf 87' lang='lat' dir='ltr'><strong>genera:</strong></span> <span class='ocrx_word' id='word_1_629' title='bbox 1432 3708 1486 3743; x_wconf 91' lang='lat' dir='ltr'><strong>una</strong></span> <span class='ocrx_word' id='word_1_630' title='bbox 1507 3692 1679 3760; x_wconf 80' lang='lat' dir='ltr'><strong>longioribus</strong></span> <span class='ocrx_word' id='word_1_631' title='bbox 1702 3691 1796 3752; x_wconf 81' lang='lat' dir='ltr'><strong>toliis,</strong></span> <span class='ocrx_word' id='word_1_632' title='bbox 1824 3706 1904 3758; x_wconf 90' lang='lat' dir='ltr'><strong>quam</strong></span> <span class='ocrx_word' id='word_1_633' title='bbox 1925 3691 2011 3753; x_wconf 85' lang='lat' dir='ltr'><strong>oleae,</strong></span> 
     </span>
     <span class='ocr_line' id='line_1_50' title="bbox 398 3756 2010 3829; baseline 0.002 -21"><span class='ocrx_word' id='word_1_634' title='bbox 398 3763 423 3813; x_wconf 86' lang='lat'><strong>8.</strong></span> <span class='ocrx_word' id='word_1_635' title='bbox 442 3759 480 3810; x_wconf 84' lang='lat' dir='ltr'><strong>Et</strong></span> <span class='ocrx_word' id='word_1_636' title='bbox 489 3756 739 3825; x_wconf 83' lang='lat' dir='ltr'><strong>chrysanthemum.</strong></span> <span class='ocrx_word' id='word_1_637' title='bbox 1217 3765 1294 3815; x_wconf 87' lang='lat' dir='ltr'><strong>caule</strong></span> <span class='ocrx_word' id='word_1_638' title='bbox 1305 3769 1427 3829; x_wconf 88' lang='lat' dir='ltr'><strong>quatuor</strong></span> <span class='ocrx_word' id='word_1_639' title='bbox 1438 3760 1596 3827; x_wconf 88' lang='lat' dir='ltr'><strong>digitorum,</strong></span> <span class='ocrx_word' id='word_1_640' title='bbox 1614 3761 1683 3813; x_wconf 80' lang='lat' dir='ltr'><strong>tiore</strong></span> <span class='ocrx_word' id='word_1_641' title='bbox 1699 3772 1846 3827; x_wconf 88' lang='lat' dir='ltr'><strong>purpureo,</strong></span> <span class='ocrx_word' id='word_1_642' title='bbox 1864 3758 1956 3811; x_wconf 89' lang='lat' dir='ltr'><strong>radice</strong></span> <span class='ocrx_word' id='word_1_643' title='bbox 1966 3774 2010 3827; x_wconf 89' lang='lat' dir='ltr'><strong>gc·</strong></span> 
     </span>
     <span class='ocr_line' id='line_1_51' title="bbox 397 3827 2011 3897; baseline -0.003 -14"><span class='ocrx_word' id='word_1_644' title='bbox 397 3830 424 3883; x_wconf 81' lang='lat' dir='ltr'><strong>tl.</strong></span> <span class='ocrx_word' id='word_1_645' title='bbox 444 3827 607 3880; x_wconf 72' lang='lat' dir='ltr'><strong>anthemum</strong></span> <span class='ocrx_word' id='word_1_646' title='bbox 619 3841 727 3894; x_wconf 84' lang='lat' dir='ltr'><strong>quoque</strong></span> <span class='ocrx_word' id='word_1_647' title='bbox 744 3829 866 3881; x_wconf 87' lang='lat' dir='ltr'><strong>calculos</strong></span> <span class='ocrx_word' id='word_1_648' title='bbox 881 3832 968 3892; x_wconf 87' lang='lat' dir='ltr'><strong>eiieit,</strong></span> <span class='ocrx_word' id='word_1_649' title='bbox 986 3834 1108 3897; x_wconf 81' lang='lat' dir='ltr'><strong>pervisa</strong></span> <span class='ocrx_word' id='word_1_650' title='bbox 1120 3848 1164 3883; x_wconf 92' lang='lat' dir='ltr'><strong>ra·</strong></span> <span class='ocrx_word' id='word_1_651' title='bbox 1216 3833 1290 3883; x_wconf 89' lang='lat' dir='ltr'><strong>mina</strong></span> <span class='ocrx_word' id='word_1_652' title='bbox 1301 3831 1335 3881; x_wconf 91' lang='lat' dir='ltr'><strong>ad</strong></span> <span class='ocrx_word' id='word_1_653' title='bbox 1348 3829 1465 3880; x_wconf 83' lang='lat' dir='ltr'><strong>formam</strong></span> <span class='ocrx_word' id='word_1_654' title='bbox 1478 3830 1597 3880; x_wconf 86' lang='lat' dir='ltr'><strong>hominis</strong></span> <span class='ocrx_word' id='word_1_655' title='bbox 1608 3830 1737 3890; x_wconf 88' lang='lat' dir='ltr'><strong>testium,</strong></span> <span class='ocrx_word' id='word_1_656' title='bbox 1757 3828 1873 3881; x_wconf 89' lang='lat' dir='ltr'><strong>alternis</strong></span> <span class='ocrx_word' id='word_1_657' title='bbox 1884 3828 1962 3879; x_wconf 89' lang='lat' dir='ltr'><strong>annis</strong></span> <span class='ocrx_word' id='word_1_658' title='bbox 1975 3830 2011 3878; x_wconf 88' lang='lat' dir='ltr'><strong>in·</strong></span> 
     </span>
     <span class='ocr_line' id='line_1_52' title="bbox 365 3895 2036 3966; baseline -0.004 -14"><span class='ocrx_word' id='word_1_659' title='bbox 365 3900 425 3952; x_wconf 89' lang='lat' dir='ltr'><strong>dice</strong></span> <span class='ocrx_word' id='word_1_660' title='bbox 437 3897 512 3949; x_wconf 79' lang='lat' dir='ltr'><strong>soliis</strong></span> <span class='ocrx_word' id='word_1_661' title='bbox 530 3895 630 3963; x_wconf 88' lang='lat' dir='ltr'><strong>quinis,</strong></span> <span class='ocrx_word' id='word_1_662' title='bbox 650 3895 774 3948; x_wconf 90' lang='lat' dir='ltr'><strong>caulibus</strong></span> <span class='ocrx_word' id='word_1_663' title='bbox 791 3896 884 3966; x_wconf 90' lang='lat' dir='ltr'><strong>longis</strong></span> <span class='ocrx_word' id='word_1_664' title='bbox 902 3899 1016 3958; x_wconf 85' lang='lat' dir='ltr'><strong>duobus,</strong></span> <span class='ocrx_word' id='word_1_665' title='bbox 1038 3900 1106 3952; x_wconf 89' lang='lat' dir='ltr'><strong>ilore</strong></span> <span class='ocrx_word' id='word_1_666' title='bbox 1118 3915 1164 3951; x_wconf 91' lang='lat' dir='ltr'><strong>ro·</strong></span> <span class='ocrx_word' id='word_1_667' title='bbox 1215 3905 1387 3953; x_wconf 86' lang='lat' dir='ltr'><strong>tumescente</strong></span> <span class='ocrx_word' id='word_1_668' title='bbox 1397 3912 1431 3949; x_wconf 84' lang='lat' dir='ltr'><strong>oa</strong></span> <span class='ocrx_word' id='word_1_669' title='bbox 1442 3912 1475 3949; x_wconf 91' lang='lat' dir='ltr'><strong>ac</strong></span> <span class='ocrx_word' id='word_1_670' title='bbox 1485 3898 1634 3950; x_wconf 85' lang='lat' dir='ltr'><strong>residente.</strong></span> <span class='ocrx_word' id='word_1_671' title='bbox 1681 3897 1776 3953; x_wconf 78' lang='lat' dir='ltr'><strong>Altera</strong></span> <span class='ocrx_word' id='word_1_672' title='bbox 1786 3897 1908 3965; x_wconf 82' lang='lat' dir='ltr'><strong>satyrios</strong></span> <span class='ocrx_word' id='word_1_673' title='bbox 1920 3896 2036 3963; x_wconf 52' lang='lat' dir='ltr'><strong>anchisa.</strong></span> 
     </span>
     <span class='ocr_line' id='line_1_53' title="bbox 365 3966 2013 4047; baseline -0.001 -28"><span class='ocrx_word' id='word_1_674' title='bbox 365 3984 426 4022; x_wconf 83' lang='lat' dir='ltr'><strong>seo:</strong></span> <span class='ocrx_word' id='word_1_675' title='bbox 447 3968 555 4019; x_wconf 88' lang='lat' dir='ltr'><strong>radices</strong></span> <span class='ocrx_word' id='word_1_676' title='bbox 566 3966 650 4018; x_wconf 90' lang='lat' dir='ltr'><strong>tritae</strong></span> <span class='ocrx_word' id='word_1_677' title='bbox 662 3979 712 4032; x_wconf 88' lang='lat' dir='ltr'><strong>per</strong></span> <span class='ocrx_word' id='word_1_678' title='bbox 722 3981 760 4027; x_wconf 88' lang='lat' dir='ltr'><strong>sc,</strong></span> <span class='ocrx_word' id='word_1_679' title='bbox 771 3980 821 4019; x_wconf 87' lang='lat' dir='ltr'><strong>cen</strong></span> <span class='ocrx_word' id='word_1_680' title='bbox 831 3966 910 4020; x_wconf 80' lang='lat' dir='ltr'><strong>laver</strong></span> <span class='ocrx_word' id='word_1_681' title='bbox 920 3967 1044 4020; x_wconf 91' lang='lat' dir='ltr'><strong>crudum.</strong></span> <span class='ocrx_word' id='word_1_682' title='bbox 1217 3968 1436 4036; x_wconf 79' lang='lat' dir='ltr'><strong>cognominatur,</strong></span> <span class='ocrx_word' id='word_1_683' title='bbox 1449 3975 1477 4019; x_wconf 91' lang='lat' dir='ltr'><strong>ct</strong></span> <span class='ocrx_word' id='word_1_684' title='bbox 1486 3967 1589 4018; x_wconf 80' lang='lat' dir='ltr'><strong>teatina</strong></span> <span class='ocrx_word' id='word_1_685' title='bbox 1599 3982 1660 4019; x_wconf 86' lang='lat' dir='ltr'><strong>esse</strong></span> <span class='ocrx_word' id='word_1_686' title='bbox 1671 3967 1805 4019; x_wconf 87' lang='lat' dir='ltr'><strong>creditur.</strong></span> <span class='ocrx_word' id='word_1_687' title='bbox 1824 3967 2013 4047; x_wconf 85' lang='lat' dir='ltr'><strong>Distinguitur</strong></span> 
     </span>
     <span class='ocr_line' id='line_1_54' title="bbox 369 4034 2013 4104; baseline -0.004 -14"><span class='ocrx_word' id='word_1_688' title='bbox 369 4074 375 4081; x_wconf 81' lang='lat'><em>·</em></span> <span class='ocrx_word' id='word_1_689' title='bbox 399 4034 472 4090; x_wconf 80' lang='lat' dir='ltr'><strong>LVl.</strong></span> <span class='ocrx_word' id='word_1_690' title='bbox 488 4036 526 4088; x_wconf 90' lang='grc'><strong>10.</strong></span> <span class='ocrx_word' id='word_1_691' title='bbox 548 4034 641 4088; x_wconf 80' lang='lat' dir='ltr'><strong>Silaos</strong></span> <span class='ocrx_word' id='word_1_692' title='bbox 657 4035 780 4087; x_wconf 86' lang='lat' dir='ltr'><strong>nascitur</strong></span> <span class='ocrx_word' id='word_1_693' title='bbox 795 4036 932 4104; x_wconf 83' lang='lat' dir='ltr'><strong>glareosis</strong></span> <span class='ocrx_word' id='word_1_694' title='bbox 949 4044 977 4089; x_wconf 91' lang='lat' dir='ltr'><strong>et</strong></span> <span class='ocrx_word' id='word_1_695' title='bbox 998 4037 1164 4103; x_wconf 86' lang='lat' dir='ltr'><strong>perennibus</strong></span> <span class='ocrx_word' id='word_1_696' title='bbox 1217 4037 1383 4090; x_wconf 84' lang='lat' dir='ltr'><strong>internodiis</strong></span> <span class='ocrx_word' id='word_1_697' title='bbox 1395 4044 1424 4089; x_wconf 91' lang='lat' dir='ltr'><strong>et</strong></span> <span class='ocrx_word' id='word_1_698' title='bbox 1436 4036 1586 4087; x_wconf 87' lang='lat' dir='ltr'><strong>ramosiore</strong></span> <span class='ocrx_word' id='word_1_699' title='bbox 1597 4036 1711 4102; x_wconf 76' lang='lat' dir='ltr'><strong>frutice,</strong></span> <span class='ocrx_word' id='word_1_700' title='bbox 1732 4036 1825 4088; x_wconf 89' lang='lat' dir='ltr'><strong>radice</strong></span> <span class='ocrx_word' id='word_1_701' title='bbox 1837 4034 1950 4086; x_wconf 82' lang='lat' dir='ltr'><strong>luscinis</strong></span> <span class='ocrx_word' id='word_1_702' title='bbox 1961 4034 2013 4085; x_wconf 88' lang='lat' dir='ltr'><strong>uti-</strong></span> 
     </span>
     <span class='ocr_line' id='line_1_55' title="bbox 364 4103 2013 4174; baseline -0.004 -13"><span class='ocrx_word' id='word_1_703' title='bbox 364 4110 441 4169; x_wconf 84' lang='lat' dir='ltr'><strong>riris,</strong></span> <span class='ocrx_word' id='word_1_704' title='bbox 459 4105 589 4158; x_wconf 88' lang='lat' dir='ltr'><strong>cubitalis</strong></span> <span class='ocrx_word' id='word_1_705' title='bbox 600 4103 857 4172; x_wconf 89' lang='lat' dir='ltr'><strong>apiisimilitudiue.</strong></span> <span class='ocrx_word' id='word_1_706' title='bbox 893 4106 1039 4174; x_wconf 82' lang='lat' dir='ltr'><strong>coquitur,</strong></span> <span class='ocrx_word' id='word_1_707' title='bbox 1058 4114 1091 4157; x_wconf 90' lang='lat' dir='ltr'><strong>ut</strong></span> <span class='ocrx_word' id='word_1_708' title='bbox 1103 4107 1163 4159; x_wconf 91' lang='lat' dir='ltr'><strong>olus</strong></span> <span class='ocrx_word' id='word_1_709' title='bbox 1216 4109 1247 4160; x_wconf 93' lang='lat' dir='ltr'><strong>li.</strong></span> <span class='ocrx_word' id='word_1_710' title='bbox 1284 4107 1415 4160; x_wconf 82' lang='lat' dir='ltr'><strong>Nascitur</strong></span> <span class='ocrx_word' id='word_1_711' title='bbox 1435 4104 1493 4157; x_wconf 83' lang='lat' dir='ltr'><strong>iero</strong></span> <span class='ocrx_word' id='word_1_712' title='bbox 1515 4107 1594 4167; x_wconf 80' lang='lat' dir='ltr'><strong>iuxta</strong></span> <span class='ocrx_word' id='word_1_713' title='bbox 1611 4121 1697 4158; x_wconf 85' lang='lat' dir='ltr'><strong>mare.</strong></span> <span class='ocrx_word' id='word_1_714' title='bbox 1725 4106 1807 4157; x_wconf 85' lang='lat' dir='ltr'><strong>llaec</strong></span> <span class='ocrx_word' id='word_1_715' title='bbox 1827 4110 1959 4165; x_wconf 82' lang='lat' dir='ltr'><strong>tumores,</strong></span> <span class='ocrx_word' id='word_1_716' title='bbox 1984 4109 2013 4154; x_wconf 90' lang='lat' dir='ltr'><strong>et</strong></span> 
     </span>
     <span class='ocr_line' id='line_1_56' title="bbox 364 4172 2012 4249; baseline -0.006 -18"><span class='ocrx_word' id='word_1_717' title='bbox 364 4178 484 4240; x_wconf 82' lang='lat' dir='ltr'><strong>acidum,</strong></span> <span class='ocrx_word' id='word_1_718' title='bbox 504 4190 605 4242; x_wconf 90' lang='lat' dir='ltr'><strong>magna</strong></span> <span class='ocrx_word' id='word_1_719' title='bbox 625 4174 749 4228; x_wconf 88' lang='lat' dir='ltr'><strong>utilitate</strong></span> <span class='ocrx_word' id='word_1_720' title='bbox 766 4175 889 4229; x_wconf 80' lang='lat' dir='ltr'><strong>vesicae:</strong></span> <span class='ocrx_word' id='word_1_721' title='bbox 908 4191 977 4243; x_wconf 89' lang='lat' dir='ltr'><strong>quae</strong></span> <span class='ocrx_word' id='word_1_722' title='bbox 997 4176 1022 4228; x_wconf 91' lang='lat' dir='ltr'><strong>si</strong></span> <span class='ocrx_word' id='word_1_723' title='bbox 1042 4176 1164 4228; x_wconf 84' lang='lat' dir='ltr'><strong>scabiem</strong></span> <span class='ocrx_word' id='word_1_724' title='bbox 1216 4176 1286 4229; x_wconf 91' lang='lat' dir='ltr'><strong>ritia</strong></span> <span class='ocrx_word' id='word_1_725' title='bbox 1303 4177 1425 4243; x_wconf 86' lang='lat' dir='ltr'><strong>partium</strong></span> <span class='ocrx_word' id='word_1_726' title='bbox 1438 4189 1532 4249; x_wconf 84' lang='lat' dir='ltr'><strong>carum</strong></span> <span class='ocrx_word' id='word_1_727' title='bbox 1552 4190 1613 4226; x_wconf 85' lang='lat' dir='ltr'><strong>cum</strong></span> <span class='ocrx_word' id='word_1_728' title='bbox 1630 4175 1745 4242; x_wconf 89' lang='lat' dir='ltr'><strong>polenta</strong></span> <span class='ocrx_word' id='word_1_729' title='bbox 1763 4174 1837 4227; x_wconf 88' lang='lat' dir='ltr'><strong>illita</strong></span> <span class='ocrx_word' id='word_1_730' title='bbox 1858 4172 1948 4233; x_wconf 88' lang='lat' dir='ltr'><strong>sedat,</strong></span> <span class='ocrx_word' id='word_1_731' title='bbox 1968 4172 2012 4221; x_wconf 82' lang='lat' dir='ltr'><strong>rel</strong></span> 
     </span>
     <span class='ocr_line' id='line_1_57' title="bbox 364 4239 2014 4314; baseline -0.005 -13"><span class='ocrx_word' id='word_1_732' title='bbox 364 4249 477 4309; x_wconf 88' lang='lat' dir='ltr'><strong>sentiat,</strong></span> <span class='ocrx_word' id='word_1_733' title='bbox 489 4245 604 4312; x_wconf 85' lang='lat' dir='ltr'><strong>panacis</strong></span> <span class='ocrx_word' id='word_1_734' title='bbox 615 4244 708 4296; x_wconf 88' lang='lat' dir='ltr'><strong>radice</strong></span> <span class='ocrx_word' id='word_1_735' title='bbox 718 4251 840 4307; x_wconf 89' lang='lat' dir='ltr'><strong>sanatur,</strong></span> <span class='ocrx_word' id='word_1_736' title='bbox 852 4245 936 4298; x_wconf 88' lang='lat' dir='ltr'><strong>aliter</strong></span> <span class='ocrx_word' id='word_1_737' title='bbox 946 4247 1043 4300; x_wconf 91' lang='lat' dir='ltr'><strong>inutile</strong></span> <span class='ocrx_word' id='word_1_738' title='bbox 1053 4246 1163 4299; x_wconf 81' lang='lat' dir='ltr'><strong>vesicis.</strong></span> <span class='ocrx_word' id='word_1_739' title='bbox 1217 4261 1266 4314; x_wconf 89' lang='lat' dir='ltr'><strong>per</strong></span> <span class='ocrx_word' id='word_1_740' title='bbox 1276 4261 1314 4299; x_wconf 85' lang='lat' dir='ltr'><strong>se.</strong></span> <span class='ocrx_word' id='word_1_741' title='bbox 1362 4243 1520 4311; x_wconf 82' lang='lat' dir='ltr'><strong>Superioris</strong></span> <span class='ocrx_word' id='word_1_742' title='bbox 1532 4243 1610 4296; x_wconf 83' lang='lat' dir='ltr'><strong>radix</strong></span> <span class='ocrx_word' id='word_1_743' title='bbox 1622 4244 1648 4294; x_wconf 93' lang='lat' dir='ltr'><strong>in</strong></span> <span class='ocrx_word' id='word_1_744' title='bbox 1659 4244 1733 4297; x_wconf 83' lang='lat' dir='ltr'><strong>lacte</strong></span> <span class='ocrx_word' id='word_1_745' title='bbox 1744 4248 1803 4297; x_wconf 84' lang='lat' dir='ltr'><strong>oris</strong></span> <span class='ocrx_word' id='word_1_746' title='bbox 1815 4243 1957 4296; x_wconf 85' lang='lat' dir='ltr'><strong>colonicae</strong></span> <span class='ocrx_word' id='word_1_747' title='bbox 1967 4239 2014 4292; x_wconf 90' lang='lat' dir='ltr'><strong>da·</strong></span> 
     </span>
     <span class='ocr_line' id='line_1_58' title="bbox 364 4312 1893 4381; baseline -0.003 -15"><span class='ocrx_word' id='word_1_748' title='bbox 364 4317 494 4368; x_wconf 77' lang='lat' dir='ltr'><strong>Calculos</strong></span> <span class='ocrx_word' id='word_1_749' title='bbox 506 4314 586 4381; x_wconf 88' lang='lat' dir='ltr'><strong>pellit</strong></span> <span class='ocrx_word' id='word_1_750' title='bbox 598 4314 699 4366; x_wconf 90' lang='lat' dir='ltr'><strong>malum</strong></span> <span class='ocrx_word' id='word_1_751' title='bbox 713 4315 872 4381; x_wconf 87' lang='lat' dir='ltr'><strong>erraticum,</strong></span> <span class='ocrx_word' id='word_1_752' title='bbox 883 4316 983 4368; x_wconf 86' lang='lat' dir='ltr'><strong>radicis</strong></span> <span class='ocrx_word' id='word_1_753' title='bbox 1003 4316 1073 4368; x_wconf 88' lang='lat' dir='ltr'><strong>libra</strong></span> <span class='ocrx_word' id='word_1_754' title='bbox 1082 4316 1111 4366; x_wconf 93' lang='lat' dir='ltr'><strong>in</strong></span> <span class='ocrx_word' id='word_1_755' title='bbox 1122 4315 1163 4366; x_wconf 87' lang='lat' dir='ltr'><strong>ri·</strong></span> <span class='ocrx_word' id='word_1_756' title='bbox 1217 4323 1255 4380; x_wconf 91' lang='lat' dir='ltr'><strong>ta,</strong></span> <span class='ocrx_word' id='word_1_757' title='bbox 1265 4330 1364 4367; x_wconf 80' lang='lat' dir='ltr'><strong>nervos</strong></span> <span class='ocrx_word' id='word_1_758' title='bbox 1375 4312 1513 4366; x_wconf 83' lang='lat' dir='ltr'><strong>intendit:</strong></span> <span class='ocrx_word' id='word_1_759' title='bbox 1527 4313 1624 4366; x_wconf 90' lang='lat' dir='ltr'><strong>eadem</strong></span> <span class='ocrx_word' id='word_1_760' title='bbox 1637 4329 1671 4366; x_wconf 83' lang='lat' dir='ltr'><strong>ex</strong></span> <span class='ocrx_word' id='word_1_761' title='bbox 1682 4328 1755 4381; x_wconf 89' lang='lat' dir='ltr'><strong>aqua</strong></span> <span class='ocrx_word' id='word_1_762' title='bbox 1764 4312 1893 4366; x_wconf 83' lang='lat' dir='ltr'><strong>remittit.</strong></span> 
     </span>
     <span class='ocr_line' id='line_1_59' title="bbox 364 4378 2048 4451; baseline -0.001 -18"><span class='ocrx_word' id='word_1_763' title='bbox 364 4384 395 4433; x_wconf 89' lang='lat' dir='ltr'><strong>ni</strong></span> <span class='ocrx_word' id='word_1_764' title='bbox 414 4385 515 4451; x_wconf 88' lang='lat' dir='ltr'><strong>congio</strong></span> <span class='ocrx_word' id='word_1_765' title='bbox 537 4383 654 4435; x_wconf 89' lang='lat' dir='ltr'><strong>decocta</strong></span> <span class='ocrx_word' id='word_1_766' title='bbox 671 4382 706 4434; x_wconf 91' lang='lat' dir='ltr'><strong>ad</strong></span> <span class='ocrx_word' id='word_1_767' title='bbox 724 4383 869 4436; x_wconf 84' lang='lat' dir='ltr'><strong>dimidias:</strong></span> <span class='ocrx_word' id='word_1_768' title='bbox 891 4385 955 4437; x_wconf 90' lang='lat' dir='ltr'><strong>inde</strong></span> <span class='ocrx_word' id='word_1_769' title='bbox 973 4384 1101 4437; x_wconf 89' lang='lat' dir='ltr'><strong>heminae</strong></span> <span class='ocrx_word' id='word_1_770' title='bbox 1123 4399 1166 4435; x_wconf 91' lang='lat' dir='ltr'><strong>su·</strong></span> <span class='ocrx_word' id='word_1_771' title='bbox 1252 4383 1387 4436; x_wconf 72' lang='lat' dir='ltr'><strong>axilla.</strong></span> <span class='ocrx_word' id='word_1_772' title='bbox 1410 4382 1512 4435; x_wconf 86' lang='lat' dir='ltr'><strong>Graeci</strong></span> <span class='ocrx_word' id='word_1_773' title='bbox 1524 4384 1661 4451; x_wconf 77' lang='lat' dir='ltr'><strong>satyrion,</strong></span> <span class='ocrx_word' id='word_1_774' title='bbox 1677 4383 1756 4435; x_wconf 78' lang='lat' dir='ltr'><strong>foliis</strong></span> <span class='ocrx_word' id='word_1_775' title='bbox 1766 4384 1819 4436; x_wconf 89' lang='lat' dir='ltr'><strong>lilii</strong></span> <span class='ocrx_word' id='word_1_776' title='bbox 1829 4382 1913 4443; x_wconf 90' lang='lat' dir='ltr'><strong>rubri,</strong></span> <span class='ocrx_word' id='word_1_777' title='bbox 1922 4379 2015 4433; x_wconf 90' lang='lat' dir='ltr'><strong>mino-</strong></span> <span class='ocrx_word' id='word_1_778' title='bbox 2031 4378 2048 4423; x_wconf 64' lang='lat' dir='ltr'><strong>i</strong></span> 
     </span>
     <span class='ocr_line' id='line_1_60' title="bbox 365 4446 2015 4522; baseline -0.001 -20"><span class='ocrx_word' id='word_1_779' title='bbox 365 4456 479 4502; x_wconf 91' lang='lat' dir='ltr'><strong>muntur</strong></span> <span class='ocrx_word' id='word_1_780' title='bbox 498 4468 547 4518; x_wconf 90' lang='lat' dir='ltr'><strong>per</strong></span> <span class='ocrx_word' id='word_1_781' title='bbox 567 4452 705 4504; x_wconf 86' lang='lat' dir='ltr'><strong>triduum:</strong></span> <span class='ocrx_word' id='word_1_782' title='bbox 726 4453 863 4522; x_wconf 89' lang='lat' dir='ltr'><strong>reliquum</strong></span> <span class='ocrx_word' id='word_1_783' title='bbox 885 4470 917 4507; x_wconf 78' lang='lat' dir='ltr'><strong>cx</strong></span> <span class='ocrx_word' id='word_1_784' title='bbox 934 4455 999 4506; x_wconf 86' lang='lat' dir='ltr'><strong>rino</strong></span> <span class='ocrx_word' id='word_1_785' title='bbox 1022 4470 1083 4507; x_wconf 91' lang='lat' dir='ltr'><strong>cum</strong></span> <span class='ocrx_word' id='word_1_786' title='bbox 1103 4453 1164 4513; x_wconf 75' lang='lat' dir='ltr'><strong>aio:</strong></span> <span class='ocrx_word' id='word_1_787' title='bbox 1217 4454 1303 4515; x_wconf 90' lang='lat' dir='ltr'><strong>ribus,</strong></span> <span class='ocrx_word' id='word_1_788' title='bbox 1325 4458 1352 4504; x_wconf 84' lang='lat' dir='ltr'><strong>ct</strong></span> <span class='ocrx_word' id='word_1_789' title='bbox 1364 4452 1452 4505; x_wconf 86' lang='lat' dir='ltr'><strong>tribus</strong></span> <span class='ocrx_word' id='word_1_790' title='bbox 1469 4467 1523 4504; x_wconf 91' lang='lat' dir='ltr'><strong>non</strong></span> <span class='ocrx_word' id='word_1_791' title='bbox 1531 4446 1683 4517; x_wconf 82' lang='lat' dir='ltr'><strong>&#39;anrpiiuse</strong></span> <span class='ocrx_word' id='word_1_792' title='bbox 1699 4459 1776 4506; x_wconf 90' lang='lat' dir='ltr'><strong>terra</strong></span> <span class='ocrx_word' id='word_1_793' title='bbox 1786 4452 1948 4506; x_wconf 81' lang='lat' dir='ltr'><strong>excuntibus</strong></span> <span class='ocrx_word' id='word_1_794' title='bbox 1959 4458 2015 4502; x_wconf 87' lang='lat' dir='ltr'><strong>trs·</strong></span> 
     </span>
     <span class='ocr_line' id='line_1_61' title="bbox 363 4519 2013 4592; baseline -0.001 -23"><span class='ocrx_word' id='word_1_795' title='bbox 363 4519 456 4571; x_wconf 88' lang='lat' dir='ltr'><strong>urtica</strong></span> <span class='ocrx_word' id='word_1_796' title='bbox 466 4520 593 4584; x_wconf 86' lang='lat' dir='ltr'><strong>marina,</strong></span> <span class='ocrx_word' id='word_1_797' title='bbox 614 4528 642 4572; x_wconf 87' lang='lat' dir='ltr'><strong>et</strong></span> <span class='ocrx_word' id='word_1_798' title='bbox 653 4521 784 4585; x_wconf 90' lang='lat' dir='ltr'><strong>daucum,</strong></span> <span class='ocrx_word' id='word_1_799' title='bbox 806 4530 834 4577; x_wconf 92' lang='lat' dir='ltr'><strong>et</strong></span> <span class='ocrx_word' id='word_1_800' title='bbox 844 4522 1014 4592; x_wconf 86' lang='lat' dir='ltr'><strong>plantaginis</strong></span> <span class='ocrx_word' id='word_1_801' title='bbox 1025 4538 1118 4577; x_wconf 89' lang='lat' dir='ltr'><strong>semen</strong></span> <span class='ocrx_word' id='word_1_802' title='bbox 1129 4537 1165 4575; x_wconf 78' lang='lat' dir='ltr'><strong>ex</strong></span> <span class='ocrx_word' id='word_1_803' title='bbox 1218 4523 1293 4585; x_wconf 91' lang='lat' dir='ltr'><strong>dunt,</strong></span> <span class='ocrx_word' id='word_1_804' title='bbox 1314 4521 1392 4574; x_wconf 80' lang='lat' dir='ltr'><strong>cattle</strong></span> <span class='ocrx_word' id='word_1_805' title='bbox 1414 4521 1496 4584; x_wconf 81' lang='lat' dir='ltr'><strong>laevi,</strong></span> <span class='ocrx_word' id='word_1_806' title='bbox 1518 4520 1641 4584; x_wconf 86' lang='lat' dir='ltr'><strong>cubitali,</strong></span> <span class='ocrx_word' id='word_1_807' title='bbox 1662 4522 1753 4586; x_wconf 90' lang='lat' dir='ltr'><strong>nudo,</strong></span> <span class='ocrx_word' id='word_1_808' title='bbox 1773 4523 1866 4575; x_wconf 88' lang='lat' dir='ltr'><strong>radice</strong></span> <span class='ocrx_word' id='word_1_809' title='bbox 1886 4520 2013 4588; x_wconf 82' lang='lat' dir='ltr'><strong>gemina:</strong></span> 
     </span>
     <span class='ocr_line' id='line_1_62' title="bbox 363 4588 2012 4660; baseline 0 -22"><span class='ocrx_word' id='word_1_810' title='bbox 363 4589 436 4639; x_wconf 80' lang='lat' dir='ltr'><strong>uino.</strong></span> <span class='ocrx_word' id='word_1_811' title='bbox 1217 4592 1296 4644; x_wconf 90' lang='lat' dir='ltr'><strong>cuius</strong></span> <span class='ocrx_word' id='word_1_812' title='bbox 1307 4592 1425 4645; x_wconf 80' lang='lat' dir='ltr'><strong>inferior</strong></span> <span class='ocrx_word' id='word_1_813' title='bbox 1435 4607 1498 4660; x_wconf 89' lang='lat' dir='ltr'><strong>pars</strong></span> <span class='ocrx_word' id='word_1_814' title='bbox 1510 4597 1537 4643; x_wconf 89' lang='lat' dir='ltr'><strong>ct</strong></span> <span class='ocrx_word' id='word_1_815' title='bbox 1550 4592 1639 4641; x_wconf 90' lang='lat' dir='ltr'><strong>maior</strong></span> <span class='ocrx_word' id='word_1_816' title='bbox 1648 4605 1738 4641; x_wconf 86' lang='lat' dir='ltr'><strong>mares</strong></span> <span class='ocrx_word' id='word_1_817' title='bbox 1748 4591 1866 4658; x_wconf 87' lang='lat' dir='ltr'><strong>gignat,</strong></span> <span class='ocrx_word' id='word_1_818' title='bbox 1883 4588 2012 4656; x_wconf 88' lang='lat' dir='ltr'><strong>superior</strong></span> 
     </span>
     <span class='ocr_line' id='line_1_63' title="bbox 400 4653 2048 4726; baseline 0.001 -20"><span class='ocrx_word' id='word_1_819' title='bbox 400 4654 485 4710; x_wconf 75' lang='lat' dir='ltr'><strong>avit.</strong></span> <span class='ocrx_word' id='word_1_820' title='bbox 498 4653 539 4707; x_wconf 79' lang='lat'><strong>11.</strong></span> <span class='ocrx_word' id='word_1_821' title='bbox 561 4656 598 4708; x_wconf 85' lang='lat' dir='ltr'><strong>Et</strong></span> <span class='ocrx_word' id='word_1_822' title='bbox 617 4655 704 4723; x_wconf 86' lang='lat' dir='ltr'><strong>herba</strong></span> <span class='ocrx_word' id='word_1_823' title='bbox 722 4658 861 4713; x_wconf 79' lang='lat' dir='ltr'><strong>Fuluiana</strong></span> <span class='ocrx_word' id='word_1_824' title='bbox 883 4663 952 4714; x_wconf 88' lang='lat' dir='ltr'><strong>trita</strong></span> <span class='ocrx_word' id='word_1_825' title='bbox 972 4675 1006 4712; x_wconf 81' lang='lat' dir='ltr'><strong>ex</strong></span> <span class='ocrx_word' id='word_1_826' title='bbox 1027 4660 1105 4721; x_wconf 84' lang='lat' dir='ltr'><strong>rino,</strong></span> <span class='ocrx_word' id='word_1_827' title='bbox 1124 4663 1166 4721; x_wconf 79' lang='lat' dir='ltr'><strong>(et</strong></span> <span class='ocrx_word' id='word_1_828' title='bbox 1217 4678 1250 4714; x_wconf 86' lang='lat' dir='ltr'><strong>ac</strong></span> <span class='ocrx_word' id='word_1_829' title='bbox 1261 4662 1353 4713; x_wconf 88' lang='lat' dir='ltr'><strong>minor</strong></span> <span class='ocrx_word' id='word_1_830' title='bbox 1364 4661 1489 4714; x_wconf 74' lang='lat' dir='ltr'><strong>feminas.</strong></span> <span class='ocrx_word' id='word_1_831' title='bbox 1526 4660 1563 4711; x_wconf 83' lang='lat' dir='ltr'><strong>Et</strong></span> <span class='ocrx_word' id='word_1_832' title='bbox 1582 4655 2048 4726; x_wconf 58' lang='lat' dir='ltr'><strong>aliudgenassatyriierythrai·-7</strong></span> 
     </span>
     <span class='ocr_line' id='line_1_64' title="bbox 264 4724 2015 4798; baseline 0.002 -24"><span class='ocrx_word' id='word_1_833' title='bbox 264 4752 272 4759; x_wconf 89' lang='lat'>-</span> <span class='ocrx_word' id='word_1_834' title='bbox 365 4724 434 4776; x_wconf 86' lang='lat' dir='ltr'><strong>hacc</strong></span> <span class='ocrx_word' id='word_1_835' title='bbox 451 4738 552 4777; x_wconf 88' lang='lat' dir='ltr'><strong>nomen</strong></span> <span class='ocrx_word' id='word_1_836' title='bbox 573 4725 729 4783; x_wconf 80' lang='lat' dir='ltr'><strong>inventoris</strong></span> <span class='ocrx_word' id='word_1_837' title='bbox 750 4728 852 4793; x_wconf 90' lang='lat' dir='ltr'><strong>habet,</strong></span> <span class='ocrx_word' id='word_1_838' title='bbox 874 4738 940 4783; x_wconf 89' lang='lat' dir='ltr'><strong>nota</strong></span> <span class='ocrx_word' id='word_1_839' title='bbox 961 4729 1165 4791; x_wconf 90' lang='lat' dir='ltr'><strong>tractantibus,)</strong></span> <span class='ocrx_word' id='word_1_840' title='bbox 1217 4746 1268 4783; x_wconf 90' lang='lat' dir='ltr'><strong>eon</strong></span> <span class='ocrx_word' id='word_1_841' title='bbox 1281 4730 1430 4798; x_wconf 89' lang='lat' dir='ltr'><strong>appellant,</strong></span> <span class='ocrx_word' id='word_1_842' title='bbox 1449 4730 1553 4781; x_wconf 86' lang='lat' dir='ltr'><strong>semine</strong></span> <span class='ocrx_word' id='word_1_843' title='bbox 1565 4728 1663 4779; x_wconf 87' lang='lat' dir='ltr'><strong>urticis</strong></span> <span class='ocrx_word' id='word_1_844' title='bbox 1679 4728 1793 4786; x_wconf 81' lang='lat' dir='ltr'><strong>maiore,</strong></span> <span class='ocrx_word' id='word_1_845' title='bbox 1814 4724 1904 4774; x_wconf 75' lang='lat' dir='ltr'><strong>laevi:</strong></span> <span class='ocrx_word' id='word_1_846' title='bbox 1930 4727 2015 4777; x_wconf 84' lang='lat' dir='ltr'><strong>durae</strong></span> 
     </span>
     <span class='ocr_line' id='line_1_65' title="bbox 364 4790 2016 4862; baseline 0.002 -19"><span class='ocrx_word' id='word_1_847' title='bbox 364 4794 460 4844; x_wconf 87' lang='lat' dir='ltr'><strong>urinas</strong></span> <span class='ocrx_word' id='word_1_848' title='bbox 471 4794 537 4845; x_wconf 91' lang='lat' dir='ltr'><strong>ciet.</strong></span> <span class='ocrx_word' id='word_1_849' title='bbox 1217 4801 1329 4860; x_wconf 85' lang='lat' dir='ltr'><strong>radicis,</strong></span> <span class='ocrx_word' id='word_1_850' title='bbox 1351 4798 1455 4850; x_wconf 87' lang='lat' dir='ltr'><strong>cortice</strong></span> <span class='ocrx_word' id='word_1_851' title='bbox 1466 4797 1561 4857; x_wconf 90' lang='lat' dir='ltr'><strong>rubro,</strong></span> <span class='ocrx_word' id='word_1_852' title='bbox 1583 4796 1658 4847; x_wconf 86' lang='lat' dir='ltr'><strong>intus</strong></span> <span class='ocrx_word' id='word_1_853' title='bbox 1673 4795 1765 4845; x_wconf 90' lang='lat' dir='ltr'><strong>album</strong></span> <span class='ocrx_word' id='word_1_854' title='bbox 1779 4790 1894 4854; x_wconf 87' lang='lat' dir='ltr'><strong>includi,</strong></span> <span class='ocrx_word' id='word_1_855' title='bbox 1915 4806 2016 4862; x_wconf 85' lang='lat' dir='ltr'><strong>sapore</strong></span> 
     </span>
     <span class='ocr_line' id='line_1_66' title="bbox 401 4860 2014 4935; baseline 0.002 -23"><span class='ocrx_word' id='word_1_856' title='bbox 401 4860 499 4915; x_wconf 82' lang='lat' dir='ltr'><strong>LVlil.</strong></span> <span class='ocrx_word' id='word_1_857' title='bbox 520 4860 656 4916; x_wconf 76' lang='lat' dir='ltr'><strong>Scordion</strong></span> <span class='ocrx_word' id='word_1_858' title='bbox 675 4868 791 4918; x_wconf 88' lang='lat' dir='ltr'><strong>testium</strong></span> <span class='ocrx_word' id='word_1_859' title='bbox 813 4874 937 4919; x_wconf 89' lang='lat' dir='ltr'><strong>tumores</strong></span> <span class='ocrx_word' id='word_1_860' title='bbox 958 4866 1046 4919; x_wconf 86' lang='lat' dir='ltr'><strong>sedat.</strong></span> <span class='ocrx_word' id='word_1_861' title='bbox 1088 4868 1165 4935; x_wconf 83' lang='lat' dir='ltr'><strong>ilyo·</strong></span> <span class='ocrx_word' id='word_1_862' title='bbox 1216 4868 1357 4927; x_wconf 90' lang='lat' dir='ltr'><strong>subdulce,</strong></span> <span class='ocrx_word' id='word_1_863' title='bbox 1370 4866 1428 4919; x_wconf 83' lang='lat' dir='ltr'><strong>iere</strong></span> <span class='ocrx_word' id='word_1_864' title='bbox 1438 4868 1465 4917; x_wconf 91' lang='lat' dir='ltr'><strong>in</strong></span> <span class='ocrx_word' id='word_1_865' title='bbox 1476 4863 1629 4915; x_wconf 88' lang='lat' dir='ltr'><strong>montuosis</strong></span> <span class='ocrx_word' id='word_1_866' title='bbox 1641 4863 1766 4914; x_wconf 76' lang='lat' dir='ltr'><strong>inveniri.</strong></span> <span class='ocrx_word' id='word_1_867' title='bbox 1803 4861 1952 4927; x_wconf 78' lang='lat' dir='ltr'><strong>Venerem,</strong></span> <span class='ocrx_word' id='word_1_868' title='bbox 1974 4871 2014 4917; x_wconf 87' lang='lat' dir='ltr'><strong>ct·</strong></span> 
     </span>
     <span class='ocr_line' id='line_1_67' title="bbox 365 4928 2015 5054; baseline 0.001 -71"><span class='ocrx_word' id='word_1_869' title='bbox 365 4944 511 5051; x_wconf 63' lang='lat' dir='ltr'><strong>scpppmunp</strong></span> <span class='ocrx_word' id='word_1_870' title='bbox 520 4928 690 4998; x_wconf 78' lang='lat' dir='ltr'><strong>genitalssius</strong></span> <span class='ocrx_word' id='word_1_871' title='bbox 700 4935 838 5019; x_wconf 75' lang='lat' dir='ltr'><strong>medetur:</strong></span> <span class='ocrx_word' id='word_1_872' title='bbox 861 4936 1011 5018; x_wconf 69' lang='lat' dir='ltr'><strong>peucedani</strong></span> <span class='ocrx_word' id='word_1_873' title='bbox 1020 4950 1118 5018; x_wconf 80' lang='lat' dir='ltr'><strong>succus</strong></span> <span class='ocrx_word' id='word_1_874' title='bbox 1130 4952 1164 4988; x_wconf 80' lang='lat' dir='ltr'><strong>ea</strong></span> <span class='ocrx_word' id='word_1_875' title='bbox 1215 4936 1298 5021; x_wconf 73' lang='lat' dir='ltr'><strong>iamsi</strong></span> <span class='ocrx_word' id='word_1_876' title='bbox 1310 4935 1421 5017; x_wconf 71' lang='lat' dir='ltr'><strong>omnino</strong></span> <span class='ocrx_word' id='word_1_877' title='bbox 1433 4948 1514 5018; x_wconf 81' lang='lat' dir='ltr'><strong>manu</strong></span> <span class='ocrx_word' id='word_1_878' title='bbox 1526 4930 1752 5054; x_wconf 34' lang='lat' dir='ltr'><strong>“matidii</strong></span> <span class='ocrx_word' id='word_1_879' title='bbox 1768 4930 1921 4984; x_wconf 86' lang='lat' dir='ltr'><strong>stimulari:</strong></span> <span class='ocrx_word' id='word_1_880' title='bbox 1943 4931 2015 5051; x_wconf 63' lang='lat' dir='ltr'><strong>appo</strong></span> 
     </span>
     <span class='ocr_line' id='line_1_68' title="bbox 364 5004 2015 5153; baseline 0 -32"><span class='ocrx_word' id='word_1_881' title='bbox 364 5008 841 5136; x_wconf 58' lang='lat' dir='ltr'><strong>il.atrebatensis..</strong></span> <span class='ocrx_word' id='word_1_882' title='bbox 857 5004 1163 5127; x_wconf 66' lang='lat' dir='ltr'><strong>titillatilttiiz</strong></span> <span class='ocrx_word' id='word_1_883' title='bbox 1216 5005 1657 5153; x_wconf 56' lang='lat' dir='ltr'><strong>diligibilittllt&#39;t...</strong></span> <span class='ocrx_word' id='word_1_884' title='bbox 1671 5007 2015 5141; x_wconf 65' lang='lat' dir='ltr'><strong>‘&#39;titiahlitt‘tlt</strong></span> 
     </span>
     <span class='ocr_line' id='line_1_69' title="bbox 365 5137 2015 5207; baseline -0.001 -16"><span class='ocrx_word' id='word_1_885' title='bbox 365 5140 418 5191; x_wconf 85' lang='lat' dir='ltr'><strong>mis</strong></span> <span class='ocrx_word' id='word_1_886' title='bbox 430 5138 537 5190; x_wconf 89' lang='lat' dir='ltr'><strong>duabus</strong></span> <span class='ocrx_word' id='word_1_887' title='bbox 547 5138 575 5188; x_wconf 92' lang='lat' dir='ltr'><strong>in</strong></span> <span class='ocrx_word' id='word_1_888' title='bbox 588 5137 664 5188; x_wconf 87' lang='lat' dir='ltr'><strong>rino:</strong></span> <span class='ocrx_word' id='word_1_889' title='bbox 676 5137 756 5191; x_wconf 88' lang='lat' dir='ltr'><strong>dauci</strong></span> <span class='ocrx_word' id='word_1_890' title='bbox 766 5157 821 5193; x_wconf 90' lang='lat' dir='ltr'><strong>una</strong></span> <span class='ocrx_word' id='word_1_891' title='bbox 833 5141 972 5202; x_wconf 87' lang='lat' dir='ltr'><strong>drachma,</strong></span> <span class='ocrx_word' id='word_1_892' title='bbox 983 5142 1027 5195; x_wconf 86' lang='lat' dir='ltr'><strong>rel</strong></span> <span class='ocrx_word' id='word_1_893' title='bbox 1039 5142 1162 5195; x_wconf 87' lang='lat' dir='ltr'><strong>seminis.</strong></span> <span class='ocrx_word' id='word_1_894' title='bbox 1216 5142 1252 5194; x_wconf 91' lang='lat' dir='ltr'><strong>ob</strong></span> <span class='ocrx_word' id='word_1_895' title='bbox 1264 5139 1403 5192; x_wconf 84' lang='lat' dir='ltr'><strong>assiduum</strong></span> <span class='ocrx_word' id='word_1_896' title='bbox 1414 5141 1538 5193; x_wconf 86' lang='lat' dir='ltr'><strong>laborem</strong></span> <span class='ocrx_word' id='word_1_897' title='bbox 1555 5138 1724 5206; x_wconf 86' lang='lat' dir='ltr'><strong>pigrioribus</strong></span> <span class='ocrx_word' id='word_1_898' title='bbox 1740 5140 1769 5192; x_wconf 89' lang='lat' dir='ltr'><strong>in</strong></span> <span class='ocrx_word' id='word_1_899' title='bbox 1784 5142 1869 5203; x_wconf 89' lang='lat' dir='ltr'><strong>coito,</strong></span> <span class='ocrx_word' id='word_1_900' title='bbox 1891 5137 1964 5207; x_wconf 87' lang='lat' dir='ltr'><strong>quod</strong></span> <span class='ocrx_word' id='word_1_901' title='bbox 1977 5141 2015 5190; x_wconf 86' lang='lat' dir='ltr'><strong>ri·</strong></span> 
     </span>
     <span class='ocr_line' id='line_1_70' title="bbox 366 5206 2016 5279; baseline 0 -18"><span class='ocrx_word' id='word_1_902' title='bbox 366 5207 516 5261; x_wconf 86' lang='lat' dir='ltr'><strong>ischiadici</strong></span> <span class='ocrx_word' id='word_1_903' title='bbox 533 5214 561 5259; x_wconf 87' lang='lat' dir='ltr'><strong>et</strong></span> <span class='ocrx_word' id='word_1_904' title='bbox 577 5206 681 5259; x_wconf 82' lang='lat' dir='ltr'><strong>semine</strong></span> <span class='ocrx_word' id='word_1_905' title='bbox 696 5214 725 5258; x_wconf 89' lang='lat' dir='ltr'><strong>et</strong></span> <span class='ocrx_word' id='word_1_906' title='bbox 741 5208 818 5260; x_wconf 81' lang='lat' dir='ltr'><strong>iolils</strong></span> <span class='ocrx_word' id='word_1_907' title='bbox 836 5211 1015 5279; x_wconf 83' lang='lat' dir='ltr'><strong>erythrodani</strong></span> <span class='ocrx_word' id='word_1_908' title='bbox 1028 5211 1104 5279; x_wconf 71' lang='lat' dir='ltr'><strong>tritis</strong></span> <span class='ocrx_word' id='word_1_909' title='bbox 1119 5227 1163 5262; x_wconf 91' lang='lat' dir='ltr'><strong>sa·</strong></span> <span class='ocrx_word' id='word_1_910' title='bbox 1217 5212 1284 5263; x_wconf 89' lang='lat' dir='ltr'><strong>tium</strong></span> <span class='ocrx_word' id='word_1_911' title='bbox 1296 5210 1490 5278; x_wconf 84' lang='lat' dir='ltr'><strong>prosedamum</strong></span> <span class='ocrx_word' id='word_1_912' title='bbox 1500 5216 1609 5261; x_wconf 82' lang='lat' dir='ltr'><strong>vocant.</strong></span> <span class='ocrx_word' id='word_1_913' title='bbox 1636 5206 1699 5260; x_wconf 87' lang='lat' dir='ltr'><strong>Vim</strong></span> <span class='ocrx_word' id='word_1_914' title='bbox 1712 5210 1771 5264; x_wconf 89' lang='lat' dir='ltr'><strong>eius</strong></span> <span class='ocrx_word' id='word_1_915' title='bbox 1782 5210 1931 5277; x_wconf 87' lang='lat' dir='ltr'><strong>restinguit</strong></span> <span class='ocrx_word' id='word_1_916' title='bbox 1942 5223 2016 5276; x_wconf 82' lang='lat' dir='ltr'><strong>aqua</strong></span> 
     </span>
     <span class='ocr_line' id='line_1_71' title="bbox 366 5276 2016 5347; baseline 0 -18"><span class='ocrx_word' id='word_1_917' title='bbox 366 5285 482 5329; x_wconf 88' lang='lat' dir='ltr'><strong>uantur:</strong></span> <span class='ocrx_word' id='word_1_918' title='bbox 506 5291 608 5343; x_wconf 88' lang='lat' dir='ltr'><strong>panace</strong></span> <span class='ocrx_word' id='word_1_919' title='bbox 627 5281 707 5343; x_wconf 84' lang='lat' dir='ltr'><strong>poto:</strong></span> <span class='ocrx_word' id='word_1_920' title='bbox 727 5286 755 5327; x_wconf 88' lang='lat' dir='ltr'><strong>et</strong></span> <span class='ocrx_word' id='word_1_921' title='bbox 767 5277 899 5332; x_wconf 82' lang='lat' dir='ltr'><strong>intricata</strong></span> <span class='ocrx_word' id='word_1_922' title='bbox 916 5280 1088 5344; x_wconf 86' lang='lat' dir='ltr'><strong>Polemonia,</strong></span> <span class='ocrx_word' id='word_1_923' title='bbox 1108 5281 1163 5333; x_wconf 86' lang='lat' dir='ltr'><strong>ari·</strong></span> <span class='ocrx_word' id='word_1_924' title='bbox 1215 5280 1606 5342; x_wconf 85' lang='lat' dir='ltr'><strong>mulsa,autlactucasumts.</strong></span> <span class='ocrx_word' id='word_1_925' title='bbox 1642 5279 1893 5347; x_wconf 85' lang='lat' dir='ltr'><strong>lntotumquidem</strong></span> <span class='ocrx_word' id='word_1_926' title='bbox 1905 5276 2016 5339; x_wconf 87' lang='lat' dir='ltr'><strong>Graeci,</strong></span> 
     </span>
     <span class='ocr_line' id='line_1_72' title="bbox 366 5343 2016 5417; baseline 0.002 -21"><span class='ocrx_word' id='word_1_927' title='bbox 366 5344 520 5398; x_wconf 89' lang='lat' dir='ltr'><strong>stolochiae</strong></span> <span class='ocrx_word' id='word_1_928' title='bbox 531 5346 647 5398; x_wconf 87' lang='lat' dir='ltr'><strong>decocto</strong></span> <span class='ocrx_word' id='word_1_929' title='bbox 659 5343 730 5394; x_wconf 77' lang='lat' dir='ltr'><strong>solii.</strong></span> <span class='ocrx_word' id='word_1_930' title='bbox 766 5346 883 5410; x_wconf 73' lang='lat' dir='ltr'><strong>agarico</strong></span> <span class='ocrx_word' id='word_1_931' title='bbox 895 5350 1004 5416; x_wconf 88' lang='lat' dir='ltr'><strong>quidem</strong></span> <span class='ocrx_word' id='word_1_932' title='bbox 1015 5356 1043 5401; x_wconf 90' lang='lat' dir='ltr'><strong>et</strong></span> <span class='ocrx_word' id='word_1_933' title='bbox 1054 5365 1165 5410; x_wconf 83' lang='lat' dir='ltr'><strong>nemus,</strong></span> <span class='ocrx_word' id='word_1_934' title='bbox 1217 5366 1277 5402; x_wconf 88' lang='lat' dir='ltr'><strong>cum</strong></span> <span class='ocrx_word' id='word_1_935' title='bbox 1289 5349 1502 5417; x_wconf 77' lang='lat' dir='ltr'><strong>concitationem</strong></span> <span class='ocrx_word' id='word_1_936' title='bbox 1513 5346 1584 5400; x_wconf 89' lang='lat' dir='ltr'><strong>hanc</strong></span> <span class='ocrx_word' id='word_1_937' title='bbox 1594 5347 1690 5400; x_wconf 75' lang='lat' dir='ltr'><strong>volunt</strong></span> <span class='ocrx_word' id='word_1_938' title='bbox 1701 5349 1868 5417; x_wconf 78' lang='lat' dir='ltr'><strong>significare,</strong></span> <span class='ocrx_word' id='word_1_939' title='bbox 1888 5348 2016 5413; x_wconf 79' lang='lat' dir='ltr'><strong>satyrion</strong></span> 
     </span>
     <span class='ocr_line' id='line_1_73' title="bbox 367 5411 2016 5487; baseline 0.004 -25"><span class='ocrx_word' id='word_1_940' title='bbox 367 5417 414 5481; x_wconf 71' lang='lat' dir='ltr'><strong>quii</strong></span> <span class='ocrx_word' id='word_1_941' title='bbox 426 5416 519 5484; x_wconf 83' lang='lat' dir='ltr'><strong>platys</strong></span> <span class='ocrx_word' id='word_1_942' title='bbox 530 5415 699 5483; x_wconf 84' lang='lat' dir='ltr'><strong>appellatur,</strong></span> <span class='ocrx_word' id='word_1_943' title='bbox 720 5420 748 5463; x_wconf 89' lang='lat' dir='ltr'><strong>ct</strong></span> <span class='ocrx_word' id='word_1_944' title='bbox 758 5411 936 5466; x_wconf 84' lang='lat' dir='ltr'><strong>humerorum</strong></span> <span class='ocrx_word' id='word_1_945' title='bbox 948 5416 1030 5470; x_wconf 92' lang='lat' dir='ltr'><strong>dolor</strong></span> <span class='ocrx_word' id='word_1_946' title='bbox 1040 5426 1164 5480; x_wconf 88' lang='lat' dir='ltr'><strong>sanatur,</strong></span> <span class='ocrx_word' id='word_1_947' title='bbox 1216 5419 1372 5487; x_wconf 86' lang='lat' dir='ltr'><strong>appellant:</strong></span> <span class='ocrx_word' id='word_1_948' title='bbox 1396 5419 1436 5470; x_wconf 92' lang='lat' dir='ltr'><strong>sic</strong></span> <span class='ocrx_word' id='word_1_949' title='bbox 1452 5424 1480 5469; x_wconf 85' lang='lat' dir='ltr'><strong>rt</strong></span> <span class='ocrx_word' id='word_1_950' title='bbox 1490 5417 1631 5485; x_wconf 87' lang='lat' dir='ltr'><strong>crataegin</strong></span> <span class='ocrx_word' id='word_1_951' title='bbox 1652 5420 1890 5486; x_wconf 84' lang='lat' dir='ltr'><strong>cognominantes,</strong></span> <span class='ocrx_word' id='word_1_952' title='bbox 1910 5422 1939 5467; x_wconf 88' lang='lat' dir='ltr'><strong>et</strong></span> <span class='ocrx_word' id='word_1_953' title='bbox 1955 5413 2016 5468; x_wconf 89' lang='lat' dir='ltr'><strong>the·</strong></span> 
     </span>
     <span class='ocr_line' id='line_1_74' title="bbox 367 5481 2014 5556; baseline 0.002 -24"><span class='ocrx_word' id='word_1_954' title='bbox 367 5484 458 5535; x_wconf 90' lang='lat' dir='ltr'><strong>nbolis</strong></span> <span class='ocrx_word' id='word_1_955' title='bbox 469 5486 558 5538; x_wconf 88' lang='lat' dir='ltr'><strong>tribus</strong></span> <span class='ocrx_word' id='word_1_956' title='bbox 569 5485 597 5535; x_wconf 91' lang='lat' dir='ltr'><strong>in</strong></span> <span class='ocrx_word' id='word_1_957' title='bbox 608 5484 663 5535; x_wconf 83' lang='lat' dir='ltr'><strong>viai</strong></span> <span class='ocrx_word' id='word_1_958' title='bbox 676 5482 778 5535; x_wconf 75' lang='lat' dir='ltr'><strong>veteris</strong></span> <span class='ocrx_word' id='word_1_959' title='bbox 788 5481 893 5549; x_wconf 86' lang='lat' dir='ltr'><strong>cyatho</strong></span> <span class='ocrx_word' id='word_1_960' title='bbox 903 5499 958 5535; x_wconf 89' lang='lat' dir='ltr'><strong>uno</strong></span> <span class='ocrx_word' id='word_1_961' title='bbox 968 5496 1045 5550; x_wconf 88' lang='lat' dir='ltr'><strong>poto.</strong></span> <span class='ocrx_word' id='word_1_962' title='bbox 1081 5490 1165 5549; x_wconf 71' lang='lat' dir='ltr'><strong>Quin·</strong></span> <span class='ocrx_word' id='word_1_963' title='bbox 1216 5489 1351 5556; x_wconf 83' lang='lat' dir='ltr'><strong>lygonon,</strong></span> <span class='ocrx_word' id='word_1_964' title='bbox 1369 5494 1398 5541; x_wconf 90' lang='lat' dir='ltr'><strong>ct</strong></span> <span class='ocrx_word' id='word_1_965' title='bbox 1417 5486 1535 5539; x_wconf 87' lang='lat' dir='ltr'><strong>arrhene</strong></span> <span class='ocrx_word' id='word_1_966' title='bbox 1575 5501 1637 5548; x_wconf 89' lang='lat' dir='ltr'><strong>non,</strong></span> <span class='ocrx_word' id='word_1_967' title='bbox 1657 5502 1772 5554; x_wconf 87' lang='lat' dir='ltr'><strong>quarum</strong></span> <span class='ocrx_word' id='word_1_968' title='bbox 1790 5502 1884 5539; x_wconf 87' lang='lat' dir='ltr'><strong>semen</strong></span> <span class='ocrx_word' id='word_1_969' title='bbox 1901 5484 2014 5536; x_wconf 86' lang='lat' dir='ltr'><strong>testium</strong></span> 
     </span>
     <span class='ocr_line' id='line_1_75' title="bbox 366 5550 2015 5624; baseline 0.002 -23"><span class='ocrx_word' id='word_1_970' title='bbox 366 5551 516 5617; x_wconf 78' lang='lat' dir='ltr'><strong>queiolium</strong></span> <span class='ocrx_word' id='word_1_971' title='bbox 527 5552 688 5608; x_wconf 90' lang='lat' dir='ltr'><strong>ischiadicis</strong></span> <span class='ocrx_word' id='word_1_972' title='bbox 705 5550 887 5605; x_wconf 85' lang='lat' dir='ltr'><strong>etbibituret</strong></span> <span class='ocrx_word' id='word_1_973' title='bbox 902 5552 1059 5619; x_wconf 90' lang='lat' dir='ltr'><strong>imponitur.</strong></span> <span class='ocrx_word' id='word_1_974' title='bbox 1094 5557 1165 5608; x_wconf 88' lang='lat' dir='ltr'><strong>item</strong></span> <span class='ocrx_word' id='word_1_975' title='bbox 1217 5559 1307 5611; x_wconf 88' lang='lat' dir='ltr'><strong>simile</strong></span> <span class='ocrx_word' id='word_1_976' title='bbox 1325 5564 1376 5609; x_wconf 87' lang='lat' dir='ltr'><strong>cst.</strong></span> <span class='ocrx_word' id='word_1_977' title='bbox 1413 5554 1688 5624; x_wconf 82' lang='lat' dir='ltr'><strong>&#39;l&#39;ithymaiquoque</strong></span> <span class='ocrx_word' id='word_1_978' title='bbox 1704 5570 1843 5609; x_wconf 81' lang='lat' dir='ltr'><strong>rumonim</strong></span> <span class='ocrx_word' id='word_1_979' title='bbox 1863 5553 2015 5606; x_wconf 81' lang='lat' dir='ltr'><strong>medullam</strong></span> 
     </span>
    </p>
   </div>
   <div class='ocr_carea' id='block_1_3' title="bbox 0 0 2197 6004">
    <p class='ocr_par' dir='ltr' id='par_1_3' title="bbox 0 0 2197 6004">
     <span class='ocr_line' id='line_1_76' title="bbox 0 0 2197 6004; baseline 0 0"><span class='ocrx_word' id='word_1_980' title='bbox 0 0 2197 6004; x_wconf 95' lang='lat' dir='ltr'><strong> </strong></span> 
     </span>
    </p>
   </div>
  </div>
 </body>
</html>
