4340 6018
341 334 401 393 122
451 330 483 391 C.
521 328 678 425 Plinii
713 318 928 390 SECUNDI
966 320 1141 384 Nerua
1177 317 1374 381 fllsrott.
1409 276 1618 386 sterili.
1655 321 1898 384 caeso-m.

340 484 414 534 riam
427 482 622 551 promulgavit.
659 483 728 532 Tan:
740 476 896 544 propinqua
905 475 985 543 origo
996 488 1069 526 nunc
1078 487 1145 540 quo·

339 552 464 604 tidianae
484 553 525 604 rei
546 561 599 604 cst.
636 552 672 601 Et
685 547 736 598 hoc
748 544 862 597 annales
880 550 1024 606 notarunt,
1046 542 1143 595 horum

340 622 449 674 scilicet
467 619 735 674 adenrendationenr
746 628 868 665 morum:
890 614 992 683 quibus
1013 628 1067 665 nors
1081 618 1144 664 tota

340 692 452 759 quidem
464 705 558 752 coena,
568 688 615 739 sed
626 689 654 736 in
666 687 755 752 prinei
776 684 818 747 io,
831 684 889 735 bini
900 684 1027 752 ternique
1037 684 1144 751 pariter

339 761 510 813 scanduntur
520 756 591 822 apri.
628 754 744 807 Virarin
757 700 860 806 horon:
872 761 1087 821 ceterorumque
1097 752 1143 804 sil·

338 832 472 884 restrium
494 827 598 894 primus
617 826 707 891 togati
726 824 837 892 generis
848 823 953 876 invenlt
963 823 1079 875 Fulvius
1089 823 1143 874 Lu·

337 901 430 967 pinus,
451 897 540 964 quiin
560 895 756 962 Tarquiniensi
778 893 853 946 ieras
874 908 988 961 pascere
1008 892 1142 945 instituit.

336 970 397 1022 Nee
407 967 454 1017 diu
473 963 632 1018 im1tatores
648 963 765 1018 defuere
776 964 810 1016 L.
820 963 968 1027 Lucullus,
988 971 1016 1017 et
1026 964 1061 1025 Q.
1073 964 1144 1015 llor-

337 1036 455 1092 tensius.

372 1121 442 1174 Sues
452 1118 529 1173 ferae
539 1120 627 1173 semel
638 1134 712 1173 anno
724 1120 850 1190 gignunt.
886 1119 1013 1173 Muribus
1025 1118 1053 1171 in
1065 1118 1141 1169 coitu

335 1190 456 1260 plurima
467 1192 615 1258 asperitas.
653 1193 734 1244 'l'nnc
753 1192 829 1244 inter
848 1205 879 1243 se
901 1189 1044 1252 dimicant,
1063 1186 1144 1239 indu·

334 1271 430 1314 rantes
440 1261 542 1312 attritu
554 1261 685 1313 arborum
705 1268 807 1324 costas,
828 1260 944 1329 lutoque
956 1276 986 1313 se
996 1265 1141 1327 tergui-an-

335 1338 388 1383 tes.
425 1329 559 1383 Feminae
571 1332 599 1382 in
612 1340 693 1398 partu
705 1332 875 1399 asperiores,
897 1338 925 1383 et
942 1329 1002 1383 iere
1013 1328 1144 1380 similiter

333 1402 363 1454 in
376 1402 451 1452 omui
463 1414 566 1469 genere
577 1402 739 1453 bestiarum.
775 1400 857 1467 Apris
877 1401 1012 1462 maribus,
1035 1397 1144 1450 nonnisi

108 1506 113 1517 ι
199 1514 218 1527 ..
261 1506 287 1529 22
334 1470 475 1524 anniculis
486 1471 644 1538 generatio.
675 1471 704 1521 ln
716 1470 796 1523 india
806 1470 946 1523 cubitales
957 1469 1081 1523 dentium
1093 1465 1142 1520 lle·

256 1584 261 1597 .
334 1554 387 1594 xus
408 1540 511 1609 gemini
534 1555 568 1592 ex
588 1545 699 1603 rostro,
720 1532 980 1603 totidensaironte,
1002 1555 1051 1591 ceu
1063 1536 1144 1589 rituli

334 1625 448 1673 cornua,
459 1616 571 1662 exeunt.
607 1607 685 1661 Pilus
703 1624 786 1661 aereo
797 1609 897 1661 similis
909 1609 1077 1678 agrestibus,
1098 1623 1141 1661 ce-

334 1682 404 1736 teris
414 1682 502 1750 niger.
521 1683 557 1733 At
569 1679 598 1730 in
608 1680 711 1732 Arabia
722 1679 838 1731 suillum
848 1695 937 1748 genus
949 1694 1004 1732 nou
1016 1678 1095 1729 sirit.

368 1767 496 1821 LXXIX.
507 1765 620 1819 innullo
630 1781 733 1834 genere
741 1782 829 1834 aeque
840 1766 934 1818 tacitis
945 1769 1141 1819 mixturarum

334 1836 409 1899 lero,
429 1837 550 1905 qualiter
560 1841 641 1886 natos
652 1835 759 1902 antiqui
771 1834 908 1903 hybridas
919 1838 1074 1897 vocabant,
1090 1850 1142 1887 ceu

334 1906 501 1963 sensiferos:
523 1904 558 1958 ad
570 1903 698 1956 homines
719 1919 840 1973 quoquc,
859 1906 930 1956 utin
941 1905 971 1957 C.
982 1905 1142 1968 Antonium,

335 1979 479 2031 Ciceronis
489 1975 518 2027 in
529 1972 678 2028 consulatu
689 1975 843 2043 collegam,
854 1975 1045 2041 appellatione
1053 1981 1142 2025 trans·

334 2049 404 2102 lata.
441 2047 503 2100 Non
515 2043 543 2096 in
554 2045 651 2096 suibus
661 2051 754 2097 autem
771 2051 894 2107 tantum,
915 2044 965 2096 sed
977 2044 1004 2096 in
1015 2043 1142 2096 omnibus

336 2114 637 2187 quoqueenimalibus,
659 2115 847 2182 cuiuscunque
868 2114 981 2181 generis
998 2115 1085 2166 ullum
1098 2119 1143 2165 est

354 2187 485 2250 laeidum,
505 2184 629 2239 eiusdem
640 2184 783 2236 invenitur
793 2192 822 2237 et
832 2184 940 2249 seruum
960 2190 1058 2252 utpote
1080 2198 1142 2236 eum

334 2204 478 2310 Kominum
498 2257 585 2308 etiam
605 2253 779 2307 silvestrium
800 2261 846 2305 tot
870 2269 975 2323 genera
997 2253 1143 2321 praedicta

335 2329 399 2380 sint
434 2328 543 2394 Caprae
555 2332 648 2377 tamen
659 2325 688 2376 in
699 2324 836 2391 plurimas
846 2324 1045 2377 similitudines
1054 2331 1143 2376 mans·

336 2400 504 2464 figurantur.
541 2394 611 2448 Sunt
621 2408 749 2462 capreae,
760 2396 1008 2461 suntrupicaprae,
1019 2403 1083 2446 sunt
1093 2393 1144 2445 ibi-

337 2483 383 2519 ces
392 2464 566 2534 pernicitatis
584 2464 735 2527 mirandae,
755 2479 913 2533 quanquam
924 2471 1042 2519 onerato
1052 2465 1143 2533 capite

336 2538 425 2588 vastis
436 2536 568 2588 cornibus
578 2534 792 2603 gladiorumque
802 2535 911 2602 vaginis
922 2553 929 2586 r
951 2538 979 2586 in
991 2534 1060 2587 haec
1070 2550 1101 2585 se
1112 2534 1144 2584 li·

336 2607 429 2669 brant,
449 2611 481 2656 ut
492 2612 636 2657 tormento
657 2604 752 2672 aliquo
766 2609 851 2658 rotati
862 2606 891 2658 in
903 2612 1009 2673 petras,
1030 2603 1142 2672 potissi·

337 2692 411 2728 mum
424 2692 440 2729 e
451 2680 546 2728 monte
556 2675 651 2742 aliquo
662 2675 691 2725 in
702 2674 789 2726 alium
801 2675 946 2728 transilire
962 2681 1142 2744 quaerentes:

336 2753 419 2814 atque
430 2761 544 2799 recussu
556 2745 706 2812 pernicius,
712 2758 766 2812 quo
778 2744 899 2807 libuerit,
910 2747 1061 2798 exsultant.
1073 2744 1144 2795 Sunt

336 2823 366 2868 et
374 2832 484 2885 oryges,
496 2816 549 2867 soli
559 2813 724 2881 quibusdam
737 2814 804 2866 dicti
814 2817 956 2867 contrario
966 2815 1024 2882 pilu
1033 2813 1143 2874 vestiri,

274 2930 284 2942 .
337 2893 366 2938 et
377 2887 411 2938 ad
423 2893 508 2953 caput
519 2899 612 2938 nesso.
648 2884 720 2936 Sunt
736 2891 766 2935 et
780 2884 893 2948 daniae,
915 2894 944 2938 et
964 2884 1093 2952 pygargi,
1115 2889 1144 2934 et

337 2956 563 3025 strepsicerotes,
585 2953 728 3019 multaque
740 2953 797 3005 alia
808 2953 881 3005 haud
894 2953 1052 3006 dissimilia.
1089 2950 1144 3004 Sed

336 3026 386 3078 illa
397 3025 490 3093 Alpes,
511 3023 581 3076 haec
591 3025 772 3077 transmarini
782 3024 854 3076 situs
864 3024 990 3081 mittunt.

371 3108 488 3161 LXXX.
505 3108 654 3161 Simiarum
668 3125 778 3178 quoque
789 3125 894 3179 genera
904 3108 1027 3162 hominis
1039 3111 1144 3178 ligurae

337 3178 475 3248 proxima,
487 3177 584 3230 caudis
595 3181 668 3232 inter
677 3196 707 3232 se
718 3181 939 3250 distinguuntur.
970 3180 1046 3230 Mira
1057 3178 1144 3230 soler·

338 3250 396 3301 tia:
417 3248 495 3300 risco
505 3247 612 3315 inungi,
623 3250 785 3317 laqueisque
797 3250 918 3302 calceari
928 3249 1085 3300 imitatione
1098 3261 1144 3298 re·

338 3317 465 3371 nantium
487 3318 621 3381 tradunt:
642 3319 787 3372 Mutianus
805 3327 834 3372 et
848 3317 1012 3372 latrunculis
1033 3316 1143 3378 lusisse,

339 3390 419 3441 lictas
431 3403 496 3440 cera
508 3387 600 3439 icones
611 3403 663 3440 usu
675 3389 874 3458 distinguente.
910 3388 992 3440 Luna
1013 3402 1081 3440 casa
1091 3385 1142 3437 tri·

338 3468 396 3510 stes
408 3473 480 3519 esse,
500 3457 600 3524 quibus
612 3458 641 3508 in
653 3473 687 3508 eo
700 3473 803 3526 genere
814 3456 905 3510 cauda
916 3458 962 3522 sit,
984 3471 1082 3508 noram
1095 3471 1142 3508 ex-

338 3528 491 3580 sultatione
501 3526 636 3578 adorare:
658 3543 722 3579 nam
740 3527 881 3581 defectum
892 3527 1015 3579 siderum
1028 3534 1057 3579 et
1069 3533 1142 3577 cete·

339 3615 387 3650 rae
408 3604 510 3665 parent
529 3595 733 3664 quadrupedes.
770 3596 919 3648 Simiarum
932 3595 1029 3664 generi
1041 3599 1144 3661 praeei-

339 3683 394 3735 pua
413 3681 481 3735 erga
499 3665 607 3719 loetum
629 3667 750 3721 allectio.
796 3665 914 3718 Gestant
935 3665 1053 3726 catulos,
1073 3679 1145 3730 quae

339 3735 549 3789 mansuefactae
569 3737 643 3789 intra
659 3738 758 3790 domos
769 3750 924 3802 peperere3
946 3735 1073 3787 omnibus
1094 3735 1142 3785 de·

339 3813 507 3868 monstrent,
529 3809 701 3874 tractarique
721 3804 851 3872 gaudent,
873 3805 1090 3872 gratulationem
1103 3804 1144 3861 in-

338 3875 532 3945 telligentibus
543 3875 659 3926 similes.
695 3876 794 3939 ltaque
816 3887 915 3939 magna
930 3888 964 3925 ex
974 3881 1055 3939 parte
1068 3888 1143 3925 com·

338 3944 487 4016 plectendo
507 3949 617 3996 necant.
653 3942 807 3995 litteratior
824 3940 1023 4009 cynocephalis
1034 3949 1145 4005 natura,

337 4019 409 4069 sient
421 4012 536 4081 satyris.
573 4010 752 4071 callitriches
770 4016 832 4062 toto
845 4026 934 4077 paene
946 4012 1079 4080 adspectu
1091 4012 1144 4063 dil'·

336 4088 447 4140 ierunt:
470 4080 559 4133 barba
573 4087 617 4133 est
631 4080 659 4131 in
680 4066 762 4143 rade,
782 4080 873 4133 cauda
883 4081 941 4133 iate
952 4080 1015 4133 iusa
1027 4082 1145 4149 primori

338 4164 426 4223 parte.
472 4154 535 4204 Hoc
557 4151 659 4202 animal
682 4156 801 4217 negatur
819 4151 914 4203 virere
934 4152 964 4203 in
983 4152 1040 4204 alio
1062 4168 1144 4221 quam

336 4223 511 4292 Aethiopiae,
524 4236 578 4291 quo
589 4221 724 4291 gignitur,
736 4221 824 4273 caelo.

371 4307 498 4361 LXXXI.
518 4311 556 4363 Et
566 4309 694 4377 leporum
706 4308 788 4376 plura
804 4314 870 4361 sunt
880 4322 993 4378 genera.
1028 4307 1061 4360 ln
1071 4308 1145 4376 Alpi·

336 4381 388 4429 bus
401 4377 522 4442 candidi,
534 4381 633 4447 quibus
643 4379 768 4431 hibernis
781 4381 922 4431 aiensibus
933 4394 986 4447 pro
998 4378 1094 4432 cibatu
1107 4380 1146 4431 ni·

338 4461 399 4498 reni
411 4447 529 4499 credunt
541 4465 602 4503 esse
617 4469 623 4501 z
646 4459 723 4504 ceste
738 4450 911 4519 liquescente
927 4464 961 4501 ea
978 4451 1145 4502 rutilescunt

338 4515 418 4567 annis
429 4517 558 4569 omnibus
566 4537 573 4568 ε
581 4526 623 4589 ,εὶ
635 4530 677 4573 est
689 4522 797 4590 alioqui
809 4520 914 4573 animal
925 4518 1097 4572 intolerandi
1109 4521 1145 4570 ri·

338 4584 416 4655 gerit
426 4583 576 4635 alumnum·
613 4588 752 4656 Leporum
775 4592 885 4661 generis
897 4598 963 4642 sunt
975 4599 1003 4642 et
1015 4604 1085 4657 quos
1096 4589 1144 4640 Hi·

338 4652 732 4723 spaniacunieulosappellat,
753 4660 953 4716 foecunditatis
972 4659 1145 4721 innumerae,

339 4723 496 4791 famemque
507 4723 672 4777 Balearibus
683 4728 789 4791 insulis,
802 4734 942 4800 populatis
953 4731 1089 4783 messibus
1101 4726 1143 4779 al·

340 4794 471 4845 terentes.
508 4793 613 4845 Foetus
630 4803 727 4849 ventre
739 4808 875 4864 exsectos,
897 4801 941 4853 rel
954 4800 1084 4852 uberibus
1097 4797 1143 4848 ab·

338 4865 422 4924 latos,
431 4878 485 4915 :rou
495 4865 656 4932 repurgatis
666 4866 825 4930 interaneis,
835 4872 997 4936 gratissimo
1008 4874 1036 4921 in
1049 4869 1143 4920 cibatu

340 4930 459 4986 habent:
487 4934 606 4986 laurices
627 4942 738 4987 uocant.
776 4937 886 4990 Certum
908 4946 960 4999 est,
981 4939 1143 4993 Balearicae

339 5003 473 5055 adversus
482 5011 645 5072 proventum
659 5019 755 5057 eorum
767 5006 902 5059 auxilium
915 5008 1142 5062 militareaDiro

338 5074 463 5140 Augusto
475 5074 596 5142 petiisse.
632 5075 736 5141 Magna
753 5084 868 5143 propter
887 5085 1018 5131 renatum
1030 5093 1092 5133 eum
1105 5079 1144 5129 ri·

339 5141 427 5193 serris
448 5144 540 5209 gratia
561 5150 613 5196 est.
650 5145 777 5197 iniiciunt
790 5160 836 5197 eas
848 5146 875 5196 in
886 5161 998 5213 specus,
1019 5151 1144 5215 quisunt

339 5210 498 5265 multifores
510 5213 537 5263 in
549 5218 633 5275 terra,
654 5214 772 5277 undeet
792 5230 892 5266 nonren
904 5216 1038 5270 animali:
1058 5223 1143 5286 atque

339 5282 381 5335 ita
392 5282 498 5335 eiectos
518 5297 635 5349 superne
648 5284 769 5351 capiunt.
805 5284 956 5337 Archelaus
974 5293 1073 5341 auctor
1091 5293 1143 5350 est,

340 5360 409 5417 quot
430 5354 486 5404 sint
507 5353 632 5419 corporis
649 5368 784 5407 cavernae
805 5355 840 5405 ad
853 5362 1030 5409 excrementa
1042 5357 1143 5423 lepori,

340 5422 459 5474 totidem
479 5439 645 5475 antiocenae
666 5428 777 5475 aetatis.
812 5422 1001 5477 l'ariuscerte
1013 5441 1144 5479 numerus

340 5492 488 5557 reperitur.
513 5492 585 5545 ldcrn
599 5502 742 5562 utrumqne
755 5494 808 5545 rim
820 5495 940 5562 singulis
953 5493 1053 5556 inesse,
1064 5513 1097 5549 ac
1109 5501 1144 5548 si·

339 5573 462 5615 nemore
474 5578 561 5630 acque
571 5564 694 5631 gignere.
732 5564 857 5633 Benigno
878 5566 952 5617 eirca
972 5562 1024 5615 hoc
1035 5576 1144 5633 natura,

338 5626 460 5685 inanem
481 5640 510 5687 et
528 5635 671 5689 esculenta
686 5634 819 5689 arriumlia
835 5634 974 5690 foecunda
987 5637 1143 5705 generarit.

1197 470 1239 524 Le
1259 486 1292 524 us
1303 471 1424 525 omnium
1436 470 1558 540 praedae
1569 485 1694 535 nascens,
1710 471 1788 525 solos
1799 481 1913 542 praeter
1923 474 2006 544 dasy-

1196 486 1300 609 porion
1311 541 1496 610 superiactat,
1507 541 1583 593 aliud
1596 542 1727 604 educans,
1743 541 1823 595 aliud
1835 544 1863 595 in
1873 552 1956 597 utero
1968 544 2007 611 pi·

1197 613 1233 665 lis
1244 615 1386 675 restitum,
1398 611 1476 664 aliud
1487 612 1629 679 implume,
1646 611 1721 663 aliud
1733 612 1895 665 inchoatum
1906 629 2006 682 gerens

1196 681 1312 752 pariter.
1348 681 1408 734 Nee
1422 696 1476 733 non
1488 689 1517 734 et
1526 688 1619 733 restes
1634 681 1762 749 leporino
1774 684 1831 749 pilo
1843 682 1936 737 lacere
1948 692 2007 738 ten·

1196 759 1288 804 tatum
1300 758 1351 816 est,
1373 757 1451 804 tactu
1461 756 1517 802 non
1529 748 1643 817 perinde
1654 752 1744 816 molli,
1765 761 1797 805 ut
1807 753 1837 805 lu
1848 759 1922 818 cute,
1940 768 2004 823 pro·

1197 829 1261 890 pter
1270 822 1438 902 brevitatem
1451 821 1500 889 pili
1511 820 1659 876 dilabidas.

1232 908 1372 961 LXXXll.
1392 908 1430 960 Hi
1441 917 1639 963 mansuescunt
1650 924 1723 973 raro,
1736 924 1796 961 cum
1810 908 1866 963 ieri
1877 908 1933 962 dici
1943 910 2005 962 iure

1197 979 1387 1045 nonpossint:
1402 979 1545 1046 conrplura
1556 995 1674 1048 nonique
1686 986 1752 1031 sunt
1763 979 1943 1048 necplaclda,
1955 996 2006 1032 nec

1197 1046 1266 1110 iera,
1278 1048 1328 1099 sed
1339 1046 1449 1101 uredine
1459 1050 1533 1103 inter
1543 1058 1692 1116 utrumque
1704 1056 1830 1112 naturae,
1846 1051 1915 1102 utin
1927 1048 2004 1102 volu·

1196 1118 1290 1170 eribus
1311 1114 1482 1181 hirundines,
1502 1136 1582 1187 apes:
1603 1118 1715 1170 inmari
1731 1119 1867 1188 delphini.
1905 1119 2003 1184 Quoin

1195 1201 1298 1256 genere
1309 1187 1392 1238 multi
1403 1196 1432 1241 et
1440 1185 1492 1240 hos
1501 1189 1609 1242 incolas
1629 1188 1760 1242 domuum
1772 1205 1891 1257 posuere
1902 1205 2004 1254 usuras,

1195 1257 1269 1309 haud
1281 1257 1466 1324 spernendum
1485 1259 1513 1310 in
1524 1258 1643 1312 ostentis
1660 1260 1745 1312 etiam
1758 1259 1879 1327 publicis
1891 1261 2003 1312 animal.

1193 1328 1306 1379 Arroms
1313 1326 1435 1381 Lanuvii
1444 1327 1551 1396 clypeis
1563 1330 1715 1398 argenteis,
1726 1329 1879 1383 Marsicum
1892 1337 2003 1398 parten-

1195 1398 1261 1450 ddre
1284 1397 1404 1450 bellum:
1426 1399 1548 1451 Carboni
1563 1402 1728 1466 imperatori
1744 1400 1818 1467 apud
1830 1400 1952 1452 Clusium
1963 1399 2004 1453 ia·

1195 1467 1272 1531 sciis,
1285 1468 1385 1534 quibus
1395 1467 1424 1519 in
1435 1468 1561 1523 calceatu
1572 1469 1845 1532 utebatur,exitium.
1862 1468 2002 1522 Pluraeo·

1194 1552 1255 1589 rum
1274 1552 1379 1605 genera
1394 1539 1423 1589 in
1434 1541 1590 1606 Cyrenaica
1606 1542 1736 1609 regione:
1757 1541 1806 1593 alii
1822 1540 1882 1592 lata
1900 1541 2003 1603 fronte,

1195 1607 1243 1659 alii
1257 1613 1350 1671 acuta,
1366 1607 1417 1660 alii
1428 1608 1637 1663 herinaceorun:
1650 1625 1753 1679 genere
1765 1612 1950 1679 pungentibus
1962 1610 2004 1678 pi·

1194 1677 1238 1729 lis.
1276 1675 1490 1745 Theophrastus
1502 1687 1674 1744 auctorest,
1694 1681 1721 1733 in
1733 1680 1828 1748 Gyaro
1839 1681 1931 1731 insula
1941 1695 2003 1733 cum

1194 1746 1301 1799 incolas
1311 1746 1467 1815 fugassent,
1478 1749 1585 1803 serrum
1598 1752 1883 1820 quoquerosisseeos,
1893 1749 2002 1817 idquod

1195 1824 1296 1869 natura
1306 1818 1424 1883 quadam
1438 1826 1466 1871 et
1476 1819 1512 1871 ad
1523 1818 1664 1888 Chalybas
1676 1818 1768 1873 lacere
1778 1821 1807 1872 in
1818 1820 1946 1872 ferrariis
1958 1818 2003 1871 ol·

1194 1887 1293 1938 ticinis.
1320 1888 1447 1940 Aurariis
1458 1888 1570 1956 quidem
1581 1891 1610 1941 in
1621 1890 1743 1942 metallis
1751 1891 1789 1942 ab
1801 1890 1854 1942 hoc
1863 1890 1942 1941 uiros
1953 1905 2000 1941 eo·

1194 1970 1254 2008 run:
1262 1955 1532 2026 excidi,semperqire
1541 1958 1647 2012 lurtum
1659 1959 1688 2011 id
1701 1959 1883 2027 deprehendi:
1895 1966 2003 2011 tantam

1195 2040 1256 2077 esse
1268 2025 1444 2078 dulcedinem
1464 2028 1583 2080 furandi.
1621 2027 1739 2082 Venisse
1751 2044 1857 2083 nrurem
1868 2030 1912 2081 CC
1922 2029 2004 2082 dena·

1194 2094 1253 2158 riis,
1274 2095 1427 2149 Casilinum
1448 2098 1595 2152 obsidente
1616 2098 1789 2151 Hannibale:
1817 2114 1935 2166 euntque
1956 2097 2004 2166 qui

1194 2165 1360 2219 vendiderat
1371 2166 1446 2219 fante
1457 2169 1607 2231 interiisse,
1619 2175 1754 2221 enatarem
1766 2167 1879 2233 risisse,
1890 2169 2004 2220 annales

1195 2235 1319 2288 tradunt.
1328 2237 1792 2304 Cunscandidiprorene1·e,laetum
1801 2239 2005 2292 iaciuntosten-

1194 2314 1265 2357 tum.
1292 2306 1364 2358 Nam
1375 2308 1496 2359 suricum
1510 2316 1629 2361 occentu
1640 2309 1736 2361 dirimi
1746 2311 1881 2380 auspicia,
1891 2308 2005 2360 anrraies

1195 2375 1316 2429 refertos
1328 2375 1471 2430 habemus.
1492 2378 1605 2431 sorices
1618 2385 1647 2432 et
1659 2379 1737 2447 ipsos
1749 2379 1840 2433 hieme
1853 2379 1945 2440 condi,
1956 2394 2005 2429 au·

1195 2454 1257 2497 ctor
1268 2453 1312 2498 cst
1324 2445 1469 2516 Nigidius:
1492 2449 1565 2500 sicut
1575 2449 1673 2518 glires,
1685 2464 1755 2518 quos
1766 2450 1907 2521 cesrsoriac
1917 2448 2005 2515 leges,

1194 2516 1378 2584 princepsque
1389 2516 1429 2569 M.
1439 2516 1563 2572 Scaurus
1574 2523 1602 2571 in
1614 2521 1771 2584 consulatu,
1784 2536 1838 2571 non
1850 2519 1907 2571 aliu
1918 2518 2003 2569 modu

1195 2586 1290 2637 coenis
1311 2586 1450 2652 ademere,
1473 2603 1556 2656 quam
1578 2589 1736 2660 conchylia,
1756 2597 1805 2642 aut
1821 2605 1855 2642 es
1867 2588 1923 2641 alio
1936 2587 2004 2640 orbe

1194 2663 1341 2709 consectas
1353 2672 1428 2710 ares
1461 2658 1629 2713 Sensiserunr
1641 2669 1671 2715 et
1682 2662 1773 2728 ipsum
1785 2660 1896 2720 aninral,
1910 2659 1954 2709 cui
1967 2657 2004 2707 ri·

1194 2726 1312 2778 rariain
1322 2726 1416 2791 doliis,
1436 2728 1509 2781 iden:
1521 2731 1569 2797 qui
1581 2732 1673 2797 apris,
1692 2731 1826 2782 instituit.
1862 2726 1962 2793 oasin
1973 2741 2003 2778 re

1194 2803 1335 2861 notatum,
1345 2813 1401 2850 non
1413 2802 1588 2868 congregari,
1599 2800 1650 2853 :sisi
1662 2801 1811 2867 populares
1822 2799 1945 2853 eiusdem
1956 2796 2004 2847 sil·

1194 2880 1260 2917 rae:
1282 2867 1348 2920 etsi
1368 2867 1537 2921 misceantur
1559 2869 1742 2939 alienigenae,
1762 2884 1843 2922 anrne
1855 2869 2004 2921 salmonte

1196 2933 1328 2997 discreti,
1347 2934 1463 2989 interire
1474 2938 1640 2989 dimicando.
1677 2940 1827 2990 Genitores
1838 2954 1904 2990 suos
1915 2937 2005 2989 fessos

1195 3012 1309 3059 sesrecta
1320 3006 1400 3057 alunt
1411 3007 1517 3071 insigni
1527 3007 1644 3071 pietate.
1681 3006 1792 3057 Senium
1806 3007 1902 3057 linitur
1914 3006 2006 3058 hiber·

1194 3090 1231 3125 na
1242 3075 1346 3141 quiete.
1372 3073 1483 3125 conditi
1495 3076 1567 3125 enim
1580 3073 1645 3126 ethi
1657 3075 1772 3125 cubant:
1785 3089 1880 3126 rursus
1891 3082 2005 3128 aestate

1194 3144 1389 3195 iuvenescunt:
1400 3142 1489 3193 simili
1501 3150 1529 3194 et
1540 3142 1635 3195 nitelis
1644 3144 1747 3211 quiete.

1229 3243 1383 3297 LXXXlll.
1404 3245 1517 3310 Mirum,
1528 3260 1621 3299 rerum
1632 3253 1762 3299 naturam
1773 3258 1830 3298 non
1839 3246 1930 3299 solum
1943 3247 2003 3300 alia

1195 3315 1259 3369 allis
1271 3315 1381 3368 dedisse
1393 3317 1477 3368 terris
1489 3317 1631 3383 animalia,
1641 3317 1730 3371 sedin
1742 3317 1841 3371 eodem
1850 3317 2005 3384 quoquesi·

1195 3390 1225 3436 tu
1237 3384 1373 3451 quaedam
1386 3385 1529 3454 aliquibus
1538 3386 1608 3439 locis
1618 3403 1745 3456 negasse.
1769 3387 1800 3439 ln
1811 3387 1921 3439 Maesia
1931 3387 2005 3439 silea

1194 3454 1304 3518 ltaliae,
1324 3470 1378 3507 non
1399 3456 1453 3507 nisi
1464 3457 1492 3507 in
1514 3463 1596 3523 parte
1614 3458 1794 3525 reperiuntur
1803 3456 1833 3509 hi
1844 3458 1938 3525 glires.
1973 3457 2004 3507 ln

1195 3526 1288 3593 Lycia
1299 3526 1436 3577 dorcades
1447 3542 1502 3577 non
1513 3533 1659 3579 transeunt
1670 3536 1778 3580 montes
1790 3527 1808 3579 S
1847 3528 1870 3578 ‘s
1880 3524 2003 3577 ricinos:
2063 3524 2078 3533 “

1196 3596 1295 3661 onagri
1309 3601 1445 3659 montem,
1465 3598 1510 3664 qui
1522 3595 1728 3663 Cappadociam
1747 3613 1764 3647 a
1779 3597 1808 3649 Ci
1823 3597 1878 3650 icia
1894 3584 2005 3648 dividit.

1195 3664 1226 3716 ln
1240 3664 1425 3730 Hellesponto
1437 3666 1465 3715 in
1476 3666 1584 3718 alienos
1594 3669 1665 3720 lines
1677 3683 1731 3718 non
1743 3671 1900 3719 conrmeant
1912 3665 2002 3717 cerri:

1196 3740 1225 3786 et
1235 3734 1312 3785 circa
1320 3735 1498 3801 Arginussas:
1507 3734 1643 3804 illaphun:
1655 3744 1777 3789 mentem
1791 3750 1847 3787 non
1858 3734 2004 3798 excedunt,

1196 3803 1309 3855 auribus
1320 3806 1404 3855 etiam
1418 3806 1446 3857 in
1467 3811 1562 3858 monte
1573 3806 1656 3859 lissis.
1693 3807 1724 3859 ln
1736 3805 1903 3858 Poroselene
1911 3803 2004 3856 insula

1194 3874 1268 3926 viam
1283 3874 1419 3926 mustelae
1435 3890 1490 3926 non
1508 3882 1669 3928 transeunt:
1692 3878 1721 3928 in
1733 3876 1868 3930 Boeotiae
1878 3873 2004 3927 Lebmlia

1195 3943 1292 3996 illatae
1314 3944 1404 3995 solum
1427 3944 1517 4011 ipsum
1536 3945 1657 4015 lugiunt,
1679 3962 1750 4014 quae
1768 3943 2003 3998 iuxtainOreho·

1195 4028 1277 4064 meno
1291 4019 1352 4065 tota
1361 4029 1429 4066 arra
1438 4017 1585 4078 subruunt,
1605 4016 1709 4084 talpae,
1730 4032 1845 4084 quarunt
1857 4032 1872 4069 e
1883 4016 2003 4084 pellibus

1195 4082 1494 4138 cubiculariaridimus
1504 4086 1642 4155 stragula:
1655 4087 1726 4138 adeo
1738 4087 1881 4154 nereligio
1891 4085 2002 4153 quidem

1196 4155 1527 4217 aportentissummoret
1539 4157 1662 4209 delicias.
1678 4157 1707 4208 ln
1716 4156 1810 4209 ithaca
1822 4158 1932 4224 lepores
1943 4155 2003 4206 illa·

1195 4223 1219 4273 ti
1231 4224 1389 4276 moriuntur
1398 4227 1531 4278 extremis
1543 4226 1654 4295 quidem
1665 4226 1692 4277 in
1703 4228 1848 4280 litoribus:
1862 4228 1890 4277 in
1901 4226 2003 4288 llbuso,

1196 4292 1223 4344 in
1236 4292 1375 4357 litoribus,
1393 4296 1529 4347 cuniculi:
1552 4304 1661 4349 scatent
1673 4297 1752 4349 iusta
1762 4297 1791 4349 in
1807 4296 1940 4364 Hispania
1950 4294 2004 4345 Ba·

1196 4362 1384 4433 leonibusque.
1422 4367 1541 4434 Cyrenis
1562 4376 1656 4421 nrutae
1673 4368 1751 4421 fuere
1763 4382 1866 4429 ranae:
1887 4366 2003 4418 illatisc

1195 4436 1354 4489 continente
1365 4436 1508 4489 vocalibus
1521 4437 1604 4491 durat
1615 4452 1703 4507 genus
1716 4452 1820 4491 earuns.
1831 4438 1929 4487 Mutae
1939 4440 2006 4487 sunt

1195 4505 1281 4557 etiam
1292 4506 1403 4558 nuncin
1416 4506 1534 4574 Seripho
1546 4508 1645 4560 insula.
1678 4507 1799 4559 Eaedem
1812 4505 1869 4556 alio
1881 4505 2003 4555 transla-

1194 4582 1241 4627 tae
1251 4583 1368 4627 canunt:
1390 4577 1464 4643 quod
1476 4576 1602 4629 accidere
1621 4584 1649 4629 et
1670 4576 1698 4626 in
1710 4577 1771 4627 lacu
1783 4570 1947 4624 Thessaliae
1958 4571 2003 4623 Si·

1195 4646 1283 4698 cende
1294 4645 1417 4698 tradunt.
1455 4646 1484 4696 ln
1498 4647 1578 4698 ltalia
1593 4645 1716 4697 muribus
1728 4641 1837 4694 araneis
1847 4648 2004 4694 venenatus

1195 4720 1238 4766 est
1248 4729 1371 4766 morsus:
1392 4714 1503 4766 cosdem
1517 4713 1634 4766 ulterior
1645 4713 1787 4778 Apennino
1798 4710 1878 4777 regio
1890 4726 1945 4763 nou
1956 4709 2004 4764 ha·

1194 4785 1249 4836 bet.
1281 4784 1368 4836 iidem
1380 4783 1536 4850 ubicunque
1546 4786 1610 4844 sint,
1622 4781 1739 4833 orbitam
1753 4784 1776 4833 si
1787 4783 1935 4847 transiere,
1944 4795 2004 4834 nro·

1196 4853 1313 4905 riuntur.
1344 4855 1373 4904 ln
1385 4851 1505 4919 Olympo
1517 4851 1700 4905 Macedoniae
1712 4858 1806 4905 nsonte
1816 4867 1871 4904 non
1883 4859 1947 4903 sunt
1958 4851 2002 4903 lu·

1195 4922 1231 4991 pi,
1242 4938 1293 4974 nec
1304 4924 1331 4974 in
1340 4924 1423 4974 Creta
1434 4921 1531 4973 insula.
1542 4922 1582 4972 lbi
1595 4922 1706 4991 quidem
1718 4937 1772 4973 non
1784 4922 1891 4989 vulpes,
1901 4922 2004 4985 ursire,

1195 5001 1279 5060 atque
1289 4993 1401 5043 oninino
1413 4992 1519 5044 nullum
1527 4992 1684 5045 malellcunr
1690 4993 1805 5058 animal,
1815 4999 1928 5063 practer
1936 4990 2003 5059 pha·

1196 5062 1333 5131 langium:
1357 5064 1451 5115 aranei
1462 5061 1490 5113 id
1503 5077 1600 5130 genus,
1620 5061 1655 5115 dc
1668 5077 1722 5131 quo
1733 5063 1857 5115 dicemus
1867 5077 1918 5114 suo
1931 5061 2003 5113 loco.

1195 5131 1362 5195 Mirabilius,
1383 5133 1410 5183 in
1423 5133 1519 5184 cadens
1531 5133 1622 5185 insula
1635 5148 1747 5195 cereos,
1767 5138 1962 5211 praeterquam
1975 5130 2003 5181 in

1196 5201 1415 5272 Cydoniatarum
1428 5203 1551 5271 regione,
1573 5218 1629 5254 non
1640 5218 1715 5256 esse:
1736 5203 1804 5255 item
1818 5218 1909 5270 apros,
1920 5207 1949 5254 et
1960 5207 2001 5251 at·

1195 5280 1323 5340 tagenas,
1333 5271 1505 5324 herinaceos.
1533 5274 1564 5324 ln
1575 5272 1669 5327 Africa
1680 5281 1773 5327 autem
1784 5290 1836 5327 nec
1848 5287 1940 5347 apros²
1951 5284 2003 5323 nec

1196 5357 1302 5405 cervos,
1313 5357 1364 5394 nec
1375 5357 1498 5409 capreas,
1510 5358 1560 5395 nec
1571 5358 1660 5405 ursos.

1231 5428 1385 5482 LXXXIV.
1406 5428 1464 5480 lam
1475 5429 1612 5495 quaedam
1625 5430 1756 5484 aninralia
1777 5426 1915 5496 indigenis
1926 5427 2005 5478 inno·

1196 5499 1259 5561 sia,
1281 5498 1401 5552 advenas
1422 5500 1599 5552 interimunt:
1617 5502 1692 5554 sicut
1711 5507 1855 5567 serpentes
1875 5497 1951 5565 parri
1972 5497 2004 5547 in

1196 5567 1350 5638 Tirynthe:
1371 5583 1443 5635 quos
1454 5576 1532 5621 terra
1542 5570 1617 5624 nasei
1628 5571 1764 5639 proditur.
1801 5569 1870 5621 ltem
1882 5572 1909 5619 in
1921 5564 2005 5631 Syria

1195 5652 1311 5707 angues,
1332 5640 1406 5691 circa
1417 5637 1568 5707 Euphratis
1591 5645 1710 5695 nissinse
1725 5641 1811 5710 ripas,
1831 5636 2003 5691 dormientes
