4356 6014
261 318 293 379 G.
328 314 484 379 aaran
518 312 722 375 SECUNDl
754 313 923 376 NATUR.
954 313 1143 379 nlsroa.
1176 312 1266 377 Llli.
1289 315 1429 377 xvim.
1458 318 1691 383 CdP.32·82.
1750 328 1815 390 223

164 482 233 521 aare
244 466 304 520 eius
313 467 342 517 in
353 466 493 533 Aegypta:
504 463 623 517 alterurn
632 462 779 516 rotundius
789 465 964 535 nigriusqae,

164 537 285 591 alterum
296 550 346 589 sua
358 535 454 602 figura.
464 532 542 585 llnde
553 534 631 585 sario
643 548 695 584 usu
706 534 873 587 translatum
883 542 927 588 cst
937 537 965 588 in

166 604 315 673 lenticulas
325 618 433 655 nomeu.
471 602 964 671 invenioapudauctorcs,aequani-

163 666 293 728 mitatem
310 672 372 725 tisri
385 672 559 725 vescentibus
570 686 613 727 ea.
650 671 743 724 Pisum
755 674 784 725 in
795 674 898 741 apricis
908 675 965 726 seri

166 742 258 806 debet,
270 741 404 807 frigorum
418 740 699 808 impatientissimum.
717 741 784 795 ldec
795 743 823 793 in
834 743 924 805 ltalia,
936 749 964 795 at

164 813 196 869 ia
206 810 359 865 austeriore
370 808 449 863 eaelo
460 823 517 864 nun
527 810 580 862 nisi
591 825 676 862 cerno
688 816 823 878 tempora,
835 818 912 866 terra
923 812 964 864 ia·

165 881 368 935 ciliacsclute.

199 949 313 1003 XXXII.
333 949 440 1001 Ciceris
459 953 612 1001 naturaest
624 949 701 1017 gigni
712 963 772 1000 cum
791 950 963 1018 salsilagine:

163 1018 326 1073 ideosulum
339 1020 403 1069 urit.
440 1017 499 1071 Nec
519 1020 571 1069 nisi
589 1017 774 1070 candefactum
787 1020 887 1084 pridie,
903 1020 964 1073 seri

167 1087 259 1141 debet.
287 1087 471 1141 Differentiae
483 1088 585 1155 plures,
596 1087 798 1154 niagnitudina,
809 1089 908 1155 ligura,
919 1104 964 1141 co·

166 1157 237 1220 lore,
257 1171 367 1224 sapore.
403 1158 454 1209 Est
465 1158 535 1208 enim
548 1157 669 1208 aristion
682 1157 768 1223 capiti
779 1158 878 1219 simile,
889 1157 963 1211 dude

165 1230 208 1279 ita
218 1226 368 1294 appeliant,
378 1225 470 1279 album
482 1228 652 1295 nigrumque.
668 1226 719 1277 Est
730 1231 758 1279 ct
769 1225 964 1290 columbinum,

166 1296 241 1364 quud
251 1295 299 1347 alii
306 1297 454 1349 Venerium
466 1297 574 1356 vocarit,
586 1294 743 1357 candidum,
755 1292 915 1358 rotundum,
927 1297 965 1349 le·

166 1380 209 1428 re,
227 1365 347 1418 arietina
360 1366 460 1427 asinus,
476 1365 548 1431 quud
562 1364 662 1431 religia
674 1364 827 1431 pervigiliis
840 1364 964 1418 adhibet.

132 1447 155 1485 a·
166 1434 218 1486 list
229 1442 257 1486 et
267 1434 404 1487 cicercula
414 1434 514 1484 minuti
526 1433 631 1494 ciceris,
649 1434 816 1500 inaequalis,
828 1433 964 1502 angulosi,

165 1504 254 1557 relati
264 1504 364 1570 pisum.
402 1502 598 1555 Dulcissimom
611 1502 752 1564 autemid,
764 1502 839 1570 quod
851 1517 917 1555 erre
928 1504 964 1553 si·

123 1592 145 1625 e
165 1573 324 1625 milliarum:
346 1570 588 1640 tirnriusqueqood
600 1571 861 1639 nigrumetrulum,
881 1588 964 1640 quam

183 1642 356 1695 undalbum.

165 1659 181 1710 q
198 1710 326 1761 xxxiii.
346 1708 469 1775 Siliquae
479 1708 614 1761 rotundae
625 1708 718 1773 ciceri,
738 1709 840 1762 ceteris
851 1709 966 1777 legumi-

164 1794 229 1831 num
240 1777 349 1847 longae,
360 1784 388 1829 et
400 1776 435 1828 ad
448 1779 562 1845 liguram
573 1778 686 1831 sentinis
697 1780 786 1831 latae:
808 1780 868 1846 piso
880 1780 965 1846 cylin-

166 1847 275 1899 dratae:
304 1845 475 1898 lascolorum
499 1862 559 1915 cum
580 1848 650 1914 ipsis
672 1847 840 1901 manduntur
862 1849 964 1914 granis.

165 1917 266 1969 Serere
286 1931 335 1969 ena
357 1915 491 1983 querelis
512 1924 588 1968 terra
602 1917 669 1969 licet
680 1919 715 1970 ab
728 1917 823 1969 idibus
835 1917 964 1969 Octobris

167 1985 348 2038 inliciendas
358 1984 538 2037 Novembres.
549 1985 714 2053 Legumina,
725 2002 784 2038 cuns
797 1992 966 2039 maturesce-

167 2071 200 2107 re
211 2061 368 2122 coeperunt,
379 2054 515 2121 rapienda
524 2064 601 2117 sunt,
614 2057 743 2122 quoniam
757 2056 812 2109 cito
823 2055 966 2115 exsilium,

164 2123 312 2191 latensque
324 2139 384 2175 cum
396 2122 534 2188 decidere,
542 2126 612 2176 sicut
623 2132 651 2176 et
663 2125 799 2195 lupinum:
811 2139 966 2193 quanquam

105 2208 108 2213 ¹
166 2193 245 2260 prins
255 2193 289 2245 de
299 2194 375 2261 rapis
386 2192 491 2246 dixisse
503 2193 660 2246 conveniat.

204 2260 330 2313 XXXIV.
350 2262 380 2315 ln
392 2269 552 2315 transcursu
574 2278 607 2315 ea
626 2264 747 2330 attigere
758 2263 862 2325 nostri,
882 2262 966 2330 paulo

167 2330 331 2398 diligentius
342 2328 454 2393 Gracci,
469 2338 498 2383 et
510 2330 566 2397 ipsi
577 2339 670 2384 tamen
681 2334 753 2384 inter
762 2332 920 2387 hortensia:
942 2331 966 2382 si

165 2402 256 2451 iustus
267 2398 335 2452 ordo
346 2400 404 2462 liat,
423 2415 440 2451 a
452 2398 591 2452 lenimento
604 2400 733 2468 protinus
755 2407 803 2455 aut
813 2407 889 2452 certe
901 2398 968 2450 faba

167 2468 302 2531 dicendis,
324 2468 435 2536 quando
456 2468 506 2520 alii
526 2485 590 2520 usus
614 2470 801 2536 praestantior
812 2469 846 2521 ab
858 2468 900 2520 bis
912 2484 966 2519 non

165 2548 220 2591 est.
231 2539 302 2591 date
314 2539 537 2605 annianumque
549 2541 656 2591 cunctis
667 2538 836 2591 animalibus
848 2552 965 2589 nascun—

163 2615 220 2668 tur,
241 2622 293 2659 nec
313 2605 342 2657 in
363 2605 519 2655 novissimis
539 2608 644 2657 satIant
665 2608 737 2665 ruris
748 2606 966 2673 alitumquoque

185 2691 283 2735 encra,
299 2673 441 2739 magisque
469 2673 772 2742 'decoquanturaqua
807 2674 967 2740 Quadrupe-

164 2692 216 2796 fies
228 2749 256 2793 ct
270 2740 368 2793 frande
379 2757 422 2793 cor
485 2741 614 2809 gaudent.
648 2745 685 2796 Et
696 2742 801 2797 bomini
811 2759 866 2794 rron
878 2746 968 2795 minor

165 2810 342 2879 rapaciorem
354 2811 411 2863 suis
423 2810 498 2862 horis
510 2814 610 2879 gratia,
621 2829 702 2881 quam
715 2827 872 2881 cymarum:
891 2812 967 2864 llari·

167 2880 264 2934 dorum
279 2894 396 2948 qunque,
418 2887 445 2932 ct
457 2883 484 2932 iu
497 2879 605 2933 horreis
618 2892 804 2947 enecatorum,
822 2881 865 2934 rel
877 2882 968 2934 ataias

168 2965 249 3021 quam
262 2949 417 3001 virentium.
430 2951 492 3016 lpsa
503 2967 569 3003 reru
581 2951 682 3004 durant
691 2961 719 3006 ct
731 2955 760 3003 in
770 2968 821 3003 sua
829 2960 967 3003 terraser·

167 3024 245 3072 rata:
268 3022 296 3069 ct
318 3024 517 3086 posteapassa,
540 3035 628 3086 paene
649 3022 784 3074 adalium
796 3026 968 3089 proventum,

168 3088 269 3141 famem
291 3104 324 3138 ue
335 3088 433 3139 sentiri
445 3088 601 3155 probibent.
637 3093 735 3144 Asino
744 3127 752 3153 ,
772 3098 855 3156 atque
870 3104 967 3150 ncesse,

167 3104 325 3210 tertiosssic
336 3156 543 3223 Transpadanis
554 3158 671 3212 fructus.
687 3163 802 3213 Terram
814 3173 869 3210 non
879 3173 968 3210 morc-

169 3242 198 3279 se
210 3225 297 3293 eligit,
317 3241 403 3292 paene
415 3227 461 3280 ubi
470 3227 541 3279 nihil
553 3229 628 3282 aliud
640 3231 696 3282 seri
708 3229 808 3298 possit.
843 3227 967 3290 Nebulis,

170 3303 197 3347 at
207 3295 321 3363 pruinis,
339 3310 371 3347 ac
384 3294 489 3364 frigore
501 3298 575 3350 ultro
588 3298 710 3361 aluntur,
725 3297 906 3365 amplitudine
918 3295 967 3347 ad-

169 3364 298 3417 mirabili.
315 3363 378 3416 Vidi
389 3364 439 3418 Xl.
451 3367 536 3418 libras
548 3368 718 3422 excedentia.
732 3370 762 3421 ln
774 3367 843 3420 cibis
856 3367 967 3433 quidem

170 3435 273 3485 uostris
286 3433 410 3500 pluribus
419 3435 508 3487 modis
516 3437 753 3490 commendantur:
765 3436 921 3502 durantque
932 3435 968 3487 ad

98 3532 107 3541 ·
169 3502 235 3564 alia,
254 3503 359 3571 sinapis
376 3504 654 3570 acrimoniadnmita,
674 3506 758 3559 etiam
777 3504 969 3571 caloribuspi·

170 3579 224 3634 cta,
254 3578 346 3624 raeter
354 3589 443 3637 soum,
454 3590 504 3625 ser
517 3574 733 3644 aliis,purpurec
744 3590 866 3644 qunque:
878 3588 968 3644 neque

170 3586 252 3694 alini,
259 3644 286 3692 in
299 3642 368 3694 cibis
379 3644 449 3710 tingi
464 3643 551 3696 decet.

204 3710 315 3763 Genera
337 3726 432 3763 corum
445 3712 545 3765 Graeci
562 3712 616 3765 don
628 3714 719 3781 prima
739 3714 839 3776 iecere,
860 3727 967 3764 mascu-

169 3780 234 3841 lum,
257 3779 483 3848 femininomque,
504 3788 531 3834 et
553 3798 586 3834 ea
605 3783 715 3836 serendi
729 3782 811 3835 modo
824 3780 968 3835 exendum

170 3849 288 3901 semine:
309 3849 437 3902 densiore
458 3853 529 3903 enim
550 3859 614 3903 satu
629 3852 840 3914 nrasculescerc,
857 3852 922 3904 item
940 3850 967 3901 in

170 3927 244 3971 terra
265 3916 379 3971 difficili.
415 3919 514 3973 Samen
534 3923 732 3988 praestantius,
754 3938 807 3989 quo
828 3921 968 3987 subtilius.

170 3986 281 4055 Species
292 4004 357 4041 reru
368 3991 488 4042 omnium
501 3999 565 4043 tres.
602 3992 657 4043 dut
667 3994 738 4044 enim
752 3993 780 4042 in
792 3990 968 4043 latitudinem

169 4055 256 4121 tundi,
268 4065 316 4109 aut
327 4059 355 4110 in
365 4060 563 4113 rotunditatem
577 4059 694 4126 globari.
709 4061 835 4113 'rentiam
847 4061 967 4128 speciem

169 4126 325 4179 silvestrem
339 4129 522 4196 appellavere,
542 4129 570 4179 in
584 4128 786 4196 longitudinem
798 4128 892 4181 radice
904 4144 967 4197 pro·

171 4206 308 4260 currente,
318 4197 434 4264 raphani
447 4197 640 4261 similitudine,
648 4205 676 4249 et
686 4197 756 4248 folio
768 4197 903 4263 anguloso
912 4210 969 4247 sca·

169 4263 283 4331 litaque,
305 4280 388 4315 succo
400 4266 470 4317 acri:
489 4268 535 4330 qui
548 4266 621 4315 circa
632 4281 747 4316 messem
760 4272 891 4331 exceptus
903 4278 968 4315 ocn-

167 4332 211 4385 lcs
221 4339 332 4400 purget,
342 4332 540 4397 medeaturque
553 4333 675 4399 caligini,
686 4333 812 4383 admixto
824 4334 896 4385 lactc
909 4346 967 4381 mu-

167 4401 278 4454 lierum.
301 4397 417 4466 Frigore
429 4399 556 4452 dulciora
567 4400 628 4452 lieri
640 4402 838 4452 existimantur
849 4407 968 4467 etgran·

170 4469 265 4521 diora:
279 4474 377 4535 tepore
389 4468 416 4518 in
427 4467 497 4520 lolia
508 4476 618 4523 exeunt.
629 4469 728 4523 Palma
738 4469 892 4521 inNursinn
900 4483 968 4539 agro

169 4539 357 4591 nascentibus.
375 4539 497 4589 Taratio
511 4542 537 4590 in
550 4539 635 4590 libras
646 4538 767 4590 sestertii
778 4539 893 4608 singuli,
905 4545 932 4591 ct
941 4541 968 4590 in

168 4608 286 4675 penuria
296 4607 364 4660 bini.
380 4606 511 4660 l‘rorima
523 4609 550 4659 i'n
560 4607 661 4674 Algido
672 4608 753 4660 aetia

203 4676 318 4730 XXXV.
336 4676 410 4743 Napi
420 4692 485 4729 rcro
496 4677 669 4741 Amiternini,
691 4692 806 4746 quorum
819 4676 914 4731 eadem
927 4676 968 4731 se·

170 4761 200 4798 re
211 4753 319 4807 natrrra,
330 4747 453 4814 gaudent
467 4762 555 4813 aeque
566 4746 684 4816 frigidis.
721 4744 857 4800 Secuntur
868 4754 969 4800 etanta

169 4814 313 4867 Kalendas
324 4816 451 4877 Martias,
464 4816 490 4867 in
504 4818 599 4885 iugero
610 4818 729 4870 senarii
740 4825 867 4884 quatuor.
900 4817 970 4868 Dili-

172 4884 312 4953 genticres
324 4888 423 4953 quinto
433 4885 511 4937 sulco
523 4901 622 4954 napum
634 4887 688 4937 scri
702 4886 880 4955 iubent,rupa
890 4903 970 4955 quar·

171 4964 208 5013 tc,
220 4960 367 5034 utrumque
378 4962 544 5009 stercorato.
576 4955 654 5021 Rapa
664 4956 782 5008 laetiora
793 4957 896 5020 deri,si
909 4972 969 5009 eum

171 5025 252 5091 palea
261 5032 441 5078 seminentur.
471 5024 570 5077 Serere
580 5024 682 5076 nudum
693 5024 800 5089 rolant,
811 5032 969 5092 precantem

171 5094 223 5145 sibi
236 5099 265 5146 et
276 5093 372 5147 vicinis
383 5109 478 5148 serere
490 5110 529 5146 se.
551 5093 634 5145 Satos
645 5094 755 5161 utrique
765 5096 970 5175 genecliustus,

171 5162 243 5214 inter
263 5162 380 5216 duorum
397 5164 538 5217 numinum
556 5162 616 5216 (Tres
629 5164 731 5226 festos,
752 5164 873 5231 Neptuni
886 5174 969 5234 atquc

172 5229 299 5284 Volcani.
324 5232 483 5301 Feruntque
493 5233 589 5293 subtili
602 5234 805 5295 observatione,
816 5241 901 5302 quota
911 5234 968 5285 Lu-

172 5315 206 5359 na
218 5302 402 5369 praecedente
414 5302 505 5355 bieme
515 5304 562 5353 nix
575 5305 663 5370 prima
675 5302 844 5367 ceciderit,si
852 5302 969 5355 totidem

173 5369 307 5422 luminum
319 5372 364 5425 dic
375 5372 449 5423 intra
459 5371 631 5437 praedictum
649 5373 784 5440 temporis
795 5374 914 5438 spatium
927 5388 969 5424 se·

171 5446 276 5502 rantur,
297 5443 366 5494 mire
377 5445 531 5509 provenire.
569 5440 705 5493 seruntur
716 5448 744 5495 et
757 5456 821 5494 rere
831 5441 860 5493 i'n
871 5440 969 5494 calidis

172 5514 199 5560 rt
218 5524 253 5562 ue
265 5506 393 5563 humidis.

232 5576 331 5633 xxvi.
349 5578 460 5649 Lupiae
471 5582 516 5633 est
524 5592 591 5631 usos
602 5580 754 5646 proximus,
764 5595 824 5635 cum
834 5582 912 5634 sitet
922 5578 970 5633 hc·

1017 468 1091 531 asini,
1103 474 1131 520 et
1141 465 1350 537 quadrupedum
1361 464 1458 536 generi
1466 467 1585 539 ungulas
1596 470 1719 537 babenti,
1738 488 1813 528 com·

1016 536 1115 588 aruum.
1140 537 1304 590 Remedium
1314 538 1383 600 eius,
1394 554 1428 591 ns
1439 546 1573 593 metentes
1584 541 1674 609 fugiat
1685 543 1815 597 exsilien-

1016 605 1061 668 dc,
1072 613 1103 657 ut
1113 606 1148 656 ab
1158 607 1246 659 imbra
1256 606 1383 659 tollatur.
1420 608 1478 659 Nec
1488 608 1582 670 ullius,
1594 626 1664 676 quae
1674 622 1814 676 seruatur,

1016 676 1812 734 naturaassensuterracmirabiliorest.Prinmmomnium

1016 759 1077 796 cum
1088 742 1154 796 Sale
1165 744 1289 809 quotidie
1301 746 1509 812 circumagitur,
1528 746 1668 815 horasque
1678 750 1811 819 agricolis

1016 814 1100 867 etiam
1112 813 1208 864 nubilo
1221 812 1401 865 demonstrat.
1428 817 1485 868 ‘l'er
1495 821 1639 883 praeterea
1649 816 1742 869 florete
1753 827 1810 872 ter·

1015 897 1074 936 ram
1087 890 1171 944 amat,
1192 886 1322 947 terraque
1332 882 1435 948 operiri
1446 899 1500 936 non
1510 884 1580 937 cult.
1616 885 1654 936 [ct
1664 900 1746 938 unum
1757 887 1812 940 buc

1015 954 1119 1005 seritur
1130 968 1184 1003 non
1196 957 1285 1003 arato.
1311 949 1428 1012 Quaerit
1438 956 1556 1004 maxime
1567 953 1709 1015 sabulosa,
1721 959 1750 1006 et
1758 956 1815 1010 sic.

1015 1022 1247 1089 eantqueetiam
1258 1034 1387 1072 menosa.
1408 1021 1641 1088 Coliutiquenoa
1655 1024 1723 1075 cult.
1751 1028 1814 1081 Tel-

1016 1090 1105 1144 lcrem
1116 1090 1188 1142 adan
1197 1098 1285 1152 amat,
1306 1095 1337 1140 ut
1349 1092 1471 1156 quamvis
1482 1088 1635 1142 frutectoso
1646 1094 1708 1146 salo
1723 1099 1814 1150 conia·

1016 1166 1090 1213 ctum
1101 1159 1173 1212 inter
1182 1158 1251 1211 folia
1261 1166 1421 1225 vepresque,
1441 1158 1477 1210 sd
1488 1166 1592 1212 terram
1612 1167 1707 1217 tamen
1718 1167 1815 1219 radice

1016 1232 1166 1296 perueniat.
1202 1227 1385 1295 pinguescere
1396 1225 1449 1279 boc
1458 1233 1522 1280 sata
1532 1243 1600 1282 arra
1610 1234 1757 1304 vineasque
1769 1235 1812 1287 di·

1015 1299 1053 1350 sir
1151 1301 1248 1365 ltaque
1260 1297 1329 1349 adeo
1342 1311 1395 1348 uon
1408 1313 1422 1349 c
1443 1299 1555 1361 etlinun,
1574 1303 1608 1351 ut
1618 1305 1715 1370 optimi
1727 1304 1812 1358 ricem

1016 1383 1047 1420 re
1148 1374 1216 1420 utet.
1226 1364 1355 1433 Nihilque
1365 1313 1444 1418 aliufi
1454 1366 1530 1418 nullo
1541 1369 1683 1435 impendio
1694 1379 1813 1436 canstat,

1016 1438 1134 1504 utquod
1151 1453 1184 1490 nc
1195 1435 1307 1488 serendi
1323 1436 1430 1502 quidem
1445 1435 1538 1504 gratia
1558 1451 1629 1503 opus
1648 1442 1685 1492 sit
1704 1442 1813 1494 afferre.

1016 1506 1146 1558 Protinus
1156 1509 1260 1559 seritur
1270 1520 1304 1557 er
1315 1521 1398 1557 arvo:
1409 1520 1442 1557 ae
1451 1520 1486 1558 ne
1495 1510 1591 1573 spargi
1601 1509 1709 1574 quidem
1722 1519 1816 1577 postu·

1018 1576 1058 1626 lat
1077 1576 1210 1627 decidens
1229 1581 1337 1637 sponte.
1374 1574 1549 1641 Primumque
1567 1579 1688 1628 amnium
1702 1580 1814 1640 seritur,

1016 1645 1197 1695 maissiam
1208 1641 1331 1693 tollitur:
1341 1650 1488 1707 utrumque
1499 1645 1655 1710 Septembri
1669 1646 1728 1699 fere
1740 1661 1816 1699 nien·

1017 1726 1063 1765 se:
1084 1712 1148 1780 quia
1158 1713 1246 1764 sinna
1261 1710 1412 1763 antecessit
1423 1708 1550 1769 hiemem,
1568 1711 1722 1779 trigoribus
1732 1716 1817 1765 obnu-

1016 1781 1093 1833 xium
1105 1786 1156 1834 est.
1192 1781 1306 1847 lmpuue
1327 1784 1471 1847 praeterea
1489 1780 1570 1842 iacet,
1590 1781 1636 1833 rel
1651 1780 1817 1834 derelictum

1017 1852 1113 1912 etiam,
1133 1852 1158 1901 si
1178 1865 1232 1902 non
1254 1854 1379 1915 protinus
1399 1848 1490 1901 secuti
1511 1850 1629 1901 obruant
1650 1850 1761 1912 imbres,
1782 1852 1817 1903 ab

1018 1921 1145 1973 omnibus
1154 1919 1320 1971 animalibus
1332 1918 1679 1971 amaritudinesuatutum.
1690 1919 1814 1971 Plerum-

1017 2003 1070 2055 que
1081 1995 1174 2041 tamen
1185 1987 1241 2039 levi
1251 1987 1329 2039 sulco
1341 1988 1476 2053 integant.
1487 1987 1530 2038 Er
1542 1987 1670 2041 densiore
1682 1994 1759 2040 terra
1770 2003 1816 2040 ru·

1017 2058 1120 2110 bricam
1132 2058 1252 2109 maxime
1264 2063 1346 2107 amat.
1359 2056 1399 2107 nd
1413 2055 1484 2107 banc
1494 2056 1620 2108 alendam
1650 2058 1817 2110 usttertium

1017 2126 1114 2180 liorem
1125 2127 1198 2181 verti
1210 2127 1302 2187 debet,
1313 2127 1341 2177 in
1351 2124 1453 2178 sabulo
1463 2130 1529 2191 post
1540 2072 1699 2179 secunlum.
1721 2127 1817 2179 Creta·

1017 2214 1049 2249 aa
1069 2204 1186 2259 tactum,
1208 2196 1364 2264 limosaque
1385 2194 1454 2257 adit,
1476 2201 1505 2246 et
1520 2194 1549 2246 in
1565 2196 1665 2250 iisncn
1678 2197 1818 2263 prouenit.

1018 2268 1189 2319 Maceratum
1212 2264 1303 2317 calida
1318 2279 1390 2332 aqua
1407 2263 1514 2316 bomini
1528 2279 1636 2334 qunque
1651 2268 1680 2318 in
1691 2266 1752 2318 cibo
1764 2272 1817 2319 est.

1018 2336 1088 2389 Nam
1099 2335 1198 2387 bovem
1210 2348 1294 2384 unum
1315 2333 1404 2387 modii
1421 2334 1524 2401 singuli
1546 2337 1661 2399 satiant,
1682 2336 1819 2391 validum·

1018 2419 1070 2471 que
1083 2408 1240 2470 praestante
1262 2401 1371 2467 quando
1393 2403 1476 2453 etiam
1495 2405 1654 2469 impositum
1666 2418 1817 2473 puerorum

1019 2471 1172 2533 ventribus,
1183 2484 1234 2538 pro
1245 2469 1368 2523 remedio
1381 2475 1432 2521 est.
1469 2471 1557 2522 Condi
1569 2472 1596 2523 in
1608 2472 1684 2523 lamo
1697 2475 1818 2526 niaxime
1849 2518 1856 2525 .

1019 2541 1163 2600 conuenit,
1184 2542 1315 2657 quoniam
1334 2539 1362 2589 in
1374 2536 1489 2590 humido
1501 2541 1647 2592 vermiculi
1657 2541 1818 2593 umbilicum

1019 2611 1079 2662 eius
1089 2611 1116 2659 in
1124 2609 1192 2659 steri
1206 2612 1302 2659 itatem
1315 2614 1446 2658 castrant.
1458 2608 1488 2659 Si
1499 2606 1647 2675 depastum
1656 2611 1694 2661 sit
1704 2611 1732 2661 in
1743 2609 1818 2661 fron·

1019 2677 1065 2741 de,
1074 2677 1176 2728 inarari
1188 2677 1316 2743 protinus
1327 2674 1417 2726 solum
1430 2690 1498 2742 opas
1509 2683 1560 2729 cst.

1054 2743 1195 2798 xxxva.
1208 2746 1246 2796 Et
1255 2744 1328 2796 ricla
1339 2745 1521 2812 pinguescunt
1532 2761 1608 2809 arra,
1616 2763 1666 2801 nec
1676 2748 1736 2814 ipsa
1745 2750 1818 2815 agri·

1020 2816 1090 2870 colis
1103 2828 1235 2882 operosa:
1249 2829 1304 2865 uno
1316 2813 1394 2864 sulco
1405 2820 1537 2875 satamon
1549 2816 1676 2879 sarritur,
1682 2831 1735 2868 nun
1746 2825 1818 2871 ster·

1020 2890 1150 2945 curatur,
1168 2900 1219 2937 nec
1233 2881 1310 2935 aliud
1326 2898 1407 2949 quam
1425 2882 1585 2936 desecatur.
1621 2885 1743 2936 Sationis
1755 2886 1816 2936 eius

1019 2955 1075 3007 tria
1087 2961 1227 3018 tempera:
1248 2953 1331 3005 Circa
1340 2967 1467 3003 occasum
1478 2953 1605 3018 Arcturi,
1626 2961 1657 3004 ut
1667 2954 1818 3006 Decembri

1020 3039 1114 3077 mense
1125 3032 1239 3090 pescate
1252 3029 1318 3075 tunc
1330 3022 1434 3087 optime
1444 3023 1549 3074 seruos
1561 3024 1587 3074 in
1600 3038 1702 3075 samen.
1723 3025 1816 3087 deque

1020 3108 1138 3160 nuncque
1150 3091 1205 3144 lert
1217 3090 1342 3157 depasta.
1353 3088 1481 3141 Secunda
1493 3092 1567 3142 satin
1581 3105 1672 3143 mensa
1684 3090 1817 3141 lamiario
1829 3142 1838 3153 ,

1019 3169 1075 3214 est:
1095 3160 1248 3213 norissima
1259 3159 1374 3212 Martiae
1396 3166 1453 3210 tum
1470 3160 1504 3210 ad
1520 3160 1646 3211 frondem
1657 3157 1819 3230 utilissima.

1020 3228 1816 3294 siccitatemexnmnibus,quaeserrantnrmasimeamat:

1019 3317 1074 3365 non
1086 3305 1251 3367 aspernator
1261 3297 1495 3361 etiamumbruss.
1532 3296 1576 3348 Er
1587 3297 1690 3349 semine
1703 3298 1771 3356 cius,
1793 3297 1820 3347 si

1020 3371 1095 3425 lecta
1106 3376 1215 3421 matura
1226 3374 1277 3431 est,
1298 3366 1380 3436 palca
1391 3365 1490 3417 ceteris
1504 3364 1669 3431 praefertur.
1706 3366 1820 3418 litibus

1020 3439 1156 3508 praeripit
1168 3453 1290 3492 saccum:
1311 3436 1558 3505 languescuntque,
1577 3432 1640 3487 siin
1651 3433 1820 3487 arbustoru-

1022 3518 1108 3563 ralur.
1198 3514 1202 3519 “

1056 3576 1211 3631 xxxviii.
1230 3575 1288 3627 Nec
1307 3575 1372 3645 ersi,
1383 3587 1501 3639 operosa
1515 3588 1583 3627 cura
1599 3582 1650 3627 cst.
1686 3574 1749 3625 Hoc
1763 3587 1822 3625 am·
1843 3600 1870 3627 η»

1021 3646 1110 3715 plius,
1125 3660 1206 3712 quam
1218 3645 1299 3706 vicia,
1319 3649 1466 3694 runcatur:
1490 3648 1518 3696 et
1529 3644 1618 3709 ipsum
1631 3641 1822 3693 medicaminis

1022 3717 1076 3767 cim
1096 3716 1233 3767 obtinens.
1265 3711 1375 3778 Quippe
1386 3727 1435 3779 per
1446 3727 1541 3763 errum
1553 3712 1821 3776 Dirumdugostum

1022 3792 1156 3844 curatum,
1167 3782 1290 3849 epistolis
1301 3782 1387 3848 ipsius
1400 3783 1534 3835 mercuria
1545 3787 1646 3833 exstat.
1671 3778 1822 3831 Sufficiunt

1022 3855 1140 3921 singulis
1150 3854 1233 3904 boum
1244 3851 1318 3918 iugis
1330 3850 1416 3901 modii
1429 3850 1503 3917 quini
1515 3851 1579 3901 sati.
1608 3848 1713 3901 Martio
1724 3862 1819 3903 mense
1834 3862 1845 3897 r

1021 3932 1120 3985 satunr,
1131 3922 1243 3974 nerium
1255 3935 1316 3972 esse
1326 3920 1416 3971 bubus
1426 3919 1513 3980 aiunt,
1533 3920 1599 3970 item
1610 3926 1742 3969 autumna
1752 3931 1817 3984 gra·

1021 3994 1196 4047 seditiosum:
1208 3989 1349 4041 innoxium
1362 3994 1454 4042 autem
1467 3988 1527 4040 deri
1539 3987 1629 4054 prima
1640 4001 1706 4038 vere
1717 3993 1821 4037 satum.

1056 4061 1185 4113 xxiilx.
1204 4060 1239 4111 Et
1259 4058 1359 4121 silicia,
1384 4056 1437 4109 bne
1456 4064 1515 4120 est,
1536 4056 1646 4109 laenam
1669 4053 1821 4113 Graecum,

1021 4129 1225 4183 scarificatione
1235 4128 1414 4190 seritur,non
1423 4125 1525 4179 altiore
1536 4131 1657 4190 quatuor
1667 4121 1819 4200 digitorum

1021 4199 1112 4251 sulco:
1125 4203 1283 4265 quantaque
1294 4197 1371 4263 peius
1383 4199 1615 4254 tractatur,tant0
1627 4195 1753 4256 prorenrt
1764 4203 1819 4239 me-

1021 4269 1082 4319 llus.
1103 4268 1205 4319 ilatum
1218 4263 1304 4327 dictu,
1317 4280 1377 4316 esse
1389 4262 1502 4329 aliquid,
1513 4259 1558 4319 cai
1570 4259 1661 4325 prosit
1672 4255 1817 4325 negligen-

1021 4337 1071 4387 tia.
1082 4334 1115 4387 ld
1126 4342 1218 4386 autem
1230 4334 1304 4398 quod
1315 4330 1417 4395 secale,
1430 4345 1464 4385 ac
1474 4330 1585 4395 farrago
1597 4325 1820 4407 appellataque·

1022 4403 1195 4457 caritantnm
1207 4401 1360 4454 desiderat.
1891 4458 1896 4465 ,

1056 4470 1115 4525 XL.
1134 4470 1232 4525 Secale
1242 4470 1359 4521 Taurini
1371 4469 1421 4521 aab
1432 4468 1546 4535 Alpibus
1557 4466 1644 4529 asiam
1655 4471 1764 4527 vocant,
1775 4462 1820 4517 de·
1893 4492 1897 4501 ι

1022 4543 1178 4604 terrimum,
1187 4546 1215 4592 et
1227 4542 1335 4592 tuntum
1347 4537 1382 4590 sd
1392 4539 1536 4591 arcendam
1549 4535 1662 4588 famem:
1675 4533 1823 4596 foecunda,

1023 4611 1072 4666 sed
1083 4611 1183 4680 gracili
1193 4608 1306 4676 stipula,
1316 4607 1431 4676 nigritia
1441 4608 1534 4668 triste,
1546 4605 1597 4657 sed
1608 4605 1728 4672 pondere
1738 4619 1818 4671 prae·

1023 4685 1142 4750 cipuum.
1177 4678 1353 4732 Admiscetur
1364 4676 1428 4729 huie
1438 4676 1490 4739 lar,
1500 4682 1531 4728 ut
1541 4674 1651 4741 mitiget
1660 4673 1823 4726 amaritudi-

1023 4768 1085 4805 nem
1097 4751 1171 4804 cius:
1194 4757 1223 4803 et
1242 4756 1335 4802 tannen
1356 4747 1397 4798 sic
1407 4761 1516 4813 quaque
1528 4743 1746 4813 ingratissimum
1758 4746 1822 4796 ren·

1022 4824 1058 4875 tri
1069 4827 1124 4874 est.
1157 4819 1289 4874 Nascitur
1310 4816 1490 4884 qualicunque
1511 4814 1571 4867 solo
1589 4828 1650 4866 eum
1669 4813 1821 4865 centesimo

1022 4906 1109 4959 granu
1119 4910 1125 4941 x
1137 4893 1282 4956 ipsamque
1292 4903 1340 4954 pro
1352 4886 1503 4938 laetamine
1515 4889 1567 4935 est.

1056 4960 1128 5012 xm.
1146 4956 1271 5027 Farrago
1285 4971 1318 5008 ex
1330 4954 1508 5007 recrementis
1520 4952 1601 5005 larris
1611 4950 1767 5019 praedensa
1777 4965 1820 5001 se·

1023 5033 1102 5091 ritur,
1117 5025 1405 5092 admixtaaliquando
1416 5029 1444 5076 et
1455 5024 1539 5075 vicia.
1572 5022 1676 5074 Eadem
1688 5022 1717 5073 in
1728 5018 1822 5073 Africa

1021 5100 1053 5150 lit
1063 5113 1097 5151 ex
1108 5096 1224 5149 hordeo.
1238 5095 1337 5149 Omnia
1346 5093 1415 5147 baec
1423 5092 1578 5160 pabularia:
1593 5092 1819 5159 degeneransque

1022 5184 1055 5220 ex
1068 5166 1253 5236 leguminibus
1265 5180 1336 5233 quae
1354 5170 1471 5216 vocatur
1487 5177 1594 5227 erchqz
1616 5161 1645 5211 in
1657 5166 1764 5210 tantum
1776 5173 1819 5208 co·
1845 5180 1856 5193 ἡ

1022 5236 1124 5289 lumbis
1135 5243 1226 5306 grata,
1237 5240 1268 5287 ut
1279 5238 1372 5303 pastas
1383 5248 1420 5288 eu
1430 5238 1531 5300 negent
1542 5229 1675 5299 fugitivas
1687 5227 1766 5279 illius
1776 5224 1820 5274 lo-

1021 5305 1129 5358 cilleri.

1057 5375 1145 5428 XLll.
1163 5372 1248 5441 Apud
1254 5372 1383 5441 antiquus
1394 5379 1455 5425 erat
1466 5369 1562 5438 pabuli
1572 5382 1668 5437 genus,
1683 5358 1757 5429 quad
1769 5359 1821 5411 Ca·

1023 5446 1292 5511 tcocymum‘vocat,
1313 5458 1366 5510 quo
1389 5442 1526 5492 sistebant
1546 5437 1639 5488 alvum
1655 5433 1751 5484 bubus.
1788 5427 1823 5480 ld

1022 5521 1082 5567 crat
1093 5529 1107 5565 e
1119 5513 1237 5580 pabulis,
1249 5518 1344 5579 segete
1355 5509 1439 5561 viridi
1449 5508 1570 5564 desecta,
1586 5509 1731 5565 antequam
1743 5496 1807 5564 gem

1022 5589 1074 5638 ret.
1101 5582 1173 5636 Sura
1184 5582 1327 5635 Mamilius
1340 5578 1367 5630 id
1380 5578 1466 5635 aliter
1475 5573 1685 5637 interpretatur,
1695 5571 1724 5620 et
1735 5574 1772 5617 ιη
