4356 6014
357 262 418 322 roe
489 258 521 318 c.
549 256 694 320 rainu
718 250 922 317 saeuum
953 243 1123 313 aaron
1162 248 1348 316 rrrsron.
1387 253 1471 337 nra,
1498 209 1609 315 xvi.
1637 221 1873 315 classus

391 408 491 464 aviii
509 408 638 471 Arbores,
657 418 724 473 quas
745 406 860 453 naturae
881 398 1044 465 debeamus,
1062 402 1153 455 tribas

356 479 447 531 modis
457 484 623 531 nascamur:
644 478 750 541 sponte,
760 476 810 521 aut
820 469 934 535 semine,
943 477 993 522 aut
1004 471 1039 522 ab
1050 473 1152 526 radice.

357 549 432 601 cura
442 550 614 601 numerosior
624 541 750 595 exsistit:
769 540 804 591 do
815 550 870 606 qua
879 552 930 591 auo
941 539 1066 593 dicemus
1075 541 1154 594 volu·

356 619 446 672 mine:
467 632 539 669 nune
548 616 619 666 enim
630 616 707 661 totus
718 622 812 662 sermo
824 609 859 661 de
872 616 974 663 natura
985 617 1037 673 est,
1056 612 1153 663 multis

356 687 449 740 modis
459 684 590 747 mirisque
602 678 784 730 memorabili.
813 678 941 746 Namque
951 695 1007 740 noa
1020 681 1113 732 omnia
1124 682 1154 735 in

356 757 486 809 omnibns
499 751 567 802 locis
578 749 653 800 nasei
665 747 819 811 docuimus,
837 763 888 801 nec
902 749 1041 802 translata
1054 750 1153 802 vivere.

272 828 278 833 '
355 826 420 878 Hoc
434 821 503 873 alias
513 816 637 881 lastidio,
658 817 731 870 alias
742 819 927 883 contumacia,
945 821 1058 886 saepius
1069 820 1154 871 imbe-

354 886 886 957 011111011000000000001000010000100,
898 890 1002 941 evenit:
1014 888 1085 941 alias
1094 904 1155 942 cae·

354 962 385 1015 lo
395 957 547 1021 invidente,
558 958 627 1010 alias
638 957 700 1008 solo
712 962 894 1023 repugnante.

389 1027 463 1080 bix.
482 1025 602 1078 Fastidit
612 1026 766 1079 balsamum
778 1024 946 1077 alibinasci:
964 1030 1031 1077 nata
1038 1025 1154 1093 Assyria

354 1096 445 1151 malus
455 1094 524 1147 alibi
533 1093 623 1149 ierre:
634 1110 686 1149 uec
694 1109 750 1146 non
761 1100 790 1147 ct
800 1094 894 1161 palma
904 1096 980 1147 nasci
992 1095 1095 1163 ubique
1105 1101 1154 1147 aut

354 1172 421 1220 0010
431 1180 543 1233 parere:
559 1165 605 1218 vel
615 1179 676 1217 cum
688 1164 815 1232 promisit
826 1164 919 1227 etiam,
930 1164 1056 1218 ostendit
1075 1179 1109 1216 ae
1120 1179 1154 1217 ea

354 1237 482 1299 educare,
502 1249 575 1303 qaae
595 1242 726 1303 tanquam
743 1235 830 1285 iuvita
840 1234 958 1301 peperit.
994 1234 1056 1285 Non
1088 1234 1155 1287 abet

352 1307 428 1359 vires
449 1303 544 1357 frutex
564 1305 686 1357 cinnami
707 1304 736 1355 in
747 1304 847 1370 Syriae
863 1305 955 1356 vicina
965 1303 1152 1370 perveniendi.

352 1375 416 1431 Non
427 1373 521 1427 lemni
535 1373 639 1441 0000001
658 1374 794 1441 nardique
811 1372 939 1437 deliciae,
961 1388 995 1426 ne
1010 1371 1039 1423 in
1049 1372 1153 1425 Arabia

373 1445 466 1498 uidem
476 1460 512 1499 ax
522 1443 610 1506 ludia,
620 1449 649 1495 et
659 1436 726 1495 01000
737 1442 918 1511 peregrinari.
937 1442 1071 1494 'lentavit
1081 1441 1153 1493 enim

390 1515 487 1567 leucas
505 1527 564 1566 rex.
600 1511 673 1565 illud
684 1512 804 1563 maxime
820 1514 930 1575 mirum,
952 1511 1154 1578 ipsasarborea

352 1585 516 1652 plerumque
537 1582 650 1633 exorari
666 1581 813 1643 utrivant,
834 1587 918 1648 atque
938 1582 1153 1649 transmigrent:

354 1650 507 1721 aliquando
517 1654 572 1703 eta
581 1650 643 1701 solo
654 1649 809 1717 impetrari,
831 1655 863 1701 at
873 1650 980 1703 alienas
992 1652 1058 1714 alat,
1073 1649 1155 1704 adre-

352 1736 458 1789 nasque
469 1719 587 1771 nutriet:
608 1717 715 1770 eaelum
735 1719 812 1771 nullo
824 1721 908 1771 niodo
919 1720 1003 1773 flecti.
1037 1718 1156 1771 Viritin

353 1790 436 1844 ltalia
445 1788 549 1858 piperis
559 1788 656 1859 arbor:
667 1788 832 1853 casiaevero
843 1789 927 1842 etiam
938 1791 967 1841 10
977 1790 1155 1858 septemtrio·

353 1860 413 1915 nali
423 1861 522 1928 plaga:
534 1858 603 1912 vixit
614 1858 742 1926 inLydia
753 1857 851 1910 thuris.
863 1857 999 1912 Sednnde
1009 1858 1154 1912 sorbentes

354 1945 464 1983 succum
476 1944 585 1982 omnem
596 1944 631 1982 ex
641 1926 982 1996 iisSoles‚coquentesque
993 1928 1155 1981 lacrimami

389 1998 462 2051 illud
473 2001 599 2065 proxime
610 1998 720 2060 mirum,
739 1997 844 2048 mutari
861 2005 989 2048 naturam
1004 1998 1034 2049 in
1046 2000 1154 2061 iisdem,

354 2074 438 2137 atque
450 2084 499 2137 pro
511 2067 631 2120 indiviso
643 2066 746 2118 endere.
783 2066 902 2117 Cedram
919 2070 1056 2119 aestuosis
1068 2068 1153 2135 parti-

353 2139 405 2191 bus
418 2138 547 2191 dederat:
569 2143 598 2188 et
608 2137 636 2185 in
649 2135 747 2203 Lyciis
758 2133 834 2203 Phry·
855 2135 943 2203 ‘isque
954 2137 1093 2189 montibus
1104 2152 1152 2188 na-

354 2208 450 2260 scitur.
469 2207 571 2273 Frigus
584 2206 723 2257 inimicum
736 2204 815 2255 lauro
840 2213 945 2257 ecerat:
957 2206 1007 2258 sed
1017 2207 1046 2257 in
1057 2206 1154 2274 Olym·

352 2290 389 2344 po
409 2277 552 2343 copiosior
566 2274 643 2325 nulla
663 2279 716 2326 est.
752 2273 836 2326 circa
844 2273 1020 2341 Bosphorum
1039 2275 1154 2329 Cimme-

352 2345 424 2397 rium
437 2347 466 2397 in
478 2343 666 2408 Panticapaeo
676 2342 755 2404 urbe,
767 2342 841 2393 omui
854 2348 938 2395 modo
948 2344 1088 2397 laborarit
1099 2347 1153 2397 Mi-

351 2413 489 2467 thridates
500 2427 561 2475 rex,
573 2420 603 2463 et
616 2411 703 2463 ceteri
713 2412 831 2475 incolae,
851 2426 991 2464 sacrorum
1005 2421 1155 2467 00010000-

353 2501 394 2547 sa,
414 2484 524 2535 laurum
545 2487 723 2601 myrtumque
740 2479 856 2533 habere:
878 2497 931 2534 non
949 2483 1077 2551 contigit,
1092 2500 1153 2536 cam

352 2553 458 2620 teporis
469 2552 584 2604 arbores
596 2552 670 2603 abun
690 2555 737 2603 ent
755 2551 805 2612 ibi,
824 2549 953 2615 Punicae,
965 2554 1075 2620 licique,
1099 2555 1154 2606 iam

353 2623 421 2677 mali
441 2628 469 2675 et
487 2621 542 2690 piri
559 2621 779 2673 laudatissimae.
805 2619 937 2688 Frigidae
952 2621 1050 2675 eodem
1062 2631 1154 2676 tractu

353 2708 408 2744 nou
418 2693 518 2760 genuit
526 2690 650 2752 arbores,
661 2694 763 2757 pinum,
772 2689 905 2753 abietem,
917 2691 1033 2757 piceam.
1045 2694 1154 2759 Eiquid

355 2763 459 2814 attinet
470 2764 498 2813 in
508 2761 626 2813 Pontum
637 2760 731 2812 abiret
748 2760 828 2811 iuxta
839 2760 953 2812 Romam
965 2761 1053 2828 ipsam
1064 2770 1154 2815 casta-

353 2846 424 2884 neae
435 2833 578 2898 cerasique
588 2844 671 2898 aegre
683 2829 862 2897 prorcnlunt:
885 2830 995 2883 Persica
1005 2831 1035 2883 10
1045 2826 1153 2884 Tuscu·

352 2900 429 2961 lano,
447 2916 498 2952 000
508 2915 561 2951 000
573 2915 657 2951 00000
670 2899 794 2951 Graecae
805 2913 867 2951 cum
878 2901 973 2953 taedio
983 2901 1154 2966 inseruntur,

354 2970 509 3021 Tarracina
519 2969 598 3019 silvis
610 2976 734 3021 scatente
745 2984 850 3021 earum.

388 3037 448 3087 Lx.
468 3039 619 3103 cupressus
631 3040 745 3100 0010000,
767 3045 795 3090 01
808 3038 970 3092 difficillime
983 3042 1152 3093 nascentium

354 3105 420 3169 luit,
431 3112 463 3155 ut
472 3105 507 3156 dc
517 3121 569 3172 qua
580 3108 724 3158 verbosius
734 3109 909 3177 saepiusque,
927 3124 1006 3176 quam
1018 3109 1053 3160 de
1064 3111 1151 3163 orani·

352 3176 405 3228 bus
416 3174 487 3236 aliis,
499 3174 654 3241 prodiderit
665 3178 743 3229 Cato.
779 3176 852 3229 Natu
863 3191 984 3240 morosa,
1006 3178 1097 3230 iructu
1109 3195 1153 3235 su·

354 3258 502 3312 pervacua,
512 3244 605 3295 baccis
616 3250 705 3306 torva,
725 3245 793 3297 10110
804 3260 907 3305 antara,
923 3246 1009 3298 odore
1019 3247 1152 3312 violenta,

353 3329 386 3366 ac
397 3328 431 3364 00
441 3312 539 3364 umbra
551 3313 659 3381 quidem
672 3316 805 3382 gratiosa,
827 3317 943 3367 materie
955 3331 1029 3379 rara,
1048 3323 1080 3368 ut
1090 3333 1153 3387 pae-

353 3396 388 3434 00
398 3382 525 3434 fruticosi
537 3384 658 3451 generis,
667 3384 727 3435 Diti
739 3397 829 3447 00000,
835 3388 863 3435 01
875 3384 939 3437 ideo
950 3384 1061 3438 1000001
1071 3388 1151 3457 signo

353 3452 388 3504 ad
401 3451 499 3503 domos
511 3451 609 3518 posita.
646 3452 763 3504 Femina
782 3454 888 3505 sterilis
902 3455 959 3507 dia.
996 3457 1090 3510 dietae
1103 3458 1150 3509 de·

352 3534 426 3571 mum
437 3526 553 3588 aspectu
573 3535 627 3572 non
638 3522 794 3587 repudiata,
815 3522 1023 3587 distinguendis
1041 3531 1150 3577 tantum

351 3590 480 3656 pinorum
492 3587 647 3641 ordinibus:
670 3604 742 3641 aune
752 3605 819 3642 vero
828 3591 939 3642 tonsilis
954 3591 1031 3643 iacta
1043 3593 1072 3643 in
1083 3595 1150 3645 deu·

351 3658 435 3711 ritate
446 3659 596 3725 parietum,
608 3661 785 3726 coercitaque
795 3661 955 3727 gracilitate
965 3668 1102 3727 perpetuo
1114 3669 1152 3714 te·

351 3742 426 3779 nera.
453 3726 588 3780 Trahitur
597 3730 681 3780 etiam
694 3730 722 3778 in
733 3729 856 3794 picturas
869 3730 962 3796 operis
972 3730 1097 3795 topiarii,
1107 3747 1152 3782 re·

350 3802 441 3858 satus,
452 3797 599 3858 classesve,
614 3803 643 3848 et
654 3798 790 3863 imagines
797 3810 892 3847 ⁴rerum
905 3799 983 3849 tenui
994 3798 1074 3860 lolio,
1085 3797 1151 3851 bre-

349 3865 441 3932 vique,
461 3872 490 3917 et
504 3865 611 3917 viremi
623 3879 733 3929 semper
750 3864 883 3915 00011000.
919 3866 983 3919 Duo
993 3881 1097 3934 genera
1107 3882 1152 3919 ca·

284 3954 287 3961 ⁴
347 3948 424 4001 rum:
444 3933 563 3986 Metain
578 3930 721 3999 fastigium
734 3931 892 3993 convoluta,
914 3946 985 3998 quae
1003 3940 1032 3987 et
1049 3935 1151 3986 semina

349 4003 516 4073 appellatur.
551 4000 614 4052 hias
626 4002 732 4067 spargit
743 4005 825 4052 extra
835 4016 866 4053 se
876 4015 978 4064 ramos,
987 4003 1151 4070 deputatur·

261 4098 270 4107 ²
349 4088 412 4142 que.
436 4074 559 4139 Utraque
568 4074 663 4122 autem
673 4069 837 4121 immittitur
848 4070 878 4122 in
889 4072 1020 4138 perticas,
1031 4088 1152 4126 asseres·

348 4140 871 4211 000000000000000000,00111111
882 4157 953 4193 anno
964 4143 1086 4196 denariis
1096 4146 1152 4196 sin·

350 4213 423 4281 gulis
433 4218 564 4267 veneunt.
590 4210 849 4275 ouuestuosissimu
859 4212 887 4262 in
898 4218 974 4265 satus
985 4213 1094 4267 ratione
1105 4213 1152 4265 sil·

349 4296 397 4331 sa:
418 4283 566 4350 vulgoque,
588 4281 681 4334 dotem
693 4281 812 4339 tiliarum
828 4281 935 4350 antiqui
950 4281 1089 4349 plantaria
1106 4298 1151 4350 ap·

248 4356 254 4367 ·
350 4348 504 4415 pellebant.
540 4352 716 4419 11010001οἰ0
728 4351 819 4404 insula
831 4351 929 4415 Creta,
944 4368 1005 4404 cum
1018 4354 1086 4405 Cato
1098 4356 1152 4406 'Pa-

351 4416 488 4468 sentinam
500 4435 561 4471 eam
571 4422 707 4490 appellet:
723 4421 824 4485 credo,
845 4421 918 4488 quod
930 4423 1048 4489 primum
1060 4436 1094 4476 eo
1107 4440 1152 4476 re.

351 4485 435 4537 nerii.
469 4486 507 4537 Et
525 4489 554 4540 in
575 4492 695 4544 aenaria
715 4492 823 4543 succisa
840 4492 1021 4559 regerminat.
1056 4492 1111 4545 Sed
1123 4495 1152 4545 10

352 4554 436 4606 Creta
448 4560 648 4624 quocunquein
666 4561 728 4612 loco
749 4569 852 4614 terram
873 4562 994 4614 moverit
1004 4560 1151 4630 quispiam,

263 4674 268 4681 ,
351 4623 380 4673 01
391 4621 589 4678 naturalihacc
609 4628 743 4694 gignitur,
761 4635 944 4698 protinusque
964 4633 1083 4683 enricnt:
1101 4631 1171 4695 iliu,

351 4707 418 4743 0000
430 4693 516 4743 etiam
527 4708 581 4743 nou
592 4696 733 4760 appellato
753 4701 825 4762 solo,
845 4714 880 4752 ac
890 4706 998 4767 sponte,
1020 4700 1151 4752 manime·

353 4775 404 4828 que
415 4761 443 4810 in
455 4759 545 4812 idaeis
556 4763 708 4825 montibus,
730 4772 759 4816 et
769 4783 838 4832 quos
850 4769 935 4822 Albos
947 4776 1056 4832 vocant,
1077 4785 1151 4821 sum·

353 4828 458 4895 mirque
468 4829 552 4895 iugis,
574 4830 646 4881 unde
656 4832 733 4883 nives
745 4846 882 4900 nunquam
895 4840 1004 4901 obsunt,
1023 4840 1150 4906 plurima,

352 4898 426 4966 qnod
443 4899 589 4949 miremur:
607 4898 675 4949 alibi
689 4915 745 4951 non
763 4903 814 4955 nisi
825 4906 852 4955 10
864 4913 962 4975 tepore
977 4910 1150 4976 proveniens,

353 4973 381 5018 at
391 4967 528 5019 nutricem
541 4981 708 5034 magnopere
720 4968 876 5024 fastidiens.

385 5034 459 5089 bxi.
477 5035 536 5088 Nec
558 5041 650 5089 terrae
669 5042 775 5091 tantum
797 5048 897 5094 natura
909 5046 982 5097 circa
993 5044 1151 5108 basrclcrt,

353 5111 403 5157 aut
412 5113 546 5172 perpetua
556 5106 773 5166 caeli‚verumet
783 5111 917 5176 quaedam
929 5116 1098 5182 tenrporaria
1108 5117 1150 5167 vis

352 5175 488 5227 imbrium.
516 5176 611 5241 Aquae
620 5175 782 5243 plenumque
791 5179 897 5232 semina
909 5183 1042 5236 ailerunt:
1055 5193 1084 5238 et
1094 5201 1151 5238 cer·

351 5254 383 5297 to
404 5242 492 5296 dount
513 5258 623 5313 genere,
643 5244 791 5311 aliquando
804 5249 1056 5320 etiamincognito:
1077 5254 1150 5322 quod

350 5314 452 5366 accidit
462 5314 633 5384 Cyrenaicae
644 5314 761 5381 regioni,
776 5330 836 5366 cunr
849 5321 967 5383 primum
983 5323 1021 5374 ibi
1037 5323 1151 5391 laserpi-

350 5382 419 5433 tium
440 5390 533 5436 natum
553 5390 609 5436 est:
630 5389 662 5435 at
683 5385 710 5435 in
731 5383 876 5437 herbarum
898 5384 997 5442 natura
1015 5392 1149 5446 dicemus.

349 5449 424 5503 Nata
434 5460 477 5505 est
487 5459 516 5507 et
526 5453 597 5505 silva
608 5455 667 5505 urbi
681 5455 706 5507 ei
719 5455 854 5521 proxima,
875 5456 964 5509 imbre
976 5461 1056 5524 piceo
1071 5478 1148 5516 cras·

349 5532 444 5587 suque,
456 5523 570 5578 circiter
579 5524 656 5577 urbis
666 5524 772 5579 Romae
780 5540 880 5578 armum
892 5528 1070 5582 CCCCXXX.

1240 405 1328 458 Lxll.
1344 404 1440 458 ildera
1449 406 1503 456 iam
1514 402 1619 457 dieitur
1629 402 1658 454 in
1667 402 1734 456 Asia
1745 403 1835 462 nasci:
1857 413 2009 474 negaverat

1207 473 1431 542 Theophrastus:
1451 488 1503 526 nec
1522 475 1551 525 in
1572 472 1665 535 india,
1686 472 1742 524 nisi
1761 473 1790 523 in
1810 480 1903 527 monte
1918 476 2008 529 tecm.

1206 544 1279 607 Quia
1291 551 1319 596 ct
1329 543 1484 611 Harpalum
1497 543 1572 594 omni
1586 542 1668 594 modo
1679 541 1832 606 laborasse,
1853 554 1885 595 at
1902 554 2009 600 sereret

1207 628 1266 665 eam
1279 616 1306 664 in
1319 612 1433 679 11100110,”
1444 613 1562 666 frastra:
1582 612 1768 665 Alexandrum
1780 627 1846 665 rero
1859 614 1895 665 ob
1905 615 2005 668 000110·

1206 691 1262 734 tem
1274 683 1317 735 ita
1327 688 1463 736 coronato
1481 681 1617 744 exercitu,
1631 682 1767 735 victorem
1777 696 1812 735 ex
1823 683 1904 735 ludia
1912 685 2010 736 rediis-

1206 767 1246 815 se,
1256 753 1384 819 exemplo
1395 753 1489 806 Liberi
1500 752 1605 804 Patris:
1622 752 1701 803 cuius
1711 752 1757 804 dei
1769 758 1797 803 et
1807 768 1880 804 nunc
1888 752 2009 807 adornat

1207 819 1331 891 thyrsos,
1339 821 1489 889 galeasque
1501 821 1586 874 etiam
1597 834 1631 873 ac
1640 828 1726 883 scuta,
1737 824 1765 873 in
1774 819 1910 875 Thraciae
1923 837 2010 891 popu·

1206 891 1252 953 lis,
1264 893 1293 942 in
1304 890 1475 955 solemnibus
1486 892 1584 943 sacris.
1621 891 1737 943 inimica
1754 890 1857 955 arbori,
1878 895 1951 945 satis
1972 907 2007 945 ue

1207 961 1349 1013 omnibus:
1359 959 1495 1027 sepulcra,
1507 975 1600 1013 muros
1610 974 1754 1026 rumpens:
1775 910 2009 1028 00000011000101·

1206 1029 1270 1097 goni
1288 1029 1458 1095 gratissima,
1478 1035 1511 1081 ut
1523 1031 1623 1081 mirum
1637 1030 1771 1081 sitellam
1786 1028 1919 1083 honorem
1930 1029 2009 1084 habi·

1207 1100 1315 1150 tumei.

1242 1167 1306 1218 Duo
1316 1180 1420 1233 genera
1431 1166 1490 1218 eius
1501 1167 1598 1234 prima,
1614 1169 1647 1217 nt
1656 1166 1836 1232 reliquarum,
1849 1179 1918 1228 mas,
1929 1166 2007 1221 etia·

1207 1235 1292 1288 mina.
1327 1236 1420 1288 Maior
1431 1235 1556 1287 traditur
1566 1251 1625 1288 mas
1637 1249 1763 1305 corpore,
1774 1242 1803 1287 et
1813 1233 1885 1286 lolio
1895 1235 2006 1290 duriore

1208 1307 1292 1359 etiam
1302 1321 1335 1358 ac
1345 1306 1500 1374 pinguiore,
1520 1313 1549 1358 01
1561 1305 1629 1358 dore
1640 1304 1675 1356 ad
1687 1319 1837 1372 purpuram
1848 1305 2005 1359 accedente.

1208 1377 1357 1444 Utriusque
1367 1383 1459 1429 autem
1471 1374 1524 1427 ilos
1536 1375 1637 1426 similis
1648 1381 1691 1427 est
1705 1389 1787 1427 rosae
1798 1375 1930 1438 silvestri,
1952 1377 2006 1428 nini

1208 1444 1368 1513 quadraret
1380 1445 1474 1497 odore.
1493 1444 1606 1511 Species
1617 1442 1716 1496 horam
1728 1458 1860 1513 generum
1872 1450 1938 1496 tres.
1957 1446 2005 1496 list

1208 1515 1280 1567 enim
1290 1514 1417 1579 candida,
1427 1523 1456 1567 et
1467 1514 1546 1582 nigra
1557 1515 1651 1577 edera,
1657 1513 1799 1582 tertiaque
1810 1528 1881 1581 quae
1892 1520 2002 1566 vocatur

1207 1582 1292 1636 helix.
1328 1585 1486 1637 Etiamnum
1510 1582 1562 1637 hae
1582 1585 1689 1651 species
1707 1583 1870 1635 dividantur
1880 1583 1910 1634 10
1924 1584 2006 1636 alias:

1208 1653 1338 1721 quoniam
1348 1661 1392 1706 est
1401 1648 1496 1722 aliqua
1504 1653 1596 1705 fructu
1605 1662 1713 1706 tantum
1725 1652 1851 1715 candida,
1859 1653 1917 1706 alia
1927 1651 2006 1713 0110·

1208 1723 1263 1791 lio:
1287 1723 1407 1775 lructam
1419 1738 1531 1791 quoque
1542 1723 1691 1776 candidum
1702 1723 1926 1786 ferentiumaliis
1939 1723 2003 1774 den-

1207 1809 1255 1845 sus
1272 1795 1377 1856 acinus,
1393 1798 1421 1845 et
1431 1792 1574 1861 grandior,
1593 1794 1711 1847 racemis
1723 1794 1751 1844 in
1763 1795 1857 1845 orbem
1871 1796 2004 1844 circuma-

1209 1862 1270 1924 ctis,
1288 1865 1336 1930 qui
1348 1870 1485 1916 vocantur
1496 1864 1632 1930 corymbi.
1668 1863 1737 1914 ltern
1749 1862 1915 1924 selenitium,
1928 1862 2005 1914 cuius

1207 1940 1250 1984 est
1261 1933 1354 1984 minor
1365 1933 1469 1997 acinus,
1480 1934 1608 2001 sparsior
1618 1947 1753 1985 racemus.
1782 1931 1874 1983 Simili
1884 1930 1967 1983 modo
1979 1932 2005 1982 10

1207 2005 1297 2070 nigra.
1323 2000 1416 2053 alicui
1427 2009 1457 2055 et
1466 2019 1560 2055 semen
1572 2004 1690 2071 nigrum,
1702 2003 1752 2053 alii
1761 2008 1916 2053 euocatum:
1929 2001 2006 2052 cuiun

1207 2071 1429 2138 coronispoetae
1448 2078 1574 2135 utuntur,
1596 2072 1673 2124 iuliis
1690 2072 1781 2125 nrinuts
1801 2071 1903 2138 nigris:
1924 2085 2006 2139 quarn

1207 2138 1319 2210 quidam
1334 2140 1459 2208 Nysiam,
1473 2142 1523 2196 alii
1535 2139 1697 2194 bacchicam
1709 2142 1956 2204 vocant,maximis
1966 2141 2006 2190 in·

1206 2211 2007 2281 teraigrascorymbis.Quidamnpudiiraccosetiamnum

1207 2280 1263 2334 duo
1280 2297 1385 2349 genera
1399 2280 1481 2333 huius
1500 2282 1618 2346 iaciunt,
1639 2281 1762 2334 acolore
1772 2280 1930 2333 acinorum:
1946 2295 2007 2348 ery-

1207 2349 1346 2413 thranum,
1359 2357 1388 2403 ct
1399 2350 1626 2419 chrysocarpum.

1241 2420 1381 2473 Plurimae
1392 2427 1484 2473 autem
1495 2420 1579 2473 habet
1590 2418 1762 2473 differentias
1772 2418 1857 2481 helix,
1877 2418 2005 2486 quoniam

1207 2489 1275 2543 lolio
1286 2491 1406 2542 manime
1417 2489 1514 2543 distat.
1549 2489 1641 2543 Parra
1660 2497 1727 2542 sant
1737 2496 1765 2543 et
1776 2487 1919 2558 angulosa,
1941 2502 2006 2537 con·

1208 2562 1460 2628 clarioraque‚cum
1472 2561 1644 2629 reliquorum
1654 2575 1788 2629 generum
1798 2557 2007 2624 simplicissiut.

1207 2630 1304 2682 Distat
1315 2640 1343 2683 et
1353 2630 1531 2699 longitudine
1543 2631 1780 2686 internodiorum:
1804 2632 1950 2696 praecipue
1961 2634 2004 2676 tn·

1207 2713 1271 2752 men
1280 2699 1439 2764 sterilitate,
1461 2703 1590 2768 quoniam
1601 2701 1723 2754 fructum
1737 2717 1790 2753 non
1802 2697 1900 2768 gignit·
1936 2696 2006 2757 Qui·

1207 2767 1271 2819 dam
1284 2768 1337 2821 hoc
1348 2770 1532 2834 aetatisesse,
1552 2786 1606 2823 non
1628 2772 1740 2837 generis
1757 2770 1929 2823 existimant:
1952 2765 2009 2831 pri·

1206 2852 1308 2906 uroque
1319 2837 1436 2892 helicem
1448 2856 1519 2903 csse,
1531 2841 1591 2891 lieri
1604 2840 1714 2892 ederam
1726 2844 1875 2891 vetustate.
1897 2836 2009 2888 Horum

1207 2922 1287 2959 error
1296 2908 1461 2960 manifestus
1472 2908 1654 2976 intelligitur:
1671 2910 1801 2975 quoniam
1813 2905 1912 2958 helicis
1926 2904 2010 2971 plura

1206 2991 1309 3043 genera
1320 2979 1505 3042 reperiuntur,
1526 2979 1574 3027 sed
1586 2977 1640 3025 tria
1650 2976 1771 3025 maxime
1783 2974 1919 3040 insignia:
1943 2973 2009 3026 ber·

1205 3046 1293 3097 bacca
1312 3061 1345 3096 ac
1364 3045 1472 3108 uirens,
1495 3059 1565 3111 quae
1587 3043 1708 3111 piurima
1728 3050 1781 3095 cst:
1803 3043 1893 3093 altera
1909 3042 2010 3094 candi·

1206 3116 1241 3167 do
1255 3114 1340 3166 lolio:
1359 3113 1452 3176 tertia,
1472 3113 1644 3176 versicolori,
1665 3127 1735 3179 quae
1745 3110 1867 3163 Thracia
1877 3117 2011 3165 vocatur.

1205 3184 1364 3236 Etiamnum
1385 3183 1537 3237 herbaceae
1548 3184 1678 3248 tenuiora
1690 3180 1768 3245 10110,
1790 3187 1817 3233 01
1839 3182 1868 3233 10
1879 3179 2011 3235 ordinent

1206 3254 1327 3322 digesta,
1339 3253 1531 3321 densioraque.
1560 3256 1591 3306 ln
1602 3252 1657 3304 alio
1671 3266 1772 3320 genere
1782 3251 1893 3304 diversa
1904 3255 2010 3303 omnia.

1206 3325 1241 3375 Et
1253 3325 1283 3375 in
1293 3324 1457 3376 versicolori
1477 3325 1533 3375 alia
1548 3323 1719 3377 tenuioribus
1731 3322 1817 3383 loliis,
1838 3329 1866 3373 et
1877 3321 2011 3373 similiter

1207 3394 1346 3445 ordinatis
1357 3393 1588 3462 densioribusque
1601 3399 1656 3446 est:
1678 3392 1761 3444 alteri
1773 3391 1867 3459 generi
1877 3389 2012 3457 neglecta

1205 3461 1390 3516 haecomnia.
1426 3462 1537 3516 Maiora
1558 3477 1668 3531 quoque
1679 3469 1727 3514 aut
1738 3462 1845 3512 urinora
1854 3468 1918 3510 suut
1930 3459 2011 3518 lolia,

1205 3530 1433 3593 macularumque
1453 3530 1551 3579 babitu
1573 3534 1693 3579 distant:
1717 3536 1745 3579 et
1765 3531 1792 3578 in
1805 3527 1929 3579 candidis
1949 3529 2010 3580 alia

1205 3602 1270 3647 sunt
1281 3595 1453 3647 candidiora.
1476 3595 1620 3649 adolescit
1631 3597 1661 3648 in
1672 3596 1873 3664 longitudinem
1887 3598 2009 3648 00001οι0

1205 3665 1349 3717 herbacea.

1239 3735 1358 3787 Arbores
1377 3738 1470 3785 autem
1483 3740 1564 3786 necat
1576 3732 1702 3797 candida,
1722 3749 1884 3801 omnemque
1895 3748 2012 3797 succuum

1205 3803 1357 3856 auferendo
1368 3808 1446 3854 tanta
1465 3803 1648 3855 crassitudine
1660 3810 1788 3871 augetur,
1806 3810 1838 3856 ut
1852 3805 1912 3871 ipsa
1922 3804 2012 3856 arhor

1205 3873 1263 3923 ilat.
1282 3871 1368 3939 Signa
1379 3873 1447 3935 eius,
1456 3870 1527 3924 lolia
1539 3873 1753 3939 maximamque
1765 3874 1911 3936 latissima,
1922 3888 2010 3926 nram·

1205 3943 1809 4011 maserigentis,quaesuntceterisinlleaae:
1823 3945 2009 3996 racemistan·

1205 4016 1256 4074 tes,
1278 4028 1311 4064 ac
1329 4013 1459 4065 subrecti.
1496 4012 1533 4063 Et
1555 4028 1710 4081 quanquam
1723 4013 1844 4065 omnium
1859 4012 2007 4065 ederarum

1205 4083 1300 4147 generi
1311 4080 1439 4134 radicosa
1448 4082 1571 4147 brachia,
1582 4081 1647 4135 huic
1657 4090 1750 4136 100000
1761 4083 1883 4135 maxime
1894 4097 2009 4134 ramosa

1206 4165 1238 4201 ac
1248 4152 1376 4203 robusta:
1394 4152 1429 4200 ab
1441 4168 1475 4201 ea
1486 4155 1590 4219 nigrae.
1610 4150 1664 4206 Sed
1695 4154 1818 4221 roprium
1830 4151 1919 4214 albae,
1933 4150 2008 4220 quod

1204 4218 1277 4271 iuter
1288 4214 1379 4271 media
1390 4217 1462 4271 10110
1483 4224 1588 4273 eurittit
1608 4169 1730 4285 brachia,
1751 4223 1884 4291 utrinque
1896 4235 2010 4288 semper

1205 4289 1392 4356 amplectens:
1412 4287 1467 4341 hoc
1485 4297 1514 4341 et
1526 4291 1553 4341 in
1572 4294 1666 4357 muris,
1689 4294 1812 4360 quamvis
1824 4292 1930 4345 ambire
1951 4308 2008 4343 non

1205 4358 1301 4426 possit.
1337 4358 1435 4425 ltaque
1456 4359 1540 4411 etiam
1558 4361 1682 4427 pluribus
1693 4363 1762 4414 locis
1772 4363 1914 4421 intercisa,
1937 4362 2010 4412 01011

1204 4434 1299 4480 tumen
1320 4426 1473 4497 duratque:
1495 4435 1524 4481 ct
1540 4430 1657 4483 totidem
1679 4432 1760 4482 initia
1772 4430 1896 4481 radicum
1911 4427 2010 4493 habet,

1205 4503 1273 4565 quot
1283 4496 1406 4559 brachia,
1422 4499 1521 4566 quibus
1533 4500 1681 4552 incolumis
1692 4506 1720 4550 et
1730 4497 1822 4549 solida
1832 4496 1948 4546 arbores
1962 4499 2008 4547 t'n-

1204 4567 1248 4633 git
1258 4582 1291 4618 ac
1301 4567 1468 4636 strangulat.
1503 4570 1555 4623 Est
1567 4576 1596 4620 ct
1606 4573 1634 4619 in
1646 4568 1738 4619 lructu
1750 4562 1909 4617 differentia
1921 4565 2010 4619 albae

1204 4638 1357 4703 nigraeque
1377 4636 1491 4688 ederae:
1514 4636 1646 4702 quoniam
1666 4634 1730 4686 aliis
1749 4640 1829 4684 tanta
1845 4632 2009 4688 amaritudo

1204 4705 1287 4768 acini,
1310 4709 1341 4755 ut
1360 4718 1425 4755 ares
1447 4719 1501 4755 000
1521 4704 1672 4772 attingant.
1699 4702 1749 4753 Est
1768 4708 1797 4755 ei
1808 4701 1901 4769 rigens
1912 4704 2009 4769 cdere,

1204 4790 1276 4842 qaae
1287 4774 1348 4824 sine
1358 4771 1525 4835 adminiculo
1538 4779 1606 4837 stat,
1617 4772 1679 4824 solu
1690 4773 1810 4822 oninium
1823 4786 1955 4838 generum
1970 4772 2007 4826 ob

1203 4844 1232 4894 id
1246 4849 1345 4893 vocata
1356 4841 1453 4893 cissos.
1490 4840 1636 4894 Edirerao
1657 4857 1794 4908 nunquam
1807 4843 1860 4891 nisi
1871 4840 1947 4893 humi
1963 4860 2007 4895 re·

1204 4927 1271 4980 pens
1282 4908 1494 4964 chamaecissos.

1237 4978 1336 5031 inii.
1357 4978 1464 5032 Similis
1483 4983 1527 5033 est
1541 4980 1658 5042 ederae,
1679 4979 2007 5048 eCiciliaprimumqui-
2063 5017 2067 5025 ,
2158 4982 2159 5025 i

1204 5048 1265 5102 dem
1277 5048 1415 5116 proiecta,
1427 5049 1474 5103 sed
1487 5050 1515 5101 ia
1527 5049 1647 5102 Graecia
1657 5048 1837 5118 frequentior,
1860 5066 1941 5119 quam
1955 5070 2005 5103 su·
2034 5089 2038 5097 .

1204 5117 1431 5179 cantamiiacem,
1452 5119 1543 5171 densis
1552 5119 1715 5188 geniculata
1725 5121 1860 5182 caulibus,
1880 5122 2006 5187 spinosis

1203 5185 1359 5251 frutectosa
1372 5190 1466 5250 ramis,
1479 5188 1550 5240 10110
1562 5189 1706 5252 ederaceo,
1718 5204 1811 5258 perro,
1821 5206 1874 5242 000
1886 5189 2005 5258 augerio-

1203 5272 1245 5319 so,
1265 5257 1420 5324 opedicuio
1442 5259 1588 5311 enrittcnta
1609 5260 1763 5326 pampinos,
1783 5260 1852 5313 llorc
1874 5258 2005 5320 candido,

1203 5328 1296 5397 olente
1313 5326 1413 5378 lilium.
1449 5327 1518 5380 Fert
1535 5343 1661 5382 racemos
1676 5329 1822 5383 labruscae
1833 5328 1924 5391 modo,
1944 5342 2005 5378 uon

1204 5397 1313 5460 ederae,
1325 5397 1421 5449 colore
1430 5398 1524 5459 rubro,
1535 5400 1682 5465 complexa
1693 5399 1781 5452 acinis
1793 5398 1940 5451 maioribus
1954 5411 2005 5446 aa·

1204 5466 1279 5520 cleos
1291 5473 1398 5529 ternos,
1417 5467 1569 5519 minoribus
1581 5467 1715 5536 singulos,
1734 5470 1830 5538 nigros
1850 5466 2004 5529 durosque:

1203 5536 1329 5590 inlausta
1340 5536 1469 5589 omnibus
1488 5539 1613 5591 00001001
1623 5538 1747 5591 coronis:
1769 5539 1897 5608 quoniam
1908 5534 1946 5586 sit
1960 5531 2004 5583 la·
