4368 6008
62 2900 129 2949 jhm·

232 328 265 388 C.
308 325 457 387 Pthll
491 323 695 386 sacuam
732 322 899 385 aaron
939 326 1128 387 HlSTOlt.
1167 328 1249 387 ΗΒ.
1287 328 1437 389 xxvii
1471 288 1560 391 CAP.
1587 336 1723 397 oti-lli
1763 336 1827 399 323

183 478 263 545 quale
275 474 334 546 gith
346 476 480 540 norimus,
493 491 627 539 amarum,
637 473 780 537 stomacho
791 475 868 528 utile.
894 475 977 529 addi·

182 546 413 598 turinuutidoia.
515 579 519 583 ν

170 616 197 665 4
218 614 312 668 xcl'l.
333 614 470 682 l’olygala
480 613 567 680 palati
578 613 756 666 altitudinem
767 614 847 681 petit,
858 614 888 665 in
900 614 979 667 caulo

182 700 289 737 somnio
300 683 380 735 foliis
394 684 552 744 lenticulae,
567 690 651 751 gustu
661 682 811 736 adstricto:
833 699 903 751 quae
913 690 980 752 pota

182 755 262 807 lactis
275 752 472 804 abundantium
487 753 562 803 facit.
584 800 592 810 ,

168 831 192 877 4
218 820 326 875 XCVll.
346 821 485 889 l’otmhrn,
506 829 555 872 aut
576 819 622 888 (ut
636 820 687 872 alii
701 817 817 901 vomat>
831 818 980 888 phrynion,

184 892 226 944 rel
239 891 368 952 neurada,
387 891 465 957 large
476 889 598 951 fruticat,
607 889 694 959 spinis
707 890 856 952 retorrida,
873 890 980 958 lanugi-

181 977 217 1015 ne
227 964 322 1029 spissa,
333 959 410 1011 foliis
422 960 525 1026 partis,
536 961 671 1022 rotundis,
677 958 792 1010 ramulis
803 958 905 1026 longis,
914 959 981 1010 niol-

182 1032 264 1092 libus,
277 1030 368 1090 lentis,
378 1030 515 1088 tenuibus,
527 1026 596 1079 flore
607 1028 703 1095 longo,
723 1024 853 1079 herbacei
865 1028 980 1079 coloris:

182 1100 296 1153 sendnis
309 1098 377 1149 nulli
390 1113 470 1160 usus,
491 1097 538 1149 sed
549 1103 631 1163 gustu
644 1102 727 1148 acuto
738 1104 767 1146 et
777 1096 903 1147 odorato.
939 1095 981 1146 ln·

183 1170 292 1221 venitur
303 1169 333 1217 in
345 1168 457 1234 aquosis
468 1166 595 1218 collibus.
624 1164 743 1216 Radices
754 1165 838 1216 habet
851 1165 919 1216 duas
931 1172 980 1216 aut

181 1237 353 1302 creauimus
365 1238 520 1288 cubitorum
531 1237 558 1286 in
570 1234 725 1295 altitudine,
736 1249 878 1296 neruosus,
889 1233 980 1286 candi·

184 1307 244 1370 das,
264 1307 365 1358 firrrras.
402 1304 622 1357 circumfoditur
631 1312 773 1365 autumno,
786 1303 911 1369 praeciso
922 1301 980 1355 fru-

182 1377 238 1430 tice
248 1376 296 1428 dot
308 1390 418 1426 succum
429 1376 534 1443 gummi
543 1374 671 1425 similem.
706 1372 796 1423 Radix
808 1373 878 1424 mira
887 1371 981 1424 vulne·

183 1447 260 1500 ribus
279 1445 412 1496 sanandis
433 1444 569 1505 traditur,
600 1440 801 1509 praecipueque
823 1443 913 1494 nervis
935 1441 979 1494 vel

182 1515 317 1583 praecisis
329 1514 411 1566 illita.
447 1513 600 1564 Deeoctum
623 1526 732 1579 quoque
747 1511 806 1562 eius
822 1526 884 1562 eum
896 1510 979 1562 mella

182 1594 279 1653 potum
293 1582 493 1635 dissolutiones
503 1588 662 1645 nervorum,
672 1590 700 1633 et
709 1578 894 1644 infirmitates,
901 1587 930 1633 ct
940 1580 981 1631 in·

183 1653 387 1705 cisurasiurat.
642 1676 644 1679 ·

164 1732 186 1779 4
217 1721 337 1772 xcviii.
357 1719 545 1791 Phalangites,
557 1736 575 1772 o
585 1714 746 1787 quibusdam
759 1717 923 1785 phalangion
933 1733 981 1770 ro·

183 1796 270 1852 catur,
293 1790 330 1840 ab
340 1790 402 1840 aliis
419 1788 648 1850 leucanthemon,
667 1788 711 1839 vel
723 1792 765 1851 (ut
775 1790 803 1837 io
815 1787 978 1853 quibusdam

182 1858 387 1926 exemplaribus
397 1855 522 1927 invenio)
534 1856 721 1908 leucacantha.
759 1856 868 1908 llaniuli
879 1863 944 1907 sont
955 1856 980 1908 el

182 1945 322 1997 nunquam
344 1931 492 1996 pauciores
509 1927 625 1988 duobos,
645 1922 673 1975 in
695 1920 804 1976 diversa
821 1923 979 1977 tendentes:

183 1998 236 2053 llos
243 1998 388 2061 candidus,
400 1999 460 2050 lilio
469 1998 554 2049 rubro
564 1996 674 2057 similis,
695 1995 800 2046 semine
810 1994 901 2060 nigro,
912 1994 981 2058 lato,

182 2067 219 2121 ad
231 2069 381 2121 lenticulae
393 2066 525 2119 dimidiae
538 2066 662 2132 figuram,
683 2064 774 2115 multu
786 2064 922 2126 tenuiore,
940 2079 981 2116 ra·

182 2136 244 2189 dice
256 2140 334 2190 tenui
346 2136 476 2189 herbacei
486 2135 598 2187 coloris.
613 2133 705 2184 Huius
717 2133 787 2185 folio
800 2134 844 2183 rel
854 2134 923 2186 flore
936 2134 981 2186 vel

184 2208 288 2259 somine
299 2207 470 2259 auxiliantur
488 2212 586 2255 contra
605 2206 795 2269 scorpionum,
817 2199 980 2268 phalangio·

184 2289 310 2341 ruraque,
323 2283 350 2327 ct
361 2276 530 2340 serpeiitiuui
542 2273 625 2323 ictus:
637 2273 704 2323 itera
716 2279 814 2322 contra
824 2274 954 2322 tormina.

181 2338 314 2395 ixctx.
335 2343 490 2412 Phyteunia
511 2341 591 2406 quale
612 2341 659 2401 sit,
680 2340 839 2391 describere
852 2355 982 2406 superra-

185 2428 266 2465 cuurn
278 2412 383 2473 habco,
404 2426 464 2465 cunr
478 2411 515 2461 sit
524 2425 589 2460 usus
602 2410 661 2461 clus
671 2415 777 2459 tanturn
790 2407 825 2458 ad
836 2410 981 2463 natatoria.

180 2496 204 2537 4*
219 2482 248 2532 (l.
267 2481 388 2548 Phyllon
411 2498 428 2533 o
446 2480 562 2532 Graecis
582 2485 697 2529 vocatur
718 2476 804 2528 herba
824 2477 853 2527 in
874 2477 981 2528 saxosis

184 2551 339 2610 montibus,
358 2549 462 2600 femina
472 2548 560 2614 magis
572 2546 700 2597 herbacei
712 2546 830 2606 coloris,
850 2546 927 2597 cesule
940 2553 980 2599 te·

183 2619 243 2681 aui,
263 2617 357 2668 radice
369 2632 463 2683 parra,
484 2615 589 2668 semine
602 2615 731 2675 rotundo,
748 2616 877 2680 papaveri
888 2615 981 2666 simili.

183 2688 262 2739 Hisce
283 2687 326 2737 soi
347 2701 429 2738 sexus
450 2684 521 2736 facit
538 2692 646 2750 partus:
669 2690 863 2735 marcsautenr
878 2684 982 2736 semine

183 2761 290 2808 tanturn
304 2756 443 2816 differens,
455 2754 528 2821 quod
540 2760 583 2806 est
593 2752 748 2820 incipientis
760 2753 859 2804 olicae.
872 2753 982 2804 Utrum·

183 2839 237 2892 que
247 2825 355 2875 bibitur
367 2827 395 2875 in
407 2825 481 2875 rino.

176 2904 193 2945 t
220 2894 263 2945 Cl.
274 2891 473 2959 Phellandrion
485 2892 641 2945 nascituris
650 2892 829 2960 palustribus,
837 2891 908 2944 folio
916 2892 981 2975 apli.

183 2962 296 3016 Bibitor
316 2980 410 3017 semen
431 2964 491 3016 cius
506 2971 622 3029 propter
641 2963 763 3015 calculos
779 2963 982 3018 etuesicaein·

184 3034 340 3086 commoda.
868 3086 870 3091 ,

189 3126 204 3154 a
222 3104 277 3156 cll.
297 3102 423 3167 l‘balaris
433 3100 560 3168 thyrsum
571 3101 656 3154 habet
666 3101 790 3169 longum,
801 3108 920 3163 tenuem,
932 3114 981 3154 cen

185 3172 332 3235 calamum,
344 3174 371 3223 in
380 3186 488 3223 somnio
500 3170 595 3222 florem
607 3172 782 3222 inclinatum:
797 3186 890 3222 semen
902 3171 981 3222 simi·

18 3286 19 3311 ,
108 3248 115 3262 ’
184 3243 212 3295 le
224 3258 358 3294 sesamae.
395 3243 432 3295 lit
443 3241 495 3295 hoe
506 3240 629 3293 calculos
640 3240 754 3307 frangit,
765 3246 859 3306 potum
872 3243 981 3293 euvino

184 3312 230 3364 rel
242 3320 321 3365 aceto
333 3327 394 3363 cum
407 3312 490 3363 melle
501 3320 529 3362 st
541 3311 621 3362 lacte.
658 3309 734 3361 ldcm
747 3316 776 3361 nt
792 3309 864 3361 uitia
873 3312 982 3363 uesicae

184 3388 290 3501 sagii.
310 3447 496 3515 Polyrrhizon
509 3444 670 3498 foliahabct
682 3446 775 3513 myrti,
794 3447 903 3499 radlees
913 3447 983 3500 mul·

182 3524 236 3569 tas.
255 3518 316 3569 liae
328 3524 407 3569 tusae
419 3516 518 3567 dantur
530 3519 556 3567 in
567 3516 632 3567 vino
643 3523 741 3567 contra
750 3522 908 3585 serpentes:
919 3531 981 3582 pro·

60 3602 64 3613 ·
115 3596 120 3611 ’
182 3585 530 3653 suntetquadrupedibus.
660 3628 682 3637 .,
728 3628 733 3635 .
828 3604 835 3615 ·

219 3654 288 3708 ctV.
308 3656 510 3721 Proserpinaca
520 3652 606 3705 herba
616 3653 661 3702 rul
683 3655 739 3704 aris
749 3658 808 3717 est,
829 3652 923 3705 eximii
934 3653 981 3703 ad·

185 3740 281 3777 rersus
292 3726 455 3791 scorpiones
467 3723 590 3775 remedii.
627 3668 731 3775 Euhem
745 3723 875 3785 contrita,
884 3723 982 3774 addita

184 3794 273 3846 inuria
285 3800 312 3845 ct
323 3796 386 3847 oleo
398 3810 413 3845 e
427 3793 544 3854 ataenis,
567 3795 696 3859 anginam
709 3792 809 3844 cumis
820 3793 912 3843 curari
922 3800 980 3844 tra·

185 3864 261 3916 dunt.
274 3864 423 3917 Praetereo
434 3871 462 3914 et
472 3864 499 3913 in
510 3862 683 3929 quantalibet
694 3861 860 3914 lassitudine
869 3875 980 3915 recrea·

184 3932 353 3996 ridefessos,
376 3936 461 3986 etiam
485 3947 546 3983 cum
564 3931 763 3992 obmutuerint,
784 3931 981 3983 sisubiieiatur

183 4002 304 4069 liuguae.
333 4005 364 4055 Si
376 4004 532 4062 devoretur,
542 4001 720 4051 vomitionem
732 4001 808 4067 sequi
819 4001 980 4053 salutarem.

155 4094 174 4135 ⁴.
220 4071 276 4124 CV.
295 4071 437 4122 llbaconia
446 4069 562 4121 affertur
575 4085 610 4121 cx
621 4068 675 4131 his,
687 4084 757 4134 quae
768 4083 852 4134 sopra
862 4069 979 4121 Pontum

182 4148 256 4202 sunt,
277 4142 448 4208 regionibus.
483 4135 573 4189 Radix
586 4144 665 4189 costo
675 4138 756 4204 nigro
767 4138 876 4200 similis,
891 4141 981 4189 minor

184 4217 213 4261 et
225 4210 312 4261 rufior
323 4209 414 4275 paulo,
437 4207 496 4258 sine
518 4205 613 4265 odore,
633 4203 785 4256 calfaciens
817 4211 880 4255 usta
891 4216 920 4259 et
930 4206 982 4257 ad-

183 4280 332 4345 stringens.
369 4276 473 4327 Eadem
486 4274 553 4324 trita
562 4275 620 4325 vini
630 4273 751 4324 colorem
764 4220 864 4336 reddit,
876 4275 910 4325 ad
922 4289 981 4325 cro·

183 4363 244 4399 cum
258 4345 446 4399 inclinantem.
463 4343 538 4394 lllita
548 4342 728 4395 collectiones
739 4340 980 4394 inflammationes·

183 4432 240 4485 que
250 4417 342 4468 sedat:
355 4414 470 4466 vulnera
481 4418 575 4464 sanat:
589 4409 735 4479 epiphoras
747 4412 889 4463 oculorum
900 4412 981 4464 sedat

183 4502 218 4539 ex
229 4500 311 4553 passo
323 4485 412 4535 illita:
432 4481 567 4550 insignita
579 4496 639 4533 cum
651 4480 741 4544 melle,
761 4488 791 4533 et
802 4481 858 4533 alia
869 4481 982 4535 liventia

183 4571 217 4608 ex
237 4561 326 4607 aceto.
360 4553 466 4605 Farina
476 4555 535 4605 cius
545 4550 716 4671 inspergitur
727 4557 825 4602 contra
839 4552 981 4617 cacoethe,

184 4632 212 4676 et
233 4624 395 4691 sanguinem
419 4621 611 4674 reiicientibus
658 4619 785 4672 rachanas
810 4620 931 4687 pondere
952 4623 980 4674 in

184 4710 262 4760 aqua.
274 4692 466 4760 Dysentericis
478 4690 561 4744 etiarn
573 4696 601 4741 et
612 4691 750 4752 coeliacis,
758 4690 783 4741 si
794 4688 866 4742 febri
875 4698 981 4756 carent,

183 4764 211 4812 in
225 4764 301 4814 rino:
321 4763 363 4814 sin
376 4762 468 4823 aliter,
480 4776 514 4813 cx
525 4774 606 4826 aqua.
642 4758 765 4811 Facilius
778 4760 888 4822 teritur,
899 4767 981 4813 nocte

183 4833 363 4884 antecedente
377 4830 541 4884 madefacta.
571 4828 662 4880 Datur
672 4834 700 4880 ct
711 4829 856 4880 decoctum
868 4830 928 4882 eius
940 4830 981 4882 bi·

182 4901 300 4953 Modum
313 4900 416 4968 duplici
428 4913 556 4952 incasura
566 4898 600 4949 ad
612 4904 703 4963 rupta,
725 4898 865 4959 conuulsa,
883 4907 979 4951 contu-

184 4970 230 5032 sis,
253 4985 287 5023 ex
306 4971 418 5022 sublimi
431 4968 579 5022 devolutis.
616 4965 644 5018 Si
659 4969 781 5033 pectoris
792 4967 848 5017 sint
860 4966 982 5032 dolores,

184 5038 298 5092 additur
308 5041 410 5107 piperis
421 5038 524 5109 aliquid
536 5044 564 5091 et
574 5034 716 5104 myrrhae:
727 5036 751 5086 si
764 5035 910 5089 dissolutio
920 5043 978 5089 sto·

183 5106 284 5171 macla,
305 5124 338 5160 ex
350 5108 450 5177 frigida
461 5124 533 5175 aqua
544 5107 679 5159 sumitur:
693 5104 735 5157 sic
746 5110 773 5157 ct
784 5106 813 5157 in
824 5107 895 5158 tussi
905 5113 981 5160 rete·

184 5191 223 5238 re,
244 5193 277 5230 ac
297 5178 452 5244 purulentis
473 5177 725 5229 exscreationibus:
746 5176 815 5227 item
836 5173 980 5244 hepaticis,

185 5246 322 5314 splenicis,
331 5246 502 5298 ischiadicis:
514 5246 548 5298 ad
560 5261 655 5298 renum
666 5244 743 5307 ritia,
753 5245 883 5309 suspiria,
889 5246 980 5297 ortho-

184 5329 295 5383 pnoeas.
332 5315 456 5368 arteriae
475 5316 619 5367 scabritias
630 5321 710 5366 sanat
730 5328 763 5366 ex
775 5328 869 5379 passo,
892 5316 980 5367 tribus

186 5382 276 5438 oholis
285 5384 360 5453 potis
372 5385 448 5443 trita,
458 5389 508 5434 aut
519 5383 662 5435 decoctum
674 5384 742 5435 cius.
759 5381 897 5435 Lichenas
910 5397 977 5450 quo·

184 5452 410 5512 pannem·
544 5460 633 5504 sanat.
667 5451 977 5504 Bibiturcontraiassa·

569 5518 659 5574 '·⁸·es
683 5520 811 5588 frigidas,
832 5521 978 5590 singultus,

651 5593 786 5655 unitates,
797 5589 978 5645 melancholi-

1031 477 1825 547 casteriiginealassitudinumdolores,etconrnlsioncs.

1067 548 1134 599 cvi.
1155 550 1236 600 Circa
1246 550 1398 599 Arirninum
1410 556 1476 601 nota
1487 559 1528 601 est
1541 549 1636 615 herba,
1656 568 1738 620 qoam
1750 560 1860 606 reso-²·

1030 617 1100 689 dani
1107 625 1217 667 rorant.
1254 616 1376 668 Discutit
1385 617 1573 681 collectiones,
1585 612 1827 701 inflammapjrlrieb·

1032 701 1085 753 quc
1096 701 1204 737 omncs:
1216 685 1265 750 qui
1277 693 1376 737 curant
1386 702 1428 750 ca,
1439 687 1545 739 addunt
1557 686 1625 740 haec
1633 692 1729 741 verba:
1741 692 1825 744 liesc-

1032 756 1076 815 da,
1088 755 1198 805 :acerbos
1210 754 1322 816 reseda3
1335 756 1435 818 scisne,
1445 760 1536 809 scisne
1547 758 1825 829 quisbicpullosege·

1031 823 1086 876 riti
1102 823 1210 874 radices
1220 838 1271 873 nce
1280 832 1373 889 caput,
1384 839 1434 875 acc
1446 825 1528 890 pedes
1538 824 1672 878 habeant?
1695 828 1773 880 llaec
1782 836 1826 882 tar

1031 891 1133 953 dicum,
1145 892 1284 957 totiesque
1294 890 1439 957 despuunt.

1037 961 1147 1022 ccvii.
1167 959 1300 1013 stoechas
1310 964 1336 1011 in
1348 962 1445 1011 insulis
1455 967 1562 1012 tantum
1574 962 1696 1015 eiusdem
1707 963 1825 1016 nominis
1881 992 1886 1005 ι

1031 1031 1163 1098 gignitur,
1172 1030 1291 1081 odorata
1302 1029 1395 1092 herba,
1405 1046 1483 1082 coma
1492 1030 1617 1098 hyssopi,
1628 1047 1723 1084 amara
1734 1038 1825 1097 gusto.

1032 1101 1144 1152 Menses
1155 1100 1211 1150 ciet
1221 1105 1302 1165 potu:
1316 1100 1437 1164 pectoris
1448 1099 1559 1152 dolores
1569 1099 1653 1154 leuat.
1688 1102 1826 1154 antidotis

1033 1182 1087 1234 quo
1108 1171 1290 1220 uerniscetur.

1068 1239 1088 1288 C
1117 1238 1163 1289 lll.
1181 1236 1314 1289 Solarium
1327 1235 1427 1287 Graeci
1440 1235 1591 1303 strychnon
1600 1242 1710 1299 vocant,
1728 1243 1759 1288 ut
1770 1243 1826 1289 tra·
1844 1263 1856 1275 ν

1033 1306 1073 1357 dit
1083 1307 1228 1424 (tiioraelius
1240 1305 1347 1358 Celsus.
1383 1302 1459 1357 lluie
1469 1307 1511 1355 ris
1523 1305 1690 1371 reprimendi
1706 1304 1824 1375 refrige-

1031 1389 1080 1425 ran
1102 1391 1110 1425 ι
1131 1391 1173 1428 ue.

1070 1391 1138 1494 clii.
1156 1443 1303 1512 bmynaipn
1315 1442 1422 1496 caulem
1438 1440 1522 1495 habet
1541 1444 1613 1508 apli,
1630 1442 1698 1495 folia
1714 1444 1860 1508 latiora,÷

1034 1518 1063 1563 et
1076 1514 1193 1564 niaxirne
1204 1514 1278 1563 drea
1288 1512 1413 1564 stolones
1423 1514 1536 1574 multos,
1553 1527 1669 1579 quorum
1678 1528 1697 1564 a
1708 1513 1768 1564 sinu
1781 1528 1826 1566 ex-

1032 1581 1130 1632 siliunt
1142 1584 1264 1648 pinguia,
1273 1583 1309 1633 ad
1322 1591 1422 1633 terram
1435 1581 1563 1644 infracta,
1583 1581 1669 1633 odore
1679 1583 1829 1646 medicato,

1034 1658 1062 1701 et
1074 1666 1135 1702 euni
1146 1652 1263 1717 quadam
1275 1652 1428 1701 amimonia
1437 1652 1565 1713 iucundo,
1577 1652 1672 1702 colore
1682 1652 1709 1701 in
1719 1651 1831 1703 luteum

1033 1719 1239 1787 languescente,
1251 1721 1389 1786 capitibus
1399 1716 1518 1771 caulium
1529 1720 1702 1781 orbiculatis,
1722 1726 1753 1771 ut
1763 1734 1828 1772 ane·

1034 1788 1087 1839 ihi:
1107 1792 1212 1842 sentiae
1223 1790 1352 1853 rotundo,
1372 1791 1461 1857 nigro,
1480 1790 1552 1856 quod
1565 1789 1831 1855 arescitincipienta

1035 1863 1151 1910 aestate.
1188 1859 1276 1910 lladrx
1288 1875 1397 1926 quoque
1407 1859 1535 1920 odorata,
1547 1866 1628 1925 gustu
1640 1857 1698 1909 acri
1709 1857 1829 1919 mordet,

1033 1941 1155 1988 succosa,
1166 1928 1268 1979 mollis.
1302 1931 1405 1980 Cortex
1416 1932 1477 1979 eius
1486 1928 1555 1978 foris
1567 1928 1653 1994 niger,
1664 1927 1737 1977 intus
1750 1926 1831 1992 palli-

1034 1994 1093 2047 dus.
1130 1996 1208 2048 Odor
1219 1996 1348 2063 myrrhae
1361 1997 1445 2048 habet
1460 1997 1639 2064 qualitatem:
1659 1996 1731 2047 unde
1743 2002 1771 2047 et
1782 2009 1830 2046 no·
1845 1996 1848 2001 ’

1035 2080 1103 2117 nien.
1139 2064 1272 2117 Nascitur
1284 2067 1350 2117 etin
1362 2065 1470 2117 saxosis
1481 2066 1609 2128 collibus,
1621 2072 1650 2117 et
1661 2066 1689 2115 in
1701 2065 1831 2115 terrenis.

1033 2134 1104 2185 Usus
1115 2133 1174 2186 eius
1185 2134 1368 2188 excalfacere.
1396 2134 1506 2185 Urinam
1517 2142 1546 2187 et
1557 2149 1666 2186 menses
1676 2136 1750 2185 cient
1761 2131 1832 2184 folia

1034 2209 1063 2253 ct
1074 2203 1163 2255 radix.
1201 2205 1301 2257 Sennea
1319 2205 1410 2255 aluum
1426 2204 1512 2256 sistit.
1548 2203 1638 2255 Radix
1650 2201 1831 2255 collectiones

1034 2278 1061 2322 et
1070 2274 1284 2338 suppurationes
1300 2289 1354 2324 non
1365 2282 1488 2334 veteres,
1508 2273 1574 2324 item
1587 2272 1704 2324 duritias
1715 2269 1831 2324 discutit

1034 2341 1117 2392 illita.
1134 2341 1253 2394 Prodest
1264 2349 1293 2393 et
1303 2350 1401 2394 matra
1411 2342 1563 2409 phalangis
1574 2357 1607 2394 ac
1616 2352 1770 2410 serpentes,
1782 2341 1832 2394 ad·
1910 2366 1914 2373 ·

1033 2412 1120 2460 nrixto
1132 2409 1234 2475 cachry
1244 2418 1294 2461 aut
1308 2412 1397 2475 polio,
1416 2420 1468 2464 aut
1477 2410 1706 2479 melissophyllo,
1726 2412 1755 2462 in
1766 2413 1831 2463 vino

1034 2483 1113 2544 pota:
1135 2479 1183 2529 sed
1195 2480 1393 2544 particulatim,
1410 2483 1538 2545 quoniam
1552 2480 1731 2532 universitate
1742 2481 1830 2531 romi·

1034 2547 1136 2598 tionem
1148 2555 1249 2598 moret.
1262 2549 1323 2608 Qua
1334 2547 1369 2597 de
1379 2563 1462 2598 causa
1473 2548 1623 2615 aliquando
1635 2563 1697 2599 curn
1708 2553 1773 2599 rota
1784 2547 1832 2600 da·

1033 2623 1086 2667 tur.
1102 2615 1232 2667 llledctur
1243 2617 1311 2667 tussi
1324 2624 1353 2667 et
1363 2617 1555 2682 orthopnoeae
1566 2632 1669 2678 semen,
1680 2616 1724 2667 rel
1735 2616 1830 2668 radix:

1033 2685 1098 2735 item
1110 2684 1241 2747 thoracis,
1261 2693 1309 2737 aut
1320 2687 1408 2747 lienis,
1429 2693 1477 2738 sut
1488 2700 1594 2749 renum,
1615 2692 1663 2738 sut
1674 2687 1782 2737 vesicae
1792 2686 1832 2737 vi·

1032 2754 1089 2805 tiis.
1125 2754 1215 2806 Radix
1227 2761 1318 2806 autern
1332 2755 1430 2822 ruptis,
1442 2755 1589 2808 convulsis
1610 2756 1709 2808 Partus
1720 2768 1830 2821 quoque

1033 2823 1156 2886 adiurat,
1169 2830 1197 2875 et
1207 2826 1343 2876 secundas
1356 2824 1444 2891 pellit.
1457 2825 1547 2876 Datur
1557 2831 1588 2877 et
1597 2821 1755 2875 ischiadicis
1768 2839 1831 2876 cum
1874 2832 1893 2845 ”

1034 2891 1157 2944 crethmo
1171 2895 1198 2944 in
1210 2894 1282 2943 rino.
1312 2894 1433 2945 Sudores
1443 2893 1497 2946 ciet
1509 2899 1539 2945 ot
1547 2901 1654 2946 ructus:
1678 2893 1740 2945 ideo
1752 2891 1831 2946 iulia·

1034 2963 1136 3013 tionem
1157 2961 1292 3014 stomachi
1315 2963 1436 3014 discutit.
1473 2964 1595 3017 Vulnera
1614 2964 1649 3015 ad
1669 2962 1830 3016 cicatricem

1035 3032 1166 3099 perducit.
1181 3032 1353 3098 Exprimitur
1364 3040 1391 3084 et
1403 3047 1501 3084 succus
1512 3033 1608 3094 radici,
1620 3033 1698 3084 utilis
1708 3031 1829 3097 feminis,

1033 3109 1062 3153 et
1083 3101 1206 3153 thoracis
1227 3100 1509 3169 praecordiorumque
1529 3101 1694 3154 desideriis:
1715 3101 1831 3156 calfacit

1034 3172 1106 3224 enin:
1126 3176 1155 3224 et
1171 3171 1327 3237 concoquit,
1346 3177 1374 3221 ct
1390 3177 1498 3237 purgat.
1536 3170 1635 3223 Semen
1648 3172 1831 3238 peculiariter

1034 3241 1194 3311 hydropicis
1204 3239 1286 3292 datur
1298 3248 1377 3305 potu:
1400 3240 1497 3305 quibus
1508 3245 1537 3291 et
1546 3256 1644 3292 succus
1655 3242 1780 3304 illinitur,
1800 3248 1830 3294 et

1034 3311 1201 3378 nralagrnate
1219 3325 1234 3361 e
1254 3309 1359 3360 cortice
1370 3307 1459 3360 arido.
1494 3308 1532 3360 Et
1543 3310 1578 3360 acl
1590 3310 1705 3361 obsonia
1715 3316 1831 3363 utuntur

1034 3396 1095 3433 cum
1107 3382 1194 3431 arulso
1206 3384 1234 3430 st
1245 3378 1318 3440 oleo,
1339 3383 1368 3430 ct
1378 3391 1455 3445 garo,
1475 3379 1595 3429 maxime
1611 3379 1640 3429 in
1651 3380 1733 3431 elixis
1744 3379 1832 3430 carni·

1033 3450 1092 3501 bus.
1128 3449 1215 3500 Sinon
1226 3447 1419 3499 concoctiones
1428 3446 1507 3509 facit,
1527 3448 1830 3517 saporesimillimapi·

1034 3519 1100 3586 peri.
1136 3515 1240 3569 Eadem
1252 3519 1279 3567 in
1292 3516 1390 3569 dolom
1401 3514 1538 3569 atoniachi
1549 3516 1653 3569 efficax.

1046 3612 1051 3627 .
1068 3587 1124 3639 cx,
1143 3583 1298 3651 Telephion
1315 3587 1477 3653 portulacae
1493 3586 1591 3637 similis
1614 3594 1657 3637 ast
1671 3592 1701 3638 et
1712 3587 1790 3639 caule
1800 3594 1831 3639 et
1844 3618 1857 3625 -

1034 3656 1117 3707 foliis.
1154 3655 1235 3707 Romi
1246 3670 1264 3705 a
1272 3657 1366 3709 radice
1375 3656 1485 3722 septeni
1496 3655 1625 3706 octonire
1635 3655 1776 3716 fruticant,
1787 3653 1830 3707 fo-

1034 3726 1081 3777 liis
1093 3724 1203 3787 crassis,
1214 3727 1348 3776 carnosis.
1386 3726 1517 3777 Nascitur
1527 3724 1555 3775 ia
1567 3724 1658 3785 cultis,
1670 3733 1699 3776 et
1709 3725 1830 3778 niaximc

1033 3796 1106 3847 inter
1116 3796 1195 3847 uites.
1230 3794 1352 3846 illinitur
1362 3795 1501 3862 lentigini,
1514 3800 1541 3846 ct
1554 3810 1614 3847 cunt
1625 3794 1739 3856 inaruit,
1752 3795 1829 3846 dete-

1033 3866 1113 3916 ritur.
1138 3863 1261 3914 illinitur
1272 3871 1300 3915 ct
1310 3864 1449 3932 vitiligini,
1460 3868 1547 3916 ternis
1557 3864 1618 3917 fere
1629 3864 1777 3924 mensibus,
1787 3870 1829 3915 st·
1876 3870 1879 3879 ’

1034 3937 1077 3985 nis
1088 3934 1163 3984 boris
1173 3934 1263 3984 noctis
1275 3942 1323 3985 aut
1336 3934 1404 3984 dici:
1421 3940 1519 4000 postea
1531 3936 1620 3985 farina
1632 3932 1787 3985 hordeacea
1795 3932 1831 3983 il·

1033 4004 1136 4054 linitur.
1172 4003 1304 4055 Medetur
1314 4011 1341 4054 et
1354 4002 1513 4055 :uulneribus
1524 4011 1553 4055 et
1566 4002 1674 4053 fistulis.

1069 4072 1140 4123 cxi.
1160 4071 1360 4133 Trichomanes
1382 4070 1498 4123 adianto
1517 4072 1616 4123 similis
1638 4077 1695 4129 est,
1725 4065 1861 4127 exilius,

1034 4139 1126 4198 morlo,
1148 4132 1317 4207 nigriusque,
1340 4140 1417 4191 foliis
1428 4140 1582 4192 lenticulae
1594 4138 1695 4196 densis,
1716 4135 1829 4198 amaris,
1930 4166 1935 4183 .

1033 4208 1156 4261 adversis
1168 4208 1243 4260 inter
1254 4225 1293 4260 se.
1324 4209 1477 4259 Decocturn
1490 4209 1550 4257 eius
1562 4205 1736 4271 strangurias
1746 4210 1828 4256 sanat

1034 4281 1061 4327 in
1073 4277 1136 4327 rino
1148 4276 1212 4327 albo
1225 4284 1328 4342 potum,
1345 4274 1441 4325 addito
1452 4274 1562 4325 mrmino
1574 4275 1687 4323 mistico.
1723 4273 1827 4325 illitum

1033 4345 1144 4398 cohibet
1156 4344 1271 4411 capillos
1283 4342 1446 4396 defluentes:
1467 4350 1516 4393 aut
1527 4344 1550 4392 si
1562 4343 1730 4404 effluxerint,
1751 4356 1829 4409 repa·

1034 4422 1086 4466 rat.
1122 4413 1323 4480 slopeeissque
1336 4412 1433 4463 densat
1445 4412 1553 4474 tritum,
1564 4417 1592 4463 et
1603 4413 1629 4462 in
1639 4412 1703 4477 oleo
1715 4412 1826 4463 illitum.

1033 4484 1230 4537 Sternumenta
1241 4497 1349 4549 quoque
1359 4488 1472 4548 gustatu
1485 4489 1585 4532 oraret.

1042 4556 1048 4599 l
1067 4553 1148 4606 cxii.
1163 4551 1342 4604 Thalitruum
1355 4550 1424 4601 folia
1439 4551 1576 4602 coriandri
1590 4548 1829 4616 habstpinguiora

1033 4622 1125 4690 paolo,
1147 4624 1253 4675 caulem
1266 4619 1423 4688 papaveris.
1460 4620 1590 4673 Nascitur
1599 4619 1708 4686 ubique,
1718 4621 1826 4686 praeci·

1033 4708 1084 4759 pne
1096 4694 1122 4743 iu
1133 4691 1344 4759 canipestribus.
1356 4689 1505 4742 illudentur
1516 4687 1673 4741 hulceribus
1683 4687 1754 4740 folia
1764 4704 1827 4742 curu

1032 4760 1123 4813 melle.

1068 4830 1162 4882 Clilll.
1181 4830 1297 4897 Tblaspi
1310 4829 1426 4883 daornta
1438 4844 1568 4900 generum
1578 4833 1636 4882 est:
1649 4827 1775 4894 angustis
1785 4826 1830 4880 fo·

1031 4901 1077 4952 liis
1089 4899 1202 4967 digitali
1213 4900 1389 4967 longitudine
1401 4907 1429 4952 et
1441 4899 1597 4960 latitudine,
1612 4898 1641 4948 in
1652 4904 1755 4950 terram
1766 4911 1826 4950 rer·

1031 4970 1080 5031 sis,
1102 4969 1132 5020 in
1145 4970 1289 5020 cacumine
1300 4970 1411 5032 divisis,
1431 4969 1567 5021 cauliculo
1578 4968 1826 5037 semipedali-nou

1032 5042 1091 5090 sine
1101 5040 1199 5089 ramis:
1216 5039 1352 5105 peltarum
1364 5056 1378 5089 s
1398 5039 1465 5100 ecie,
1476 5039 1581 5090 semine
1591 5037 1697 5089 incluso
1707 5036 1824 5089 lenticu-

1032 5109 1076 5161 lae
1086 5107 1186 5174 efligic,
1198 5108 1251 5158 nisi
1261 5108 1335 5176 quod
1348 5055 1516 5176 infringitur,
1532 5107 1606 5160 unde
1616 5121 1725 5158 nonren.
1760 5103 1826 5182 Flog

1032 5177 1144 5230 albicat.
1162 5177 1294 5229 Nascitur
1306 5177 1331 5229 in
1343 5179 1449 5230 semitis
1460 5183 1489 5231 ct
1497 5177 1617 5243 sepibus.
1629 5176 1827 5236 Semenaspera

1031 5254 1136 5315 gustus,
1146 5246 1230 5299 bilem
1245 5253 1273 5298 et
1285 5247 1412 5313 pituitam
1423 5248 1551 5313 utrinque
1562 5243 1693 5298 extrahit.
1722 5238 1824 5291 lllodus

1030 5316 1166 5379 sumendi,
1177 5316 1318 5370 acetabuli
1329 5331 1467 5369 mensura.
1500 5315 1618 5367 Prodest
1629 5318 1657 5362 et
1668 5306 1826 5361 ischiadicis

1030 5383 1167 5447 infusum,
1186 5385 1274 5438 donec
1284 5389 1445 5455 sanguinem
1457 5384 1559 5437 trahat.
1595 5382 1705 5432 Menses
1715 5390 1824 5458 quoque

1031 5455 1095 5516 ciet,
1113 5454 1162 5506 sed
1173 5462 1268 5520 partus
1280 5464 1368 5508 necat.
1406 5456 1530 5506 Alterum
1542 5448 1653 5515 thlaspi,
1666 5444 1824 5527 aliqurPcr·
1843 5476 1852 5483 -

1030 5525 1116 5575 sicum
1127 5538 1200 5591 napy
1212 5533 1320 5586 nocant,
1340 5523 1406 5575 latis
1417 5523 1502 5583 foliis,
1518 5518 1656 5571 radicibus
1667 5528 1784 5582 magnis,
1796 5522 1825 5566 et

1028 5596 1118 5662 ipsum
1129 5595 1199 5649 utile
1209 5593 1422 5647 ischiadicorum
1434 5589 1578 5641 infusioni.
1613 5582 1732 5638 Prodest
1744 5590 1773 5639 et
1784 5584 1823 5636 in·

1457 5665 1516 5717 w
