4356 6014
279 356 310 417 c.
347 353 498 445 aaran
533 336 746 417 secunus
778 353 950 423 aaron
980 358 1176 427 astaron.
1214 360 1562 425 dimittuntur.
1586 365 1707 429 sr-ae.
1758 369 1820 431 aas

175 522 248 570 snss,
259 503 396 585 Ippijsum.
408 503 441 555 ln
456 507 534 556 creta
543 511 571 554 et
582 501 703 566 rubrica,
713 507 740 557 et
751 505 897 571 aquosiore
908 513 975 575 agre
1025 504 1199 571 stercorare.
1234 507 1318 562 Soleo
1328 507 1407 561 sario
1418 525 1454 563 ne
1464 525 1535 567 ares.
1562 512 1819 581 Tempestivus-ee,

177 578 317 647 adprensa.
341 572 455 626 insieco
473 579 501 625 et
511 588 565 623 non
576 570 706 635 herboso,
716 573 976 636 necumbroso,tri.
1029 577 1227 642 Tepidioribus
1248 578 1317 630 locis
1332 578 1457 632 abruma
1467 581 1606 646 proscindi
1615 598 1683 636 assa
1693 593 1820 651 opertet:

178 640 273 702 t'icunn
292 646 323 696 ln
334 642 394 694 solo
406 640 503 694 aalide
515 640 618 707 labans.
638 641 743 704 istriam
755 657 821 695 sere
835 658 914 710 qnam
927 643 976 696 mi·
1028 643 1219 712 frigidioribus
1230 648 1265 698 ab
1276 647 1449 714 aequinoctio
1458 663 1553 701 verno.
1579 650 1615 702 Et
1626 655 1820 707 maturiensis.

178 719 251 772 ninse
262 714 289 765 in
301 726 404 781 aquoso
414 709 601 778 herbidoque.
621 709 763 780 Siliginem
775 719 803 764 et
815 712 936 764 triticum
947 713 977 765 iu
1030 729 1062 767 ea
1083 714 1206 781 regione,
1227 730 1308 781 quam
1325 716 1445 771 humida.
1481 717 1619 769 Maturius
1635 719 1721 775 densa
1735 731 1821 788 terra,

177 787 242 840 ioco
254 791 351 850 aperte
363 779 476 861 editoqu
482 796 506 842 e,
523 779 570 848 qui
580 779 646 832 Sole
659 792 739 848 quam
752 779 908 863 diutissime
920 788 977 833 tor·
1029 797 1109 850 quam
1121 784 1223 845 soluta,
1234 784 1329 851 pingui
1338 800 1418 851 quarn
1430 801 1533 838 mucra.
1553 786 1605 837 Ubi
1615 788 1705 842 siccae
1717 797 1746 844 et
1757 808 1822 861 gra·

178 858 283 909 reatur.
320 851 434 902 Lentem
445 864 473 899 sn
487 848 640 900 frutectoso
652 856 679 901 et
691 849 842 913 rubricoso,
862 865 910 917 qus
922 865 976 901 nou

179 925 218 985 sit
228 920 369 975 herbidus.
383 917 528 971 Hordeum
541 919 567 969 in
580 918 681 980 novali,
692 925 719 969 et
729 916 755 968 in
768 933 842 981 arvo,
853 918 925 986 quod
936 934 977 970 re·

179 992 273 1047 utibile
284 987 372 1057 possit
384 987 459 1039 llari:
472 988 830 1051 trimestre‚ubiseuientem
838 995 976 1041 maturato

180 1061 270 1117 iacere
282 1074 336 1110 non
348 1058 447 1125 possis,
471 1062 498 1111 et
521 1058 599 1108 cuius
610 1055 763 1107 crassitudo
784 1057 822 1107 sit
836 1056 976 1109 restibilis.

179 1127 296 1185 subtrita
306 1133 335 1179 et
344 1126 396 1177 illa
406 1125 546 1177 sententia
556 1142 563 1174 s
575 1122 699 1176 Serenda
711 1139 745 1176 ea
754 1124 783 1174 in
793 1125 978 1179 tenuioreter·

180 1214 220 1262 rs,
232 1211 301 1267 quae
313 1210 365 1246 nnn
377 1194 465 1247 multo
479 1193 604 1261 indigent
615 1200 748 1254 suce0,ut
761 1195 880 1263 qtisus:
891 1201 927 1259 et,
938 1193 976 1261 εἰς

198 1282 244 1321 ere
256 1269 382 1331 excepto,
405 1263 547 1330 legumina
558 1277 627 1331 quae
637 1262 777 1314 velluntur
794 1268 905 1327 eterra,
922 1278 978 1315 nos

180 1284 373 1389 idisecantur.
409 1330 488 1385 Unde
500 1338 528 1383 et
539 1331 680 1399 legumina
691 1330 843 1399 appellata,
862 1334 928 1401 qnia
938 1328 992 1385 its‘

180 1406 322 1473 leguntur.
333 1403 363 1453 ln
374 1400 471 1470 pingui
483 1408 584 1461 autem,
596 1414 666 1466 quae
677 1400 731 1452 cibi
742 1410 805 1451 sunt
815 1403 938 1463 maioris,
949 1406 979 1454 ut

180 1474 253 1545 dirps,
276 1472 407 1531 triticum,
425 1469 515 1537 siligo,
529 1468 625 1520 linum.
661 1468 709 1521 Sic
720 1485 785 1536 ergo
796 1477 878 1523 tenue
889 1470 977 1521 solum

180 1539 288 1594 hordeo
300 1540 424 1590 dabitur:
444 1538 533 1589 minus
553 1537 626 1588 enim
648 1536 774 1590 alimenti
786 1539 870 1605 radis¹
878 1542 977 1607 poscit:

177 1610 365 1668 leniorterra,
386 1606 551 1673 densiorque
563 1605 667 1657 tritico.
703 1609 736 1660 ln
746 1607 809 1659 loco
822 1607 921 1661 humili
934 1607 978 1659 las·

179 1678 324 1737 adoreum,
336 1676 518 1743 potiusquam
531 1675 664 1737 triticum,
675 1682 798 1728 seretur:
811 1684 977 1744 temperato,

181 1753 211 1800 et
222 1745 345 1796 triticum
356 1748 385 1795 et
394 1741 537 1795 hordeum.
554 1741 646 1794 Colles
657 1745 807 1808 robustius,
818 1746 867 1799 sed
879 1748 978 1807 miuus,

182 1812 302 1869 reddunt
313 1813 445 1862 triticum.
482 1810 576 1863 Feret
587 1812 679 1877 siligo,
690 1820 718 1864 et
729 1821 877 1877 cretosum,
889 1822 917 1867 et
928 1815 979 1866 uii-

181 1884 308 1954 ginosum
317 1880 407 1935 solum
419 1879 585 1934 sortiuntur.
602 1880 639 1932 Et
651 1880 778 1947 frugibus
790 1890 928 1937 ostentum
939 1901 979 1936 sc·

181 1955 239 2007 mel
251 1952 335 2021 (quod
348 1950 474 2020 equidem
486 1953 653 2015 invenerim)
664 1953 779 2018 accidit,
790 1953 819 2004 Ρ.
830 1952 918 2017 helie,
932 1957 978 2005 t'ra

182 2023 313 2076 Cornelio
324 2022 401 2073 Coss.
412 2036 466 2088 quo
478 2035 550 2073 anno
562 2028 709 2088 superatus
721 2029 763 2075 est
774 2022 928 2075 Hannibali
950 2022 979 2073 in

183 2093 329 2145 arboribus
340 2092 414 2142 enim
425 2095 484 2142 tum
496 2097 562 2142 nata
572 2091 727 2158 produntur
738 2093 884 2144 frumenta.

218 2159 329 2214 XLVll.
348 2161 385 2212 Et
397 2162 525 2227 quoniam
537 2160 571 2212 de
582 2161 691 2231 hugum
708 2168 856 2230 terraeque
867 2156 977 2227 generi·

181 2231 234 2282 bus
244 2229 353 2283 abunde
366 2229 498 2291 diximus,
518 2244 590 2281 nunc
611 2231 646 2282 de
664 2229 765 2283 arandi
779 2231 889 2282 ratione
905 2229 978 2280 dice·

183 2314 258 2362 mus,
280 2305 345 2351 sate
360 2299 583 2365 omniadegypti
601 2296 739 2348 facilitate
755 2303 979 2351 commensurata.

134 2424 138 2435 .
183 2366 266 2421 Nilus
280 2368 320 2418 ibi
332 2366 424 2417 ebioni
434 2367 496 2417 rice
506 2365 554 2417 fun
576 2382 633 2428 ens,
653 2367 764 2432 evagari
776 2366 884 2433 incipit,
899 2372 930 2414 ut
941 2365 980 2414 di·

184 2439 285 2497 ximus,
297 2434 432 2499 solstitio,
443 2440 473 2486 et
482 2448 554 2486 nova
589 2450 657 2486 una:
669 2448 701 2486 ac
713 2437 802 2501 primo
815 2430 979 2494 lente,dein·

184 2504 220 2558 de
230 2503 428 2566 schementiua,
440 2501 568 2570 quamdiu
579 2503 607 2553 in
618 2503 712 2554 Leone
723 2502 772 2554 Sol
783 2512 834 2555 est.
859 2502 927 2553 Mos
938 2500 979 2566 pi·

185 2575 286 2642 grescit
298 2574 327 2622 in
337 2571 481 2637 Virginem
493 2576 676 2636 transgresso,
688 2578 770 2636 atque
780 2571 809 2621 in
820 2570 906 2620 Libra
916 2569 981 2620 resi·

185 2644 244 2693 det.
280 2640 310 2691 Si
320 2638 466 2689 duodecim
477 2638 570 2688 cubita
584 2652 638 2688 non
651 2638 786 2702 excessit,
806 2637 894 2689 lanies
905 2644 981 2688 certa

185 2716 238 2761 est.
255 2705 314 2757 Nec
324 2708 421 2767 minus,
432 2706 456 2757 si
468 2705 588 2757 sedecim
600 2707 785 2771 exsuperavit.
803 2708 896 2758 'lauto
908 2705 981 2757 enisu

184 2774 295 2829 tardius
307 2774 430 2837 decedit,
443 2779 556 2895 pusato
574 2774 759 2827 abundantius
778 2775 883 2838 crevit,
903 2782 983 2825 etse·

186 2851 309 2897 mentem
320 2848 407 2894 arcet.
470 2843 536 2912 uigo
547 2841 728 2905 credebatur,
748 2845 784 2897 ab
795 2843 855 2897 eius
867 2843 982 2895 decessu

187 2927 282 2966 serere
293 2911 403 2974 soiitos,
424 2924 489 2963 mox
508 2926 571 2963 aues
587 2913 730 2978 impellere
741 2913 867 2982 vestigiis
878 2910 984 2964 semina

187 2983 375 3049 deprimentes
387 2981 414 3030 in
425 2979 537 3031 madido
548 2979 623 3032 aoio:
645 2988 673 3032 et
684 2982 767 3033 credo
779 2981 931 3048 antiquitus
943 2980 983 3032 ia·

186 3052 325 3104 stitutum.
363 3049 441 3103 Nunc
450 3064 558 3116 quoqne
569 3064 623 3101 non
641 3050 729 3101 multo
740 3052 869 3119 graviora
881 3064 983 3116 operat

186 3121 236 3174 sed
258 3128 348 3171 tamen
366 3119 471 3169 inarari
487 3126 591 3171 certum
610 3126 653 3172 est
665 3123 775 3172 abiecta
790 3121 866 3187 prius
877 3119 983 3170 semino

185 3188 213 3241 in
227 3187 294 3240 limo
305 3188 422 3252 digressi
433 3187 529 3251 ansuis,
548 3185 600 3239 hoc
611 3194 662 3250 est,
680 3188 829 3241 Novembri
841 3203 935 3240 mense
944 3191 983 3240 in·

186 3259 320 3324 eripiente:
333 3264 429 3323 postea
438 3255 517 3322 pauci
529 3264 654 3317 runcant,
666 3258 738 3323 quod
748 3257 926 3310 botanismon
936 3272 983 3309 so·

188 3332 260 3379 cant.
275 3326 392 3390 Reliqua
403 3339 466 3390 pars
477 3339 531 3374 non
543 3326 596 3377 nisi
607 3341 668 3376 cuns
681 3326 751 3377 laice
762 3342 830 3379 arra
839 3326 906 3377 visit
916 3340 982 3395 pau·

185 3396 216 3447 lo
227 3403 292 3446 ante
304 3392 446 3444 Kalendas
465 3394 575 3460 Aprilis.
611 3393 757 3462 Peragitur
774 3404 867 3447 autern
885 3394 984 3447 usessis

188 3463 280 3526 binio,
301 3462 406 3528 stipula
426 3476 564 3529 nunquam
585 3462 715 3515 cubitali:
738 3465 837 3535 quippe
857 3463 984 3515 sabulum

189 3534 299 3585 subest:
311 3545 483 3600 granumque
496 3531 562 3582 limo
573 3536 679 3583 tantum
692 3534 858 3586 continetur.
885 3531 984 3584 Excel-

186 3600 293 3655 lentius
303 3599 456 3653 Thebaidis
467 3600 575 3667 regioni
590 3599 759 3653 humentem
770 3637 778 3663 ,
798 3603 928 3669 quonium
938 3615 985 3680 pa·

188 3671 286 3723 lustris
298 3671 454 3737 aegyptus.
489 3670 597 3723 Similis
611 3674 691 3733 satie,
702 3670 751 3722 sed
762 3670 884 3721 felicitas
894 3682 985 3720 masor

188 3739 364 3806 Babyloniae
375 3739 533 3798 Seleuciae,
555 3738 698 3803 Euphrate
713 3744 795 3803 atque
805 3738 885 3803 ‘i'igri
898 3744 986 3788 resta·

188 3808 347 3879 gnsntibus,
361 3808 492 3875 quoniam
503 3807 614 3875 rigandi
626 3807 725 3858 modus
735 3806 774 3856 ibi
785 3821 867 3858 manu
879 3812 984 3873 tempe·

187 3886 275 3932 ratur.
312 3876 399 3943 Syria
411 3890 519 3943 quoque
529 3877 604 3929 tenui
616 3876 693 3927 sulco
705 3880 777 3937 arat,
787 3890 849 3927 cum
860 3873 984 3927 multifa-

188 3949 259 4003 riam
277 3947 305 3999 in
316 3946 399 3999 ltalia
409 3945 501 3997 octoni
516 3946 598 3997 boses
614 3944 649 3995 ad
666 3944 791 4011 singulos
802 3959 928 3996 vomeres
939 3958 986 3995 an·

188 4015 293 4070 halent.
329 4018 359 4071 in
372 4014 447 4066 omni
460 4012 570 4079 quidem
583 4020 663 4080 parte
679 4015 816 4075 culturae,
835 4015 883 4065 sed
894 4014 924 4067 in
933 4010 986 4069 hac

190 4084 299 4154 quidem
313 4084 440 4145 masinae,
451 4083 526 4135 salet
536 4083 680 4135 oraculum
691 4081 850 4146 iliud‚Quid
862 4096 986 4149 quaeque

189 4160 519 4298 n{id'iiliiti'rdmerum
531 4219 739 4286 pluragenera:
760 4216 987 4275 Culterrocatur,

189 4292 385 4359 praedensnm,
406 4299 484 4352 prius
505 4301 567 4337 uam
590 4284 803 4353 proscindatur,
823 4291 926 4336 terram
947 4299 988 4335 se·

190 4376 272 4417 cans,
293 4355 449 4420 luturisque
460 4301 543 4405 suicis
554 4354 674 4421 vestigia
684 4352 875 4419 praescribens
886 4352 989 4405 incisu·

189 4430 240 4489 ris,
250 4439 319 4492 quas
329 4423 475 4489 resupinus
487 4423 513 4473 in
525 4422 631 4474 arando
642 4418 771 4474 mordeat
780 4433 883 4473 vomer.
907 4421 986 4473 Alte-

190 4510 252 4550 rum
263 4508 351 4613 penus
361 4501 404 4543 est
416 4490 541 4557 vulgare,
557 4494 671 4542 rostrati
684 4489 781 4541 rectis.
820 4488 948 4541 'l'ertium
961 4488 988 4539 in

192 4564 253 4618 solo
276 4560 357 4624 acili,
379 4575 430 4613 nec
440 4567 501 4611 toto
513 4567 671 4625 porrectum
686 4557 808 4620 dentali,
827 4556 876 4610 sed
889 4558 990 4625 exigua

196 4631 308 4697 cuspide
318 4633 348 4681 in
359 4636 462 4680 rosim.
474 4629 573 4680 Latior
583 4627 651 4682 baec
664 4634 765 4697 quarto
776 4626 880 4695 generi,
888 4633 917 4678 et
926 4641 990 4681 aen

192 4704 250 4754 tior
261 4700 289 4750 in
303 4714 459 4751 mueronem
469 4697 618 4766 fastigata,
638 4697 791 4765 eodemque
813 4694 908 4762 gladie
919 4692 989 4748 suin·

196 4769 264 4821 dens
283 4770 388 4830 solum,
410 4774 439 4820 et
455 4769 516 4819 acie
531 4767 648 4819 laterum
665 4768 774 4820 radices
787 4762 934 4819 herbarum
945 4779 988 4816 ss·

197 4852 271 4891 cans.
306 4836 368 4889 Non
380 4836 485 4904 pridem
496 4838 636 4887 inventum
647 4836 675 4887 in
688 4833 806 4887 llbaetia
817 4832 937 4894 Galliae.
960 4839 990 4885 ut

196 4904 268 4957 duas
288 4905 422 4958 adderent
437 4905 486 4957 alii
505 4906 620 4966 rotulas,
658 4907 712 4955 ned
728 4910 924 4972 genusrocaut
934 4900 990 4968 pla·

196 4976 297 5027 narati.
311 4974 408 5042 Cuspis
420 4973 539 5042 elligiem
552 4975 633 5041 palae
680 4973 736 5025 bet.
770 4971 874 5025 Serunt
885 4973 926 5024 ita
936 4987 990 5024 aare

195 5044 250 5096 nisi
261 5044 336 5097 culta
346 5051 429 5106 terra,
445 5051 473 5096 et
486 5043 544 5096 iere
555 5058 634 5095 nora.
670 5040 804 5094 Latitudo
819 5045 939 5097 vomeris
949 5056 991 5095 ce·

196 5110 990 5247 ttidlttt².‘....⁸:ttitilittriddrtadtiitt

196 5256 267 5303 sats.
303 5248 359 5303 sco
378 5250 494 5316 protelis
514 5248 586 5302 binis
598 5250 738 5318 ternisque
754 5249 894 5301 sicerant.
931 5249 990 5301 Uno

196 5315 279 5371 boum
300 5320 366 5385 iugo
384 5320 493 5371 censeri
503 5334 574 5371 anno
585 5317 677 5371 facilis
692 5317 746 5373 soii
758 5317 989 5387 quadregeuniu·

198 5401 274 5455 gera,
285 5386 407 5439 dihicilis
418 5389 531 5449 tricena,
542 5389 646 5441 iustum
657 5394 709 5440 est.

231 5455 331 5509 xlix.
354 5452 377 5506 1.
389 5457 419 5507 lo
430 5457 534 5507 arando
545 5471 713 5524 magnopere
721 5453 884 5508 serrandum
892 5452 990 5506 estes·

196 5524 272 5577 tonis
284 5523 442 5576 oraculum:
463 5522 535 5585 Quiri
547 5531 590 5576 est
602 5525 740 5591 primuml
796 5538 855 5577 rum
866 5524 936 5575 bene
947 5535 990 5572 co·

193 5591 260 5645 lere.
286 5591 372 5661 „outo
384 5591 533 5645 secundum
545 5590 639 5649 illene
650 5610 739 5650 mare.
801 5591 849 5647 uid
861 5587 990 5645 tertiumi

227 5659 322 5714 Pers.
340 5660 436 5714 iisss.
456 5672 578 5715 uirus.

1028 857 1217 915 resumentes,
1238 859 1317 907 terra
1325 862 1435 907 cretosa
1447 860 1496 907 aut
1506 855 1627 922 gracilis,
1638 858 1736 909 utilius
1746 861 1821 914 inter

1028 920 1178 975 solstitium
1189 926 1217 973 et
1228 921 1355 972 autumni
1365 925 1569 989 aequinoctium
1580 930 1685 977 aratur.
1719 928 1771 979 libi
1782 931 1821 982 le·

1029 1005 1076 1041 ves
1087 995 1190 1052 aestus,
1207 989 1369 1055 trequentes
1379 993 1488 1054 imbres,
1504 993 1607 1057 pingue
1618 992 1820 1064 herbosumque

1028 1059 1129 1121 solum,
1147 1058 1187 1111 ibi
1198 1056 1297 1110 mediis
1308 1058 1457 1111 caloribus.
1493 1060 1585 1112 ditum
1595 1069 1623 1113 et
1634 1077 1718 1130 grase
1728 1065 1819 1118 solutu

1030 1128 1115 1181 etiam
1128 1126 1220 1181 hieme
1231 1127 1334 1179 morari
1352 1126 1456 1193 placet:
1477 1133 1559 1182 tenne
1571 1131 1652 1184 valde
1663 1139 1691 1184 et
1702 1132 1821 1199 aridum,

1028 1195 1113 1265 paulo
1125 1203 1191 1249 ante
1200 1195 1316 1253 satiuais
1326 1201 1442 1262 tempus.

1064 1267 1090 1319 2.
1108 1263 1177 1317 Sunt
1189 1271 1217 1317 et
1228 1262 1273 1315 bie
1282 1278 1349 1316 suae
1358 1265 1448 1333 leges:
1458 1264 1590 1318 Lutosasn
1599 1273 1702 1322 tcsrsss
1714 1286 1748 1323 ne
1759 1277 1819 1324 tsn-

1029 1337 1097 1401 gito.
1133 1335 1169 1387 vi
1181 1334 1255 1385 omni
1265 1342 1360 1385 arato:
1380 1334 1457 1401 prius
1469 1348 1547 1400 quam
1559 1350 1630 1398 ares,
1640 1340 1820 1403 proscindito.

1029 1404 1095 1455 lloc
1103 1403 1253 1455 utilitatem
1264 1400 1434 1469 habetquod
1444 1405 1553 1455 maesse
1564 1405 1667 1470 cespite
1672 1406 1820 1462 barbarum

1029 1471 1140 1525 radices
1159 1476 1303 1525 amantur.
1340 1472 1460 1534 Quidam
1475 1471 1570 1539 utique
1588 1473 1623 1524 ab
1644 1477 1820 1542 aequinoctio

1030 1557 1114 1595 verno
1124 1540 1266 1609 proscindi
1276 1540 1382 1594 solunt.
1395 1541 1476 1604 Quod
1486 1556 1551 1595 sere
1562 1542 1761 1597 semelnratum
1769 1554 1822 1610 est,

1031 1628 1048 1663 a
1058 1611 1191 1679 temporis
1207 1616 1370 1679 argumento
1388 1619 1545 1665 remaclum
1560 1619 1684 1665 secatur.
1720 1614 1782 1666 lioc
1793 1615 1823 1667 in

1031 1681 1123 1732 nerui
1135 1695 1221 1748 aeque
1232 1680 1417 1733 necmsarium
1427 1686 1480 1733 est.
1516 1680 1623 1733 Nosala
1634 1687 1685 1743 cst,
1698 1682 1771 1748 qnod
1781 1683 1821 1734 sl·

1030 1750 1117 1801 ternis
1128 1752 1207 1801 annis
1217 1748 1329 1800 seritur.
1338 1751 1474 1802 Araturos
1484 1750 1568 1800 beses
1578 1763 1660 1815 quana
1667 1751 1824 1805 arctissime

1030 1818 1108 1885 iungi
1122 1825 1242 1884 oportet,
1259 1823 1289 1869 ut
1299 1817 1435 1884 capitibus
1446 1818 1565 1870 subistis
1576 1824 1669 1871 areat:
1689 1819 1822 1872 alemini·

1031 1902 1074 1938 nse
1083 1887 1157 1938 colia
1167 1886 1345 1938 contundunt.
1377 1885 1406 1939 Si
1417 1888 1489 1939 inter
1500 1887 1613 1940 arbores
1623 1889 1750 1955 vitesque
1761 1904 1823 1942 are·

1030 1964 1086 2016 tur,
1108 1954 1222 2007 fiscellis
1238 1954 1395 2021 capistrari,
1417 1970 1451 2006 ne
1468 1956 1621 2023 germinam
1638 1963 1824 2025 tenersprae·

1031 2030 1152 2091 serpant.
1183 2024 1369 2077 securiculam
1382 2025 1519 2077 insitivam
1532 2025 1659 2091 pendere,
1672 2040 1728 2092 qua
1738 2028 1824 2079 inter·
1847 2058 1852 2069 ·

1031 2093 1158 2145 cidantur
1168 2092 1285 2143 radices.
1305 2094 1366 2143 line
1376 2093 1484 2155 meiius,
1496 2107 1577 2160 quarn
1588 2094 1707 2147 besselii
1718 2100 1824 2159 eramo,

1029 2163 1168 2228 bovesque
1178 2161 1287 2213 laetari.
1307 2161 1337 2213 in
1350 2160 1455 2213 nroado
1466 2176 1574 2213 versum
1585 2164 1688 2231 peragi,
1699 2178 1749 2216 nec
1760 2164 1824 2216 stri·

1050 2245 1097 2283 are
1109 2231 1136 2282 in
1148 2237 1211 2281 actu
1223 2229 1345 2295 spiritus.
1366 2230 1471 2282 lustuns
1482 2238 1525 2282 est
1536 2234 1677 2297 proscindi
1687 2232 1765 2285 sulco
1776 2233 1825 2284 do·

1030 2245 1157 2353 icastris
1168 2300 1292 2365 iugerum
1303 2313 1358 2349 uno
1369 2299 1425 2363 die,
1446 2300 1542 2352 iterari
1553 2305 1783 2370 sesquiiugerusss,
1799 2301 1824 2353 sl

1031 2369 1069 2419 sit
1080 2367 1202 2418 facilitas
1211 2367 1277 2427 seii:
1288 2368 1312 2416 si
1324 2369 1422 2428 minus,
1434 2368 1572 2434 proscindi
1584 2372 1734 2431 semissem,
1742 2371 1825 2423 iters-

1033 2436 1059 2486 ri
1070 2449 1175 2496 assem,
1195 2434 1305 2499 quando
1316 2440 1345 2485 et
1354 2436 1515 2487 animalium
1529 2438 1621 2488 labori
1635 2447 1737 2489 natura
1747 2438 1823 2505 leges

1031 2503 1138 2554 statuit.
1175 2503 1368 2554 Omnearsum
1381 2504 1465 2556 rectis
1475 2505 1571 2565 sulcis,
1592 2518 1656 2556 mox
1665 2512 1695 2555 et
1706 2504 1824 2572 obliquis

1032 2570 1126 2638 subigi
1136 2568 1227 2621 debet.
1264 2573 1293 2622 ln
1308 2572 1426 2623 collibus
1441 2583 1600 2622 transverso
1611 2576 1722 2624 testans
1731 2581 1824 2625 moute

1032 2646 1136 2700 aratur,
1146 2636 1195 2688 sed
1207 2637 1290 2689 modo
1300 2639 1327 2689 in
1339 2639 1490 2704 superiora,
1502 2637 1584 2691 modo
1594 2640 1622 2689 in
1634 2639 1776 2701 islesioru,
1782 2655 1826 2692 re.

1032 2714 1139 2759 strame
1149 2720 1271 2759 sensere.
1306 2708 1481 2772 ’lentumque
1492 2712 1536 2758 est
1546 2706 1650 2759 laboris
1663 2706 1776 2769 homini,
1793 2716 1826 2760 ut

1031 2777 1118 2829 etiam
1129 2775 1212 2828 bourn
1228 2778 1288 2829 sice
1307 2774 1449 2843 iungatur.
1486 2776 1566 2827 certe
1576 2774 1638 2827 sins
1648 2774 1702 2827 boc
1711 2776 1825 2829 anissali

1033 2851 1182 2897 mentum
1190 2851 1287 2911 gentes
1297 2844 1413 2895 sarculis
1424 2850 1510 2895 amnt.
1546 2845 1658 2906 arator,
1670 2845 1726 2897 uisi
1737 2848 1826 2899 incas·

1032 2911 1828 3049 {iteritatishltiuttthttilttd

1033 3066 1172 3104 sommam
1183 3050 1302 3103 subinde
1311 3049 1439 3101 stimulus
1448 3049 1608 3115 cuspidatus
1617 3044 1698 3102 sallo.
1708 3050 1830 3105 §camna

1033 3122 1107 3174 intes
1114 3120 1185 3173 duos
1194 3121 1286 3172 sulcos
1296 3120 1419 3171 erudane
1430 3118 1628 3184 relinquantur,
1634 3118 1734 3239 pictae
1741 3135 1828 3173 sees·

1034 3190 1149 3243 suitent.
1168 3189 1245 3241 Male
1255 3193 1351 3240 uratur
1361 3201 1465 3250 arsum,
1478 3185 1550 3255 quod
1561 3188 1630 3239 satis
1654 3189 1768 3254 rugibus
1780 3203 1826 3241 oe·

1035 3258 1152 3311 candum
1164 3268 1216 3310 est.
1233 3257 1264 3308 ld
1276 3257 1383 3309 minum
1394 3263 1472 3308 recte
1481 3256 1626 3308 subactum
1638 3257 1762 3323 eritpbi
1771 3271 1828 3308 non

1034 3328 1206 3394 intelligetur
1218 3331 1283 3378 istro
1292 3340 1386 3376 somer
1396 3325 1471 3377 ierit.
1506 3325 1537 3375 hs
1548 3338 1600 3375 usu
1611 3333 1655 3377 est
1665 3332 1694 3379 et
1703 3326 1828 3378 collicias

1035 3398 1220 3463 interponere,
1231 3396 1257 3446 si
1264 3396 1306 3446 ita
1317 3395 1395 3445 iocus
1402 3401 1507 3460 poscat,
1517 3393 1652 3459 ampliore
1661 3393 1747 3455 sulus,
1756 3407 1827 3460 quas

1034 3465 1163 3518 iniussus
1174 3478 1273 3531 aquam
1285 3462 1412 3514 educunt.

1070 3534 1097 3586 3.
1112 3536 1243 3597 tratione
1260 3547 1310 3598 per
1325 3536 1512 3583 transversum
1527 3529 1644 3590 iterata,
1663 3528 1772 3582 measse
1781 3542 1828 3581 se.

1036 3603 1136 3668 quitur,
1146 3603 1193 3650 ubi
1204 3615 1249 3650 res
1262 3599 1360 3664 poscit,
1374 3606 1451 3649 crate
1462 3597 1506 3647 rel
1519 3604 1623 3649 restro:
1638 3602 1737 3650 etsato
1747 3599 1829 3650 sessi·

1036 3685 1070 3722 ne
1087 3668 1211 3720 iteratio.
1246 3667 1325 3718 llaec
1342 3678 1452 3732 quoque
1467 3664 1515 3716 ubl
1531 3665 1702 3716 consuetude
1714 3666 1829 3732 patitur,

1037 3743 1113 3791 cruta
1134 3737 1256 3798 deumta,
1275 3734 1319 3787 sel
1336 3733 1431 3787 tabula
1444 3738 1541 3785 mairo
1558 3732 1677 3795 edun,
1696 3734 1769 3800 quad
1780 3748 1829 3787 so·

1036 3812 1100 3860 east
1110 3805 1204 3867 lirare,
1223 3804 1366 3871 operiente
1377 3802 1495 3855 seminas
1515 3801 1590 3853 unde
1626 3803 1723 3853 riarum
1735 3802 1829 3868 appel·

1036 3876 1097 3928 lata
1105 3874 1236 3927 deliratio
1247 3880 1298 3926 est.
1319 3870 1578 3935 unartcserisuico
1614 3870 1830 3938 irgiliusesisti·

1037 3951 1129 3997 suatur
1145 3942 1274 4004 soluisse,
1293 3956 1353 3992 cusu
1374 3942 1445 3994 dixit
1466 3940 1597 4007 optimam
1614 3955 1675 3991 essa
1694 3945 1829 4004 segetem,

1038 4029 1107 4080 quae
1118 4012 1160 4063 bis
1171 4010 1273 4072 Solem,
1280 4011 1323 4062 bis
1334 4009 1442 4077 frigora
1449 4009 1590 4061 sensisset.
1601 4006 1722 4073 Spissius
1732 4005 1830 4068 seium,

1037 4084 1111 4135 sieut
1131 4082 1290 4147 plerumque
1306 4078 1443 4139 initalia,
1464 4077 1560 4142 quinto
1576 4076 1653 4126 sulco
1664 4072 1721 4125 seri
1730 4072 1829 4127 arelius

1039 4158 1097 4212 est,
1115 4149 1146 4199 in
1157 4149 1256 4201 Tuscis
1274 4161 1341 4199 rere
1354 4160 1437 4198 neno.
1470 4147 1507 4195 at
1517 4142 1610 4195 iubam
1623 4149 1653 4194 et
1665 4141 1763 4193 noan
1775 4154 1831 4191 non

1039 4217 1178 4284 proscisso
1188 4232 1282 4269 serere
1292 4214 1351 4266 sisse
1359 4210 1667 4277 sanmcsnpesiinss
1673 4223 1774 4274 operas
1780 4214 1831 4261 sst.

1073 4285 1100 4338 t.
1118 4283 1180 4335 Non
1192 4283 1351 4335 omittemus
1368 4295 1449 4332 unam
1465 4280 1614 4331 edanum
1629 4276 1727 4329 arandi
1742 4277 1830 4331 ratio·

1040 4367 1114 4414 nem,
1133 4352 1163 4401 in
1175 4350 1375 4416 Transpadana
1389 4347 1473 4398 ltalia
1486 4347 1623 4400 bellorum
1634 4346 1737 4397 iniuria
1746 4358 1830 4397 exeo·

1040 4422 1168 4490 gitatam.
1179 4420 1285 4474 Salassi
1294 4433 1355 4470 eum
1365 4415 1625 4481 sabieetesltlpibus
1635 4413 1842 4480 depopulatas·-

1040 4501 1088 4545 tur
1099 4503 1195 4556 agros,
1215 4487 1341 4556 panicum
1360 4484 1524 4551 miliumque
1534 4484 1591 4536 isns
1602 4497 1763 4535 excrescens
1773 4486 1833 4534 ten·

1040 4566 1146 4613 msere.
1180 4556 1328 4624 Postquam
1339 4554 1487 4621 respuebat
1498 4556 1607 4616 naturs,
1617 4552 1770 4605 iusserunt.
1796 4552 1832 4603 ili

1040 4627 1109 4682 illae
1128 4642 1233 4679 messes
1253 4623 1454 4691 multiplicatas
1469 4622 1596 4683 docuere,
1615 4619 1688 4688 quad
1703 4634 1833 4673 nuness·

1042 4703 1237 4757 eantartrare,
1257 4694 1287 4746 id
1299 4700 1342 4746 est
1352 4699 1487 4755 aratrare,
1507 4697 1539 4743 ut
1549 4690 1631 4742 eredo
1644 4696 1709 4741 tunc
1719 4690 1831 4741 dictust.

1041 4766 1141 4821 Hesllt
1150 4765 1194 4817 sei
1205 4764 1355 4831 incipiente
1366 4761 1532 4824 culsameusn
1544 4760 1598 4811 ism
1609 4760 1632 4811 is
1643 4758 1710 4810 bina
1719 4764 1833 4808 ternave

1042 4835 1166 4889 emiserit
1177 4832 1255 4887 lolia.
1292 4832 1350 4885 Nec
1359 4846 1455 4883 reeens
1467 4825 1660 4881 subtrahemus
1668 4826 1833 4893 emasplusss,

1041 4905 1070 4956 in
1081 4904 1230 4957 Treuerico
1247 4917 1315 4971 agro
1331 4900 1418 4954 tertie
1434 4904 1498 4952 sate
1513 4896 1585 4967 hunc
1599 4911 1698 4949 annuns
1709 4908 1833 4963 uouspsr·

1042 4981 1109 5026 tusi.
1137 4974 1209 5027 iiam
1218 4987 1280 5025 cum
1291 4968 1381 5022 hieme
1392 4966 1551 5037 praegelida
1561 4972 1660 5032 captae
1670 4974 1779 5034 segetes
1789 4978 1831 5016 es·

1041 5048 1112 5105 sent.
1123 5046 1292 5101 reseverunt,
1305 5041 1486 5092 resarrientes
1497 5049 1609 5100 campos
1618 5049 1713 5085 mense
1724 5033 1834 5091 blsru'o,

1043 5112 1249 5178 uberrimasque
1261 5123 1364 5161 messes
1374 5103 1537 5155 habueruut.
1570 5102 1768 5167 Nuacreliqua
1776 5098 1834 5151 sul·

1041 5188 1108 5233 turs
1117 5178 1245 5231 medetur
1255 5193 1304 5245 per
1312 5188 1416 5242 genera
1424 5171 1543 5239 frugum.

1075 5248 1109 5301 1.
1129 5246 1283 5311 siliginem,
1303 5243 1358 5306 iar,
1372 5241 1510 5302 triricum,
1524 5254 1627 5300 semen,
1639 5235 1774 5289 hordeum
1783 5245 1830 5284 st·

1043 5324 1117 5379 cato,
1136 5315 1250 5374 sarritn,
1270 5317 1397 5372 runcato,
1418 5309 1519 5379 quibus
1534 5308 1636 5360 dictim
1657 5305 1711 5358 erit
1728 5301 1834 5380 diebus.

1041 5382 1174 5451 Singulae
1189 5395 1289 5448 operae
1308 5380 1409 5447 cuique
1425 5378 1520 5446 generi
1531 5376 1558 5427 in
1575 5378 1672 5441 iugero
1689 5368 1835 5423 suilicsesst.

1042 5451 1201 5503 Sarnu'fflc
1216 5450 1372 5499 ζ·Ᾰ···“«·,ιιι
1391 5445 1506 5499 hiberno
1522 5441 1678 5512 rigoresoli
1689 5436 1834 5493 annonara

1041 5521 1092 5575 las.
1361 5517 1426 5579 -sis,
1445 5527 1585 5630 nesospiue
1604 5508 1685 5587 Sples
1704 5505 1835 5561 admittit.

1041 5589 1072 5647 p.
1420 5582 1530 5633 frumen
1570 5574 1678 5629 radices
1692 5572 1825 5629 suffodiat
