4368 6008
324 301 356 360 C.
381 298 538 361 amnti
565 294 783 359 sacuam
817 296 990 369 NATUR·
1023 306 1218 367 HISTOR.
1251 307 1340 368 ΗΒ.
1366 306 1467 371 xxi.
1501 311 1592 371 CAP.
1615 312 1742 376 tlt-⁷8.
1786 316 1850 381 265

198 455 253 507 nisi
265 453 301 505 ab
311 451 364 503 hoc
376 444 488 502 suffitu:
503 447 666 515 vegetiores
672 444 746 501 enim
757 442 951 519 nimlnres'que
959 451 1001 505 sit

199 523 319 576 etiamid
330 518 466 572 dicatiori.
479 516 835 585 Intertrigiuumetalarum
843 520 1001 589 vitiis,psr-

200 591 429 657 frictionibosque
438 600 502 640 cum
512 586 577 638 olan
587 586 698 648 illitum,
709 598 763 639 oon
773 588 856 643 dubie
867 591 982 644 mederi.

236 662 323 714 axx.
342 660 471 725 cyperos
482 656 580 707 iuncus
590 662 644 716 est,
662 657 785 723 qualiter
800 658 933 724 minius,
954 676 1000 712 un·

155 767 166 783 .
202 732 325 801 gulosus,
336 731 413 781 iuxta
424 735 529 778 terram
538 725 680 787 candidas,
690 727 832 780 momine
842 730 929 797 nigor,
940 731 1000 797 pia·

201 803 329 871 guisque.
365 797 449 848 Folia
458 795 668 861 imaporraceis
678 796 807 858 erilium,
817 800 845 848 iu
857 800 999 852 cacumine

201 873 319 933 nriuuts,
336 868 410 921 inter
422 878 493 933 quac
503 871 547 916 ast
556 879 659 917 semen.
698 865 786 918 asan
800 868 891 920 olivae
902 869 999 936 nigrae

201 939 311 999 similis,
331 948 421 1004 quam,
441 950 503 986 cunr
525 935 649 1000 oblonga
667 942 718 997 est,
737 936 874 1002 cyperida
890 946 999 1001 vocant,

201 1010 294 1077 anagni
305 1008 333 1059 in
343 1005 484 1058 medicina
493 1018 569 1057 usus.
606 1004 682 1055 Laus
693 1014 798 1072 cypero
815 1008 904 1073 prima
914 1008 998 1061 llant-

200 1079 339 1138 mosiaco,
350 1074 472 1130 secunda
484 1073 837 1139 Rhodio,tertia'rheraeo,
848 1076 1000 1128 novissima

200 1147 352 1218 Aegyptio:
372 1144 445 1213 quod
456 1149 485 1194 et
500 1142 643 1196 contundit
661 1144 848 1208 Intellectum,
868 1147 998 1212 quoniam

200 1226 230 1269 et
240 1220 350 1284 cypiros
363 1216 400 1268 lbl
411 1217 543 1265 nascitur.
579 1212 633 1266 Sed
646 1213 757 1279 cypiros
770 1215 929 1277 durissima,
939 1217 998 1268 via·

200 1300 256 1355 que
264 1288 383 1352 spirans.
419 1283 527 1335 Ceteris
539 1281 611 1334 odor
621 1290 649 1334 et
663 1282 731 1348 ipsis
743 1284 859 1335 nardum
874 1286 997 1335 imitans.

201 1356 253 1406 list
263 1364 292 1407 et
301 1368 351 1421 per
361 1370 391 1404 se
402 1350 498 1404 indica
509 1351 605 1412 herba,
617 1364 688 1418 quae
699 1353 797 1419 cypira
809 1361 932 1415 vocatur,
942 1355 999 1405 sin·

55 1460 62 1477 .
200 1425 307 1507 giberis
319 1424 423 1490 efligies
436 1420 666 1472 conrnranducata
677 1424 748 1473 croci
760 1424 815 1473 vim
828 1422 918 1487 reddit
946 1425 998 1490 Cy·

101 1488 152 1511 ‘⁴⁸‘
219 1488 320 1545 ero'vis
337 1493 367 1542 in
382 1491 520 1543 medicina
539 1489 675 1556 psilothrl.
710 1490 832 1543 illinitur
849 1493 998 1560 pterygiis,

198 1509 416 1628 hulceribusque
433 1560 608 1626 genitalium,
628 1567 657 1611 et
674 1575 744 1628 quae
756 1562 786 1612 in
798 1559 914 1614 hunroco
933 1569 998 1613 sunt

200 1632 339 1691 omnibus,
350 1630 423 1679 sicut
435 1629 491 1679 uris
503 1627 673 1682 hulceribus.
698 1626 787 1680 lindis
797 1630 929 1682 adversus
939 1645 998 1682 ser·

200 1700 324 1767 pontium
335 1700 415 1758 ictus,
423 1704 452 1749 et
462 1711 527 1748 scor
546 1699 648 1758 ionum,
656 1699 800 1765 praesenti
811 1698 934 1751 remedio
945 1706 996 1752 est.

199 1768 304 1821 Valvas
315 1767 405 1832 aperit
417 1773 492 1833 pota.
527 1712 659 1832 [anglari
670 1773 750 1818 tanta
760 1767 812 1827 vls,
831 1775 863 1818 ut
873 1769 998 1833 expellat

200 1854 257 1890 eas.
295 1837 405 1887 Urinam
417 1837 483 1896 ciet,
502 1843 532 1887 at
544 1835 674 1897 calculos,
694 1836 730 1887 ob
740 1836 772 1886 ivl
782 1837 934 1887 utilissima
945 1837 996 1904 hy·

199 1904 331 1973 druplcis.
367 1905 490 1958 illinitur
500 1912 529 1956 ot
543 1902 712 1966 hulceribns,
732 1919 802 1970 quae
810 1913 933 1971 serpunt,
948 1904 997 1957 sed

200 1975 243 2027 hia
253 1975 481 2094 praecipuaquac
492 1975 522 2025 ln
531 1972 677 2027 stomacho
684 1981 800 2038 sannen
810 1974 874 2026 vino
883 1974 926 2026 vel
934 1989 997 2029 ace·

200 2057 229 2098 to
243 2046 261 2096 il
275 2046 324 2095 ita.

236 2113 334 2166 Lxxi.
354 2112 429 2163 luncl
440 2112 557 2164 radiato
576 2111 668 2164 tribus
678 2110 795 2165 heminis
812 2130 902 2181 aquae
912 2113 995 2167 deco·

200 2192 246 2236 cta
265 2183 301 2234 nd
317 2180 425 2242 tertias,
445 2182 515 2233 tussi
531 2181 665 2234 nrsdetur.
702 2184 802 2236 Samen
814 2192 916 2235 tostum
929 2192 956 2236 et
967 2185 996 2235 ln

199 2268 271 2319 aqna
281 2260 384 2318 potum,
392 2250 468 2302 sistit
478 2252 579 2313 alvum,
591 2250 796 2304 ecfeminatum
808 2268 925 2306 menses.
947 2256 997 2304 Ga·

201 2322 269 2388 pitis
289 2321 402 2372 dolores
421 2319 500 2383 lacit,
520 2321 568 2387 qul
580 2321 922 2374 vocaturholoschoenos:
937 2325 996 2373 eius

200 2390 407 2458 quaeproainm
417 2399 482 2442 sunt
493 2390 606 2452 radicis,
627 2391 891 2442 conmanducantur
901 2391 996 2442 adver·

199 2473 433 2511 sus·aransorum
453 2473 572 2509 niorsus.
608 2459 723 2514 invenio
744 2464 895 2511 etiamnum
913 2473 996 2509 unum

198 2527 997 2662 {latinitatidtdttttt‘ttrltltd'll:

415 2630 423 2656 l
780 2630 788 2657 l

169 2694 182 2725 ,
235 2660 349 2716 LXXll.
368 2663 410 2714 0b
431 2663 459 2714 id
476 2669 504 2713 et
523 2661 636 2729 odorati
656 2663 730 2721 iunci
741 2664 895 2716 medicinae
905 2664 996 2716 dicen·

200 2742 256 2794 tur,
278 2731 409 2799 quoniam
421 2738 449 2784 et
461 2731 490 2781 iu
509 2729 593 2797 Syria
603 2731 687 2783 Coele
709 2737 751 2795 (ut
767 2745 817 2782 suo
829 2731 892 2783 loco
902 2731 998 2783 retuli-

199 2806 273 2863 mus)
283 2801 416 2852 nuscitur.
450 2799 675 2852 Laudatissinms
686 2815 721 2852 cx
733 2800 886 2861 Nabataea,
896 2815 997 2868 cogno·

198 2872 274 2924 utine
291 2869 436 2941 teuchites,
457 2869 598 2935 proximus
614 2868 797 2937 Babylonius,
819 2872 952 2937 posuimus
962 2884 997 2921 cx

196 2940 300 3002 Africa,
316 2939 420 2991 aesino
432 2938 528 2990 odore.
563 2939 614 2990 Est
624 2945 718 2991 autem
731 2939 874 3000 rotundus,
884 2942 997 2991 vincano

196 3010 391 3061 mordacitatis
410 3006 446 3058 nd
467 3006 599 3072 linguam.
636 3008 803 3061 Sincerusin
816 3008 996 3060 confricando

199 3078 313 3130 odorem
325 3091 406 3127 rosae
416 3076 529 3135 emittit,
551 3076 717 3127 rubentibus
726 3075 900 3143 fragmentis.
930 3078 995 3128 Dis·

198 3148 272 3200 cutit
282 3145 451 3205 inflationes,
463 3145 497 3195 ob
508 3143 537 3194 id
548 3144 695 3195 stomacho
705 3144 794 3205 utilis,
816 3147 956 3214 bilemque
966 3151 997 3197 et

196 3214 358 3284 sanguinem
370 3213 567 3265 reilcientlbus.
584 3213 731 3280 Singultus
741 3214 931 3276 sedat,ructus
939 3229 997 3265 nro·

169 3310 173 3317 ·
195 3293 253 3346 vet,
272 3283 381 3335 urinam
403 3283 467 3345 ciet,
487 3281 597 3334 vesicae
616 3283 752 3335 medetur.
787 3283 828 3337 Ad
845 3284 996 3336 muliebres

199 3369 267 3406 usus
278 3352 451 3418 decoquitur.
487 3349 707 3415 0pisthotonicis
724 3366 786 3403 cum
803 3353 897 3405 resina
915 3352 997 3405 arida

196 3419 657 3557 rnlpqofficgttetrffiogzaffim
668 3487 828 3555 refrigerat.
852 3489 923 3540 Usus
934 3489 995 3541 eius

197 3561 332 3613 dividitur
341 3561 371 3612 in
383 3559 462 3621 iulia,
473 3564 503 3611 at
511 3556 603 3619 liores,
614 3565 642 3611 et
654 3560 754 3624 capita.
780 3557 923 3610 Foliorum
935 3572 996 3624 par·

197 3639 242 3683 tes
252 3644 323 3697 quac
332 3628 478 3690 candidae,
499 3635 759 3693 ungnesvocautar.
794 3627 994 3680 inllorealiud

198 3708 356 3760 usnemun,
376 3698 452 3750 allud
474 3697 605 3763 capillus:
627 3698 769 3764 incapite,
789 3697 868 3748 aliud
888 3705 995 3758 cortes,

197 3767 274 3820 aliud
285 3767 377 3834 calyx.
413 3766 525 3818 Folium
536 3767 665 3828 siccatur,
685 3776 734 3819 aut
745 3767 836 3818 trihus
846 3766 937 3818 modis
946 3781 994 3819 ex-

196 3838 335 3905 primitur.
372 3836 427 3900 Bar
435 3852 474 3901 sc,
485 3851 546 3887 cum
558 3851 665 3903 angues
675 3852 729 3888 non
741 3834 938 3893 detrahuntur:
954 3835 995 3887 ihi

196 3908 270 3960 enim
282 3905 579 3972 humorisplurimum:
599 3913 647 3958 aut
668 3922 729 3957 cum
751 3906 883 3959 detractis
895 3906 995 3972 ungui·

195 3978 257 4038 bus,
277 3977 386 4041 reliqua
396 3990 461 4042 pars
472 3982 521 4025 aut
532 3975 595 4026 oleo
604 3983 653 4025 aut
664 3976 728 4027 sinu
740 3983 898 4027 maceratur
907 3975 936 4025 in
946 3974 995 4025 So·

195 4045 224 4098 le
235 4045 309 4097 vasis
320 4045 427 4096 vitreis.
464 4043 584 4107 Quidam
595 4050 624 4094 et
634 4044 721 4095 salem
735 4045 898 4104 admiscent,
911 4049 939 4094 et
949 4057 995 4092 an·

196 4112 310 4166 chusam
326 4111 464 4172 nonnulli,
481 4119 530 4163 aut
542 4110 729 4175 aspalathum,
748 4119 798 4161 aut
807 4113 918 4162 iuncum
929 4110 995 4162 odo·

194 4190 303 4235 ratuni:
324 4183 389 4249 quia
403 4180 469 4230 tulis
486 4180 605 4230 maxime
616 4179 731 4244 prodest
740 4179 841 4231 vulvae
852 4178 994 4245 acdyscn·

195 4254 300 4305 terlcis.
311 4249 512 4313 Exprimuntur
522 4246 617 4297 eadam
626 4247 835 4298 iuliadetractis
845 4248 994 4314 unguibus,

193 4325 264 4375 trita
273 4333 322 4384 per
331 4318 449 4368 linteum
461 4317 616 4382 spissnmin
628 4330 738 4368 aereum
751 4315 923 4381 saulemque
935 4315 994 4383 igni

193 4402 295 4442 succus
311 4386 451 4452 coquitur,
469 4385 557 4435 donec
573 4383 623 4435 not
642 4385 797 4436 crassitudo
818 4384 918 4435 mellis.
952 4385 994 4437 Ad

194 4459 249 4511 hoc
270 4456 338 4523 eligi
354 4462 466 4521 oportet
482 4454 679 4505 odoratissima
694 4468 820 4521 quaeque
834 4453 912 4506 lolia.
947 4455 995 4508 Vi·

194 4542 259 4580 num
272 4525 412 4593 quomodo
423 4526 501 4576 heret
512 4538 528 4575 c
538 4528 611 4583 rosa,
627 4523 747 4574 diximus
757 4523 833 4575 inter
843 4536 945 4591 genera
955 4523 995 4575 vi·

196 4598 235 4650 ni.
271 4596 342 4647 Usus
353 4596 429 4645 succi
441 4593 475 4645 ad
487 4607 578 4654 aures,
590 4593 650 4644 uris
663 4592 783 4654 hulcera,
792 4592 926 4660 gingivas,
935 4599 996 4644 tou·

195 4666 284 4724 silias,
304 4665 506 4731 gargarizatus,
524 4661 710 4725 stomachum,
722 4662 996 4724 vulvas,sedisvitiu,

195 4734 298 4801 capitis
308 4732 430 4786 dolores.
465 4734 495 4784 ln
510 4731 586 4783 lehre
598 4747 647 4799 per
661 4747 702 4794 se,
719 4732 762 4782 rel
784 4745 844 4783 cum
863 4738 944 4784 aceto
959 4732 994 4784 ad

196 4819 320 4866 somnos,
330 4818 458 4856 nauseas.
494 4801 577 4853 Folia
587 4810 705 4853 uruntur
715 4801 742 4851 ln
754 4799 994 4868 calliblepharum.

194 4872 235 4925 Et
255 4872 335 4924 siccis
353 4874 456 4924 lemma
474 4880 670 4939 asperguntur.
707 4870 865 4938 Epiphoras
885 4884 994 4938 quoquc

195 4941 276 4995 arida
286 4941 401 4993 leniunt.
436 4943 639 4995 Flossomnum
656 4941 732 4993 lacit.
768 4938 878 4992 inhibet
892 4941 993 4992 fluxio·

195 5025 245 5064 nes
256 5011 412 5071 mulierum,
425 5014 541 5062 maxime
552 5010 641 5072 albas,
652 5011 679 5060 in
692 5024 776 5076 posca
785 5017 881 5076 potus:
894 5016 921 5063 ot
932 5025 995 5061 san·

194 5080 506 5149 galntserscreatioues.
519 5079 722 5147 stomachique
743 5079 994 5147 aedolurenquan-

194 5158 256 5202 tuns
265 5149 359 5203 iuvini
372 5149 483 5218 cyathis
494 5148 593 5201 tribus.
622 5149 722 5202 Sumen
753 5148 923 5215 isoptimum
934 5160 994 5200 cro·

194 5220 297 5283 dnum,
306 5234 358 5273 acc
367 5219 495 5272 anniculo
505 5220 656 5269 vetustius:
676 5224 705 5270 et
715 5219 743 5270 ln
756 5219 993 5270 umbrasiccatur.

195 5288 313 5359 Nigrum
326 5290 434 5341 inutile.
469 5287 705 5341 Dentiumdolori
717 5287 843 5340 illinitur.
879 5284 992 5339 Urinam

195 5360 259 5414 cist.
296 5358 447 5412 Stomacho
468 5358 631 5422 imponitur.
668 5358 736 5410 item
757 5357 815 5424 igni
834 5370 916 5407 sacro
936 5370 992 5407 non

194 5430 292 5482 veteri·
326 5426 405 5481 Nar*
501 5426 537 5432 ’“
660 5434 740 5493 eaput
748 5431 859 5494 purgat.
895 5425 993 5492 capita

195 5504 263 5562 pots
277 5506 363 5551 centn
703 5502 751 5548 cut.
788 5496 900 5563 linguas
910 5508 992 5547 rosae

190 5567 359 5689 cqrgqumrts}¹
781 5565 906 5620 calorum
924 5578 992 5619 rosa

254 5650 320 5689 arn.

1050 456 1225 521 sordescunt,
1236 464 1429 526 praeterquam
1441 458 1528 512 initiis
1538 458 1697 528 epiphorae,
1706 465 1746 517 itu
1756 472 1788 517 ut
1797 467 1853 519 sri-

1051 525 1089 576 da
1099 538 1159 576 curn
1170 540 1241 592 pune
1254 528 1419 595 imponatur.
1448 529 1531 581 Folia
1542 532 1654 597 quidem
1664 534 1741 585 vitiis
1750 542 1852 589 stoma·

1052 594 1106 656 chi,
1127 596 1285 649 rosionibus
1299 607 1328 649 ot
1338 598 1415 649 vitiis
1425 600 1539 662 ventris,
1559 601 1802 666 etintestlnorum,
1822 612 1852 655 et

1052 665 1223 731 praecordiis
1234 666 1392 727 utilissima,
1402 667 1447 718 vel
1457 668 1540 719 illita.
1577 670 1645 721 eino
1655 687 1764 739 quoque
1776 674 1852 740 lapa-

1052 732 1097 784 thi
1107 734 1190 784 niodo
1203 735 1383 788 condiuntur.
1419 737 1564 789 Gerendus
1575 739 1605 789 in
1616 737 1660 791 his
1671 742 1743 792 situs
1755 742 1851 795 celeri·

1053 802 1234 855 terinaidens.
1253 803 1382 855 Etaridis
1392 810 1421 857 et
1429 811 1567 872 expressis
1577 808 1761 874 aliquisusus.
1783 810 1850 863 Dia·

1052 872 1253 937 pasmatainde
1271 874 1340 922 tinot
1357 872 1391 922 ad
1408 873 1523 926 sudores
1541 877 1718 940 coercendos,
1737 881 1779 929 ita
1793 889 1851 932 uta

1050 941 1170 992 balineis
1185 944 1342 993 inarescant
1352 943 1471 1005 corpori,
1491 942 1556 994 dein
1574 945 1678 1013 frigida
1690 946 1848 999 abluantur.

1052 1008 1198 1062 silvestris
1210 1010 1313 1076 pilulae
1331 1025 1394 1062 cum
1407 1010 1489 1077 adipe
1498 1016 1593 1065 ursino
1602 1016 1741 1083 alopecias
1752 1016 1850 1068 mirili-

1052 1094 1084 1130 ee
1095 1080 1250 1131 entendant.

1088 1147 1212 1200 Lxxrv.
1231 1148 1298 1200 Lilii
1315 1147 1423 1200 radices
1434 1147 1529 1200 uiuitis
1548 1151 1637 1203 orodis
1654 1152 1752 1206 liorem
1769 1166 1849 1207 suurn

1052 1217 1243 1280 nobilitavere,
1260 1226 1359 1270 contra
1368 1218 1538 1284 serpentium
1549 1221 1622 1271 ictus
1638 1237 1671 1273 ex
1682 1224 1746 1275 vinu
1757 1231 1849 1289 potae,

1051 1295 1082 1338 et
1096 1295 1192 1339 contra
1210 1288 1357 1354 langorum
1369 1302 1482 1340 venena.
1513 1288 1631 1354 Propter
1641 1291 1736 1343 clavos
1747 1293 1850 1359 pedum

1053 1357 1081 1408 in
1092 1357 1157 1407 dno
1169 1357 1368 1423 decoquuntur,
1383 1357 1531 1423 triduoque
1542 1372 1596 1409 non
1608 1360 1761 1412 solvuntur.
1781 1364 1849 1415 cum

1051 1424 1133 1492 adipe
1148 1433 1197 1478 aut
1214 1427 1277 1479 oleo
1288 1425 1432 1488 decoctae,
1451 1426 1524 1493 pilos
1540 1440 1650 1494 quoque
1665 1428 1771 1481 adustis
1787 1431 1850 1483 red·

1051 1496 1127 1545 dunt.
1163 1498 1187 1547 Ε
1198 1495 1288 1546 mulso
1304 1501 1388 1561 potae
1400 1495 1527 1547 inutilem
1539 1499 1699 1564 sauguinem
1711 1508 1772 1548 cum
1784 1500 1848 1552 alvo

1051 1563 1175 1615 trahunt.
1192 1563 1338 1631 Lieniqae,
1350 1570 1379 1616 et
1390 1566 1488 1631 ruptis,
1500 1566 1587 1617 vulsis
1599 1573 1726 1632 prosunt,
1738 1574 1849 1620 otoran-

1051 1633 1129 1684 sihus
1143 1633 1319 1685 feminarum.
1343 1633 1519 1685 lnvioovero
1536 1633 1848 1702 dococtac,impcaitae·

1051 1718 1105 1771 que
1115 1716 1176 1755 cunr
1188 1703 1270 1755 melle
1280 1702 1373 1754 nervis
1383 1704 1516 1768 praecisis
1525 1704 1679 1757 medentur.
1703 1702 1849 1768 bithenus,

1050 1777 1079 1823 et
1089 1773 1189 1838 lepras,
1199 1778 1227 1824 et
1237 1771 1358 1824 turtures
1366 1772 1394 1822 in
1402 1772 1476 1824 lucie
1486 1772 1641 1826 emendant.
1653 1774 1780 1853 Eragant
1790 1788 1850 1825 cor·

1050 1855 1128 1906 pora.
1157 1840 1236 1892 Folia
1246 1844 1274 1892 ln
1286 1847 1365 1892 aceto
1378 1848 1467 1902 cocta,
1484 1841 1642 1893 vulneribus
1653 1843 1847 1908 imponuntur:

1050 1909 1194 1976 epiphoris
1205 1910 1331 1972 testium,
1347 1910 1446 1962 medus
1456 1924 1518 1963 cum
1532 1909 1705 1978 hyoscyamo
1717 1918 1745 1963 et
1757 1911 1851 1963 farina
1941 1906 1949 1923 ⁴

1049 1979 1145 2030 tritici.
1181 1978 1279 2032 Sumen
1289 1979 1411 2030 illinitur
1421 1981 1479 2047 igni
1491 1993 1587 2031 sacro:
1606 1979 1659 2032 llos
1671 1986 1700 2032 et
1711 1978 1782 2032 lolia
1791 1979 1852 2033 hui-

1049 2046 1851 2183 tt'lltlt‘tt‘dml?tt‘nt¹¹¹.lttt.52ttt·tttlz

1049 2186 1221 2248 dasvulvas,
1240 2187 1412 2255 sudoresque
1425 2186 1579 2251 iaciendos,
1595 2195 1625 2241 ct
1634 2188 1850 2254 suppurationes

1049 2256 1268 2321 concoquendus.

1084 2324 1197 2378 LXXV.
1215 2323 1338 2375 Narcissi
1349 2322 1405 2374 duo
1415 2337 1520 2389 genera
1529 2327 1557 2376 ln
1569 2338 1620 2375 usu
1632 2324 1734 2377 medici
1749 2325 1848 2392 recipi·

1049 2398 1108 2444 unt.
1145 2393 1234 2443 Unum
1248 2407 1390 2460 purpureo
1402 2391 1478 2455 llere,
1499 2400 1527 2446 et
1538 2394 1657 2445 alterum
1674 2392 1848 2446 herbaceum.

1049 2461 1285 2512 Huncstomacho
1296 2461 1434 2520 inutilem,
1446 2468 1475 2511 et
1485 2453 1550 2512 idco
1563 2460 1748 2523 vomitorium,
1759 2462 1849 2515 alvos·

1051 2544 1105 2595 quc
1114 2529 1274 2589 solventem,
1281 2528 1375 2580 nervis
1384 2528 1534 2590 inimicum,
1545 2537 1629 2594 caput
1638 2536 1810 2594 gravantem,
1820 2539 1851 2582 et

1048 2612 1067 2647 n
1083 2610 1168 2646 narce
1187 2595 1341 2646 narcissum
1359 2595 1478 2656 dictum,
1498 2612 1553 2646 non
1566 2612 1584 2647 a
1603 2596 1734 2649 iabuloso
1750 2612 1848 2665 puero.

1049 2665 1199 2730 Utriusque
1219 2662 1300 2714 radix
1321 2664 1542 2730 mulseisnporis
1555 2672 1607 2717 est.
1635 2666 1775 2718 Ambustis
1786 2682 1849 2735 pro·

1049 2734 1113 2785 dest
1128 2748 1188 2784 cnm
1205 2734 1305 2799 exiguo
1323 2732 1414 2785 melle.
1450 2734 1497 2785 Sic
1508 2740 1536 2786 et
1546 2733 1716 2796 vulneribus,
1729 2743 1758 2786 et
1768 2736 1849 2788 luxa·

1047 2803 1098 2853 tis.
1135 2802 1219 2853 Panis
1236 2816 1302 2853 vero
1320 2816 1380 2853 cum
1397 2801 1524 2855 melleet
1543 2817 1648 2855 avanae
1663 2803 1763 2858 lamna.
1800 2805 1848 2858 Sic

1050 2879 1079 2924 ct
1090 2871 1174 2923 infixa
1185 2871 1295 2937 corpori
1307 2869 1443 2924 extrahit.
1461 2872 1492 2922 ln
1502 2871 1617 2939 polenta
1626 2875 1709 2924 tritus
1721 2874 1848 2943 oleoque,

1049 2941 1171 2992 contusis
1183 2941 1319 3001 medetur,
1336 2947 1365 2992 et
1383 2940 1476 3007 lapide
1493 2941 1640 3007 percussis.
1676 2940 1849 3010 Purgatvul·

1049 3006 1117 3062 naha
1129 3012 1281 3076 permixtus
1296 3008 1414 3062 farinae.
1450 3009 1552 3079 Nigrus
1568 3010 1723 3079 vitiligines
1734 3026 1846 3065 emacu-

1049 3080 1099 3131 lat.
1119 3081 1159 3130 Es
1171 3079 1225 3130 hoc
1234 3078 1304 3130 llore
1313 3081 1345 3128 iit
1355 3078 1536 3129 narcissinum
1557 3079 1647 3130 oleum
1660 3079 1695 3132 ad
1706 3080 1848 3133 emollien-

1049 3150 1100 3199 das
1112 3148 1238 3210 duritias,
1246 3146 1420 3199 calfacienda
1429 3162 1499 3213 quae
1509 3147 1635 3199 alserint.
1662 3150 1781 3202 Auribus
1793 3151 1849 3202 uti·

1048 3219 1199 3268 tissimum:
1217 3217 1266 3268 sed
1276 3224 1305 3269 ct
1315 3217 1415 3282 capitis
1428 3216 1541 3268 dolores
1553 3216 1632 3268 iacit.

1083 3286 1209 3338 erXVl.
1228 3284 1327 3337 Violae
1336 3286 1485 3345 silvestres,
1500 3292 1528 3338 ct
1539 3285 1656 3338 sativae.
1685 3284 1846 3353 Purpureas

1048 3353 1222 3420 refrigerant.
1259 3356 1363 3405 contra
1378 3353 1778 3407 inflammationes'illinuntur
1790 3362 1847 3408 sto·

1049 3421 1149 3473 onacho
1160 3424 1277 3473 ardenti.
1297 3423 1478 3487 imponuntur
1486 3429 1514 3473 et
1524 3422 1646 3487 capitiln
1656 3421 1757 3475 leonte.
1777 3426 1847 3477 Ocn-

1048 3491 1138 3542 lorum
1150 3491 1278 3557 privatim
1291 3488 1448 3557 epiphoris,
1468 3497 1496 3541 et
1511 3491 1577 3541 sede
1596 3490 1769 3555 procidente,
1783 3493 1845 3544 sarl-

1047 3575 1130 3613 vave:
1151 3566 1180 3612 ct
1191 3566 1289 3610 contra
1301 3561 1523 3624 suppurationes.
1552 3558 1699 3624 Crapulam
1711 3568 1740 3612 et
1750 3574 1848 3629 grave·

1048 3628 1126 3681 dines
1137 3630 1235 3695 capitis
1246 3628 1384 3693 impositis
1395 3627 1506 3678 coronis
1515 3625 1676 3697 olfactuque
1684 3628 1845 3683 discutiunt.

1047 3698 1169 3764 daginus
1181 3712 1214 3748 ea
1226 3711 1297 3763 aqua
1313 3704 1405 3762 potae.
1445 3697 1476 3747 ld
1488 3695 1561 3762 qnod
1575 3710 1744 3764 purpureum
1755 3712 1789 3750 ex
1801 3699 1846 3764 iis,

1047 3767 1234 3820 comitialibus
1251 3764 1387 3826 medetur,
1407 3764 1526 3817 maxime
1539 3766 1633 3833 pueris
1641 3802 1649 3828 ,
1661 3767 1699 3841 ,in
1715 3782 1787 3834 aqua
1798 3782 1846 3835 pc·

1047 3843 1115 3888 tum.
1151 3836 1249 3887 Samen
1260 3835 1352 3887 violae
1368 3834 1561 3900 scorpionibus
1578 3835 1749 3888 adversatur.
1778 3839 1847 3889 Cou-

1048 3913 1093 3957 tra
1103 3906 1153 3959 llos
1164 3905 1244 3957 albae
1255 3911 1407 3972 suppurata
1418 3904 1522 3971 aperite
1533 3904 1595 3972 ipsa
1605 3904 1730 3956 discutit.
1758 3905 1795 3957 Et
1807 3905 1847 3957 ai·

1046 3978 1084 4027 ba
1094 3982 1185 4027 autem
1195 3982 1224 4026 et
1234 3975 1311 4026 lutea
1322 3980 1475 4027 extenuant
1483 3981 1636 4033 ntenstrun,
1645 3975 1752 4024 urinam
1760 3975 1845 4024 cient.

1050 4045 1144 4095 Minor
1154 4046 1196 4095 vis
1206 4050 1249 4095 cst
1260 4044 1430 4097 recentibnsz
1442 4043 1559 4110 ideoque
1571 4041 1658 4093 aridis
1669 4047 1733 4110 post
1742 4055 1847 4093 annuat

1049 4113 1190 4165 utendum.
1223 4112 1315 4165 Lutea
1335 4111 1453 4164 dimidio
1474 4109 1577 4178 cyatho
1598 4110 1627 4160 in
1642 4123 1733 4175 aquae
1746 4108 1847 4171 tribus,

1052 4195 1161 4232 ovenses
1170 4181 1266 4233 trahit.
1285 4181 1405 4232 Radices
1415 4181 1475 4231 eins
1486 4184 1632 4231 cumaceto
1643 4177 1736 4229 illitae
1746 4176 1847 4230 sedant

1048 4248 1161 4301 lienum:
1173 4249 1239 4300 item
1251 4250 1419 4316 podagram:
1431 4247 1575 4300 oculorum
1587 4251 1682 4298 autem
1693 4244 1846 4300 inflamma·

1047 4318 1138 4368 tiones
1148 4331 1209 4367 cum
1225 4317 1340 4383 myrrha
1350 4324 1378 4368 et
1390 4330 1483 4367 croco.
1518 4315 1601 4367 Folia
1615 4328 1675 4365 cum
1688 4316 1771 4368 melle
1781 4328 1873 4381 pun*⁴

1048 4382 1221 4452 gantcapitis
1233 4384 1357 4437 bulcera:
1369 4399 1429 4437 cum
1440 4390 1535 4436 cerato
1546 4384 1632 4434 rimas
1643 4382 1728 4446 sedis,
1735 4393 1765 4437 et
1775 4400 1846 4452 quaa

1047 4456 1074 4507 in
1086 4453 1206 4506 humidis
1216 4461 1289 4505 sunt.
1318 4454 1361 4504 Ex
1372 4460 1452 4504 aceto
1463 4467 1529 4504 vero
1540 4453 1725 4509 collectiones
1735 4462 1844 4507 mount.

1081 4522 1221 4576 Lxxvn.
1241 4521 1366 4575 Bacchas
1384 4522 1413 4572 in
1424 4521 1579 4574 medicinae
1590 4535 1641 4576 usn
1652 4523 1737 4590 aliqui
1749 4537 1783 4576 cx
1794 4538 1843 4576 no·

1048 4596 1114 4646 stris
1125 4608 1297 4660 perpressam
1310 4598 1419 4645 vocant.
1454 4592 1612 4644 auxiliatur
1622 4600 1721 4643 contra
1730 4606 1843 4659 serpen·

1047 4670 1099 4726 tes,
1124 4664 1225 4730 capitis
1245 4662 1357 4716 dolores
1377 4661 1575 4728 fervoresque:
1597 4664 1665 4713 item
1687 4659 1844 4727 epiphoras.

1048 4734 1201 4800 imponitur
1210 4732 1337 4785 nrammis
1351 4731 1522 4782 tumentibus
1535 4738 1652 4797 apertu,
1669 4737 1698 4783 et
1709 4731 1845 4799 aegilopis

1046 4803 1252 4870 incipientibus,
1274 4809 1302 4854 et
1313 4801 1421 4870 ignibus
1432 4799 1528 4850 moris.
1564 4798 1641 4851 Odor
1662 4812 1789 4852 somnum
1804 4799 1846 4867 gi·

1047 4873 1116 4939 gnit.
1153 4871 1284 4923 Radicem
1296 4872 1441 4923 decoctam
1462 4868 1556 4920 bibere
1566 4868 1706 4935 spasticis,
1728 4869 1844 4930 eversis,

1047 4941 1195 5007 convulsis,
1206 4938 1372 5008 suspiriosis,
1384 4938 1508 4993 salutare
1520 4943 1573 4991 est.
1610 4941 1638 4991 ln
1659 4941 1730 4991 tussi
1750 4945 1844 4992 vetere

1047 5011 1154 5063 radices
1174 5012 1233 5063 eius
1254 5018 1311 5062 tres
1323 5016 1477 5077 quatuorve
1487 5010 1680 5077 decoquuntur
1699 5008 1734 5061 ad
1744 5008 1844 5061 tertias

1045 5087 1151 5148 partes.
1178 5081 1256 5132 llaec
1266 5080 1345 5147 potio
1357 5079 1488 5131 muheres
1499 5094 1535 5131 ex
1545 5079 1645 5130 ahorm
1657 5085 1766 5145 purgat.
1791 5075 1844 5126 La·

1046 5158 1135 5203 terum
1146 5152 1308 5215 punctiones
1319 5148 1405 5211 tollit,
1416 5153 1445 5200 et
1455 5150 1565 5201 vesicae
1575 5147 1707 5201 calculos.
1737 5142 1842 5197 Tundi·

1045 5219 1168 5272 taretin
1180 5218 1359 5285 diapasmata
1394 5217 1527 5271 Vestibus
1538 5216 1632 5269 odoris
1644 5214 1737 5283 gratia
1745 5211 1842 5265 inseri-

1046 5296 1101 5340 tur.
1138 5286 1325 5350 Combretum,
1345 5288 1420 5370 quod
1439 5288 1530 5340 simile
1549 5288 1577 5341 ei
1598 5285 1727 5345 dixirim,
1746 5281 1843 5334 mium

1045 5359 1843 5482 narratarumacerrae-n...n...

1044 5497 1174 5559 traditur,
1196 5495 1570 5551 unciasunrtuminbemina
1581 5488 1768 5543 mnislmiatl.
1796 5488 1841 5541 hl·

1044 5580 1108 5619 sum
1118 5574 1221 5637 purgat
1231 5569 1347 5623 ellebori
1358 5567 1451 5682 moytia.
1488 5558 1657 5631 nyuropvcn
1671 5557 1796 5628 prodest,
1816 5569 1843 5611 et
