4356 6014
371 332 429 389 190
498 328 529 386 C.
562 328 718 386 PLlNll
749 322 964 385 sacunol
997 319 1169 381 NATUR.
1202 319 1398 381 fflsi’ou.
1430 318 1519 379 ΗΒ.
1541 318 1638 378 xvt.
1672 317 1770 377 CAP.
1795 317 1896 376 7-13.

371 495 424 546 quc
435 479 463 528 iu
475 481 554 543 panis
566 493 652 527 usum.
677 472 747 532 euin
760 478 788 519 ct
799 468 936 532 hodieque
948 482 996 534 per
1008 468 1168 533 Hispanias,

371 546 500 600 secundis
511 545 613 597 mensis
634 542 712 609 glans
724 537 864 588 inseritur.
905 535 1021 586 Dulcior
1031 534 1126 586 eadem
1139 536 1167 584 iu

373 617 466 668 cinere
478 621 561 666 tosta.
586 613 702 661 Cautum
714 613 756 656 est
766 610 914 672 praeterea
924 605 987 671 lege
998 605 1048 655 Xll
1060 604 1167 656 tabula·

371 701 442 747 rum,
454 691 485 736 ut
495 678 622 748 glandem
634 678 661 726 in
673 674 794 726 alienum
805 671 918 725 fundum
932 673 1122 741 procidentem
1135 672 1168 722 li·

373 759 449 807 cerat
459 749 599 814 colligere.
637 745 746 795 Genera
757 756 851 794 earum
864 742 961 793 nrulta.
989 743 1101 793 Distant
1114 742 1167 792 fru-

372 833 428 883 ctu,
438 821 502 878 sito,
519 830 595 874 sexu,
605 828 715 880 sapore.
752 812 878 877 Namque
890 812 948 862 afra
958 810 1059 878 fageae
1070 810 1166 877 glandi

322 882 332 896 ''
371 891 469 958 ligura,
486 884 542 936 alia
561 897 689 947 quernae,
709 888 737 932 et
753 881 809 931 alia
821 881 936 947 ilignae:
958 891 1042 947 atque
1055 881 1167 931 interae

370 968 478 1025 quoque
489 964 620 1020 generum
630 952 803 1017 singolorum
815 950 998 1001 dill'crentiaa.
1018 949 1167 1000 Praeterea

368 1032 433 1079 sunt
445 1022 553 1087 aliquae
564 1020 716 1080 silvestres,
727 1019 798 1070 aliae
810 1018 987 1085 placidiores,
1008 1032 1078 1084 quae
1090 1017 1167 1069 culta

369 1095 502 1148 obtinent.
517 1090 575 1141 lam
587 1092 670 1140 etiam
682 1089 710 1139 in
722 1089 884 1148 montuosis,
897 1088 1040 1153 planisque
1050 1087 1166 1137 distant:

369 1165 441 1216 sicut
453 1167 482 1213 et
492 1174 561 1211 sexu
574 1174 663 1209 orares
673 1173 705 1207 ac
718 1156 849 1208 feminae:
870 1157 938 1208 item
951 1170 1058 1222 sapore.
1094 1154 1165 1205 Dul-

369 1232 480 1286 cissima
491 1228 612 1280 omnium
625 1227 692 1294 fagi,
701 1233 730 1276 ut
742 1241 796 1292 qua
808 1226 937 1276 obsessos
947 1225 1031 1276 etiam
1041 1224 1166 1276 homines

370 1300 485 1352 durasse
496 1299 525 1348 in
537 1296 638 1364 oppido
651 1295 720 1346 Chio
740 1294 837 1345 tradat
848 1294 992 1346 Cornelius
1001 1294 1165 1346 Alexander.

369 1369 480 1421 Genera
490 1367 663 1433 distinguere
676 1378 729 1415 iton
743 1363 824 1414 datur
835 1364 999 1426 nominibus,
1020 1378 1091 1431 quae
1102 1368 1166 1413 suist

370 1438 427 1491 alia
438 1437 515 1489 alibi.
537 1435 643 1500 Quippe
654 1448 715 1486 cum
728 1435 814 1484 robur
824 1447 1009 1499 quercumque
1021 1433 1104 1500 volgo
1116 1447 1164 1482 na·

369 1509 409 1560 sci
421 1502 701 1566 rideamus,eseulum
715 1517 769 1553 non
780 1503 888 1569 ubique.
901 1501 1035 1563 Quartam
1049 1517 1166 1568 terega·

367 1578 444 1630 neris
456 1575 590 1634 eiusdem,
611 1587 680 1638 quae
691 1579 927 1633 cerrusrocatur,
949 1586 984 1622 ne
995 1570 1094 1622 ltaliae
1106 1571 1165 1636 qui·

369 1645 431 1698 dem
443 1645 549 1695 maiore
562 1648 684 1709 exparte
696 1646 790 1691 notam
802 1655 871 1691 esse.
900 1639 1110 1706 Distinguemus
1121 1655 1165 1690 er·

388 1714 597 1781 oprnprietate,
617 1716 785 1777 naturaque:
808 1715 836 1761 et
846 1710 891 1761 ubi
903 1724 948 1762 res
960 1715 1057 1776 coget,
1078 1708 1164 1760 etiam

368 1731 484 1837 dirceus
496 1779 663 1831 nourinibus.

404 1851 464 1904 Vll.
482 1850 552 1916 Fagi
563 1847 644 1916 glans
655 1848 761 1900 nucleis
771 1847 879 1909 similis,
900 1847 1042 1915 triangula
1052 1850 1115 1898 cute
1128 1847 1165 1896 in·

266 1938 273 1953 ·
369 1921 499 1975 cluditur.
535 1918 646 1969 Folium
657 1924 749 1978 tenue,
761 1926 844 1983 atquc
855 1933 871 1968 e
882 1917 1042 1978 levissimis,
1061 1914 1164 1981 populo

369 1991 469 2052 simile,
481 1987 626 2040 celerrime
636 1985 803 2038 flavescens:
816 1993 845 2037 et
857 1985 948 2036 media
958 1992 1037 2052 parte
1049 1987 1166 2050 plerum·

368 2076 421 2129 que
431 2061 548 2128 gignens
558 2070 676 2122 superne
688 2055 832 2121 parvulam
846 2056 956 2106 baccam
968 2053 1099 2116 viridem,
1122 2067 1165 2102 ca·

368 2132 477 2183 cumina
489 2126 654 2178 aculeatam.
690 2125 761 2192 Fagi
772 2124 852 2191 glans
868 2124 991 2175 muribus
1003 2123 1165 2189 gratissima

368 2205 420 2260 est,
432 2205 460 2250 et
471 2195 536 2248 idco
548 2193 677 2246 animalis
688 2193 748 2244 eius
759 2208 813 2243 una
824 2199 988 2259 proventus:
1001 2192 1090 2259 glires
1099 2206 1165 2257 qoo-

368 2283 421 2336 que
430 2267 556 2335 saginat:
567 2263 708 2329 expetitur
718 2267 747 2314 et
759 2262 855 2313 turdis.
884 2264 1019 2314 Arborum
1032 2260 1164 2312 fertilitas

361 2336 489 2389 ‘omnium
501 2333 560 2387 fere
572 2333 701 2394 alternat,
711 2332 759 2383 scd
772 2332 893 2383 niaxime
906 2331 972 2397 fagi.

402 2406 476 2459 vul.
495 2403 640 2464 Glandem,
661 2416 731 2468 quae
740 2404 853 2467 proprio
864 2400 1047 2469 intelligitur,
1070 2399 1165 2452 feriant

367 2477 463 2536 robure
480 2488 606 2540 quereus,
621 2471 739 2539 esculus,
751 2485 855 2531 cerrus,
866 2470 931 2535 iles,
943 2472 1035 2521 suber.
1072 2470 1165 2520 Conti·

366 2551 448 2598 netur
468 2542 579 2608 hispido
600 2542 705 2609 calyce,
725 2554 775 2606 per
791 2554 893 2605 genera
905 2540 1163 2602 plusminoscutem

367 2613 579 2680 complectente.
616 2610 707 2668 Folia,
718 2616 829 2673 praeter
839 2605 942 2668 ilicem,
955 2605 1058 2671 grauia,
1069 2621 1165 2657 carno-

367 2700 406 2743 sa,
417 2694 543 2748 procera,
564 2681 679 2729 sinuosa
688 2675 834 2738 lateribus,
857 2690 908 2727 nec
918 2689 978 2725 cum
992 2675 1103 2737 cadunt,
1114 2673 1163 2726 lla-

365 2751 518 2811 rescontia,
535 2755 566 2799 ut
586 2746 658 2814 fagi:
681 2760 730 2812 pro
742 2744 899 2797 differentia
910 2759 1041 2813 generum
1053 2746 1163 2817 brevio·

365 2836 408 2883 ra,
418 2820 465 2871 vel
476 2817 612 2885 longiora.
648 2814 723 2866 llicis
734 2813 789 2865 duo
801 2828 914 2881 genera.
941 2814 983 2865 Ex
994 2814 1030 2865 lis
1041 2813 1069 2864 in
1082 2814 1164 2865 ltalia

367 2889 439 2942 folio
460 2902 514 2939 non
537 2886 653 2937 multum
670 2882 704 2936 ab
715 2883 785 2935 oleis
798 2884 912 2945 distant,
932 2883 1062 2934 smilaces
1075 2884 1163 2949 aqui·

366 2959 481 3011 busdam
494 2955 607 3006 Graecis
629 2953 729 3007 dictae.
764 2953 793 3004 ln
816 2953 965 3019 provinciis
982 2950 1164 3018 suntaquifo·

366 3028 432 3078 liae.
443 3025 518 3076 llicis
528 3023 610 3089 glans
620 3025 763 3090 utriusque
775 3023 921 3074 breviaret
931 3022 1073 3088 gracilior,
1082 3034 1163 3088 quam

366 3095 508 3146 Honrerus
528 3107 562 3144 ac
583 3090 631 3141 lon
650 3092 782 3159 appellat,
804 3106 892 3159 eoque
911 3089 1160 3156 uomineaglunde

366 3160 522 3229 distinguit.
590 3161 698 3213 asculus
708 3161 788 3213 ilices
798 3167 900 3227 negant
910 3160 991 3211 terre.

402 3231 489 3283 Glans
500 3229 606 3298 optimu
616 3230 644 3281 in
657 3246 767 3297 querco,
788 3237 870 3296 utque
882 3227 1077 3296 grandissima:
1098 3241 1163 3279 mor

367 3300 480 3355 esculo:
503 3314 566 3351 naar
578 3298 687 3352 roboris
699 3315 796 3369 parra:
821 3312 900 3351 cerro
916 3298 1022 3360 tristis,
1042 3296 1164 3358 horrida,

369 3369 499 3423 echinato
511 3369 618 3436 calyce,
639 3385 688 3422 ceu
709 3375 864 3422 castaneae.
900 3366 955 3419 see
972 3368 1039 3419 etin
1051 3382 1162 3435 quemn,

367 3439 426 3492 alla
435 3437 553 3501 dulcior,
562 3438 728 3508 molliorque
740 3438 873 3491 feminae:
885 3439 957 3489 mari
968 3439 1092 3506 spissior.
1104 3436 1177 3488 mai

367 3508 440 3561 xime
453 3517 546 3561 autern
569 3509 723 3576 probantur
741 3507 881 3577 latifoliae
902 3523 936 3559 ex
947 3514 1111 3576 argumento
1123 3506 1163 3558 di·

367 3586 437 3631 ctae.
474 3578 588 3630 Distant
599 3578 672 3628 iuter
682 3594 713 3630 se
726 3578 932 3645 magnitudine,
952 3583 981 3628 et
993 3579 1065 3627 eutis
1077 3576 1163 3627 tenul-

367 3653 434 3699 tate.
469 3650 538 3700 ltem
548 3646 622 3714 quod
631 3647 696 3699 aliis
708 3647 803 3699 subest
812 3648 908 3698 tunica
918 3645 1046 3714 rubigine
1057 3645 1163 3708 scabra,

365 3715 429 3768 aliis
443 3718 569 3784 protinus
579 3716 726 3771 candidum
738 3730 845 3782 eorpus.
876 3714 1014 3768 Probatur
1023 3720 1052 3766 ct
1063 3730 1105 3777 ea,
1117 3729 1163 3765 eu·

364 3788 407 3838 ius
419 3787 446 3836 in
457 3786 558 3838 bulanu
570 3787 700 3853 utrinque
713 3800 746 3836 ea
771 3784 962 3851 longitudine,
983 3789 1110 3835 extrema
1120 3784 1161 3834 la·

363 3853 484 3922 pidcscit
494 3856 611 3908 duritia:
634 3853 741 3915 melior,
759 3854 803 3902 cui
814 3856 842 3902 in
855 3854 968 3913 cortice,
985 3867 1067 3919 quarn
1079 3854 1124 3904 coi
1135 3855 1161 3903 in

364 3939 495 3991 corpore:
516 3931 662 3989 utrumque
674 3936 728 3972 non
749 3922 804 3971 nisi
821 3922 902 3972 suari.
939 3921 1161 3973 Praetereaaliis

363 4002 455 4056 orata,
466 3993 529 4046 aliis
542 3991 671 4052 rotunda,
681 3990 747 4042 aliis
756 3989 866 4042 acutior
878 3991 976 4059 ligura.
991 3990 1069 4042 Sicut
1078 3998 1107 4042 ct
1116 4005 1161 4041 co·

363 4063 406 4115 los
415 4064 530 4131 nigrior,
541 4059 727 4119 candidiorre,
739 4059 785 4125 qui
796 4057 962 4124 praefertur.
997 4059 1160 4112 amaritudo

365 4132 395 4182 in
406 4131 641 4192 extremitatibus,
657 4128 766 4181 mediae
777 4127 882 4179 dulces.
918 4128 991 4191 Quin
1003 4135 1031 4181 et
1042 4129 1160 4195 pediculi

362 4201 485 4254 brevitas
496 4198 704 4268 proceritasque
715 4196 902 4250 differentiam
912 4194 1007 4248 habet.

399 4271 430 4320 ln
441 4271 510 4338 ipsis
531 4282 596 4323 vero
613 4267 770 4330 arboribus,
789 4266 1017 4334 quaemaximam
1029 4267 1092 4327 fert,
1110 4264 1159 4339 he·

364 4337 449 4407 meris
459 4346 586 4399 vocatur,
597 4337 720 4397 brevior,
731 4336 796 4389 etin
808 4336 903 4388 orbern
915 4351 1036 4399 comosa,
1047 4335 1160 4401 alasque

365 4417 503 4456 caurorum
526 4408 623 4458 crebro
644 4410 751 4458 cavata.
786 4405 899 4456 Fortius
918 4406 1022 4472 lignum
1044 4419 1160 4472 quercus

366 4470 450 4522 babet
460 4479 488 4523 et
499 4474 699 4541 incorruptius:
723 4489 835 4527 ramosa
844 4480 873 4525 et
883 4473 956 4539 ipsa:
966 4475 1109 4540 procerior
1120 4480 1161 4524 ta-

319 4570 324 4579 ·
367 4554 438 4601 men,
448 4547 477 4592 et
487 4544 609 4595 crassior
618 4544 740 4596 caudice.
775 4542 1161 4610 Excelsissimnautemncgi·

309 4632 322 4655 v
364 4608 439 4677 laps,
450 4608 563 4661 incultis
574 4610 671 4664 amica.
693 4614 733 4665 Ab
748 4613 800 4665 hnc
810 4612 937 4678 prosimu
947 4611 1086 4663 latifoliae
1099 4626 1160 4678 pro-

366 4674 476 4739 ceritas,
494 4678 543 4729 sed
563 4681 655 4731 minus
672 4683 753 4733 utilis
772 4682 915 4743 aediliciis,
936 4689 1019 4748 atque
1031 4680 1159 4732 carboni:

366 4744 472 4807 dolata,
493 4746 569 4797 vitiis
580 4747 703 4800 chironia
713 4756 770 4801 est:
789 4750 966 4816 quamobrem
978 4749 1069 4801 solida
1079 4756 1159 4800 utun-

365 4822 425 4867 tur:
437 4815 521 4865 curbo
532 4813 560 4863 in
571 4818 741 4866 aerariorum
748 4824 855 4871 tantum
861 4818 1159 4885 officiniscompendio:

365 4882 498 4952 quoniam
510 4881 657 4934 desinente
668 4883 735 4935 tlatu
747 4888 874 4950 protinus
884 4889 1032 4948 emoriens,
1050 4889 1161 4954 saepius

365 4952 537 5019 recoquitur:
559 4956 652 5002 cetero
672 4952 800 5017 plurimis
819 4957 959 5009 scintillis.
997 4955 1158 5008 idomene-

365 5021 446 5074 sellis
457 5019 566 5072 melior.
577 5019 674 5070 Acervi
686 5019 819 5073 confertis
831 5025 914 5077 taleis
925 5025 1086 5078 recentibus
1097 5024 1158 5076 luto

366 5092 556 5143 ruminantur:
577 5100 747 5154 accensaque
765 5097 842 5143 strue
860 5096 950 5146 contis
970 5093 1160 5163 pungiturdu·

366 5174 476 5213 rescens
486 5158 579 5225 calyx,
590 5161 672 5221 atque
681 5157 863 5210 itasudorem
875 5165 986 5215 emittit.

399 5229 563 5281 Pessimset
574 5225 687 5278 carboni
697 5232 726 5278 et
744 5231 878 5281 materiae
889 5230 1065 5298 haliphloeos
1075 5233 1161 5295 dicta,

364 5298 410 5353 cui
418 5297 605 5352 emulatores
617 5302 712 5347 cortex
724 5300 808 5361 atque
818 5297 938 5360 caudex,
959 5308 988 5353 et
1000 5302 1161 5370 plerumque

364 5384 447 5422 carus
457 5367 651 5436 fungosusque.
687 5363 746 5416 Nec
756 5365 813 5414 alia
824 5373 956 5430 putrescit
968 5385 1000 5422 ex
1014 5369 1067 5421 hoc
1078 5385 1160 5438 gene·

364 5454 404 5500 re,
414 5438 499 5491 etiarn
509 5448 570 5489 cunt
581 5434 657 5486 vivit
683 5434 757 5496 Quin
770 5440 798 5484 et
807 5431 923 5487 fulmine
933 5439 1098 5504 saepissime
1109 5440 1162 5492 ici-

363 5514 418 5569 tur,
429 5507 553 5577 quamvis
565 5501 714 5556 altitudine
723 5516 780 5554 non
790 5502 921 5555 exmllat:
935 5505 1000 5556 ideo
1013 5506 1089 5573 ligna
1101 5508 1161 5562 eius

361 5590 413 5628 nec
423 5577 460 5629 sd
471 5574 611 5631 sacmdrls
619 5573 663 5627 uti
672 5571 717 5625 fas
726 5570 854 5625 babetur.
883 5570 983 5625 Eldana
994 5588 1059 5627 raro
1069 5578 1160 5646 glans,

1223 474 1251 517 et
1262 478 1322 516 curn
1335 468 1412 527 tulit,
1434 476 1542 525 amara,
1565 476 1644 530 quam
1655 472 1767 530 praeter
1783 481 1848 515 sues
1858 463 1964 513 utillum
1977 470 2020 515 at·

1222 538 1310 601 tingat
1322 533 1439 585 animal:
1461 549 1494 584 ac
1505 548 1539 583 nc
1551 529 1602 585 bae
1614 532 1730 599 quidem,
1750 533 1775 583 si
1791 532 1868 583 aliud
1888 530 2020 599 pabulum

1221 601 1350 655 habeant.
1385 605 1449 654 lloc
1460 617 1569 668 quoque
1581 601 1653 653 inter
1674 601 1781 669 reliqua
1796 599 1944 668 neglectae
1956 599 2021 654 reli·

1221 673 1314 739 giouls
1326 677 1379 733 est,
1393 670 1467 737 quod
1479 680 1605 721 emortuo
1619 672 1736 723 carbone
1747 671 1931 722 sacrificatur.

1256 741 1344 793 Glaus
1356 739 1439 807 fagea
1450 755 1527 792 suem
1540 737 1654 791 hilarem
1667 739 1750 802 facit,
1770 754 1880 791 carnem
1893 737 2018 807 coquibi·

1220 811 1285 872 lem,
1304 810 1435 861 celerem
1449 815 1478 859 et
1489 809 1584 860 utilem
1596 807 1753 861 stomacho:
1769 810 1867 878 iligna,
1879 823 1957 860 sueni
1971 823 2018 860 an-

1219 888 1338 947 gustam,
1360 878 1484 937 nitidam,
1506 878 1666 944 strigosum,
1686 877 1882 944 ponderosam:
1905 891 2020 945 querna,

1220 948 1365 999 diffusam:
1387 948 1554 1014 gravissima
1574 954 1603 998 et
1616 948 1681 1013 ipsa
1692 947 1843 1014 glandium,
1865 952 1949 1014 atquc
1962 945 2020 997 dul·

1220 1018 1340 1069 cissima.
1380 1017 1534 1068 Proxinram
1557 1014 1623 1068 huie
1643 1030 1765 1079 cerream
1776 1015 1863 1067 tradit
1874 1015 2017 1084 Nigidius:
2035 1038 2060 1065 ,κ

1219 1104 1270 1139 nec
1281 1102 1315 1137 ex
1327 1087 1383 1136 alia
1406 1084 1568 1136 solidiorem
1582 1100 1701 1147 rameru,
1718 1083 1768 1137 sed
1788 1086 1894 1135 duram.
1931 1086 2019 1153 iligna

1221 1156 1325 1208 tentari
1335 1171 1407 1218 sues,
1419 1157 1472 1206 nisi
1484 1156 1618 1221 paulatim
1628 1155 1717 1208 detor.
1747 1156 1827 1207 Hanc
1840 1155 2017 1206 novissimam

1219 1225 1329 1346 gadera.
1365 1223 1387 1274 F
1390 1240 1522 1292 ungosam
1536 1240 1645 1278 carnem
1657 1224 1719 1277 lieri
1730 1224 1834 1289 esculo,
1850 1224 1960 1287 robore,
1974 1239 2017 1274 su·

1239 1309 1295 1346 ere.

1255 1364 1302 1415 tx.
1320 1362 1399 1424 Quae
1408 1362 1538 1429 glandem
1553 1363 1653 1426 ferunt,
1666 1377 1761 1414 coines
1772 1370 1800 1415 et
1811 1362 1922 1428 gallam,
1934 1362 2015 1413 alter·
2039 1402 2046 1415 .

1220 1434 1316 1499 nisque
1339 1433 1419 1483 annis
1442 1432 1580 1498 glandem.
1617 1432 1669 1485 Sed
1687 1432 1789 1500 gallam
1811 1430 1930 1500 benigni-s
1946 1432 2016 1499 opti·

1219 1500 1426 1561 ninnr,etcorils
1440 1501 1615 1566 perficiendis
1627 1503 1807 1580 aptissimam.
1817 1489 1940 1552 Sinulnn
1953 1500 2016 1552 huic

1219 1570 1351 1643 latifolia,
1374 1570 1422 1621 sed
1432 1570 1593 1633 laetiorem,
1608 1572 1751 1637 multoque
1763 1570 1852 1621 minus
1862 1570 2014 1636 probatam.
2030 1604 2044 1626 .

1219 1632 1326 1692 Portet
1336 1642 1453 1705 nigram.
1489 1640 1552 1691 Duc
1568 1641 1638 1691 enim
1649 1654 1753 1707 genera
1763 1646 1836 1691 sunt.
1873 1640 1950 1691 llaec
1962 1640 2013 1691 tin·

1220 1710 1318 1785 gendis
1329 1710 1434 1759 utilior.
1466 1709 1598 1760 Nascitur
1608 1717 1700 1759 auteur
1713 1709 1789 1774 galla
1800 1708 1866 1761 Sole
1879 1710 1912 1760 de
1922 1709 2015 1761 Gemi-

1219 1779 1261 1829 nis
1273 1786 1558 1845 exeunteemmpens
1571 1784 1654 1829 noctu
1669 1793 1779 1844 semper
1790 1780 1929 1829 universa.
1951 1780 2014 1830 Cre·

1218 1848 1273 1899 scit
1283 1861 1337 1897 uno
1349 1848 1394 1898 die
1405 1848 1555 1899 candidior.
1589 1848 1627 1898 Et
1638 1848 1663 1898 si
1673 1856 1755 1899 aestu
1766 1856 1885 1913 excepta
1896 1855 1947 1910 est,
1960 1863 2016 1900 are·

1218 1918 1269 1969 scit
1279 1918 1416 1982 protinus,
1436 1933 1524 1984 neque
1544 1916 1580 1967 ad
1597 1917 1699 1969 iustum
1710 1920 1909 1968 incrementum
1923 1931 2016 1984 perre-

1218 1987 1272 2037 nit:
1292 1983 1406 2045 licceat,
1425 1993 1456 2038 ut
1465 1987 1592 2039 nucleum
1610 1986 1694 2039 fabae
1705 1987 1897 2055 magnitudine
1909 1986 2016 2038 lrabeat.

1219 2057 1307 2123 Nigra
1327 2056 1431 2107 diutius
1453 2059 1538 2109 niret:
1562 2058 1726 2124 crescitque,
1744 2065 1776 2107 ut
1797 2057 1936 2107 interdum
1954 2057 2016 2108 niati

1219 2125 1356 2191 coniplent
1366 2127 1594 2191 magnitudinem.
1633 2127 1746 2194 Optima
1757 2128 1957 2194 Commagena,
1971 2125 2015 2177 dc·

1217 2195 1333 2247 terrima
1353 2208 1387 2246 ex
1407 2195 1516 2248 robore.
1555 2196 1670 2263 Signum
1691 2196 1767 2259 eius,
1788 2194 1863 2263 quod
1886 2209 2018 2247 cavernas

1218 2263 1398 2315 translucent.

1252 2334 1286 2383 X.
1305 2332 1409 2395 llobur,
1421 2340 1532 2400 praeter
1542 2332 1672 2395 fructum,
1680 2332 1802 2399 plurima
1812 2340 1840 2384 et
1852 2333 1909 2385 alia
1918 2333 2009 2401 gignit

1217 2403 1344 2468 Namque
1356 2403 1411 2455 fert
1422 2410 1450 2455 et
1462 2402 1555 2470 gallae
1566 2409 1715 2468 utrumque
1726 2416 1822 2468 genus,
1844 2410 1873 2454 et
1883 2403 2015 2471 quaedam

1217 2472 1305 2524 veluti
1316 2486 1411 2533 mara,
1429 2471 1461 2523 ni
1473 2472 1612 2523 distarent
1628 2470 1708 2523 arida
1719 2471 1835 2525 duritie:
1858 2474 2016 2539 plerumque

1218 2543 1293 2591 tauri
1313 2548 1397 2605 caput
1416 2540 1566 2604 imitantia,
1588 2542 1689 2609 quibus
1708 2540 1816 2594 fructos
1828 2544 1899 2593 inest
1910 2541 2017 2593 nucleis

1218 2610 1308 2661 olivae
1318 2611 1424 2661 similis.
1459 2610 1618 2663 Nascuntur
1630 2613 1658 2662 in
1672 2627 1705 2663 eo
1722 2617 1751 2663 ct
1762 2612 1881 2679 pilulae,
1901 2610 2015 2662 nucibus

1217 2694 1271 2729 uon
1282 2680 1438 2742 absimiles,
1458 2682 1534 2733 intus
1546 2680 1681 2734 habentes
1693 2680 1797 2733 floccos
1810 2680 1915 2741 molles,
1931 2680 2016 2730 lucer·

1218 2762 1314 2800 narum
1328 2749 1476 2801 luminibus
1488 2759 1577 2817 aptos.
1614 2751 1685 2801 Nam
1697 2757 1726 2800 et
1737 2751 1799 2802 sine
1816 2751 1878 2801 oleo
1887 2747 2016 2816 flagrem,

1217 2818 1299 2868 sicuti
1320 2817 1397 2883 galla
1416 2819 1503 2884 nigra.
1540 2818 1607 2871 Fert
1623 2825 1651 2871 et
1662 2819 1747 2870 aliam
1763 2819 1888 2872 inutilem
1900 2818 2015 2885 pilulam

1218 2901 1279 2936 cum
1291 2887 1402 2951 capillo,
1423 2902 1509 2938 remo
1531 2894 1624 2938 tannen
1643 2894 1768 2952 tempore
1779 2887 1922 2955 melligeni
1931 2889 2016 2938 succi.

1217 2953 1343 3020 Gignunt
1355 2962 1382 3006 et
1395 2954 1457 3005 alae
1469 2970 1609 3006 ramorum
1622 2957 1680 3006 eius
1691 2955 1801 3019 pilulas,
1819 2971 1945 3022 corpore,
1961 2971 2017 3009 non

1217 3022 1355 3088 pediculo,
1366 3021 1562 3075 adhaerentes:
1584 3022 1761 3073 candicantes
1773 3022 1924 3076 umbilicis:
1945 3039 2018 3079 cete·

1216 3105 1248 3141 ra
1266 3090 1349 3156 nigra
1367 3091 1503 3142 varietate
1525 3090 1661 3157 dispersa.
1697 3090 1793 3142 Media
1805 3092 1881 3144 cocci
1892 3094 2018 3148 colorem

1216 3157 1326 3211 habeut.
1364 3160 1475 3226 Apertis
1487 3174 1581 3210 amara
1596 3160 1717 3210 inanitas
1728 3166 1779 3211 est.
1815 3160 1975 3226 Aliquando
1988 3170 2018 3215 et

1217 3230 1340 3294 pumices
1351 3229 1452 3296 gignit:
1474 3244 1524 3280 nee
1546 3242 1600 3279 non
1611 3235 1639 3279 et
1651 3246 1666 3282 e
1682 3228 1759 3279 foliis
1769 3229 1935 3281 convolutas
1947 3232 2018 3298 pilu·

1216 3300 1269 3350 lus:
1281 3305 1309 3350 et
1319 3299 1347 3349 ln
1360 3298 1428 3349 lolio
1438 3298 1554 3351 rubente
1566 3313 1687 3365 aquosos
1699 3298 1823 3362 nucleos,
1836 3297 2017 3353 candicantes

1216 3384 1250 3420 nc
1270 3367 1468 3431 translucidas,
1490 3368 1622 3435 quamdiu
1643 3369 1816 3431 mollessint,
1836 3367 1975 3436 inquibus
1987 3376 2017 3422 et

1216 3438 1321 3491 culices
1333 3447 1498 3491 nascuntur:
1509 3445 1705 3490 'maturescunt
1714 3438 1742 3489 in
1754 3437 1865 3489 modum
1877 3438 1978 3504 gallae.

1250 3507 1297 3558 Xl.
1317 3508 1423 3561 Ferunt
1434 3511 1535 3561 robora
1547 3516 1576 3561 et
1587 3507 1722 3576 cachryn:
1734 3507 1786 3571 (ita
1798 3508 2015 3576 vocatum-uua

1215 3574 1242 3627 in
1254 3577 1391 3630 medicina
1400 3579 1498 3631 urendi
1508 3577 1564 3629 vim
1575 3576 1701 3641 liabens.)
1716 3578 1848 3644 Gignitur
1859 3584 1886 3629 et
1897 3576 1925 3627 iu
1938 3579 2012 3630 able·

1215 3653 1253 3708 te,
1262 3646 1455 3713 larice,pieea,
1466 3647 1536 3709 tilia,
1547 3662 1626 3711 noce,
1637 3648 1768 3714 platano:
1785 3653 1930 3714 postquam
1943 3645 2014 3698 folia

1216 3714 1352 3777 cecidere,
1374 3715 1464 3768 hieme
1485 3716 1597 3767 durans.
1636 3717 1765 3767 Continet
1781 3716 1906 3767 nucleum
1922 3716 2013 3783 pineis

1215 3784 1347 3836 similem:
1368 3785 1393 3836 is
1404 3785 1504 3837 crescit
1519 3783 1618 3847 hieme,
1630 3786 1755 3851 aperitur
1765 3801 1830 3837 rere
1841 3785 1928 3853 pilula
1938 3791 2012 3837 tota:

1215 3853 1302 3914 cadit,
1325 3868 1385 3904 com
1398 3853 1467 3905 folia
1486 3868 1604 3920 coepere
1616 3869 1749 3907 crescere.
1788 3856 1857 3906 Tam
1869 3853 2012 3906 multifera

1215 3927 1292 3983 sunt,
1311 3928 1355 3973 tot
1366 3938 1410 3974 res
1424 3930 1535 3990 praeter
1545 3922 1675 3989 glandem
1687 3925 1799 3992 pariunt
1808 3926 1919 3977 robora.
1957 3922 2011 3974 Sed

1215 3990 1372 4055 etboletos,
1390 3991 1553 4061 suillosque,
1570 3992 1814 4060 gulaenorissima
1825 3994 2010 4055 irritamenta,

1215 4075 1285 4127 quae
1306 4060 1380 4113 circa
1400 4058 1508 4115 radices
1529 4063 1696 4131 gignuntur:
1721 4062 2011 4131 quercusprobstissi-

1214 4144 1289 4181 mos:
1310 4132 1507 4194 roborantem,
1532 4139 1731 4198 etcuprcssus,
1752 4137 1780 4183 et
1792 4133 1883 4198 pinus,
1904 4133 2009 4183 noxios.
2098 4178 2105 4185 .
2131 4178 2137 4191 ‚

1194 4199 1327 4251 *Robora
1335 4199 1432 4253 ferunt
1443 4207 1471 4253 et
1483 4203 1599 4263 rincum,
1610 4209 1638 4253 et
1649 4202 1744 4267 argila,
1755 4208 1786 4254 ut
1797 4209 1895 4254 auctm
1906 4200 2010 4254 setlle·
2037 4204 2053 4263 ζ’
2094 4196 2108 4237 -'·

1213 4267 1319 4320 sindus.
1358 4268 1529 4339 Constatque
1543 4272 1759 4331 cuccumellum,
1776 4271 1889 4333 ecaelo,
1900 4275 1931 4320 ut
1941 4267 2011 4318 dixt-
2032 4268 2037 4307 ἰ

1214 4352 1285 4398 mus,
1307 4336 1448 4402 cadentes,
1468 4356 1522 4391 non
1539 4341 1603 4391 aliis
1623 4344 1713 4407 magis
1729 4340 1849 4392 insidere
1859 4338 2015 4390 frondibus.
2085 4344 2093 4359 '

1214 4407 1339 4460 cremati
1349 4423 1459 4477 qunque
1470 4411 1580 4462 roboris
1594 4410 1715 4463 cinerem
1731 4409 1865 4460 nitrosum
1882 4422 1943 4461 esse
1953 4420 2011 4459 cer·

1213 4481 1336 4530 tumeat.

1248 4544 1310 4598 xli.
1328 4549 1432 4600 Omnes
1443 4555 1536 4601 tamen
1546 4546 1597 4600 has
1608 4548 1668 4600 eius
1679 4547 1758 4598 dotes
1768 4543 1827 4595 ilex
1837 4540 1898 4593 solo
1910 4556 2014 4607 provo·

1214 4620 1259 4665 cat
1272 4628 1364 4668 cocco.
1402 4618 1524 4669 Granum
1538 4617 1599 4680 hoc,
1613 4617 1758 4682 primoque
1769 4625 1818 4662 cen
1829 4610 1937 4663 scabies
1948 4610 2010 4664 fru-

1213 4683 1294 4745 ticis,
1315 4698 1415 4750 parrae
1437 4685 1590 4752 aquifoliae
1609 4683 1693 4733 ilicis:
1720 4678 1871 4730 cusculium
1894 4692 2011 4735 rocam:

1215 4753 1374 4817 pensionem
1387 4753 1505 4805 alteram
1517 4752 1614 4803 tributi
1627 4748 1791 4816 pauperibus
1800 4748 1951 4814 Hispaniae
1963 4751 2011 4803 do·

1214 4827 1269 4872 nat.
1285 4821 1368 4871 Usum
1379 4821 1438 4871 eius
1448 4821 1599 4888 gratiorem
1610 4820 1638 4869 in
1650 4815 1787 4884 conchylii
1801 4818 1942 4870 mentione
1954 4826 2011 4872 tra-

1213 4889 1340 4940 didimus
1374 4887 1505 4955 Gignitur
1515 4895 1543 4939 et
1555 4891 1583 4939 in
1595 4887 1717 4949 Galatia,
1728 4885 1829 4947 Africa,
1842 4886 1953 4952 Pisidia,
1967 4891 2011 4943 ct·

1195 4957 1290 5010 ·ltcia:
1301 4957 1451 5023 pessimum
1462 4958 1491 5009 in
1504 4956 1642 5010 Sardinia.

1224 5050 1228 5059 ·
1246 5024 1320 5077 Xlll.
1337 5024 1493 5078 Galliarum
1505 5024 1679 5095 glandiferae
1689 5030 1809 5077 maxime
1820 5027 1934 5080 arbores
1944 5042 2009 5096 aga·
2034 5038 2058 5075 a

1213 5095 1299 5146 ricum
1310 5093 1414 5147 ferunt.
1434 5098 1485 5148 Est
1495 5103 1587 5147 autern
1601 5094 1702 5162 fungus
1713 5094 1856 5159 candidus,
1866 5096 2009 5160 odoratas,
2075 5144 2093 5159 ,

1213 5163 1348 5215 antidotis
1359 5164 1465 5226 efficax,
1486 5165 1515 5216 in
1528 5165 1642 5215 sunnonis
1653 5164 1799 5216 arboribus
1812 5174 1938 5229 nascens,
1956 5179 2007 5218 no·

1213 5240 1257 5287 cte
1269 5232 1406 5286 relucens.
1443 5233 1557 5303 Signum
1569 5233 1622 5285 hoc
1633 5234 1703 5296 eius,
1722 5249 1776 5301 quo
1786 5232 1815 5285 in
1825 5236 1948 5288 tenebris
1959 5234 2009 5289 de·

1214 5303 1346 5371 carpitur.
1382 5302 1406 5354 E
1417 5302 1583 5371 glandiferis
1595 5303 1657 5355 sola
1668 5319 1737 5371 quae
1748 5312 1865 5357 vocatur
1875 5304 2009 5375 aegilops,

1214 5371 1270 5425 fert
1281 5386 1386 5439 panum
1396 5379 1518 5441 arentes,
1529 5388 1657 5425 muscoso
1667 5373 1735 5424 villo
1746 5389 1900 5438 canos,non
1909 5375 1937 5425 in
1949 5387 2010 5425 cor·

1214 5442 1270 5495 tice
1281 5438 1372 5503 modo,
1391 5436 1486 5494 rerum
1509 5451 1538 5495 et
1559 5458 1574 5494 e
1596 5445 1680 5495 ramis
1695 5441 1882 5511 dependentes
1892 5442 2010 5494 cubitali

1214 5510 1570 5635 missgrqqtqidinqpmdoraqns,
1584 5519 1615 5653 qq
1623 5513 1743 5566 diximus
1747 5514 1822 5597 later
1832 5518 2010 5633 ιιιιςυξιέίέι

1269 5595 1322 5647 ne
1398 5595 1576 5644 arnamar,
1617 5595 1898 5651 suspensionem:
1971 5595 1987 5634 e
