4330 6014
358 323 398 378 14
631 315 663 376 C.
707 313 851 373 PLINII
893 302 1101 369 SECUNDI
1143 302 1307 365 NATUR.
1351 301 1538 364 HISTOR
1582 300 1669 360 LIB.
1699 302 1750 359 l.'

353 465 400 518 XI.
517 464 559 518 Ad
571 478 639 531 quos
649 462 792 517 hominnm
804 456 956 527 generatio.
988 453 1161 508 Numerosis-
1201 452 1302 522 phano,
1310 451 1443 519 Hegesia,
1464 448 1651 511 Archimaeho,
1673 447 1848 516 Thucydide,
1867 446 2002 515 Mnesigl·

561 528 908 592 simaesobolisexempia.

519 601 560 653 Ad
572 616 640 667 quos
651 613 735 648 anuos
744 596 899 661 generatio.

518 669 658 725 Messinm
667 668 693 715 in
705 664 815 714 feminis
826 661 968 714 miracula.

519 737 595 798 Quae
605 735 678 784 ratio
689 732 850 797 generandi.

516 801 658 853 Historica
667 800 743 851 circa
753 800 858 853 dentes.
868 798 1013 852 Histerica
1023 797 1097 851 cirea
1108 797 1150 850 iu·

560 868 660 919 lantes.

356 602 414 654 Xll.

355 670 428 722 XIII.

355 739 429 791 XIV.
471 770 474 775 ·

356 806 417 858 XV.

358 943 431 997 XVI.

355 1011 438 1062 XVII.

354 1078 452 1131 XVill.

354 1147 427 1199 XIX.

353 1216 414 1268 XX.

352 1283 427 1335 XXI.

352 1351 440 1402 XXII.

352 1420 451 1471 XXIII.

352 1488 453 1540 XXIV.

515 936 738 1005 magnitudinum
749 935 882 1001 exempla.

515 1005 698 1072 Praeproperi
707 1003 838 1057 infantes.

513 1076 634 1141 insignia
646 1086 800 1138 corporum.

516 1143 598 1195 Vires
610 1142 738 1192 exinriae.
841 1132 852 1153 ⁸

517 1210 659 1262 velocitas
670 1210 827 1278 praecipua.

515 1280 598 1330 Visus
610 1278 712 1329 eximii.

515 1348 630 1399 Auditus
641 1346 812 1398 miraculum.

515 1416 654 1467 Patientia
664 1417 797 1483 eorporis.

515 1486 660 1536 Memmia.

352 1556 440 1608 XXV.
517 1554 605 1620 Vigor
615 1552 709 1603 animi.

353 1620 454 1679 XXVI.
516 1622 676 1684 ClementIa,
687 1628 714 1674 ot
724 1620 808 1671 animi
821 1621 992 1689 magnitudo.

353 1693 466 1744 XXVII.
514 1691 769 1757 llerumgesturum
780 1690 1018 1766 paritussumma.
1088 1729 1100 1757 ,

269 1782 277 1791 ·
352 1760 479 1813 XXVIII.
514 1762 585 1811 Tres
596 1761 843 1810 summaerirtutes
855 1761 883 1810 in
899 1759 1007 1824 eodem,
1028 1765 1056 1812 et
1069 1759 1149 1812 inuo-

560 1830 774 1879 centiasummu.

353 1897 453 1949 XXIX.
515 1896 662 1948 Fortitudo
673 1911 789 1948 summu.

353 1967 441 2017 XXX.
517 1965 631 2032 Ingenia
644 1967 799 2030 praecipua.

353 2034 453 2085 XXXI.
517 2034 571 2095 θυί
581 2031 787 2099 sapientissimi.

352 2102 466 2154 XXXII.
515 2101 667 2168 Praecepta
678 2104 752 2153 vitae
761 2100 919 2153 utilissima.

353 2170 477 2222 XXXIII.
516 2170 558 2221 De
569 2171 746 2222 divinatione.

351 2238 476 2292 XXXIV.
516 2237 853 2305 Viruptimusindicatus.

352 2305 466 2358 XXXV.
514 2306 660 2359 Matronae
670 2307 873 2373 pudIcissimae.

352 2375 479 2428 XXXVI.
516 2374 644 2428 Summae
655 2378 766 2442 pietatis
778 2374 911 2441 exempla.

351 2444 493 2497 XXXVII.
516 2445 627 2497 Artibus
638 2445 818 2497 excellentes:
828 2443 995 2510 Astrologhr,
1008 2440 1149 2493 Gramma·

559 2514 623 2576 tica,
634 2513 780 2565 Medicina.

351 2580 501 2634 XXXVIII.
514 2580 685 2643 Geometria,
698 2589 726 2633 et
736 2579 937 2633 Architectura.

351 2649 477 2702 XXXIX.
514 2650 635 2712 Pictura,
648 2653 835 2711 marmoraria,
847 2648 985 2713 eboraria,
997 2648 1148 2700 caelatura.

350 2717 411 2767 XL.
463 2748 467 2755 ·
512 2716 901 2784 Pretiahominuminsignia.
1016 2730 1022 2741 '

262 2830 269 2837 .
351 2784 423 2837 XLI.
513 2786 830 2840 Defelicitatesumma.

351 2854 435 2906 XLII.
512 2853 623 2908 Raritas
635 2855 854 2908 continuationis
864 2856 892 2906 in
905 2854 1027 2905 familiis.

351 2922 452 2973 XLllI.
516 2923 672 2975 Varietatis
683 2924 809 2988 exempla
819 2923 966 2974 mirabilia.

350 2988 449 3040 XLIV.
514 2989 660 3040 Honorum
673 2990 799 3054 exempla
808 2990 957 3040 mirabilia.

351 3055 438 3106 XLV.
514 3055 617 3107 Decem
628 3071 672 3108 res
684 3058 712 3104 in
724 3070 778 3105 uno
789 3055 975 3107 felicissimae.

351 3122 448 3175 XLVI.
514 3121 577 3171 Divi
586 3124 701 3202 Augusti
712 3121 837 3173 adversa.

352 3190 463 3243 XLVII.
505 3191 581 3253 Quos
593 3190 642 3241 Dir
653 3189 827 3242 felicissimos
838 3187 1031 3243 iudicaverint.

352 3259 477 3311 XLVIII.
505 3258 593 3319 Quem
603 3259 739 3310 visentem
751 3264 782 3308 ut
792 3256 881 3308 Deum
894 3256 948 3309 coli
957 3257 1098 3312 iusserint.

353 3327 452 3381 XLIX.
505 3328 548 3380 De
558 3328 657 3394 spatiis
668 3327 742 3380 vitae
753 3326 934 3394 longissimis.

353 3397 385 3448 L.
502 3395 546 3449 De
556 3397 693 3449 varietate
704 3396 843 3448 nascendi.

351 3466 398 3517 LI.
504 3466 533 3515 ln
545 3464 649 3515 morbis
658 3466 785 3531 exempla
795 3463 882 3517 varia.

351 3534 411 3585 Lll.
504 3533 654 3583 Demorte.

352 3601 424 3652 Llll.
504 3600 558 3661 θυί
568 3599 635 3651 elati
645 3600 804 3654 revixerint.

352 3669 424 3721 LIV.
504 3667 619 3721 Subitae
632 3672 728 3722 mortis
739 3672 874 3738 exempla.

351 3738 412 3790 LV.
505 3738 710 3805 Desepultura.

352 3805 426 3856 LVI.
507 3807 549 3858 De
562 3809 701 3859 manibus:
722 3807 765 3860 De
776 3811 874 3860 anima.

353 3874 440 3927 LVII.
506 3876 583 3937 Quae
594 3877 654 3943 quis
666 3878 693 3928 in
704 3877 762 3929 rita
772 3876 914 3929 invenerit

356 3943 456 3997 LVIII.
509 3944 540 3995 In
572 3945 653 3996 uibus
670 3946 751 3997 rebus
766 3947 848 4013 primi
858 3946 981 4015 gentium
992 3959 1149 3997 consensus.

587 4028 602 4064 e
612 4014 731 4080 antiquis
744 4014 840 4066 literis.

353 4078 425 4131 LIX.
505 4081 621 4142 Quando
633 4083 751 4148 primum
762 4089 898 4134 tonsores.

353 4148 415 4200 LX.
511 4149 626 4210 Quando
637 4153 752 4217 primum
764 4148 918 4219 horologia.

429 4215 557 4270 Summa:
588 4221 662 4283 iles,
695 4218 849 4284 historiae,
878 4226 908 4273 et
938 4219 1147 4273 observationes

352 4283 534 4337 DCCXLVII.

388 4352 440 4403 Hx
460 4355 700 4410 Aucnnnsaus:
730 4358 829 4411 Verrio
850 4356 967 4419 Flacco,
989 4355 1149 4419 CnGellio,

352 4418 463 4471 Licinio
474 4421 617 4485 Muciano,
630 4425 901 4488 Massurio·Sabino,
913 4424 1060 4492 Agrippina
1071 4426 1149 4476 Clau-

353 4487 402 4549 dii,
421 4487 460 4538 Μ.
473 4489 618 4551 Cicerone,
639 4496 733 4545 Asinio
754 4494 895 4556 Pollione,
916 4494 1048 4555 Messala,
1068 4493 1149 4556 lluio,

354 4559 434 4608 corn.
446 4556 564 4623 Nepote,
577 4560 702 4625 Virgilio,
713 4562 804 4625 Livio,
816 4563 915 4624 Cordo,
926 4562 1050 4623 Melissa,
1061 4561 1146 4614 Sebo-

353 4640 395 4684 so,
407 4627 486 4675 Corn.
500 4626 590 4687 Celso,
612 4628 733 4679 hlanimo
752 4631 877 4693 Valerio,
899 4633 1004 4700 Trogo,
1035 4631 1149 4699 Nigidio

353 4692 462 4760 Figulo,
472 4693 625 4760 Pomponio
646 4696 748 4757 Attico,
768 4696 891 4750 Pediano
902 4701 1028 4763 Asconio,
1047 4699 1147 4751 Fabra-

353 4776 398 4822 no,
410 4762 513 4814 Catone
525 4765 667 4823 Censorio,
677 4766 763 4825 Actis,
769 4760 983 4820 liis‘bioVestaie.

388 4831 434 4880 Er
443 4844 461 4879 r
470 4845 592 4883 sanis:
604 4833 759 4894 Herodoto,
771 4836 888 4895 Aristeu,
909 4835 1044 4897 Baetons,
1059 4836 1147 4902 Isigo-

353 4912 398 4960 no,
419 4900 537 4960 cratete,
558 4899 768 4967 Agatharchide,
791 4899 967 4969 Calliphone,
987 4904 1148 4965 Aristotele,

353 4966 562 5032 Nymphodoro,
582 4969 752 5034 Apollonide,
763 4968 929 5036 Phylarcho,
939 4971 1073 5034 Damone,
1085 4972 1147 5022 hle·

353 5033 496 5102 gasthene,
507 5037 609 5098 Ctesia,
620 5039 758 5098 Taurone,
771 5038 894 5095 Eudoxo,
905 5037 1068 5099 Onesicrito,
1091 5039 1147 5089 cti-

291 5158 294 5165 ,
355 5103 467 5164 tarcbo,
486 5102 606 5166 Decide,
628 5105 816 5168 Artemidoro,
841 5107 1011 5171 Hippocrate
1032 5105 1147 5168 medico,

356 5171 515 5237 Asclepiade
524 5172 641 5234 medico,
652 5174 785 5234 Hesiodo,
797 5177 975 5233 Anacreonte,
991 5172 1147 5239 Theopom-

354 5255 400 5359 pp,
411 5240 564 5301 Hellanico,
577 5242 718 5304 Damnate,
738 5243 859 5308 Ephoro,
876 5233 1012 5309 Epigene,
1032 5242 1148 5307 Beroso,

379 5308 490 5371 etosiri,
508 5309 645 5375 Necepso,
667 5311 823 5362 Alexandro
845 5309 1032 5377 Polyhistore,
1053 5309 1147 5364 Xeno-

356 5374 473 5497 phonte,
494 5376 679 5440 Callimacho,
700 5380 876 5444 Democrito,
897 5377 1149 5445 Diyllohistorico,

377 5452 487 5498 tratone
499 5449 543 5513 qui
555 5452 652 5497 contra
664 5445 765 5512 Ephori
777 5444 910 5514 εὑρήματα
918 5448 1036 5516 scripsit,
1059 5448 1148 5500 Hera·

355 5513 426 5568 elide
434 5515 556 5578 Pontico,
568 5515 729 5582 Asclepiade
740 5513 787 5581 qul
797 5512 1007 5583 τραγῳδούμενα,
1014 5514 1149 5571 Philoste·

1172 1498 1180 1511 ·
1201 1478 1274 1531 VIII.

1201 5516 1285 5571 LVII.

1139 558 1148 563 -
1202 531 1277 584 tone,
1288 521 1445 590 Xenagore,
1455 520 1620 572 Metrodoro
1631 518 1765 585 Scepsio,
1776 516 1921 580 Anticlide,
1943 516 2001 569 cn‘·

1202 591 1324 644 todemo.

1201 705 1300 771 Libro
1320 703 1412 768 VIII.
1431 712 1633 768 continentur
1652 710 1855 769 terrestrium
1879 710 2000 766 andun-

1482 799 1556 860 Iiam
1568 808 1717 860 tecturae.

1200 934 1223 984 1.
1336 897 1394 981 De
1405 926 1566 996 elephantis.
1588 930 1631 982 De
1641 945 1725 982 sensu
1736 943 1841 984 eorum.

1203 1000 1229 1053 II
1337 998 1453 1060 Quando
1465 1001 1581 1062 primum
1593 998 1689 1050 iuncti.

1337 1065 1380 1119 De
1393 1066 1537 1118 docilitate
1548 1082 1651 1119 eorum.

1202 1135 1250 1190 IV.
1337 1135 1481 1187 Mirabilia
1491 1135 1520 1186 in
1530 1135 1610 1186 iactis
1622 1150 1726 1188 eorum.

1202 1206 1238 1258 V.
1336 1203 1380 1256 De
1391 1209 1492 1256 nutura
1508 1203 1628 1257 serarum
1645 1204 1680 1255 ad
1697 1203 1825 1270 pericula
1834 1216 1887 1255 sua
1897 1202 2001 1256 iutelli-

1402 1272 1482 1323 enda.

1202 1343 1249 1396 VI.
1336 1287 1780 1408 ngndoprimuminltaliarisi
1793 1339 1941 1408 elephanti.

1202 1410 1263 1462 VII.
1338 1410 1451 1476 Pugnae
1463 1424 1568 1461 eorum.

1335 1480 1441 1543 Quibus
1452 1479 1542 1531 modis
1554 1480 1707 1546 capiuntur.

1201 1549 1250 1600 IX.
1337 1548 1444 1609 Quibus
1456 1548 1609 1599 domentur.

1201 1618 1237 1668 X.
1336 1614 1380 1668 De
1392 1621 1472 1681 partu
1483 1630 1586 1678 eorum,
1598 1621 1627 1667 et
1638 1614 1747 1681 reIIqua
1756 1621 1865 1666 natura.

1202 1685 1249 1738 XI.
1339 1684 1391 1735 Ubi
1402 1690 1558 1737 nascantur.
1587 1684 1738 1737 Discordia
1756 1698 1852 1738 eorum
1863 1687 1892 1737 et
1904 1684 2000 1736 draco

1384 1767 1459 1804 num.

1202 1822 1263 1874 XII.
1336 1820 1379 1873 De
1390 1820 1507 1873 solertia
1517 1821 1689 1875 animalium.

1202 1891 1275 1942 Xlll.
1336 1890 1379 1943 De
1391 1890 1563 1943 draconibus.

1203 1958 1276 2012 XIV.
1337 1959 1429 2010 Mirae
1441 1958 1638 2027 magnitudinis
1648 1964 1801 2025 serpentes.

1203 2025 1267 2079 XV.
1337 2027 1381 2079 De
1392 2027 1528 2095 Scythicis
1538 2028 1716 2081 animalibus:
1738 2024 1958 2079 Debisoutilrus.

1203 2094 1276 2148 XVI.
1336 2096 1380 2149 De
1391 2098 1678 2163 septentrionalibus:
1697 2094 1875 2150 Alcezachli:
1887 2095 2000 2148 bonaso.

1202 2165 1289 2217 XVII.
1337 2164 1380 2217 De
1390 2164 1529 2218 leonibus:
1545 2166 1691 2227 Quomodo
1703 2166 1865 2234 gignantur.

1200 2234 1308 2287 XVlll..
1337 2235 1414 2296 Quae
1425 2249 1529 2302 genera
1541 2250 1645 2286 eorum.

1201 2303 1275 2354 XIX.
1336 2304 1414 2365 Quae
1425 2304 1554 2370 propriae
1565 2310 1689 2356 naturae.

1201 2371 1263 2422 XX.
1339 2371 1407 2432 Quis
1423 2372 1528 2437 primus
1542 2369 1775 2423 leontomachiam
1792 2374 1910 2425 Romae:
1933 2373 2001 2434 Quis

1383 2439 1517 2505 plurimos
1528 2440 1556 2490 in
1568 2455 1602 2491 ea
1611 2441 1706 2492 leones
1718 2438 1841 2493 donarit.

1202 2507 1275 2561 XXI.
1336 2506 1482 2560 Mirabilia
1492 2508 1520 2558 in
1531 2508 1643 2559 leonum
1655 2506 1747 2558 factis.

1202 2576 1288 2627 XXII.
1338 2578 1359 2627 A
1372 2577 1494 2629 dracoue
1506 2576 1619 2646 agnitus
1629 2583 1679 2629 aut
1689 2582 1825 2629 serratus.

1201 2644 1301 2695 XXIII.
1337 2643 1545 2698 DePantheris.

1203 2713 1303 2766 XXIV.
1334 2712 1609 2767 senatusconsultum
1621 2713 1927 2783 etlegesdeAIricanis.
1935 2716 2003 2777 Quis

1385 2784 1490 2850 primus
1501 2785 1605 2837 Romae
1616 2783 1777 2836 Africanas:
1791 2784 1853 2851 quis
1860 2784 2001 2849 plurimas.

1202 2849 1290 2904 XXV.
1338 2851 1382 2905 De
1399 2854 1531 2933 tigribus.
1565 2854 1682 2915 Quaado
1694 2854 1814 2922 primum
1823 2853 1928 2904 Romae
1944 2856 2001 2905 visa

1202 2985 1302 3038 xxvr.
1364 2920 1553 3061 didimi?
1564 2926 1796 3037 ”sideriten

1202 3054 1315 3107 XXVII.
1365 3052 1409 3104 De
1420 3053 1643 3131 camelopardali.
1680 3051 1799 3115 Quando
1816 3051 1934 3118 prImum
1946 3052 2001 3103 Ro·

1409 3135 1548 3170 meamea.

1202 3186 1328 3240 XXVIII.
1365 3185 1501 3239 Dechao:
1523 3185 1680 3256 Decepbis.

1202 3256 1302 3308 XXIX.
1366 3255 1409 3306 De
1419 3254 1603 3308 rhinocerote.

1203 3325 1291 3378 XXX.
1364 3323 1408 3375 Dc
1419 3323 1510 3391 lynce,
1523 3331 1551 3376 et
1562 3324 1732 3394 sphingibus.
1751 3324 1795 3378 De
1805 3326 1947 3379 crocottis.
1958 3327 2002 3380 De

1409 3394 1616 3461 cercopithecis.
2030 3386 2038 3408 ⁸

1202 3462 1304 3515 XXXI.
1364 3462 1461 3515 Indiae
1472 3464 1616 3517 terrestria
1626 3464 1766 3516 animalia.

1202 3532 1316 3585 XXXII.
1365 3532 1433 3583 Item
1444 3530 1616 3598 Aethiopiae.
1646 3532 1744 3584 Bestia
1754 3532 1815 3584 visu
1824 3532 1992 3587 interficiens

1201 3600 1329 3654 XXXIII.
1365 3600 1408 3651 De
1418 3600 1563 3651 Basiliscis
1575 3602 1759 3666 serpentibus.

1171 3680 1175 3693 ·
1201 3670 1330 3724 XXXIV.
1364 3668 1498 3733 Delupis.
1519 3669 1598 3723 Unde
1609 3669 1706 3722 fabula
1714 3669 1879 3738 versipellis.

1201 3738 1316 3793 XXXV.
1366 3737 1541 3802 Serpentium
1553 3754 1665 3807 genera.

1202 3807 1328 3862 XXXVI.
1364 3805 1407 3858 De
1418 3804 1607 3861 ichneumone.

1202 3874 1341 3930 XXXVII.
1365 3875 1409 3928 De
1420 3876 1573 3928 crocodilo.

1201 3942 1354 3998 XXXVIII.
1365 3944 1408 3997 De
1419 3945 1522 3996 scinco.

1201 4013 1330 4067 XXXIX.
1364 4012 1408 4063 De
1419 4011 1625 4080 hippopotamo.

1201 4220 1274 4272 XLI.

1201 4290 1285 4342 XLII.

1201 4357 1298 4409 XLIII.

1201 4427 1300 4482 XLIV.

1362 4080 1431 4144 Quis
1441 4081 1547 4200 prpmus
1555 4082 1709 4136 ostenderit
1719 4095 1781 4136 eum
1787 4081 1891 4133 Romae
1902 4090 1931 4133 et
1942 4097 2004 4133 cro-

1407 4164 1440 4200 co
1462 4165 1539 4201 rum.

1362 4217 1521 4271 Medicinae
1533 4218 1567 4270 ab
1579 4217 1743 4270 animalibus
1752 4223 1887 4283 repertae.

1362 4288 1547 4355 Prognostica
1558 4287 1741 4355 periculorum
1752 4302 1787 4339 ex
1799 4285 1971 4338 animalibus.

1364 4355 1468 4409 Gentes
1480 4356 1515 4409 ab
1526 4358 1692 4411 animalibus
1704 4357 1840 4409 sublatae.

1363 4424 1407 4478 De
1417 4424 1542 4493 hyaenis.

1200 4494 1286 4547 XLV.
1361 4494 1405 4546 De
1416 4495 1578 4549 corocottis.
1597 4495 1640 4549 De
1651 4493 1843 4549 mantichoris.

1201 4563 1298 4617 XLVI.
1361 4563 1405 4616 De
1417 4566 1538 4633 onagris.

1200 4632 1312 4686 XLVII.
1362 4632 1406 4684 De
1417 4642 1554 4685 castoreo.
1582 4633 1625 4684 Do
1636 4631 1781 4698 aquaticis,
1796 4624 1932 4681 etIIsdem
1944 4633 1999 4679 ter-

1405 4702 1551 4753 restribus.
1570 4699 1614 4751 De
1626 4699 1715 4749 lutris.

1201 4767 1324 4821 XLVIII.
1359 4766 1403 4819 De
1415 4769 1491 4818 ranis
1501 4767 1618 4819 rubetis.

1200 4836 1298 4888 XLIX.
1360 4836 1404 4887 De
1406 4835 1503 4954 ¹pitulo
1514 4837 1630 4887 marino.
1651 4834 1694 4888 De
1707 4833 1793 4885 dbris.
1813 4830 2001 4884 Destellioui·

1425 4919 1467 4956 us.

1201 4972 1234 5023 L.
1361 4971 1515 5024 Decursis.

1201 5040 1245 5091 LI.
1361 5039 1405 5090 De
1419 5039 1636 5094 chamaeleonte.
1684 5036 1689 5049 ’

1201 5108 1259 5160 Lll.
1360 5108 1404 5160 De
1413 5109 1528 5177 reliquis
1540 5109 1665 5162 colorem
1676 5107 1861 5161 mutantibus:
1872 5105 1999 5169 taraudo,

1407 5178 1534 5241 lcaona,
1544 5176 1620 5231 thoe.
1834 5186 1839 5191 '

1201 5244 1272 5298 Llll.
1361 5243 1403 5296 De
1412 5194 1544 5312 lvystrrce.

1201 5313 1272 5368 LIV.
1360 5310 1403 5364 De
1414 5318 1501 5366 ursis:
1519 5316 1554 5367 de
1564 5314 1642 5366 foetu
1653 5328 1757 5367 eorum.

1201 5380 1260 5435 LV.
1360 5380 1404 5433 De
1414 5384 1536 5435 muribus
1546 5384 1683 5446 Ponticis,
1693 5390 1722 5436 et
1733 5382 1851 5451 Alpinis.

1201 5450 1272 5505 LVI.
1364 5449 1407 5502 De
1417 5450 1581 5503 herinaceis.

1360 5516 1404 5573 Dc
1414 5519 1616 5588 leontophono.
1638 5520 1774 5589 delynce.
