4374 6014
360 338 424 400 346
485 333 517 394 C.
548 330 700 393 PLINll
734 327 938 390 SECUNDI
974 323 1142 387 NATUR.
1171 323 1364 385 Histoe
1399 321 1641 387 MRXXIX
1678 322 1773 384 CAP.
1795 326 1847 386 at.
1867 328 1916 385 38.

361 500 425 540 cuin
434 486 518 538 ebore
529 480 690 543 traiectum,
712 477 755 532 vel
767 479 794 530 in
808 476 937 544 pellicula
949 477 1049 529 canina
1059 475 1157 527 adalli-

382 564 471 606 atum:
484 550 555 619 quod
567 548 717 601 remedium
728 546 852 614 pluribus
862 560 1026 613 semperque
1033 544 1155 611 prodest

346 571 465 676 'h‘racto
475 619 559 688 capiti
572 618 663 670 aranei
677 616 740 667 tela
756 630 790 667 ex
801 615 865 667 oleo
882 622 910 668 et
922 621 1001 666 aceto
1014 613 1157 681 imposita,

361 691 482 745 nonnisi
493 688 604 741 vulnere
613 692 721 748 sanato,
731 684 866 737 abscedit.
879 684 955 735 ilaec
963 690 992 734 et
999 681 1159 734 uulneribus

362 759 563 814 tonstrinarum
572 754 732 821 sanguinem
743 754 825 804 sistit.
861 754 881 804 Α
895 752 1009 805 cerebro
1021 766 1086 803 reru
1097 765 1160 817 pru·

363 830 501 887 liuentem,
520 824 625 874 anseris
636 822 748 890 sanguis
760 828 808 872 aut
819 821 908 873 anatis
917 821 1038 872 inlusus:
1059 821 1158 886 adeps·

362 912 417 965 que
439 891 586 947 earundem
607 891 703 943 alitum
723 906 783 942 eum
798 904 921 942 rosaceo.
955 888 1090 941 cochleae
1103 902 1159 938 ma·

361 967 456 1018 tutino
466 961 605 1028 pascentis
617 959 751 1011 arundine
762 974 794 1010 cs
814 967 845 1010 ut
856 959 1021 1025 praecisum,
1039 961 1159 1009 maxime

362 1034 442 1085 Luna
453 1032 543 1098 plena,
552 1029 627 1081 lineo
639 1044 728 1095 panno
738 973 892 1095 saaingas:
903 1028 1003 1094 capitis
1015 1027 1159 1078 doloribus

362 1102 441 1153 licio:
461 1104 510 1152 aut
521 1113 586 1150 cera
596 1095 756 1149 albaironti
777 1097 901 1159 illinunt,
921 1103 949 1150 et
961 1098 1034 1163 pilos
1045 1097 1159 1149 caninos

363 1184 457 1238 patino
467 1166 629 1235 adalligant.

400 1235 537 1288 llxxvii.
556 1234 704 1287 cerebrum
716 1233 835 1285 cornicis
846 1234 874 1285 in
885 1233 946 1285 cibo
959 1240 1090 1296 sumtum,
1102 1233 1159 1300 psl·

362 1307 464 1375 pebras
486 1305 598 1372 gignere
619 1302 734 1354 dicitur:
755 1315 887 1370 oesypum
900 1318 959 1354 cuin
971 1300 1084 1370 myrrha
1096 1302 1160 1353 eali·

363 1375 428 1427 dum
450 1373 565 1442 specillo
588 1372 698 1423 illitum.
734 1369 810 1423 idem
833 1379 976 1439 praestare
995 1385 1159 1433 muscarum,

362 1444 475 1512 limique
486 1441 589 1493 murini
600 1441 719 1493 cinerem
734 1442 829 1507 aequis
847 1441 1038 1508 portionibus,
1058 1446 1090 1490 ut
1101 1439 1158 1492 elii·

363 1515 455 1564 ciatur
468 1510 610 1562 dimidium
622 1509 729 1575 pondus
740 1507 854 1573 denarii,
867 1510 1046 1577 promittitur,
1058 1508 1159 1562 additis

363 1581 469 1632 duabus
490 1579 579 1631 sextis
592 1578 699 1630 denarii
716 1594 731 1630 e
747 1580 823 1641 stibi,
842 1585 874 1629 ut
884 1580 977 1631 omnis
987 1592 1092 1646 oesypo
1103 1577 1158 1630 illi·

363 1656 478 1701 aantur:
498 1648 567 1700 item
589 1648 689 1698 murini
708 1647 791 1699 eatuli
812 1648 872 1699 triti
890 1648 917 1698 in
932 1650 996 1701 rino
1013 1654 1105 1699 uetere
1123 1645 1158 1697 ad

364 1714 577 1769 erassitudinem
590 1717 677 1784 accpi.
693 1716 770 1767 Pilos
781 1717 809 1767 in
821 1717 863 1768 his
873 1715 1071 1778 incommodos,
1083 1715 1158 1768 erul-

285 1788 288 1793 ’
363 1800 411 1837 sos
422 1786 529 1837 renasci
539 1802 593 1837 noo
605 1788 708 1853 patitur
719 1784 758 1837 iel
767 1785 919 1838 herinacei:
931 1800 1044 1837 osorum
1054 1785 1160 1837 stellio-

362 1857 407 1907 nis
420 1854 524 1922 liquor:
534 1854 726 1907 salamandrae
737 1855 820 1906 cinis:
840 1856 963 1908 lacertae
973 1854 1072 1906 uiridis
1082 1853 1119 1905 iel
1130 1855 1159 1905 in

363 1924 427 1974 vinn
439 1924 511 1986 albo,
530 1923 594 1976 Sole
617 1930 740 1976 coactum
758 1924 792 1976 ad
805 1926 1020 1977 crassitudinem
1031 1922 1121 1974 mellis
1132 1923 1159 1972 iri

365 2007 447 2044 aereo
463 2006 541 2043 uase:
563 1991 718 2043 hirundinis
735 1993 874 2058 pullorum
886 1994 956 2045 cinis
968 2008 1029 2044 cum
1042 1993 1115 2044 lacte
1125 1991 1161 2042 ti·

264 2102 269 2109 .
363 2060 395 2112 th
419 2060 491 2123 mali,
503 2075 653 2127 spumaque
665 2059 848 2112 cochlearum.

426 2127 551 2181 xxviii.
562 2128 744 2178 Glaucomata
754 2128 850 2179 dicunt
860 2129 936 2198 Magi
948 2131 1064 2183 cerebro
1075 2128 1160 2181 catuli

364 2202 472 2264 septem
495 2194 600 2246 dierum
617 2196 765 2258 emendari,
784 2197 900 2263 specillo
919 2198 1038 2251 demisso
1050 2199 1079 2250 in
1092 2199 1158 2251 dex·

364 2274 436 2317 trsm
450 2268 564 2330 partem,
576 2265 599 2314 si
612 2265 709 2316 dexter
720 2265 816 2316 oculus
828 2273 953 2319 curetur:
972 2269 998 2319 in
1009 2269 1159 2329 sinistram,

364 2336 389 2385 sl
400 2335 524 2385 sinister:
535 2338 584 2383 aut
594 2330 662 2384 lelle
673 2335 778 2385 recenti
789 2336 902 2387 asianis.
935 2337 1104 2389 Noctuaruiu
1117 2344 1160 2389 est

333 2422 338 2433 ¹
363 2402 393 2453 id
404 2416 500 2471 genus,
512 2400 616 2468 quihus
621 2402 714 2467 pluma
725 2404 831 2454 aurium
844 2405 925 2456 modo
936 2407 1029 2459 micat.
1066 2404 1158 2457 Suffu-

364 2471 471 2522 sionem
483 2470 628 2522 oculorum
641 2469 738 2522 canino
751 2471 817 2524 ielle
827 2473 961 2535 malebat,
1000 2489 1063 2526 uam
1076 2474 1161 2543 hyae-

363 2554 417 2591 nae
428 2539 689 2605 curarihpollonius
703 2539 849 2593 Pitanaeus
860 2557 920 2593 cum
933 2490 1029 2596 melier
1041 2546 1105 2596 item
1118 2544 1158 2595 al·

362 2608 488 2675 bugines
522 2608 642 2659 Marium
663 2612 784 2674 capitum
806 2612 1009 2679 caudarumque
1024 2614 1160 2666 cinereex

364 2677 447 2728 melle
459 2677 588 2737 inunctis,
601 2679 754 2729 claritatem
766 2678 842 2730 risus
852 2682 964 2733 resitue
975 2680 1081 2734 dicunt:
1092 2681 1161 2732 mul·

364 2752 449 2812 toque
469 2747 557 2814 magis
569 2746 651 2814 gliris
666 2754 715 2797 aut
735 2749 819 2799 niueis
839 2750 977 2802 silvestris
989 2753 1090 2812 cinere,
1112 2757 1161 2802 aut

364 2815 475 2881 aquilae
486 2817 601 2867 cerebro
613 2815 741 2875 rellelle.
778 2820 843 2868 Cum
855 2820 948 2883 ¹Attico
961 2820 1043 2873 melle
1053 2820 1122 2871 cinis
1133 2826 1161 2871 et

365 2885 451 2949 adeps
461 2884 558 2934 soricis
569 2885 706 2935 combusti
717 2884 810 2947 tritus,
832 2886 988 2940 lacrimosis
1004 2889 1092 2940 oculis
1103 2888 1161 2955 plu·

364 2953 465 3003 rimam
477 2952 597 3004 confert:
618 2954 699 3004 stibis
712 2953 775 3018 quid
788 2960 840 3016 est,
858 2956 979 3009 dicemus
988 2958 1016 3008 in
1030 2958 1159 3009 metaliis.

364 3019 504 3072 Mustelae
515 3019 581 3072 cinis
593 3021 805 3074 suffusionibus:
826 3024 892 3076 item
907 3026 1028 3078 lacertae
1039 3024 1160 3077 hirundi-

366 3089 443 3138 nisve
464 3090 622 3139 cerebrum:
646 3104 716 3154 quae
728 3095 812 3141 etlam
830 3097 915 3145 tritae
930 3101 1059 3147 coctaere
1071 3095 1160 3147 tronti

365 3155 463 3216 illitae,
476 3156 622 3221 epiphoras
634 3157 743 3218 sedant,
753 3159 812 3209 site
823 3175 872 3226 per
881 3176 919 3221 se,
932 3164 990 3214 sire
1002 3179 1063 3215 cuni
1077 3165 1157 3231 polli-

365 3238 408 3285 ne,
418 3223 480 3275 sire
491 3239 552 3275 curii
563 3220 650 3276 thure.
676 3226 877 3290 Sicatsnlatis,
888 3230 978 3296 idest,
990 3232 1055 3285 Sole
1067 3248 1159 3285 corre·

365 3293 430 3359 ptis,
449 3299 573 3359 prosunt.
609 3294 696 3345 viras
707 3308 815 3361 quoque
826 3311 958 3360 cremare,
974 3308 1002 3352 et
1013 3302 1105 3351 cinere
1116 3318 1160 3354 ea·

366 3377 425 3413 rum
436 3376 495 3414 cuni
508 3361 707 3416 melleCretleo
720 3366 814 3430 inungi
827 3365 1160 3433 caligines,utilissimum

365 3439 418 3483 est.
456 3433 640 3484 iumentorum
662 3432 751 3483 oculis
763 3433 922 3487 membrana
942 3436 1056 3503 aspidis,
1079 3452 1159 3503 quani

365 3502 481 3560 eruerit,
493 3515 554 3551 euni
565 3500 645 3566 adipe
655 3501 786 3564 eiusdem,
792 3503 947 3556 claritatem
955 3505 1073 3557 inunctis
1080 3506 1159 3559 iacit.

366 3565 496 3632 Viperam
510 3569 597 3618 rivam
610 3570 637 3618 in
649 3569 727 3619 lictill
741 3575 1092 3637 norocnniburerr,addito
1101 3575 1161 3628 foe·

366 3633 451 3683 nicoli
463 3649 544 3685 sucro
557 3635 591 3686 ad
603 3636 732 3702 cyathum
744 3655 836 3702 unum,
848 3650 876 3694 et
887 3641 974 3694 thuris
985 3658 1086 3696 manna
1096 3659 1159 3707 rina

366 3710 449 3765 atque
459 3702 499 3751 ita
510 3701 675 3754 suffusiones
686 3705 830 3758 oculorum
842 3718 870 3760 et
882 3711 1159 3780 caliginesiuungere,

365 3768 542 3818 utilissimum
555 3774 605 3819 est.
642 3772 873 3826 Medicamentum
885 3778 913 3828 id
925 3778 1022 3830 echion
1035 3788 1159 3832 vocatur.

367 3836 413 3887 Fit
425 3842 453 3887 et
463 3836 611 3904 collyrium
623 3840 750 3905 ei'ipera,
772 3843 801 3893 in
812 3842 869 3893 olla
879 3847 1042 3911 putrefacta,
1060 3849 1160 3900 i'ernii-

367 3905 491 3971 culisque
512 3906 603 3958 enatis
619 3921 678 3956 cuni
696 3923 777 3961 croco
799 3911 883 3963 tritis.
920 3915 1090 3967 Exoriturin
1102 3917 1160 3969 olla

367 3990 427 4025 cuni
438 3974 510 4028 sale:
532 3988 612 4042 quem
624 3975 755 4042 lingendo
777 3978 930 4032 claritatem
940 3984 1083 4036 oculorum
1096 4000 1160 4036 con·

366 4050 525 4111 sequuntur,
545 4050 574 4097 et
584 4043 719 4097 stomachi
732 4048 1005 4118 totiusquecorporis
1015 4055 1158 4123 tempesti-

364 4115 476 4165 uitales.
510 4113 566 4165 Hic
585 4114 628 4166 ssl
647 4121 676 4166 et
687 4118 780 4182 pecori
790 4116 873 4172 datur
883 4120 1054 4175 salubritatis
1065 4140 1159 4189 causa,

367 4189 395 4235 et
405 4182 433 4233 in
445 4182 601 4234 antidotum
612 4189 710 4235 contra
727 4194 868 4253 serpentes
884 4189 1003 4244 additur.
1039 4194 1158 4258 Quidam

366 4260 395 4303 et
404 4252 507 4318 viperis
517 4260 632 4304 utuntur
643 4253 670 4303 in
683 4253 761 4307 cibis.
784 4254 904 4309 Primum
915 4261 1036 4313 omnium
1049 4266 1159 4316 occisae

366 4322 459 4371 statim
470 4323 555 4374 saleni
567 4323 594 4372 in
606 4338 637 4373 os
648 4321 712 4375 addi
723 4323 825 4389 iubent,
837 4327 1079 4395 donecliquescat:
1095 4348 1160 4401 qua·

366 4395 430 4437 tuor
440 4389 590 4467 digitorum
601 4405 730 4443 messura
739 4397 869 4461 utrinque
881 4399 1015 4463 praecisa,
1026 4403 1157 4453 exemtis-

366 4467 419 4519 que
439 4461 588 4511 interaneis
609 4459 773 4526 discoquunt
791 4464 819 4514 ln
834 4480 914 4532 aqua,
937 4469 1069 4531 autoleo,
1088 4471 1158 4531 sale,

366 4520 477 4584 anetho,
498 4533 526 4577 et
547 4530 672 4581 omnihus
691 4533 1011 4599 autstatimrescuntur,
1030 4545 1159 4606 autpaiie

367 4587 510 4671 colligunt,
525 4600 557 4644 ut
567 4597 676 4663 saepius
688 4605 809 4652 utantur.
846 4603 890 4654 ius
903 4612 1012 4670 praeter
1023 4622 1107 4674 supra
1119 4607 1159 4658 di·

367 4663 412 4736 cta
432 4658 573 4723 pediculos
593 4681 608 4718 e
627 4672 688 4719 toto
704 4683 820 4736 corpore
830 4672 960 4737 expellit,
981 4676 1158 4744 pruritusque

366 4731 450 4804 etiam
461 4740 583 4782 summae
594 4735 673 4785 cutis.
697 4736 831 4789 Effectum
844 4742 965 4793 ostendit
976 4749 1004 4793 et
1016 4758 1064 4808 per
1074 4760 1104 4796 se
1115 4761 1159 4796 ca·

368 4792 435 4858 pitis
448 4794 567 4879 viperini
575 4801 650 4853 cinis.
671 4803 822 4859 Utilissime
832 4810 929 4861 oculos
939 4812 1055 4880 inungit.
1077 4814 1157 4864 iterii·

366 4874 419 4928 que
441 4862 528 4930 adeps
542 4872 689 4932 viperinas
724 4873 768 4926 De
779 4874 847 4928 telle
857 4892 914 4929 non
923 4880 1056 4933 audacter
1065 4896 1158 4934 suase·

364 4929 418 4981 tini
431 4944 499 4996 quse
511 4936 695 5012 praecipiunt,
716 4944 845 5007 quoniam
857 4952 900 5010 (ut
915 4961 965 4999 suo
986 4949 1048 5002 loco
1059 4950 1155 5001 docui·

364 5002 437 5059 saus)
447 5012 499 5050 non
511 4999 587 5080 aliud
608 5012 649 5057 est
661 5014 830 5073 serpentium
842 5029 985 5068 venenum.
1021 5020 1155 5086 singulum

363 5067 449 5134 ⁸3²1)⁸
467 5070 594 5134 wudffll
613 5075 725 5148 mixtim,
746 5088 843 5145 ruptas
858 5084 998 5136 oculorum
1011 5095 1156 5152 partesea-

364 5143 426 5188 sat:
448 5142 477 5189 et
496 5136 656 5190 membrana
670 5157 727 5192 sire
745 5156 874 5201 senectus
885 5158 1049 5206 vernatione
1060 5171 1155 5210 eorum

363 5204 657 5269 exutssiadiricetur,
677 5207 830 5267 claritatem
848 5217 924 5271 lacit.
960 5222 1036 5276 Boae
1047 5241 1157 5293 quoque

363 5272 401 5326 tel
412 5275 588 5338 praedicatur
597 5275 633 5327 ad
642 5276 794 5343 albugines,
814 5286 991 5354 suffusiones,
1007 5295 1154 5362 caligines:

361 5341 447 5409 adeps
458 5343 589 5395 similiter
599 5344 635 5397 ad
647 5344 814 5403 claritatem.

396 5410 524 5481 Aquilae,
536 5427 617 5481 quam
628 5413 747 5466 diximus
757 5417 849 5481 pullos
859 5422 894 5473 sd
906 5429 1090 5482 contuendum
1104 5430 1154 5484 So-

361 5476 414 5530 lem
427 5482 557 5548 experiri,
567 5485 655 5537 mixto
666 5482 734 5536 ielle
746 5499 807 5537 cum
820 5488 902 5542 melle
912 5493 1004 5544 Attico
1015 5498 1153 5567 inungun-

358 5554 405 5596 tur
415 5550 576 5615 nubeculae,
599 5562 627 5606 et
638 5554 831 5621 caligationes,
849 5557 1074 5631 suffusionesque
1085 5584 1152 5621 ocu·

1209 474 1308 527 lorum.
1326 474 1430 527 Eadem
1442 471 1486 525 iis
1496 478 1525 525 et
1535 471 1565 523 in
1574 471 1711 525 vulturino
1723 471 1791 525 telle
1804 479 1848 526 est
1858 488 1921 527 cour
1932 476 2007 543 porri

1209 559 1301 606 succo,
1322 550 1350 595 et
1369 541 1453 595 melle
1455 542 1581 661 14ξιιιιίςιῖο.
1599 541 1892 665 ιιὲιιῑῖιιαίἓὶῗζὲῗῖιῖίιξὲἑ
1893 544 1964 667 lypis:
1966 544 2009 663 ff

1210 610 1756 743 iringihhlhihhiiiiohhmflhzimehandidi
1768 649 1927 749 gallinacei.
1963 681 2008 734 Fi·

1210 766 1283 805 mum
1296 765 1404 818 quoque
1413 740 1648 818 gallinaceorum,
1668 749 1811 801 dumtaxat
1824 753 1946 814 rubrum,
1969 752 2010 804 lii·

1211 820 1308 871 seiosis
1318 819 1391 871 illini
1403 825 1568 871 monstrant.
1585 816 1714 868 Laudant
1725 826 1753 869 et
1765 819 1887 885 gallinae
1898 818 1947 883 fel,
1957 819 2008 873 sed
2098 844 2104 855 ·

1211 889 1359 955 praecipue
1370 888 1496 955 adipem,
1518 894 1614 939 contra
1625 886 1737 952 pusulas
1750 887 1778 936 in
1790 888 1911 955 pupillis.
1946 889 2018 940 lias*

1211 957 1320 1009 scilicet
1329 957 1390 1010 eius
1400 957 1441 1009 rei
1452 957 1543 1025 grstia
1554 956 1693 1022 saginant.
1722 954 1839 1006 Adiuvat
1849 957 1968 1008 mirillce
1980 966 2009 1011 et

1211 1032 1307 1092 ruptas
1318 1026 1460 1078 oculorum
1471 1025 1620 1086 tuniculas,
1641 1022 1775 1075 admistis
1785 1024 1891 1075 schisto
1903 1030 1932 1076 et
1942 1023 2007 1079 hae·

1211 1095 1311 1147 metite
1320 1095 1468 1162 lapidibus.
1504 1094 1612 1146 Fimum
1633 1107 1743 1159 quoque
1754 1107 1849 1145 earum
1861 1092 2008 1147 dumtaxat

1212 1163 1372 1224 candidum,
1393 1164 1421 1215 iri
1433 1163 1496 1214 oleo
1507 1171 1601 1214 vetere
1620 1162 1783 1229 corneisque
1801 1161 2005 1229 pyridibusad·

1211 1240 1331 1295 serrant,
1343 1232 1378 1284 ad
1390 1232 1556 1300 pupillarum
1566 1231 1721 1297 albugines.
1757 1230 1856 1293 Quaiii
1869 1233 2006 1285 mentions

1211 1301 1422 1370 significandum
1444 1306 1494 1364 est,
1516 1315 1635 1367 pavones
1656 1300 1748 1350 fimum
1762 1314 1843 1351 suum
1862 1302 2006 1355 resorbere

1212 1370 1297 1431 tradi,
1318 1371 1473 1423 inridentes
1493 1368 1635 1420 bantinum
1652 1368 1832 1425 utilitatibus.
1869 1370 2006 1437 Accipiter

1212 1439 1343 1492 decoctus
1366 1439 1394 1490 iii
1414 1454 1529 1491 rosaceo
1549 1438 1756 1490 efficacissimus
1778 1436 1813 1490 sd
1831 1438 2006 1492 inunctiones

1213 1512 1333 1560 oninium
1350 1511 1479 1561 vitiorum
1491 1513 1620 1574 putatur:
1642 1509 1707 1559 item
1724 1507 1781 1558 timi
1793 1507 1854 1559 eius
1866 1508 1935 1560 einis
1944 1523 2004 1561 cum

1213 1580 1303 1630 Attico
1316 1577 1407 1630 melle.
1438 1576 1581 1629 Laudatur
1592 1582 1620 1629 et
1630 1577 1705 1628 milri
1717 1579 1802 1628 iecur.
1822 1576 1931 1629 Fimunr
1942 1577 2022 1644 quo·'

1211 1663 1264 1715 que
1285 1647 1473 1698 columbarum
1485 1661 1518 1699 ex
1529 1652 1611 1699 aceto
1628 1645 1663 1698 ad
1684 1646 1836 1713 aegilopas.
1872 1646 2005 1699 Similiter

1212 1716 1246 1767 ad
1259 1716 1405 1785 albugines
1416 1724 1444 1769 et
1456 1717 1608 1769 cicatrices.
1644 1713 1694 1767 Fel
1705 1717 1877 1778 anserinum,
1894 1715 2005 1784 sanguis

1212 1792 1323 1837 anatum
1337 1787 1460 1838 contusis
1471 1785 1567 1847 oculis,
1581 1786 1623 1836 ita
1635 1791 1665 1835 ut
1677 1791 1774 1851 postea
1785 1799 1890 1853 oesypo
1902 1792 1929 1837 et
1940 1784 2006 1837 mei·

1212 1855 1240 1907 le
1250 1856 1429 1922 inungantur.
1453 1855 1503 1907 Fel
1514 1855 1653 1920 perdicum
1665 1869 1725 1905 cum
1737 1854 1828 1907 mellis
1837 1869 1927 1923 aequo
1937 1869 2004 1923 pon·

1213 1923 1294 1975 dere:
1316 1939 1492 1989 persevero,
1512 1924 1547 1975 ad
1565 1923 1730 1976 claritatem.
1766 1924 1946 1991 Hippocratis
1955 1940 2004 1992 pu·

1213 1999 1274 2044 tant
1285 1995 1455 2047 auctoritate
1465 1994 1564 2055 adlici,
1587 1993 1659 2059 quod
1672 1995 1698 2043 in
1710 1998 1844 2060 argentes
1861 1993 1966 2061 pyxide
1978 1992 2005 2043 id

1213 2063 1318 2114 serrari
1330 2063 1433 2115 iubent.
1458 2065 1518 2114 Ora
1530 2061 1670 2128 perdicum
1683 2062 1712 2113 in
1723 2078 1789 2114 vase
1799 2077 1881 2115 aereo
1893 2061 2006 2115 decocta

1213 2145 1274 2183 cuin
1289 2131 1380 2192 melle,
1392 2131 1550 2184 hulceribus
1562 2132 1702 2184 oculorum
1714 2139 1743 2183 et
1753 2132 1938 2201 glaucomatis
1948 2145 2004 2183 me·

1212 2200 1320 2251 dentur.
1357 2201 1564 2264 columbarum,
1586 2209 1734 2262 turturum,
1751 2201 1933 2267 palumbium,
1946 2214 2007 2267 per·

1212 2268 1303 2321 dicum
1315 2270 1435 2336 sanguis,
1447 2271 1535 2322 oculis
1546 2285 1641 2322 cruore
1651 2269 1761 2321 suli'usis
1772 2270 1871 2323 eximie
1903 2270 2005 2321 rodest.
2086 2328 2091 2337 Ι

1211 2339 1242 2390 lii
1255 2339 1391 2391 columbis
1403 2340 1542 2392 masculae
1553 2339 1731 2391 ellicsciorem
1743 2345 1850 2406 putant.
1891 2353 1944 2390 ena
1955 2354 2004 2391 aa·

1211 2414 1267 2460 teni
1279 2410 1329 2460 sab
1341 2410 1387 2461 ala
1396 2409 1430 2460 ad
1442 2410 1512 2460 hunc
1521 2424 1600 2460 usum
1613 2407 1747 2470 inciditur,
1754 2406 1883 2474 quoniam
1895 2422 1949 2458 auo
1962 2422 2006 2458 ea·

1211 2478 1271 2530 lore
1280 2478 1379 2529 utilior
1389 2485 1440 2530 est.
1462 2479 1615 2546 Superponi
1626 2483 1735 2544 oportet
1745 2475 1880 2543 splenium
1892 2490 1908 2527 e
1920 2474 2005 2526 melle

1212 2546 1367 2610 decoctum,
1378 2548 1525 2615 lanamque
1536 2547 1674 2599 succidam
1686 2561 1720 2599 ex
1731 2546 1792 2597 oleo
1802 2559 1836 2597 ac
1844 2545 1920 2595 rino.
1951 2545 2005 2595 Ea·

1211 2617 1327 2668 rundeni
1349 2618 1442 2669 arium
1464 2619 1577 2686 sanguis
1594 2617 1757 2685 nyctalopas
1772 2619 1868 2666 sanat:
1890 2615 2006 2665 etlecur

1212 2687 1320 2737 ovium:
1331 2694 1414 2754 atque
1423 2688 1464 2752 (ut
1474 2687 1502 2737 in
1514 2687 1605 2754 capris
1616 2687 1745 2748 diximus)
1751 2684 1888 2736 efficacius
1898 2682 2004 2734 vulvae.

1212 2755 1335 2807 Decocto
1347 2771 1457 2823 quoque
1467 2757 1527 2808 eius
1540 2756 1637 2807 oculos
1648 2757 1758 2807 abluere
1768 2753 1899 2805 suadent:
1911 2758 1940 2804 et
1951 2766 2005 2802 me·

1213 2822 1291 2877 dulls
1311 2824 1423 2878 dolores
1433 2832 1608 2892 tumoresque
1626 2825 1744 2876 illinere.
1780 2820 2005 2875 Bubonisoculo·

1212 2908 1271 2943 runi
1293 2894 1365 2945 cinis
1385 2894 1503 2959 collyrio
1524 2895 1626 2945 mixtus
1642 2894 1797 2945 claritatem
1809 2891 1898 2943 oculis
1914 2889 2005 2941 iacere

1212 2962 1395 3027 promittitur.
1431 2963 1560 3013 Turtuiis
1582 2966 1674 3013 linium
1696 2962 1839 3027 albugines
1860 2966 2004 3012 extenuat:

1211 3030 1278 3083 item
1290 3029 1462 3083 cochlearum
1470 3033 1552 3081 cinis:
1563 3031 1829 3082 limanicenchridis:
1842 3030 2003 3095 accipitrum

1211 3102 1321 3167 generis
1331 3099 1404 3151 hanc
1411 3099 1511 3151 Graeci
1523 3098 1637 3151 iaciunt.
1654 3104 1771 3167 argema
1783 3114 1817 3151 ex
1828 3098 1910 3151 melle
1921 3095 2006 3150 onini-

1211 3171 1270 3228 bus,
1283 3185 1352 3237 quae
1363 3183 1446 3235 supro
1455 3170 1560 3236 scripta
1569 3175 1643 3228 suut,
1662 3178 1786 3220 sanatur.
1822 3168 1880 3219 hiel
1893 3165 2005 3218 utilissi-

1212 3252 1285 3289 mum
1298 3237 1393 3299 oculis,
1410 3240 1437 3288 in
1448 3252 1502 3304 quo
1514 3246 1578 3289 sunt
1589 3253 1654 3304 apes
1665 3237 1840 3290 immortuae.
1877 3237 2004 3287 Ciconiae

1212 3306 1315 3372 pullum
1328 3308 1374 3373 qui
1386 3307 1483 3367 ederit,
1490 3308 1692 3374 negaturnnnis
1698 3307 1836 3358 continuis
1844 3305 2003 3372 lippituros:

1213 3375 1278 3423 item
1290 3377 1338 3438 qui
1350 3376 1477 3428 draconis
1488 3382 1571 3442 caput
1582 3375 1690 3428 haheat.
1706 3377 1798 3428 liuius
1808 3375 1890 3440 adipe
1901 3380 1929 3426 et
1941 3372 2004 3424 niel·

1212 3441 1238 3492 le
1250 3455 1310 3490 cum
1322 3440 1385 3492 oleo
1395 3448 1499 3501 vetere,
1519 3445 1680 3507 incipientes
1692 3444 1824 3511 caligines
1838 3444 1938 3495 discuti
1948 3449 2004 3494 tra·

1213 3509 1289 3559 dunt.
1312 3508 1497 3561 liirundinum
1508 3510 1599 3577 pullos
1610 3509 1692 3576 plena
1703 3510 1782 3561 Luna
1792 3519 1950 3571 excaecant,
1961 3526 2003 3562 re·

1212 3579 1367 3644 stitutaque
1378 3594 1472 3630 eorum
1485 3582 1544 3631 acie
1560 3582 1652 3645 capita
1671 3581 1879 3630 comburuntur:
1902 3576 1955 3628 hoc
1969 3575 2006 3630 ci·

1210 3660 1277 3697 nere
1290 3661 1351 3697 curn
1361 3648 1444 3700 melle
1454 3655 1571 3700 utuntur
1580 3648 1617 3700 ad
1626 3649 1791 3710 claritatem,
1801 3655 1830 3699 et
1843 3645 1965 3709 dolores,
1973 3662 2006 3698 ac

1211 3715 1399 3781 lippitudines,
1411 3724 1438 3768 et
1449 3718 1529 3769 ictus.

1245 3782 1381 3835 Lacertae
1393 3800 1504 3853 quoque
1512 3786 1637 3853 pluribus
1647 3787 1735 3839 modis
1756 3786 1789 3838 ad
1801 3782 1946 3837 oculorum
1958 3799 2001 3837 re·

1210 3851 1302 3903 media
1314 3861 1466 3905 assumunt.
1478 3856 1530 3907 lilii
1546 3857 1657 3908 viridem
1671 3854 1815 3907 includunt
1826 3853 2002 3905 norollctili:

1211 3936 1244 3972 ac
1254 3918 1367 3987 lapillos
1378 3923 1424 3988 qui
1436 3932 1572 3976 vocantur
1583 3924 1716 3985 cinaedia,
1736 3938 1807 3991 quae
1818 3930 1846 3976 et
1856 3923 2001 3991 inguinum

1211 3991 1366 4043 tumoribus
1378 3991 1527 4058 adalligari
1539 3990 1746 4056 solent'novem
1758 3992 2001 4061 signissignsntes,

1211 4064 1239 4110 et
1250 4059 1376 4127 singulos
1394 4061 1544 4114 detrahunt
1560 4078 1610 4128 per
1627 4065 1695 4115 dies.
1731 4061 1811 4114 Nono
1823 4064 1951 4114 emittunt
1962 4061 2001 4111 la·

1211 4134 1329 4181 certam:
1347 4129 1459 4197 lapillos
1471 4138 1583 4183 serrant
1595 4133 1628 4185 sd
1641 4132 1784 4183 oculorum
1795 4131 1913 4183 dolores
1948 4128 2003 4180 sili

1210 4204 1313 4250 terrani
1324 4199 1502 4251 substernunt
1515 4201 1635 4253 lacertae
1645 4201 2005 4261 viridiexcsecatse,etuna

1210 4267 1239 4318 iii
1251 4270 1340 4320 vitreo
1351 4284 1417 4320 tote
1428 4271 1524 4321 anulos
1536 4271 1678 4321 includunt
1690 4286 1705 4322 e
1716 4271 1792 4322 terro
1803 4269 1894 4321 solide
1904 4267 1947 4319 rel
1958 4282 2002 4317 au·

1211 4351 1258 4386 ro:
1277 4352 1337 4388 cum
1359 4339 1498 4405 recepisse
1518 4340 1606 4389 risum
1620 4339 1752 4390 lacertam
1765 4337 1897 4405 apparuit
1906 4350 1955 4403 per
1964 4335 2003 4384 ii·

1210 4411 1293 4467 trum,
1304 4409 1406 4458 emissa
1416 4408 1556 4470 eu,snulis
1566 4416 1663 4460 contra
1675 4408 1868 4475 lippitudinem
1879 4412 2000 4457 utuntur.

1210 4472 1263 4525 alti
1284 4475 1384 4542 capitis
1401 4476 1494 4528 cinere
1504 4491 1553 4544 pro
1565 4477 1631 4528 stibi
1643 4476 1679 4529 ad
1691 4476 1847 4529 scabritias.
1884 4472 2003 4536 Quidam

1211 4541 1326 4595 uiridem
1340 4544 1424 4610 longo
1443 4546 1517 4597 collo
1539 4545 1565 4595 in
1577 4547 1715 4598 sabulosis
1728 4551 1883 4597 irascentem
1895 4542 2003 4594 conibu-

1210 4618 1282 4671 runt‚
1292 4617 1321 4663 et
1331 4613 1506 4679 incipientem
1519 4615 1679 4682 epiphoram
1690 4616 1838 4679 inungunt:
1850 4613 1915 4662 item
1929 4611 2003 4677 glau-

1213 4686 1332 4731 comata.
1364 4682 1502 4739 Mustelae
1513 4685 1596 4736 etiam
1610 4684 1698 4736 oculis
1710 4687 1810 4746 punctu
1821 4679 1915 4740 erutis,
1927 4679 2004 4730 aiunt

1211 4750 1299 4799 risum
1321 4754 1431 4811 reuerti,
1452 4748 1601 4819 eademque
1621 4766 1691 4818 quas
1710 4750 1738 4800 io
1753 4746 1864 4796 lacertis
1875 4750 1903 4795 et
1913 4747 2006 4799 anulis

1210 4817 1323 4869 iaciunt.
1337 4819 1477 4885 Serpentis
1488 4820 1597 4870 oculum
1608 4820 1734 4870 dextrum
1747 4812 1927 4877 adalligatum
1941 4831 2003 4867 crin·

1209 4892 1254 4937 trs
1274 4885 1424 4950 epiphoras
1440 4887 1588 4952 prodesse,
1609 4888 1632 4937 si
1643 4899 1755 4951 serpens
1764 4884 1827 4933 vive
1836 4879 2005 4937 dimittatur.

1210 4953 1431 5005 lacrimantibus
1442 4956 1502 5005 sinc
1513 4955 1566 5007 line
1578 4956 1678 5017 oculis,
1699 4952 1769 5003 cinis
1779 4949 1917 5002 stellionis
1928 4952 2003 5019 eapi'·

1208 5024 1246 5073 tis
1257 5035 1316 5072 com
1327 5021 1391 5072 stibi
1401 5023 1502 5075 eximie
1513 5024 1647 5077 medetur.
1679 5022 1781 5073 tranei
1793 5023 1923 5071 muscarii
1935 5023 2003 5081 tela,

1209 5098 1238 5143 et
1248 5089 1395 5157 praecipue
1417 5092 1548 5155 spelunea
1558 5093 1619 5157 ipsa
1633 5092 1765 5157 imposita
1776 5105 1825 5156 per
1836 5087 1955 5141 irontem
1966 5092 2001 5141 ad

1209 5159 1264 5210 duo
1275 5164 1409 5224 tempora,
1430 5160 1458 5210 ln
1470 5161 1578 5226 splenio
1587 5160 1690 5228 aliquo,
1702 5160 1743 5210 ita
1753 5167 1784 5211 ut
1795 5173 1812 5209 a
1822 5172 1907 5225 puero
1918 5161 2002 5224 impu·

1207 5228 1242 5280 bs
1256 5235 1284 5279 et
1294 5229 1420 5295 capiatur
1431 5234 1459 5279 et
1470 5229 1638 5295 imponatur,
1662 5245 1714 5281 nee
1726 5229 1751 5279 is
1766 5227 1859 5279 triduo
1870 5242 1901 5278 se
1912 5233 2003 5277 osten·

1207 5296 1256 5349 dat
1276 5298 1301 5349 ei
1322 5297 1367 5349 cui
1382 5295 1543 5361 medeatur,
1564 5312 1633 5350 nere
1648 5299 1785 5351 alteruter
1796 5296 1876 5348 nudis
1888 5292 2004 5361 pedibus

1206 5371 1309 5417 terram
1331 5366 1454 5433 attingat
1473 5366 1516 5417 his
1535 5366 1652 5431 diebus,
1674 5366 1841 5419 mirabiliter
1859 5361 2003 5432 epiphoris

1207 5435 1311 5486 mederi
1321 5436 1457 5487 dicuntur.
1492 5435 1560 5487 Albu
1581 5440 1638 5489 ines
1680 5450 1770 5501 uoque
1787 5431 2003 5486 diciti·““''⁴·“

1206 5503 1365 5556 inunctione
1377 5518 1495 5555 araneus
1507 5453 1651 5565 candidus,
1661 5452 1841 5572 longissimis

1206 5572 1284 5623 simis
1298 5573 1419 5640 pedibus,
1430 5576 1568 5627 caninius
1578 5576 1606 5627 in
1617 5574 1683 5628 oleo
1695 5578 1801 5627 vetere.
1812 5572 1843 5627 Se
