4374 6014
74 5590 116 5647 Ιι

306 317 337 375 C.
371 312 525 375 PLlNll
559 311 768 405 secono!
804 310 974 373 NATUR.
1003 311 1198 373 lllS‘l'Oli.
1233 313 1319 373 LlB.
1341 311 1480 372 XXXI.
1517 313 1751 378 CAP.42·46.
1798 322 1859 385 set

198 469 337 524 reatinum
354 464 475 517 nemore
491 463 655 517 laudabant.
690 463 732 515 hb
750 461 802 515 hoc
813 478 1004 531 quemcunque

200 537 353 595 coracinis:
373 549 407 587 ex
419 549 452 586 eo
467 550 587 602 gessere,
607 547 751 598 spumeum
763 533 923 601 praecipuo.
959 535 1002 587 lu·

201 616 354 663 mentorum
366 620 433 656 vero
445 612 474 657 et
485 607 569 656 boum
581 602 681 665 oculis,
698 605 884 670 'l'ragasueum
897 612 926 661 at
936 602 1006 656 liuc-

202 681 297 734 tieum.
334 674 374 727 sd
386 675 532 725 obsonium
544 679 573 725 et
584 672 677 723 cibum
691 672 806 734 utilite,
828 673 953 741 quisquis
965 672 1006 731 fa·

202 750 254 801 eile
265 745 409 812 liquescit:
430 746 496 794 item
520 740 662 792 humidior
675 759 682 791 ι
702 744 836 792 nrinorem
849 745 921 795 enim
933 758 1006 795 anm·

201 815 349 870 titudinem
363 811 474 873 babent,
497 819 527 867 ut
539 814 650 863 Atticus
661 818 689 861 et
699 811 849 865 Euboicus.
887 813 1005 865 Serran-

195 888 244 941 alis
255 885 385 939 carnibus
396 882 559 948 aptioracer
567 888 596 931 et
606 881 705 942 eiectis,
713 888 743 932 ut
752 880 921 947 Megaricus.
935 883 1006 935 Coa·

202 958 280 1008 ditur
301 954 385 1006 etiam
398 950 532 1003 odoribus
546 949 659 1011 additis,
681 956 709 1001 et
721 950 899 1016 pulmentarii
918 951 1005 1003 ricem

202 1026 310 1092 implet,
322 1023 448 1073 excitans
460 1019 633 1081 ariditatem,
654 1019 830 1087 invitansque
841 1022 869 1073 in
880 1022 1006 1073 orrruibus

202 1096 287 1153 cibis,
308 1093 349 1143 ita
362 1098 392 1141 ut
403 1091 440 1140 sit
451 1091 603 1156 peculiaris
615 1104 652 1141 cx
663 1105 698 1142 eo
709 1090 870 1142 intellectus
881 1091 954 1145 iuter
965 1093 1005 1141 ia·

202 1176 319 1217 nuntera
328 1159 513 1212 condimenta.
549 1159 593 1210 lta
603 1166 646 1211 eat
657 1160 684 1209 in
698 1158 852 1213 nsandendo
863 1161 1007 1227 quaesitus

202 1248 280 1302 garo.
317 1230 391 1295 Quin
403 1237 431 1281 et
442 1230 562 1296 pecudes
582 1236 762 1297 armentaque
773 1238 801 1283 et
811 1229 937 1281 iumenta
947 1229 1007 1282 sale

202 1303 323 1355 oraxime
334 1301 523 1352 sollicitantur
533 1299 568 1353 ad
585 1306 693 1366 pastum
707 1336 714 1362 ‚
736 1299 824 1350 nrulto
837 1300 959 1366 largiore
970 1300 1007 1350 la·

204 1380 258 1435 cte,
277 1371 420 1437 multoque
435 1372 559 1439 gratiore
578 1370 663 1421 etiam
681 1370 710 1421 is
724 1384 808 1423 caseo
820 1368 894 1421 dote.
932 1370 1007 1435 Erga

204 1441 332 1495 hercules
354 1443 410 1491 rita
426 1439 574 1493 humanior
591 1442 652 1491 siae
666 1439 726 1491 sale
745 1439 871 1506 nunquit
886 1437 1007 1506 degere:

204 1511 330 1577 adeoque
352 1511 537 1564 necessarium
553 1508 720 1563 elementum
739 1516 793 1570 est,
813 1517 844 1561 ut
865 1508 1008 1559 transierit

204 1581 368 1633 intellectus
392 1579 427 1632 ad
445 1580 605 1645 voluptates
622 1579 708 1630 animi
725 1594 844 1647 quoque.
881 1578 952 1630 Naue
969 1580 1009 1629 ita

206 1650 280 1701 sales
299 1649 490 1717 appellantur:
510 1649 654 1714 omnisque
670 1649 744 1701 ritae
760 1648 839 1714 lepos
851 1654 879 1699 et
899 1662 1009 1703 suasura

207 1715 341 1780 hilaritas,
360 1719 545 1786 laborumque
562 1718 673 1784 requies
688 1734 745 1768 <non
761 1718 818 1770 alio
831 1720 918 1785 magis
929 1732 1009 1768 roca·

193 1787 272 1839 ‘bulo
290 1795 408 1840 constat.
442 1788 607 1838 Honoribus
623 1791 707 1839 etiam
726 1788 902 1853 nrilitiaeque
923 1787 1013 1837 inter·-

204 1860 334 1923 ponitur,
354 1857 467 1909 salariis
478 1858 541 1908 inde
554 1856 653 1917 dictis,
674 1871 776 1921 :singna
792 1856 865 1922 aprrd
877 1856 1009 1920 antiquos

203 1929 381 1987 auctoritate,
404 1927 477 1977 sicot
492 1934 607 1993 apparet
624 1940 658 1977 er
675 1928 785 1977 rrorrrine
801 1924 927 1976 Salariae
938 1927 1010 1986 riae,

205 1996 334 2062 quoniam
352 1995 402 2046 illa
416 1994 503 2047 sulem
524 1995 551 2043 in
571 1995 688 2045 Sabinos
709 1996 815 2059 portari
832 1999 1009 2045 conuenerat.

205 2067 295 2116 Ancus
307 2064 430 2113 Marcius
442 2076 493 2113 rex
503 2063 570 2111 salis
583 2063 692 2113 modios
703 2077 752 2113 sex
766 2063 842 2114 nriiie
854 2065 883 2114 in
894 2065 1008 2129 congia·

204 2132 249 2185 rio
262 2132 339 2184 dedit
350 2129 463 2197 populo,
483 2136 511 2180 et
521 2129 626 2179 salinas
637 2131 739 2194 primus
750 2132 881 2183 instituit.
918 2132 1009 2185 Varro

206 2204 292 2255 etiarn
306 2198 485 2268 pulmentarii
498 2199 556 2249 rice
568 2214 632 2248 usos
646 2203 762 2256 reteres,
785 2207 949 2251 auctorest:
981 2205 1011 2252 et

143 2286 151 2295 ¹
206 2271 295 2323 salem
305 2285 366 2321 cunr
380 2282 450 2335 pane
461 2266 579 2318 esitasse
591 2281 639 2316 eris
652 2265 799 2331 prorerbio
811 2272 937 2330 apparet.
947 2263 1009 2313 lila-

207 2341 281 2393 xiute
291 2348 385 2392 tamen
396 2339 423 2389 in
434 2336 522 2389 sacris
534 2336 703 2400 intelligitur
713 2335 878 2398 auctoritas,
899 2331 1010 2400 quando

206 2412 285 2465 ualle
295 2410 478 2464 coniiciuntur
489 2407 548 2456 sine
561 2405 634 2454 moia
644 2403 729 2455 salsa.

245 2480 334 2533 XLll.
353 2478 509 2531 Salinarum
530 2474 677 2524 sinceritas
697 2486 831 2523 cucumam
843 2469 911 2522 iecit
931 2483 1009 2521 mam

213 2548 412 2609 differentiam,
429 2543 566 2612 quandam
580 2540 705 2593 lariiiam
717 2539 796 2601 salis,
818 2555 890 2606 quac
900 2538 1009 2592 lerissl·

210 2633 257 2670 ma
267 2632 301 2669 es
312 2632 345 2668 eo
357 2624 400 2666 est
417 2621 445 2666 et
457 2611 668 2665 candidissima:
690 2609 849 2676 appellatur
862 2617 891 2661 et
904 2607 955 2661 llos
965 2626 1010 2662 ss-

209 2686 255 2747 lis,
266 2688 293 2738 in
304 2691 395 2738 totum
407 2685 519 2735 diuersa
530 2696 585 2744 res,
606 2678 827 2745 hunsidiorisque
838 2685 964 2740 naturae,
983 2686 1012 2731 ct

212 2759 303 2808 crocei
324 2754 436 2814 coloris,
456 2758 504 2803 aut
522 2750 584 2812 rull,
604 2749 692 2800 veluti
711 2748 811 2817 rubigo
821 2749 903 2801 salias
925 2748 1012 2802 odore

210 2838 320 2891 quoque
339 2826 461 2890 ingrato,
481 2835 530 2873 ceu
547 2820 618 2887 gari,
640 2819 811 2871 dissentiens
831 2833 849 2869 a
866 2820 935 2882 sale,
958 2834 1011 2870 non

211 2893 293 2944 niodo
305 2906 438 2957 aspumu.
474 2891 618 2956 Aegyptus
635 2889 752 2950 incenit,
768 2886 935 2956 videturque
946 2888 1011 2941 nilo

208 2961 325 3014 deferri.
344 2962 378 3012 lit
390 2959 515 3011 lontibus
524 2969 614 3010 tamen
623 2958 786 3024 quibusdam
799 2961 917 3011 innatat.
928 2960 1011 3026 Opti·

211 3044 285 3082 arunt
295 3044 331 3083 es
343 3045 387 3091 eo,
409 3029 481 3095 quod
495 3028 549 3081 olei
562 3028 697 3095 quandam
710 3029 934 3097 pinguitudinem
946 3028 1010 3081 red·

208 3100 258 3152 dit.
295 3100 348 3151 Est
358 3098 430 3149 enim
442 3100 525 3151 etiam
538 3099 565 3149 in
577 3098 638 3150 sale
650 3098 824 3166 pinguitudo,
842 3098 916 3165 quud
929 3101 1011 3151 mire·

207 3183 279 3220 nrur.
314 3167 495 3221 Adulteratur
514 3176 610 3221 autem
628 3170 801 3237 tingiturque
820 3170 941 3228 rubrica,
962 3175 1011 3219 sut

209 3239 374 3304 plerumque
395 3242 469 3287 testa
484 3238 565 3288 trita:
587 3238 634 3303 qui
650 3236 729 3289 lucus
745 3252 818 3305 aqua
830 3237 1011 3304 deprehendi·

210 3317 265 3371 tur,
277 3306 403 3358 diluente
416 3303 555 3357 factitium
565 3306 706 3360 colorem:
728 3321 790 3359 cunr
802 3322 884 3358 verus
895 3307 945 3358 ilie
956 3322 1011 3358 non

210 3377 266 3429 nisi
277 3376 340 3428 olea
354 3375 520 3436 resoluatur,
531 3382 559 3427 et
568 3377 751 3443 unguentarii
763 3384 877 3444 propter
888 3377 1011 3428 coloreas

129 3446 137 3457 ⁸
210 3462 245 3498 eo
259 3445 379 3498 inanime
399 3450 524 3496 utantur.
561 3446 673 3498 Caeritis
692 3446 722 3498 in
738 3446 812 3497 rasis
833 3454 1011 3499 sumnraest:

209 3513 379 3567 orediarero
398 3529 463 3580 pars
483 3513 630 3576 humidior,
650 3515 825 3568 utdiximus.
862 3516 955 3567 l'ioris
967 3530 1013 3567 na·

211 3591 396 3650 turaaspera,
417 3583 625 3645 excalfactoria,
645 3582 921 3637 stomacho'inutilis.
959 3586 1010 3638 Su·

210 3654 305 3706 dorem
319 3654 384 3715 ciet,
407 3653 500 3705 ulrum
513 3654 599 3705 solvit
617 3653 644 3704 in
656 3661 721 3706 rino
734 3660 762 3705 et
773 3671 853 3722 aqua,
876 3655 972 3721 acopis
984 3663 1012 3706 et

210 3725 372 3789 snregmatis
383 3723 470 3777 utilis.
507 3721 640 3774 Detrahit
651 3733 679 3775 et
690 3740 723 3776 es
736 3725 875 3790 palpebris
888 3726 960 3791 pilos
970 3725 1011 3776 el·

210 3794 382 3845 heacissisne.
403 3792 506 3845 Fasces
517 3793 588 3844 imae
601 3795 807 3855 concutiuntur,
818 3804 849 3845 ut
860 3796 941 3846 color
952 3810 1012 3846 cro·

211 3862 350 3917 cisedcat.
387 3860 502 3914 Praeter
513 3861 580 3914 haec
595 3864 747 3915 miunrrrurn
762 3865 957 3930 appellatorio
970 3880 1013 3916 sa·

210 3930 276 3983 linis
286 3933 408 4012 salsugo,
421 3933 457 3983 ab
468 3931 533 4012 aliis
544 3932 688 4000 salsilago,
705 3940 768 3985 tuta
777 3934 892 3999 liquida,
904 3935 1013 3986 mesina

209 4001 450 4121 aqqq'squsrqssubr
464 4000 614 4119 illimem
631 4069 749 4136 liquoris
765 4072 898 4136 exquisiti
915 4086 1012 4137 genus,

210 4137 385 4206 quodgaron
397 4151 542 4198 eocarere,
562 4138 702 4189 intestinis
712 4141 839 4205 pisciunr,
857 4142 1012 4205 ceterisque

210 4222 281 4276 quac
292 4206 451 4257 abiicienda
463 4213 564 4263 essesut.
576 4206 636 4257 sale
649 4208 804 4265 nauceratis,
813 4213 845 4256 ut
856 4209 893 4257 sit
904 4207 954 4259 illa
966 4224 1012 4274 pu-

209 4277 393 4330 trescentium
411 4277 511 4325 series.
546 4274 610 4326 llcc
631 4275 696 4325 olim
707 4275 910 4326 eonlleicbatnr
927 4292 960 4327 ea
974 4278 1012 4341 pi·

210 4362 267 4405 sce,
289 4359 370 4411 quem
382 4343 482 4395 Gracci
494 4357 581 4408 garon
596 4344 744 4396 rorabant:
765 4345 858 4411 capite
868 4345 929 4396 eius
939 4352 1012 4408 usto,

210 4413 305 4467 suffitu
317 4411 427 4465 esmahi
438 4411 574 4463 secundas
586 4420 781 4464 nronstrantes.
811 4414 889 4465 Nunc
901 4429 1013 4466 ercom-

210 4486 262 4537 bro
282 4482 357 4551 pisce
377 4479 600 4533 laudatissimum
617 4481 833 4548 incarthagiais
852 4484 1012 4550 spartariae

210 4553 340 4605 cetariis:
360 4550 504 4602 Sociorum
516 4549 544 4600 iri
561 4551 738 4617 appellatur,
760 4553 878 4620 singuiis
890 4554 1013 4605 millibus

211 4625 351 4675 namnetim
373 4621 592 4686 permutantibus
613 4624 729 4689 congios
750 4621 809 4673 fere
828 4624 919 4674 binos.
954 4623 1013 4676 Nec

210 4692 305 4759 liquor
317 4690 390 4740 ullos
401 4699 605 4756 paenepraeter
614 4697 756 4759 unguenta
768 4692 873 4744 maiore
884 4694 911 4744 in
923 4694 1013 4759 pretio

211 4776 273 4814 csse
290 4759 391 4826 coepit,
409 4758 568 4810 nobilitatis
583 4763 668 4812 etiam
688 4762 828 4829 gentibus.
865 4761 1014 4815 Scombros

211 4830 340 4896 quidese,
362 4837 392 4882 et
415 4830 607 4891 Mauretania,
627 4831 816 4897 Baeticaeque
836 4831 958 4894 Carteia,
979 4844 1012 4880 eu

211 4901 323 4952 Oceano
335 4902 472 4951 intrantes
482 4900 604 4965 capiunt,
615 4901 650 4951 ad
661 4898 731 4952 nihil
742 4900 820 4952 aliud
832 4900 922 4952 utiles.
940 4898 1011 4949 bau·

212 4968 313 5021 dantur
322 4976 351 5019 et
363 4970 546 5021 Clazomenae
555 4983 634 5036 garo,
646 4969 837 5038 Pompeilque,
854 4974 884 5019 et
895 4966 993 5035 Leptis
1006 4984 1013 5019 :

211 5037 284 5089 sicut
305 5042 395 5089 muria
413 5037 550 5105 Antipolis
569 5037 720 5103 ae‘lhurii,
741 5040 795 5092 hta
816 5051 883 5089 reso
894 5043 924 5090 et
943 5038 1010 5091 Dal·

212 5108 308 5158 matis.

245 5174 347 5228 XLlV.
365 5175 470 5227 Vitium
483 5172 565 5227 huius
577 5182 620 5229 est
632 5158 705 5238 stis,
723 5173 950 5243 imperfecteque
968 5191 1013 5228 eo·

211 5244 358 5297 letaiaex.
394 5245 495 5310 Coepit
511 5251 606 5296 tamen
626 5247 795 5312 etpriratirn
817 5261 852 5298 ex
863 5246 957 5296 inutili
975 5247 1013 5313 pi·

212 5313 329 5372 sciculo,
349 5311 516 5379 nsisimuque
527 5314 636 5366 conilcl.
672 5318 779 5381 Apuani
791 5318 889 5376 nostri,
903 5313 1013 5382 aphyen

211 5381 315 5434 Graeci
327 5386 434 5441 vocant,
456 5381 585 5446 quosiass
598 5383 623 5433 is
633 5385 784 5451 pisciculus
796 5400 812 5437 e
822 5385 915 5451 pluria
926 5384 1014 5436 nasei·

304 5447 513 5500 l'oroiulierises
535 5451 638 5517 pisceus
657 5469 694 5506 er
710 5470 764 5522 qno
785 5455 899 5515 iaciunt,
919 5455 1014 5521 lupone

317 5523 364 5569 nt.
401 5518 530 5570 Transiit
541 5519 837 5595 deiadffluriam,
853 5531 1012 5577 creuerunt·

345 5586 432 5639 troad
450 5588 587 5640 infinitus·
639 5586 652 5596 “

367 5658 462 5713 erse.
480 5657 507 5713 N
511 5672 553 5712 sc

777 5611 824 5649 nm
839 5593 875 5651 sd
892 5595 1013 5650 colorent

1058 463 1264 521 mulsireteris,
1286 462 1412 530 adeoque
1432 464 1739 531 dilutamsuaritatem,
1759 470 1862 524 utbibi

1056 536 1155 603 possit.
1191 533 1274 585 atiud
1290 548 1359 584 rero
1375 534 1601 585 castimoniarum
1614 539 1805 604 superstitioni
1818 547 1861 592 et·

1054 606 1123 667 ianr,
1144 604 1288 669 sacrisque
1301 602 1412 654 ludaeis
1430 602 1564 666 dicatum,
1585 606 1659 671 quod
1670 608 1700 659 iit
1712 623 1727 659 e
1738 609 1861 674 piscihus

1057 689 1172 741 squama
1194 671 1362 725 camertibus.
1399 671 1445 724 Sic
1461 674 1526 725 alex
1544 677 1671 739 pertenit
1687 676 1722 728 ad
1743 684 1862 744 ostreas,

1057 742 1180 803 echinus,
1193 741 1308 803 urticas,
1319 757 1484 803 cammarus,
1496 743 1647 795 oratiorum
1658 746 1790 799 iocinera.
1819 750 1863 800 ln·
1918 782 1926 795 .

1058 812 1237 878 censorisque
1246 813 1396 879 generibus
1414 811 1450 867 ad
1467 828 1596 881 saporem
1613 815 1696 879 gulae
1714 817 1808 883 coepit
1818 817 1862 868 sal

1058 883 1212 935 tabescere.
1249 883 1327 935 ilaec
1342 882 1436 933 obiter
1452 882 1577 937 indicata
1591 884 1649 935 sint
1661 884 1809 937 desideriis
1821 887 1861 935 ri-

1058 959 1117 1004 tae:
1149 958 1176 1003 et
1195 952 1257 1018 ipsa
1276 957 1370 1004 tamen
1393 952 1556 1003 nonnullius
1577 968 1642 1004 usus
1663 954 1693 1005 in
1715 953 1860 1005 resedendo.

1058 1022 1183 1087 h'amque
1194 1029 1223 1073 et
1234 1021 1312 1074 aiece
1322 1022 1431 1087 scabies
1442 1025 1550 1088 pecoris
1562 1031 1685 1085 sanatur,
1708 1021 1800 1073 inlusa
1811 1037 1862 1089 per

1059 1100 1150 1143 cutem
1162 1091 1276 1142 incisam
1287 1107 1293 1140 :
1313 1098 1341 1145 ct
1352 1101 1451 1156 contra
1462 1092 1539 1145 canis
1557 1106 1664 1143 atomus
1675 1092 1861 1158 draconisque

1059 1161 1160 1212 nrarini
1177 1159 1298 1227 prodest.
1335 1161 1365 1211 ln
1378 1160 1504 1213 linteolis
1521 1168 1617 1213 autem
1634 1161 1791 1227 concerptis
1810 1165 1861 1213 ior·

1060 1231 1179 1297 ponitur.
1209 1230 1245 1281 lit
1256 1244 1325 1299 garo
1335 1231 1463 1283 ambusta
1474 1234 1599 1283 recentia
1608 1237 1754 1293 sanantur,
1764 1232 1788 1282 si
1801 1232 1863 1296 quis

1059 1298 1197 1360 infundat,
1225 1313 1258 1351 ae
1277 1315 1332 1350 noa
1354 1299 1476 1351 nonrinet
1494 1315 1602 1368 garum.
1640 1302 1744 1352 Contra
1765 1315 1865 1353 canum

1060 1384 1169 1436 quoque
1188 1383 1309 1420 retorsum
1330 1369 1452 1435 prodest,
1474 1372 1650 1439 nrasimcque
1668 1370 1815 1433 crocodili,
1835 1373 1865 1421 ct
1956 1420 1964 1433 ,

1061 1437 1219 1490 hulceribus
1230 1453 1302 1506 quae
1313 1448 1440 1505 serpunt,
1451 1447 1499 1491 aut
1510 1440 1642 1492 sordidis.
1679 1442 1743 1493 Oris
1754 1454 1864 1508 quoque

1060 1515 1089 1560 et
1100 1508 1209 1559 aurium
1222 1508 1379 1561 hulceribus
1390 1516 1438 1559 aut
1450 1508 1596 1563 doloribus
1608 1510 1726 1563 sririlice
1739 1509 1863 1577 prodeat.

1059 1579 1154 1633 Maria
1165 1594 1283 1647 quoque,
1293 1581 1350 1629 sire
1362 1578 1413 1629 illa
1422 1579 1546 1646 salsugo,
1555 1584 1669 1646 spissat,
1683 1579 1804 1641 nrurdet,
1816 1593 1864 1631 ca·

1061 1656 1167 1711 tenuat,
1177 1649 1274 1700 siccat.
1309 1647 1503 1714 Dysentericis
1515 1650 1593 1702 utilis
1603 1660 1659 1713 est,
1679 1653 1767 1702 etiam
1778 1650 1802 1700 si
1813 1664 1862 1699 no·

1061 1734 1104 1770 me
1116 1718 1251 1769 intestina
1261 1718 1385 1782 corripit.
1422 1716 1597 1781 ischiadicis,
1621 1720 1752 1773 coeliacis
1762 1715 1865 1770 reteri·

1062 1788 1121 1848 bus,
1132 1786 1298 1839 infunditur.
1336 1787 1409 1837 l'otu
1426 1803 1537 1859 quoque
1553 1789 1627 1855 apud
1644 1788 1865 1841 mediterraneos

1061 1871 1150 1923 aquae
1162 1859 1287 1909 marinae
1296 1856 1385 1907 ricem
1397 1866 1505 1923 pensat.

1096 1925 1182 1978 Xl.V.
1201 1924 1274 1976 Salis
1294 1931 1394 1977 natura
1415 1934 1457 1977 est
1478 1941 1527 1993 per
1547 1941 1578 1977 se
1598 1926 1734 1994 ignenet
1752 1924 1866 1976 inimica

1061 1994 1179 2060 ignibus,
1200 1993 1309 2060 fugiens
1326 2010 1385 2056 cos,
1406 1996 1500 2046 cornia
1515 1993 1649 2048 eredens:
1670 2005 1865 2061 corporareru

1061 2063 1246 2130 adstringens,
1266 2063 1383 2125 siccans,
1396 2064 1530 2131 alligans:
1551 2063 1682 2115 defuncta
1693 2066 1779 2114 etiasr
1790 2077 1808 2112 a
1818 2074 1867 2126 pu·

1062 2131 1210 2185 trescendo
1226 2131 1381 2193 vindicans,
1402 2141 1434 2185 ut
1449 2136 1550 2187 dorent
1567 2134 1610 2184 ita
1626 2148 1675 2196 per
1692 2130 1799 2182 secula.
1836 2129 1867 2180 ln

1063 2201 1277 2254 medendorero
1293 2202 1433 2261 mordens,
1455 2204 1584 2263 adurens,
1605 2214 1769 2267 repurgans,
1790 2203 1867 2248 exte·

1063 2281 1158 2326 nuans,
1171 2264 1336 2317 dissolvens.
1374 2266 1525 2320 Stomacho
1539 2276 1646 2319 tautum
1659 2268 1778 2328 inutilis,
1790 2280 1868 2332 prae·

1062 2342 1188 2399 terquam
1199 2332 1234 2384 ad
1245 2335 1422 2389 excitandam
1445 2338 1621 2389 ariditatem.
1656 2336 1801 2389 Aduersus
1811 2349 1867 2387 ses·

1064 2405 1187 2469 pentium
1199 2416 1307 2453 morsus
1318 2418 1379 2454 cunr
1391 2406 1518 2471 origano,
1530 2405 1623 2463 melle,
1634 2403 1767 2471 hyssopo.
1797 2404 1868 2455 Con·

1064 2479 1109 2523 tra
1118 2476 1245 2522 cerasten
1256 2485 1318 2522 cuns
1330 2471 1459 2538 origano,
1481 2481 1530 2525 aut
1543 2473 1644 2533 cedria,
1666 2480 1714 2523 aut
1726 2473 1796 2539 pice,
1818 2476 1869 2523 aut

1063 2539 1157 2593 melle.
1194 2538 1354 2591 Auxiliatur
1365 2548 1463 2592 eontra
1474 2542 1673 2609 scolopendras
1683 2556 1717 2592 ex
1727 2546 1810 2592 aceto
1820 2552 1869 2607 pa·

1064 2618 1123 2663 tus:
1142 2608 1276 2660 adsersus
1295 2608 1473 2675 scorpionum
1495 2611 1654 2671 ictus„cunr
1670 2617 1772 2677 quarta
1786 2616 1869 2678 parte

1063 2681 1116 2732 lini
1127 2678 1254 2743 marinis,
1266 2692 1300 2730 ex
1311 2677 1375 2729 oleo
1386 2679 1429 2731 rel
1441 2687 1523 2732 aceto
1534 2680 1637 2731 illitus:
1656 2680 1790 2732 adsersus
1805 2691 1868 2735 crs·

1064 2754 1164 2804 brunes
1188 2763 1253 2802 uero
1273 2750 1318 2802 rel
1331 2763 1438 2815 respue,
1462 2749 1630 2816 similiaque,
1642 2764 1676 2801 es
1698 2758 1789 2803 aceto.
1807 2750 1869 2809 ¹Ad

1064 2820 1288 2881 heterocrsneus,
1301 2819 1456 2885 capitisque
1467 2817 1589 2879 hulcera,
1609 2826 1637 2871 et
1649 2820 1770 2885 pusulas,
1783 2835 1869 2887 papu-

1065 2892 1148 2952 lasve,
1168 2895 1197 2941 st
1218 2888 1382 2955 incipientes
1403 2903 1621 2952 carracenses:
1642 2904 1708 2941 sero
1728 2889 1867 2941 vitulino:

1063 2962 1131 3012 item
1144 2958 1286 3010 oculorum
1300 2956 1443 3019 reurediis,
1464 2964 1492 3010 et
1504 2958 1539 3010 ad
1550 2965 1744 3010 excrescentes
1755 2958 1795 3010 ibi
1806 2973 1868 3011 eas·

1064 3047 1122 3091 nes,
1132 3029 1276 3095 totiusque
1286 3028 1412 3094 corporis
1423 3028 1569 3095 pterygia:
1587 3028 1673 3079 sedin
1686 3028 1773 3079 oculis
1786 3042 1868 3095 pecu·

1065 3100 1188 3152 liariter:
1208 3099 1243 3149 ob
1255 3096 1282 3147 id
1294 3097 1420 3164 collyriis
1436 3099 1647 3165 emplastrisque
1665 3097 1787 3149 additur.
1823 3094 1868 3149 sd

1065 3169 1134 3221 haec
1145 3168 1264 3218 nrasinre
1276 3167 1411 3233 probatur
1421 3169 1567 3232 Tattaeus,
1584 3177 1633 3219 aut
1645 3168 1786 3219 Caunites.
1822 3166 1868 3220 lix

1064 3240 1120 3291 ictu
1133 3252 1200 3289 rero
1222 3236 1334 3287 suffusis
1352 3252 1450 3288 cruore
1470 3239 1558 3289 oculis
1579 3238 1783 3304 sugillatisque,
1804 3250 1869 3287 tunt

1064 3306 1178 3374 nsyrrhe
1190 3306 1251 3371 pari
1264 3305 1385 3373 pondere
1397 3321 1430 3357 ac
1441 3308 1533 3369 melle,
1555 3315 1604 3358 aut
1614 3323 1674 3356 cunr
1695 3305 1819 3374 hyssopo
1830 3317 1868 3356 ex

1064 3392 1137 3443 aqua
1157 3375 1255 3436 calida,
1277 3383 1360 3441 utque
1381 3375 1528 3428 foveantur
1547 3376 1697 3442 salsugine.
1734 3375 1774 3426 ild
1797 3372 1867 3426 haec

1064 3446 1260 3512 Hispaniensis
1276 3445 1400 3513 eligitur,
1421 3454 1574 3514 contraque
1587 3447 1755 3497 subteriores
1773 3442 1867 3495 oculo·

1064 3530 1124 3567 runs
1137 3530 1199 3565 cum
1210 3514 1284 3566 lacte
1296 3515 1324 3565 in
1340 3517 1468 3567 coticulis
1486 3516 1597 3567 teritur.
1635 3514 1767 3566 l’riratlna
1777 3510 1866 3580 sugil-

1066 3584 1219 3637 lationibus
1232 3584 1259 3634 ln
1272 3583 1392 3637 linteolo
1408 3585 1563 3648 involutus,
1585 3584 1738 3651 crebroque
1748 3598 1783 3634 ex
1795 3593 1867 3647 aqua

1065 3655 1185 3708 terrenti
1197 3655 1354 3719 impositus.
1400 3654 1569 3706 lluleeribos
1580 3655 1638 3704 oris
1651 3652 1827 3704 manantibus
1837 3650 1868 3699 in

1065 3725 1183 3776 linteolo
1195 3730 1353 3788 concerpta.
1390 3723 1571 3790 Gingiuarum
1587 3723 1689 3774 tumori
1706 3720 1866 3774 infricatus.

1064 3797 1101 3845 lut
1116 3788 1393 3847 contra'senbriticm
1416 3793 1527 3860 linguae
1542 3794 1650 3845 fractos
1667 3791 1867 3844 cacuminatus·

1065 3879 1124 3932 que.
1160 3863 1244 3915 Aiunt
1255 3861 1353 3913 dentes
1364 3878 1418 3913 sion
1430 3863 1517 3924 erodi,
1526 3879 1577 3914 nec
1588 3871 1754 3929 putrescere,
1764 3857 1790 3908 ei
1802 3854 1867 3923 quis

1065 3933 1192 4001 quotidie
1210 3946 1288 3983 nranc
1304 3932 1415 3984 ieiunus
1430 3932 1515 3984 salem
1534 3935 1675 3982 contineat
1692 3927 1743 3976 sub
1761 3928 1867 3994 lingua,

1065 4005 1155 4055 donee
1175 4003 1320 4069 liquescat.
1358 4002 1466 4066 lepras
1489 4001 1572 4060 idem,
1594 4006 1622 4048 et
1644 3995 1814 4055 herunculos,
1836 3998 1867 4044 et

1065 4072 1196 4130 lichenas,
1217 4078 1246 4121 et
1256 4086 1351 4138 psoras
1370 4070 1500 4121 emendat
1519 4082 1580 4119 cunr
1601 4078 1753 4131 pensauro,
1773 4075 1866 4113 exenn-

1065 4148 1095 4190 to
1108 4140 1169 4190 eius
1179 4140 1266 4205 ligno,
1287 4147 1315 4190 et
1324 4155 1391 4191 sevo
1400 4138 1511 4196 bubulo,
1533 4142 1617 4199 atque
1630 4134 1755 4198 origano,
1766 4144 1800 4180 uc
1811 4128 1867 4181 ler-

1066 4215 1189 4269 mento„
1201 4208 1241 4257 rel
1264 4222 1344 4272 pane,
1363 4207 1483 4257 maxime
1502 4202 1669 4253 thebaicus.
1705 4199 1760 4250 llic
1782 4196 1866 4250 etad

1066 4277 1190 4343 pruritus
1201 4275 1325 4341 eligitur.
1361 4271 1496 4326 'i'onsiitis
1514 4279 1540 4322 et
1560 4272 1619 4320 uris
1630 4283 1691 4319 cum
1704 4266 1786 4318 melle
1799 4280 1865 4334 pru·

1066 4346 1136 4397 dest.
1173 4345 1339 4411 Quicunque
1357 4344 1393 4395 ad
1422 4343 1548 4405 anginas:
1580 4337 1633 4389 hoc
1653 4336 1782 4402 amplius,
1802 4349 1866 4387 coar

1065 4417 1131 4467 oleo
1141 4423 1170 4467 et
1187 4424 1267 4467 aceto
1285 4412 1383 4465 eodem
1399 4417 1524 4474 tempore
1541 4424 1622 4459 extra
1638 4406 1765 4457 faucibus
1776 4404 1866 4457 illitus

1066 4502 1127 4537 cunr
1140 4488 1200 4551 pice
1220 4483 1335 4550 liquida.
1371 4479 1488 4529 Entellit
1501 4487 1529 4530 et
1541 4479 1631 4529 altum
1645 4476 1673 4527 in
1684 4475 1750 4525 rino
1761 4474 1866 4527 mixtus

1066 4556 1190 4607 innoxie:
1212 4561 1239 4605 et
1257 4551 1411 4600 taeniarum
1428 4563 1532 4616 genera
1550 4549 1629 4614 pellit
1647 4547 1674 4597 in
1690 4546 1755 4595 rino
1772 4549 1866 4610 potus.

1067 4626 1166 4677 Aestus
1183 4619 1356 4671 balinearum
1374 4618 1599 4669 convalescentes
1615 4625 1646 4667 ut
1662 4615 1783 4666 tolerare
1800 4627 1865 4680 pos·

1065 4695 1130 4753 sint,
1142 4694 1254 4758 linguae
1264 4690 1391 4743 sirbditus
1404 4693 1537 4754 praestat.
1566 4688 1718 4739 herrorum
1731 4683 1868 4744 dolorem,

1065 4763 1183 4812 nissinse
1194 4760 1267 4810 cirea
1278 4758 1408 4809 hunreros
1426 4764 1454 4809 et
1470 4772 1559 4818 renes,
1584 4757 1612 4806 in
1622 4755 1712 4806 saccis
1730 4769 1803 4821 aqua
1813 4750 1868 4802 ier·

1064 4833 1139 4882 renti
1151 4830 1248 4881 crebro
1262 4826 1436 4880 madefactus
1449 4827 1532 4879 leem.
1580 4825 1677 4876 Colum
1689 4824 1867 4888 torminaque

1065 4905 1095 4951 et
1105 4913 1238 4951 coxarum
1250 4897 1362 4949 dolores
1376 4904 1473 4963 potus,
1494 4905 1522 4947 et
1532 4897 1561 4947 in
1572 4894 1670 4946 iisdem
1680 4895 1770 4945 saccis
1780 4893 1866 4956 impo-

1065 4969 1137 5020 situs
1154 4969 1283 5019 candens.
1320 4965 1464 5033 l'udagras
1484 4980 1545 5016 cum
1564 4965 1657 5015 terina
1676 4977 1711 5014 ex
1733 4960 1815 5013 melle
1836 4962 1888 5009 et'

1067 5037 1132 5090 oleo
1152 5038 1254 5098 tritus,
1282 5035 1321 5086 ibi
1342 5037 1462 5087 nrasinre
1483 5035 1641 5101 usurpanda
1659 5028 1866 5090 obseruatione,

1067 5122 1140 5174 quae
1151 5106 1221 5158 totis
1236 5105 1397 5172 corporibus
1414 5103 1482 5154 nihil
1501 5120 1562 5157 esse
1579 5104 1675 5154 utilius
1691 5102 1749 5152 sale
1760 5093 1867 5150 etssale

1064 5176 1147 5228 elisit.
1182 5177 1280 5242 ltaque
1297 5173 1538 5227 cornea'videmus
1555 5187 1673 5239 corpere
1684 5170 1865 5235 piscatorum.

1064 5245 1120 5298 Sed
1131 5245 1185 5296 hoc
1195 5245 1374 5312 praecipuum
1396 5244 1505 5296 dicatur
1514 5246 1542 5295 in
1555 5240 1696 5312 podagris.
1732 5233 1824 5287 Trrllit
1835 5238 1867 5285 et

1065 5315 1161 5367 elavos
1176 5313 1296 5382 pedum:
1316 5318 1381 5366 item
1402 5316 1558 5381 perniones.
1594 5308 1735 5363 turbasti·
1750 5318 1785 5356 cx
1800 5301 1866 5353 ⁰10⁰

1065 5387 1227 5451 imponitur,
1248 5390 1296 5436 aut
1314 5384 1571 5443 commanducatus,
1592 5377 1759 5445 pusulasque
1779 5373 1866 5439 repri-

1064 5454 1124 5506 mit.
1159 5454 1274 5527 ignibus
1286 5469 1353 5508 rero
1371 5454 1469 5515 sacris,
1490 5447 1702 5509 hulceribusquo
1717 5456 1789 5508 quae
1809 5454 1867 5493 ser·

1064 5525 1490 5593 pune,exseseqsntnyssnpo.
1528 5512 1731 5568 carcinomatis
1740 5526 1802 5564 eus:
1813 5525 1868 5562 ssa

1063 5594 1191 5649 mnium
1227 5593 1418 5664 Pbugedaenis
1429 5591 1585 5648 holceruas,
1606 5587 1712 5635 tostum
1722 5597 1785 5637 cuns
1796 5580 1871 5645 tart,

1397 5660 1433 5713 ao
1662 5720 1693 5760 ⁶
