4368 6008
372 315 436 376 280
480 306 696 375 clamati
732 300 940 368 SECUNDI
977 300 1146 365 NMTUR.
1186 302 1373 366 Hieron.
1412 303 1495 365 ite.
1533 302 1677 367 xxiii.
1710 305 1802 370 CAP.
1829 306 1950 370 2⁰44.

376 463 438 517 ulio
451 456 812 530 parsdlfficiltortrsctatu,
832 452 1082 507 autnatnerosior:
1101 448 1181 525 quip-

385 550 411 587 se
425 546 487 585 eum
505 530 543 581 sit
561 526 670 579 tardum
680 526 764 587 dictu,
783 526 908 592 pluribus
915 526 1006 592 prosit
1017 541 1056 577 an
1069 534 1179 578 noceat.

376 550 528 658 haereres
542 610 623 664 qnam
635 594 747 661 ancipiti
768 602 867 648 euentu
881 600 948 662 potu
959 597 1055 648 statim
1080 595 1181 648 ausili-

377 689 425 727 um
437 674 476 735 iit,
497 675 546 722 aut
556 664 706 718 venenuml
725 665 837 716 Etenim
848 664 994 718 denatura
1006 666 1041 717 ad
1054 664 1181 717 remedia

377 749 485 795 tantum
498 739 657 806 pertinente
668 747 741 786 nuuc
753 733 900 801 loquimur.
938 734 1028 785 Unum
1039 733 1074 785 de
1086 734 1179 785 dando

378 827 412 866 eo
424 810 551 863 uolumen
564 803 742 871 Asclepiades
753 803 889 868 condidit,
909 805 944 856 nb
954 818 988 857 eo
1000 804 1180 872 cognomina·

378 891 451 933 tum:
472 880 518 945 qui
538 888 607 928 vero
629 880 729 941 postea
748 872 783 925 de
799 874 1002 926 volumincillo
1014 873 1179 935 disseruere,

378 955 530 1002 innumera.
566 943 625 998 Nos
645 943 700 993 ista
717 943 841 994 Romana
857 943 1003 1011 gravitate,
1023 942 1179 1009 nniumquc

378 1017 536 1071 liberalium
552 1013 723 1081 appetentia,
735 1026 789 1064 non
800 1018 833 1063 ut
847 1012 958 1076 medici,
969 1011 1019 1065 sed
1028 1018 1061 1063 ut
1072 1011 1179 1064 iudices
1200 1072 1201 1075 Ἴ

292 1094 298 1101 ’
377 1087 477 1140 salutis
489 1084 633 1144 humanae,
644 1080 796 1149 diligenter
807 1081 1019 1149 distinguemus.
1044 1080 1088 1132 De
1099 1094 1180 1148 gene

377 1159 455 1210 ribus
466 1154 582 1223 singuiis
604 1151 742 1204 disserere
757 1152 919 1203 immensum
933 1158 963 1204 et
982 1150 1179 1219 inexplicabile

380 1234 433 1290 est,
445 1222 621 1277 discordibus
632 1220 803 1273 medicorum
815 1221 972 1274 sententiis.

412 1296 474 1348 XX.
494 1292 686 1352 Surrentinum
699 1297 808 1343 veteres
820 1292 943 1343 maxime
954 1289 1123 1358 probareres
1138 1304 1180 1342 se·

378 1380 466 1437 quens
488 1371 565 1416 aetas
585 1363 723 1413 Albanum
744 1366 792 1412 aut
806 1359 965 1413 Falernum.
1001 1359 1111 1419 Deinde
1124 1359 1181 1411 alia

378 1436 428 1489 alii
440 1432 614 1501 iniquissimo
627 1444 729 1497 genere
746 1429 862 1492 decreti,
883 1430 956 1498 quud
967 1433 1067 1497 cuique
1079 1431 1180 1497 gratis·

378 1506 488 1566 simum,
500 1501 600 1553 ceteris
611 1500 738 1553 omnibus
748 1499 962 1568 pronuntiando.
981 1501 1064 1564 Quin,
1077 1506 1108 1551 ut
1118 1514 1180 1550 con·

379 1570 663 1632 starentsententiae,
686 1576 771 1639 quota
792 1569 884 1635 portin
906 1577 998 1621 tamen
1020 1569 1179 1621 mortalium

379 1642 423 1694 his
435 1641 584 1711 generibus
595 1645 691 1709 posset
700 1638 758 1690 utli
777 1640 835 1691 iarn
848 1650 914 1691 reru
926 1654 977 1692 nec
987 1653 1116 1706 proceres
1130 1653 1179 1690 un·

378 1727 460 1781 quam
472 1710 596 1763 sinceris.
632 1708 674 1760 Eo
685 1724 786 1762 venere
798 1721 899 1771 mores,
919 1715 953 1760 ut
970 1709 1085 1761 nomina
1096 1709 1180 1758 niodo

379 1782 511 1836 cellarum
533 1785 658 1841 veneant,
680 1779 831 1849 statimque
852 1778 1009 1833 inlacubus
1024 1777 1181 1830 vindemiae

379 1851 580 1905 adulterantur.
599 1848 673 1917 Ergo
684 1846 787 1913 hercle,
799 1853 897 1903 mirum
910 1848 994 1913 dictu,
1005 1848 1181 1901 innocentius

379 1920 434 1974 iam
448 1924 491 1972 est
503 1917 683 1988 quodcunque
705 1926 732 1971 et
747 1920 909 1988 ignobilius.
947 1920 1026 1971 Haec
1036 1926 1126 1970 tamen
1138 1916 1179 1969 ia·

379 2006 442 2044 ecre
454 1988 1096 2056 constantissimevidenturnietoriam,quorum
1106 2003 1180 2041 nten-

378 2060 484 2113 tioncm
497 2056 621 2111 fecimus.
659 2058 688 2110 si
702 2058 763 2127 quis
775 2057 828 2110 hoc
840 2073 948 2126 qunque
960 2056 1107 2111 discrimen
1121 2057 1180 2111 exi·

378 2132 428 2198 git,
440 2126 587 2180 Falernum
598 2142 649 2179 nec
659 2126 687 2177 in
700 2126 835 2191 novitate,
848 2130 935 2179 necin
947 2126 1032 2179 ninria
1041 2134 1181 2180 vetustate

379 2198 491 2267 corpori
503 2194 613 2249 salubre
626 2204 677 2248 est.
705 2194 803 2248 Media
816 2197 875 2247 eius
887 2203 965 2248 aetus
976 2212 993 2248 a
1006 2196 1178 2266 quintodeci-

379 2284 425 2321 mo
437 2283 509 2320 nnno
521 2265 627 2333 incipit.
648 2266 711 2316 Hoc
722 2280 775 2316 non
790 2265 880 2333 rigido
893 2274 959 2332 potu
972 2265 1117 2318 stauracho
1128 2267 1180 2318 utl-

377 2340 414 2401 le,
435 2352 489 2389 non
504 2336 572 2388 item
585 2337 612 2393 in
623 2334 725 2387 calido.
762 2334 798 2386 a:
810 2338 838 2386 in
849 2334 960 2388 diutina
971 2337 1040 2387 tussi
1051 2336 1181 2388 sorbetur

381 2420 487 2460 merum
508 2405 643 2457 utilitera
654 2404 768 2456 ieiunis:
790 2408 857 2456 item
868 2404 897 2456 in
911 2406 1060 2487 quartanis.
1095 2406 1180 2458 Nullo

378 2492 467 2545 aeque
484 2489 570 2528 venae
593 2474 758 2525 excitantur.
793 2474 890 2526 Aluum
903 2475 989 2539 sistit,
1011 2476 1179 2543 corpusalit.

378 2545 521 2599 Creditum
534 2549 577 2596 est
588 2545 785 2595 obscuritatem
795 2546 870 2595 maus
881 2542 987 2597 iacere:
1005 2560 1056 2597 nec
1066 2544 1179 2614 prodes·

379 2633 409 2669 se
419 2616 520 2676 nervis,
531 2621 580 2664 aut
592 2612 708 2664 vesicae.
745 2612 853 2666 arnam
864 2613 955 2666 nervis
965 2615 1090 2667 utiliora
1118 2614 1181 2667 Sto·

379 2680 478 2737 uracho
490 2684 591 2744 minus,
602 2697 673 2749 quae
684 2689 748 2733 suat
760 2682 865 2735 dulcia:
882 2690 994 2737 austera
1005 2683 1050 2736 vel
1060 2683 1180 2737 Falerno

380 2754 503 2807 utiliora.
524 2750 738 2804 concoctionem
750 2751 995 2805 minusadiurant:
1008 2751 1180 2806 stomachum
1201 2754 1202 2757 ’

379 2824 485 2876 modice
498 2820 625 2889 implent.
655 2821 690 2873 nt
701 2820 865 2874 Surrentina
876 2821 954 2874 nullo
965 2821 1058 2887 niodo,
1075 2838 1127 2876 nee
1138 2838 1181 2875 ca·

379 2902 428 2963 put
439 2900 561 2944 tentant:
572 2889 711 2942 stomachi
722 2897 750 2942 et
762 2893 956 2944 intestinorum
967 2890 1179 2944 rheumatismos

379 2961 519 3015 cohibent.
557 2960 684 3012 Caecuba
696 2961 750 3010 iam
763 2975 817 3012 non
829 2964 989 3029 gignuntur.

413 3030 487 3081 xxi.
506 3029 542 3080 at
553 3045 622 3096 quae
632 3026 977 3094 supersuntSetina,cibos
990 3027 1124 3096 concoqui
1135 3040 1180 3079 eo-

377 3108 455 3167 gunt.
485 3097 595 3150 virium
607 3097 671 3165 plus
683 3097 856 3160 Surrentina,
876 3098 1051 3152 austeritatis
1061 3098 1178 3160 Albana,

378 3166 571 3220 vehementiae
584 3171 673 3218 minus
685 3165 804 3219 Falerna
816 3165 927 3220 habent.
956 3169 996 3220 ab
1009 3166 1051 3219 his
1063 3167 1180 3219 Statana

378 3251 434 3289 non
453 3235 539 3304 longo
557 3234 707 3288 intervallo
727 3234 878 3289 abluerint.
915 3235 986 3289 Alco
1003 3234 1178 3307 citaeSigni·

378 3320 442 3360 num
455 3305 573 3358 maxime
586 3303 740 3358 conducere
751 3306 938 3358 indubitatum
950 3312 1001 3359 est.

414 3375 500 3429 xxii.
521 3376 640 3443 Reliqua
651 3376 679 3427 in
691 3390 838 3428 commune
850 3375 986 3430 dicentur.
1016 3375 1089 3430 Vino
1102 3375 1179 3428 aluu-

378 3456 425 3501 tur
436 3446 518 3507 rires,
528 3446 651 3513 sanguis,
660 3444 793 3513 colosque
804 3444 955 3500 hominum.
992 3446 1056 3498 Hoc
1069 3459 1179 3513 qunque

379 3516 465 3568 distat
483 3513 559 3566 orbis
579 3514 687 3566 medius
708 3519 736 3567 et
750 3515 846 3567 mitior
857 3517 940 3586 plaga
952 3531 969 3568 a
980 3517 1178 3568 circumiectis:

378 3592 511 3654 quantum
523 3580 580 3632 illis
593 3583 690 3634 ieritas
702 3581 772 3635 iacit
782 3586 902 3648 roboris,
924 3592 1031 3639 tantum
1044 3585 1124 3637 nobis
1135 3583 1180 3637 hie

378 3668 484 3705 succus.
501 3651 598 3702 Laetis
610 3659 692 3719 potus
704 3667 769 3704 ossa
778 3653 839 3715 alit,
847 3654 890 3705 ihu
912 3671 957 3706 usn
969 3669 1081 3718 nerrns,
1092 3668 1178 3720 aquae

378 3734 485 3775 carnes.
521 3717 589 3771 ideo
609 3722 699 3772 minus
720 3721 830 3773 ruboris
841 3671 922 3774 estdn
937 3723 1101 3790 corporibus
1112 3724 1179 3785 illis,

378 3800 407 3843 et
417 3789 508 3841 urinas
518 3785 638 3850 roboris,
654 3796 807 3856 contraque
819 3789 931 3843 labores
942 3793 1104 3858 patientiae.
1132 3790 1178 3842 Vl·

378 3873 415 3910 no
427 3855 536 3908 modico
545 3854 622 3908 nervi
634 3856 777 3921 iurantur,
789 3857 947 3924 copiosiore
959 3860 1124 3911 laeduntur:
1138 3860 1178 3913 sic

377 3937 407 3981 et
418 3925 502 3978 oculi.
532 3924 700 3977 Stomachus
712 3931 868 3978 recreatur:
881 3928 1042 3995 appetentia
1053 3928 1177 3981 ciborum

376 3997 526 4049 inritatur:
540 3994 659 4046 tristitia
670 4001 699 4047 et
710 4009 778 4047 cura
789 3994 951 4049 hebetatur:
972 3998 1051 4049 urina
1062 3999 1179 4065 atalgor

377 4066 541 4136 expellitur:
559 4064 857 4117 somnusconciiiatur.
887 4065 1038 4120 Praeterea
1049 4068 1178 4120 vomitio-

376 4153 426 4190 nes
435 4136 525 4189 sistlt:
538 4133 721 4187 collectiones
731 4140 813 4187 extra
823 4133 895 4187 lanis
907 4135 1028 4188 humidis
1039 4138 1177 4205 impositis

376 4206 498 4275 mitigat.
534 4203 712 4271 Asclepiades
731 4203 886 4256 utilitatem
915 4206 973 4257 rlni
993 4208 1111 4274 aequari
1131 4209 1178 4260 vis

335 4314 344 4335 ,
376 4276 492 4330 deorum
513 4275 641 4342 potentio
669 4274 870 4341 pronuntiarit.
906 4274 1001 4328 Venus
1021 4277 1178 4344 copiosiore

377 4359 450 4412 aqua
462 4346 603 4408 miscetur,
615 4344 757 4413 magisque
768 4342 876 4396 urinam
889 4344 1019 4411 expellit:
1029 4349 1121 4398 minus
1132 4347 1179 4398 siti

376 4413 491 4465 resistit.
528 4416 618 4468 Dulce
627 4414 719 4466 minus
731 4411 863 4474 inebriat,
880 4413 928 4465 sed
940 4411 1085 4466 stomacho
1096 4414 1177 4467 inna-

378 4486 432 4530 tat:
444 4482 704 4535 austerumiacilius
715 4484 908 4551 concoquitur.
927 4482 1112 4536 Levissimum
1125 4492 1178 4552 est,

378 4549 450 4613 quod
463 4549 607 4603 celerrime
617 4553 796 4605 lureteratur.
830 4552 926 4604 Minus
941 4552 1058 4606 iniestat
1069 4568 1178 4619 nervos,

377 4614 452 4683 quod
464 4625 604 4673 vetustate
616 4620 760 4674 dulcescit.
792 4619 941 4674 Stomacho
953 4622 1044 4675 minus
1054 4623 1124 4675 utile
1135 4628 1178 4676 est

377 4685 491 4752 pingue,
513 4686 632 4755 nigrum,
652 4689 701 4743 sed
713 4704 833 4757 corpora
844 4692 933 4759 magis
944 4691 1004 4743 atta
1040 4690 1137 4744 Tenue
1149 4700 1178 4746 et

378 4761 518 4806 austerum
531 4757 623 4808 minus
635 4759 696 4821 alit,
712 4760 800 4827 magis
812 4759 983 4812 stomachum
994 4762 1092 4813 nutrit.
1128 4762 1177 4825 Ce-

377 4820 463 4875 lerius
474 4837 525 4890 per
536 4828 640 4877 urinam
652 4826 764 4890 transit,
771 4835 905 4897 tantoque
916 4831 1004 4899 magis
1014 4832 1109 4899 cupita
1119 4834 1177 4882 ten·

376 4898 434 4944 tat:
448 4888 500 4944 herc
512 4898 540 4943 et
552 4892 578 4943 in
593 4897 667 4947 omni
680 4897 737 4949 alio
749 4912 832 4951 succo
843 4901 928 4951 semel
941 4898 1045 4951 dictum
1058 4901 1105 4952 sit.
1129 4897 1178 4951 Vi·

376 4976 442 5012 num
457 4961 482 5012 si
497 4960 534 5013 sit
554 4959 630 5014 inmo
645 4964 844 5031 inveteratum,
865 4969 1109 5022 insaluberrimum
1123 4974 1175 5023 est.

377 5030 533 5100 Mangones
554 5029 610 5081 ista
629 5031 658 5083 in
678 5035 823 5101 apothecis
838 5041 1042 5107 excogitavere.
1078 5039 1136 5091 lam
1149 5044 1177 5091 et

378 5098 599 5167 patresfamilias
610 5108 732 5154 aetatem
743 5102 809 5155 addi
820 5105 871 5171 his,
889 5123 961 5175 quae
972 5122 1022 5177 per
1032 5123 1062 5160 se
1074 5111 1175 5161 cariem

377 5179 497 5223 traxere.
536 5168 597 5231 Quo
617 5177 693 5223 certe
709 5173 844 5227 vocabulo
864 5178 933 5229 satis
951 5177 1064 5231 consilii
1074 5176 1176 5232 dedere

377 5240 472 5307 prisci:
497 5238 626 5306 quoniam
639 5247 667 5290 et
679 5242 706 5291 in
717 5244 843 5296 materiis
856 5246 957 5299 cariem
970 5248 1063 5300 fumus
1074 5247 1175 5301 erodit:

377 5320 407 5363 at
419 5323 469 5361 nos
481 5323 495 5362 c
506 5307 616 5361 direrso
629 5304 698 5361 iunii
711 5312 896 5367 amaritudine
916 5323 1087 5371 vetustatem
1098 5316 1175 5369 indul

378 5392 539 5446 persuasum
552 5377 692 5432 habemus.
729 5381 808 5443 Quae
823 5391 887 5435 sunt
906 5383 1055 5439 admodum
1073 5386 1175 5439 exalbi·

378 5448 422 5510 da,
434 5448 502 5503 haec
513 5456 656 5504 vetustate
667 5449 820 5503 insalubria
831 5452 907 5504 liunt.
937 5454 1000 5516 Quo
1011 5458 1176 5525 generosius

376 5517 470 5570 virtum
482 5525 532 5583 est,
543 5518 596 5573 hoc
606 5523 695 5590 magis
708 5526 846 5575 vetustate
858 5523 1015 5586 crassescit,
1027 5532 1055 5576 et
1065 5527 1093 5577 in
1103 5540 1176 5578 nma-

375 5587 525 5640 ritudinem
539 5590 651 5658 corpori
670 5592 784 5646 minime
799 5590 896 5645 utilem
907 5590 971 5640 coit.
1009 5591 1129 5647 condire
1140 5610 1174 5648 eo

1230 454 1309 508 aliud
1325 456 1418 508 minsis
1438 446 1586 517 annosum,
1606 453 1749 509 insalubre
1767 460 1823 508 snt.
1859 456 1917 512 Sua
1934 461 2036 530 usique

1230 526 1294 577 rino
1306 526 1394 577 sotira
1405 524 1647 588 innocentissima,
1666 538 1716 579 sua
1729 524 1832 595 cuique
1842 536 1923 582 astas
1935 534 2036 598 gratis.

1231 596 1310 658 sima,
1323 594 1377 647 hoc
1386 604 1439 658 est,
1452 594 1555 646 media.

1266 665 1365 717 xxiii.
1384 666 1493 732 corpus
1504 676 1608 732 augere
1620 663 1786 726 volentibus,
1806 672 1857 718 aut
1871 668 1986 722 nsollire
1996 668 2036 722 al·

1229 748 1303 796 rum,
1312 733 1442 786 conducit
1452 734 1526 785 inter
1541 734 1617 786 cibos
1627 733 1730 786 bibere.
1766 736 1872 788 contra
1883 740 2025 792 ntlnuenti

1230 802 1292 865 bus,
1303 804 1451 872 alvumque
1465 803 1667 867 whibentibus,
1678 804 1756 856 sitire
1765 803 1792 856 in
1804 805 1921 871 edendo,
1933 815 2035 875 postea

1230 887 1327 940 parurn
1338 871 1443 925 bibere.
1462 872 1564 924 Vinum
1576 873 1685 926 ieiunos
1697 874 1801 935 bibere,
1817 877 1924 929 novitio
1936 877 2034 930 iuren-

1230 951 1270 1004 tn,
1278 942 1487 994 inutilissimum
1499 950 1542 994 est
1552 942 1823 1010 curis,rigoromque
1833 945 1919 997 animi
1928 947 1965 998 sd
1973 960 2036 1013 pro·

1232 1012 1352 1064 cinctum
1373 1011 1563 1064 tendentibus:
1585 1024 1684 1063 mnino
1704 1025 1769 1064 rere
1791 1027 1823 1065 sc
1835 1016 2034 1068 securitatibus

1230 1081 1393 1133 iamdudum
1405 1080 1458 1133 hoe
1473 1081 1534 1143 iuit,
1554 1082 1627 1148 quod
1639 1081 1793 1133 Homerica
1803 1082 1856 1135 illa
1866 1083 1976 1137 Helena
1987 1101 2034 1138 an·

1231 1157 1261 1203 te
1270 1150 1361 1203 cibum
1373 1151 1550 1203 ministrarit.
1568 1149 1617 1202 Sic
1626 1164 1736 1218 quoque
1747 1151 1776 1202 in
1787 1153 1965 1218 proverbium
1976 1170 2035 1208 ces·

1232 1221 1278 1283 sit,
1289 1221 1453 1287 sapientiam
1466 1222 1530 1272 rino
1541 1219 1712 1271 obumbrari.
1747 1220 1824 1273 Vino
1836 1220 1968 1276 debemus
1983 1222 2033 1277 lto·

1231 1289 1329 1352 mines,
1350 1289 1425 1356 quod
1445 1288 1498 1341 soli
1522 1289 1683 1341 animalium
1701 1302 1756 1340 non
1767 1290 1895 1344 sitientes
1905 1293 2032 1345 bibimus.

1231 1361 1327 1429 Aquae
1339 1365 1434 1428 potum
1445 1360 1623 1427 interponere
1631 1359 1827 1411 utilissimum:
1843 1360 1962 1428 itemque
1972 1363 2033 1431 iugi

1232 1428 1421 1552 aeper'bibiere.
1431 1428 1630 1549 ι’ξὲὴιίειιιοιιι
1642 1428 1753 1496 quidem
1764 1428 1885 1498 frigidae
1896 1440 1976 1499 putus
1986 1447 2032 1484 ex·

1264 1514 1288 1549 m
1322 1514 1338 1551 n
1370 1513 1428 1552 rscu
1443 1514 1474 1549 ι.

1299 1568 1388 1622 erucis
1401 1567 1563 1637 potionibus
1573 1582 1623 1636 per
1632 1562 1733 1635 viginti
1744 1563 1804 1620 dies
1821 1574 1886 1621 ante
1898 1569 1978 1622 Canis
1986 1584 2032 1635 or-

1227 1644 1302 1707 tum,
1312 1639 1485 1705 totidemque
1498 1643 1606 1704 postca,
1626 1636 1727 1688 suadet
1737 1632 1881 1689 Hesiodus
1891 1638 1942 1690 uti.
1971 1636 2032 1694 Me·

1231 1724 1293 1761 rum
1305 1709 1416 1776 quidem
1429 1706 1552 1759 remedio
1563 1714 1607 1759 est
1617 1713 1715 1758 contra
1726 1705 2031 1774 cinerescat-tanarum,

1232 1778 1353 1842 aconita,
1372 1777 1485 1839 viscum,
1504 1778 1668 1838 meconium,
1682 1782 1827 1844 argentum
1839 1776 1941 1840 virum,
1957 1792 2032 1847 apes,

1232 1860 1339 1915 vespas,
1359 1846 1518 1908 crabrones,
1540 1844 1698 1914 phalangia,
1719 1846 1889 1914 serpentium
1906 1848 2029 1917 scorpio·

1232 1932 1351 1984 nuncque
1364 1918 1445 1979 ictus,
1463 1920 1615 1985 cannaque
1636 1914 1731 1967 omnia
1750 1931 1820 2037 quae
1838 1915 2031 1984 refrigerando

1233 1993 1344 2039 nocent.
1372 1985 1507 2038 Privatim
1519 1991 1616 2038 contra
1627 1983 1757 2038 haemorr
1776 1985 1865 2048 oidas,
1882 1992 2032 2053 presteras,

1234 2056 1341 2124 iunges.
1376 2057 1446 2108 item
1463 2052 1738 2116 contrainilutiones,
1756 2058 1939 2124 rosionesque
1950 2070 2031 2124 prae·

1233 2125 1399 2189 cordianum,
1421 2131 1449 2177 et
1467 2139 1583 2193 quorum
1598 2124 1759 2177 stomachus
1775 2128 1804 2178 ln
1815 2125 1982 2177 vomitiones
1993 2124 2033 2177 ei·

1233 2192 1373 2246 tunditur:
1395 2202 1424 2247 et
1434 2195 1457 2245 si
1468 2201 1567 2247 venter
1577 2203 1626 2247 aut
1641 2194 1786 2249 interanea
1802 2194 2032 2249 rheumatismum

1232 2264 1365 2317 sentiant.
1401 2263 1605 2331 Dysentericis,
1619 2264 1806 2328 sudatoribus,
1819 2268 1844 2316 in
1857 2264 1904 2316 lon
1925 2280 1943 2317 a
1952 2264 2033 2327 tussi,

1232 2280 2033 2472 :nm:mereuntim·

1233 2473 1328 2525 omnin
1337 2479 1429 2525 autem
1440 2473 1560 2525 nrurlme
1568 2475 1658 2525 album
1670 2474 1880 2524 inveterascens.
1919 2470 2032 2524 Utiliter

1234 2542 1318 2595 etiarn
1341 2542 1454 2595 {oretur
1471 2544 1536 2594 rino
1556 2543 1649 2594 calido
1668 2542 1788 2593 virilitas
1807 2538 1952 2593 iumentis:
1977 2554 2032 2609 qno

1234 2611 1319 2663 etium
1341 2610 1433 2663 infuso
1450 2626 1538 2664 cornu
1555 2612 1747 2665 lassitudinem
1759 2610 1959 2665 anierriainnt.
1990 2608 2034 2662 Sl·

1234 2680 1311 2746 urias,
1331 2680 1590 2750 quadrupedesque,
1612 2683 1711 2749 quibus
1730 2681 1813 2751 digiti
1833 2688 1905 2745 sunt,
1926 2684 2033 2748 negant

1234 2764 1360 2803 erescere
1377 2757 1503 2803 assuetas
1514 2753 1581 2804 meri
1592 2758 1670 2818 potu.

1267 2816 1369 2872 XMV.
1388 2816 1469 2870 Nunc
1489 2820 1566 2871 circa
1584 2819 1777 2886 aegritudines
1798 2832 1888 2871 sermo
1908 2816 1943 2869 de
1959 2816 2032 2867 vinis

1234 2890 1296 2942 erit.
1331 2886 1549 2941 saluberrimum
1565 2888 1841 2956 liberalitergenitis,
1864 2885 2032 2953 Campaniae

1234 2956 1416 3026 quodcunque
1428 2957 1637 3011 tenuissimum:
1659 2959 1741 3076 vulbo
1759 2972 1835 3019 sero,
1852 2955 1925 3024 quod
1942 2969 2033 3023 quent·

1232 3041 1286 3095 que
1296 3029 1415 3080 manime
1429 3028 1533 3079 iuverit
1544 3024 1676 3077 validum.
1730 3025 1891 3077 tilissimum
1904 3024 2033 3076 omnibus

1232 3111 1314 3148 sacco
1330 3096 1435 3150 uiribus
1457 3095 1579 3147 fractis:
1597 3094 1805 3147 Meminerimus
1825 3108 1938 3145 succum
1963 3106 2033 3154 esse,

1232 3166 1278 3234 qui
1287 3164 1420 3219 ierrendo
1432 3165 1503 3219 sires
1513 3180 1528 3216 e
1538 3170 1628 3247 musto
1640 3165 1694 3216 sibi
1703 3163 1810 3216 iecerit.
1845 3160 1961 3214 Misceri
1975 3162 2033 3229 plu-

1229 3231 2032 3371 iiitiittiillitii'iniiiltflliruti,li

1231 3374 1318 3427 affuit
1355 3378 1497 3429 Marmore
1507 3376 1588 3435 enim,
1608 3379 1637 3426 et
1648 3387 1746 3442 gypso,
1762 3380 1809 3424 aut
1821 3373 1897 3424 calce
1910 3370 2032 3431 condita,

1231 3445 1363 3512 quianon
1380 3446 1465 3497 etiam
1483 3443 1592 3495 ralidus
1608 3441 1767 3511 expaverit!
1788 3441 1928 3510 inprimis
1945 3438 2033 3507 igitur

1230 3515 1322 3566 riuum
1339 3515 1450 3566 marina
1470 3528 1543 3580 aqua
1563 3512 1679 3576 factum,
1698 3511 1800 3564 inutile
1822 3517 1866 3564 est
1876 3507 2032 3568 stomacho,

1231 3583 1461 3647 nerris,reslcae.
1497 3582 1600 3635 Resinu
1618 3581 1738 3644 condito,
1757 3580 1868 3648 frigidis
1878 3576 2031 3630 stomachis

1234 3653 1315 3705 utilia
1326 3655 1531 3705 existimantur.
1550 3651 1612 3703 Non
1623 3651 1755 3719 expedire
1765 3647 2032 3711 vomitionibuasie»

1232 3728 1264 3773 ut
1275 3738 1364 3791 nequo
1375 3730 1508 3785 mustum,
1531 3736 1565 3772 ne
1584 3736 1619 3772 ue
1631 3737 1660 3772 sa
1681 3737 1705 3783 a,
1718 3736 1807 3789 neque
1818 3731 1939 3787 passum.
1976 3715 2032 3769 No·

1230 3791 1327 3843 vitium
1348 3793 1502 3843 resinatum
1524 3736 1595 3841 ouidi
1607 3737 1746 3843 conducit.
1783 3789 1888 3856 Capitis
1907 3782 2032 3839 dolorem

1231 3866 1260 3912 et
1272 3860 1423 3928 vertigines
1442 3860 1522 3911 iacit:
1544 3860 1579 3911 ab
1591 3857 1644 3911 hoc
1659 3860 1735 3912 dicta
1748 3859 1861 3927 crapula
1870 3865 1922 3910 est.
1962 3856 2033 3907 ‘l'us-

1231 3929 1367 3981 sientibus
1379 3936 1407 3981 et
1417 3929 1445 3980 ln
1456 3928 1655 3981 rheumatismo
1666 3930 1808 3982 nominata
1819 3929 1943 3995 prosunt.
1963 3925 2032 3976 ltem

1230 3998 1365 4067 coeliacis
1382 4004 1410 4050 et
1433 3997 1627 4066 dysentericis,
1645 3999 1791 4052 mulierum
1817 3996 1967 4050 mensibus.
2003 3994 2034 4045 ln

1231 4065 1283 4121 hoc
1295 4082 1397 4136 genere
1407 4068 1519 4120 rubrum
1531 4068 1675 4137 nigrumve
1686 4070 1774 4138 magis
1786 4066 1962 4134 constringit,
1976 4078 2033 4115 nsa-

1230 4136 1459 4206 glsquecaliucit.
1478 4136 1656 4189 innocentius
1666 4140 1728 4206 pide
1738 4137 1797 4191 sola
1807 4134 1958 4189 conditum.
1978 4132 2034 4187 Sed

1232 4214 1260 4261 et
1272 4210 1361 4275 picem
1377 4208 1538 4262 meminisse
1554 4205 1687 4259 debemus
1702 4224 1756 4260 non
1771 4206 1849 4259 aliud
1864 4220 1933 4266 esse,
1949 4215 2033 4270 quant

1232 4278 1394 4331 combustae
1406 4278 1516 4330 resinae
1526 4275 1639 4329 durum.
1674 4277 1738 4330 Hoc
1748 4292 1834 4347 genus
1845 4277 1901 4327 vini
1912 4271 2034 4325 excalia·

1232 4348 1280 4408 cit,
1297 4349 1451 4416 concoquit,
1471 4352 1584 4414 purgat:
1626 4348 1729 4410 ectori,
1750 4346 1841 4400 venui
1861 4343 1943 4396 utile:
1963 4342 2034 4393 item

1231 4416 1375 4468 vulvarum
1390 4417 1489 4478 dolori,
1497 4416 1520 4467 ai
1533 4416 1594 4470 sine
1606 4362 1682 4469 febre
1694 4417 1758 4479 sint,
1770 4416 1856 4470 veteri
1868 4411 2033 4465 rheumatis·

1231 4499 1286 4548 mo,
1306 4484 1535 4546 exhulceratinni,
1548 4487 1648 4553 ruptis,
1664 4485 1810 4548 convulsis,
1831 4480 1954 4543 vomicis,
1974 4490 2035 4530 ner·

1231 4566 1327 4605 rorum
1340 4555 1508 4619 inilrnsltati,
1524 4553 1726 4616 inflationibus,
1747 4556 1826 4615 tussi,
1848 4547 2034 4605 anhelationi-

1231 4623 1292 4685 bus,
1304 4622 1418 4688 luxatis,
1441 4625 1468 4676 in
1480 4625 1592 4677 suenda
1603 4625 1669 4675 lana
1679 4623 1850 4690 impositum.
1888 4619 1929 4671 lid
1941 4616 2034 4671 omnia

1229 4689 1299 4745 haec
1307 4693 1403 4745 utilius
1414 4694 1451 4755 id,
1462 4692 1535 4760 quod
1547 4698 1647 4760 sponte
1659 4701 1776 4745 natissae
1787 4703 1854 4738 suae
1864 4690 1956 4753 picem
1967 4687 2033 4739 resi·

1230 4763 1282 4829 pit,
1303 4764 1480 4830 picatumque
1495 4762 1661 4831 appellatur.
1697 4758 1856 4809 Helvenaco
1871 4762 2034 4823 quoquotu-

1230 4846 1292 4883 nsen
1306 4831 1390 4881 nimio
1402 4836 1484 4896 caput
1497 4828 1600 4885 tentari
1610 4827 1748 4880 conuenit.

1265 4899 1347 4960 Quod
1360 4898 1394 4949 ad
1405 4898 1523 4952 febrium
1543 4896 1718 4950 valetudines
1739 4890 1849 4953 attinet,
1868 4898 1976 4945 certum
1992 4900 2035 4945 est

1230 4982 1284 5018 non
1296 4967 1414 5018 dandum
1426 4968 1454 5017 iu
1467 4965 1554 5032 iebre,
1569 4966 1625 5019 nisi
1635 4962 1778 5017 ueteribus
1789 4961 1895 5029 aegris:
1913 4978 1965 5016 nec
1979 4962 2035 5015 nisi

1230 5033 1387 5087 declinante
1400 5037 1505 5089 morbo.
1541 5038 1571 5089 ln
1590 5034 1681 5087 acutis
1704 5048 1767 5086 reru
1786 5031 1927 5101 periculis,
1948 5030 2035 5083 nuliis

1231 5103 1282 5155 nisi
1298 5106 1345 5173 qui
1363 5103 1525 5160 manifestas
1535 5104 1716 5159 remissiones
1733 5102 1866 5166 habeant,
1885 5106 1913 5154 et
1923 5099 1974 5153 has
1986 5116 2035 5154 no·

1232 5181 1277 5225 ctu
1287 5173 1379 5242 potius
1388 5192 1394 5225 ι
1404 5172 1519 5229 dimidia
1529 5177 1600 5230 enim
1612 5189 1676 5243 pars
1687 5172 1804 5243 periculi
1816 5179 1861 5225 est
1874 5176 1968 5233 numu,
1979 5167 2036 5221 hoc

1230 5250 1282 5306 est,
1292 5258 1340 5312 spe
1351 5244 1450 5308 sornni,
1461 5245 1633 5300 bibentibus:
1645 5260 1721 5297 neca
1733 5250 1816 5312 partu
1829 5240 1972 5302 abortuve,
1980 5252 2034 5291 nee

1230 5328 1247 5366 ιι
1266 5313 1382 5367 libidine
1402 5317 1621 5386 aegrotantibus,
1640 5330 1692 5367 nee
1711 5315 1738 5366 in
1760 5312 1861 5382 capitis
1878 5308 2035 5371 doloribus,

1230 5401 1280 5437 nec
1302 5399 1418 5452 quorum
1435 5388 1610 5441 accessiones
1628 5400 1688 5436 cuns
1708 5376 2034 5453 isigoreextremitaturn

1230 5457 1307 5518 hant,
1318 5470 1369 5508 nec
1380 5457 1407 5506 in
1419 5454 1490 5509 iebri
1503 5455 1754 5517 tussientibus,nec
1765 5454 1793 5506 in
1804 5461 1925 5505 tremore
1934 5460 2034 5502 nervo·

1231 5540 1348 5592 cunique
1361 5522 1513 5591 doloribus,
1533 5529 1576 5581 rel
1588 5527 1719 5587 faucium,
1731 5530 1781 5576 aut
1791 5520 1816 5573 sl
1826 5520 1869 5572 vis
1883 5518 1973 5571 morbi
1984 5520 2035 5571 cir·

1232 5610 1265 5647 ca
1277 5594 1329 5648 iila
1345 5595 1534 5667 intelligatur:
1552 5612 1604 5653 nec
1623 5597 1651 5649 in
1674 5595 1777 5649 duritia
1795 5587 2033 5660 praecordiorum,
