4340 6018
374 304 415 360 88
499 297 533 354 C.
575 294 721 357 PLlNll
765 256 965 352 sacuam
1009 284 1173 346 NATUR.
1204 248 1400 348 'Hiarba
1445 284 1611 345 atavi.
1655 282 1889 347 canaam.

359 449 559 515 titadegitor.
594 445 651 497 Alii
668 441 797 494 tellurem
819 443 958 496 exercent,
979 434 1104 486 militiam
1123 434 1173 487 alii

375 522 533 584 capessunt,
554 528 661 565 merces
679 510 727 561 alii
742 522 806 558 suas
823 502 960 557 erchuntr
983 521 1026 556 res
1048 503 1172 570 publicas

375 588 476 654 optimi
485 583 671 646 ditissimique
681 581 843 641 temperant,
855 573 957 624 iudicia
968 574 1172 640 reddunt,regi-

375 658 427 708 bus
449 655 579 706 assident.
615 647 748 709 Quintum
766 657 855 711 genus
874 644 1031 695 celebratae
1051 643 1123 705 illic,
1144 650 1173 694 et

376 738 460 791 prope
471 724 499 773 in
510 719 671 785 religionem
681 728 777 765 versae
792 711 953 778 sapientiae¹
965 710 1103 774 deditum,
1122 726 1171 763 ro·

376 788 717 850 luntariasompermorte
728 781 811 834 vitam
822 795 938 832 accenso
955 780 1031 846 prius
1052 795 1121 847 rogo
1141 781 1172 831 ti·

376 865 427 915 nit.
463 860 549 909 Unum
559 868 643 919 super
654 850 722 903 haec
732 858 775 903 est
785 847 955 909 semiferum,
965 864 998 899 ac
1008 850 1120 915 plenum
1131 850 1171 901 la-

375 931 449 982 boris
461 923 601 983 inrrnensi,
624 929 652 974 et
662 936 715 987 quo
727 934 810 984 supra
824 917 900 969 dicta
920 919 1109 980 continentur,
1129 933 1173 971 ve·

375 996 457 1048 nandi
468 991 627 1059 elephantes
638 990 829 1053 donandique.
865 987 902 1039 lis
913 996 1002 1049 arant,
1023 988 1057 1037 iis
1069 987 1171 1039 vehun-

374 1077 428 1126 tur,
439 1064 506 1115 haec
518 1062 638 1114 maxime
648 1073 750 1109 uerrere
761 1058 891 1122 pecuaria
902 1074 908 1107 :
920 1059 963 1126 g‘is
974 1057 1110 1118 militant,
1130 1057 1171 1107 di·

374 1137 530 1199 inicietque
540 1146 590 1197 pro
601 1128 710 1181 finibus.
746 1126 888 1177 Deiectum
901 1127 929 1176 in
940 1126 1023 1185 bella,
1041 1126 1123 1186 sires,
1144 1130 1172 1175 et

372 1210 553 1268 satanaeque
565 1196 727 1266 magnitudo
739 1194 853 1247 iaciunt.

406 1272 501 1323 lnsula
511 1271 539 1320 in
552 1268 648 1335 Gange
660 1273 703 1318 est
715 1280 829 1332 magnae
850 1263 1041 1332 amplitudinis
1062 1270 1171 1330 gentem

372 1342 520 1393 continens
532 1352 623 1397 unani,
633 1335 861 1401 Modogalingam
872 1334 993 1386 nomine.
1030 1332 1110 1383 Ultra
1123 1331 1172 1383 siti

371 1418 436 1461 sunt
446 1408 595 1467 Modubae,
615 1404 768 1464 Molindae,
790 1404 895 1455 Uberae
906 1417 967 1454 cum
980 1401 1082 1469 oppido
1101 1403 1172 1452 eius-

372 1481 433 1532 dem
447 1476 565 1529 nominis
577 1474 731 1542 magnifico,
751 1472 956 1534 Galmodroesi,
978 1470 1062 1529 Preti,
1084 1470 1171 1521 Calis-

372 1564 428 1609 sae,
441 1546 545 1607 Sasuri,
557 1544 695 1604 Passalae,
706 1541 838 1602 Colobae,
858 1541 987 1604 Orxulae,
1008 1540 1098 1601 Abali,
1118 1541 1171 1590 'l'a-

372 1618 472 1669 luctae.
508 1609 812 1677 llexhorumpeditum
833 1610 856 1661 1.
879 1612 917 1661 M.
936 1610 1057 1677 equitum
1078 1607 1117 1661 lV
1132 1608 1171 1658 M.

363 1684 536 1752 elephantos
556 1683 643 1734 CCCC
665 1682 693 1731 in
714 1680 799 1731 aruris
818 1678 909 1731 habet.
946 1680 1074 1732 Validior
1094 1677 1170 1729 deiu-

372 1754 407 1805 de
419 1767 485 1818 gens
496 1752 630 1812 Andarae,
644 1749 770 1817 plurimis
783 1742 858 1810 vicis,
868 1748 947 1799 XXX
959 1748 1081 1815 oppidis,
1103 1762 1172 1813 quae

1224 443 1301 489 serta
1313 386 1573 495 hnicMaltchorae,
1583 431 1694 498 Singae,
1703 428 1847 493 Marchae,
1868 430 2026 502 Rarungae,
2039 480 2044 489 „

1224 505 1345 556 Moruni.
1381 503 1420 554 lii
1437 503 1572 554 montium
1589 503 1635 569 qui
1657 507 1793 568 perpetuo
1816 505 1909 553 tractu
1930 507 2026 555 noemi

1226 589 1291 626 orae
1306 573 1459 640 praetenti,
1480 570 1596 631 incolae,
1619 570 1700 620 liberi
1723 576 1751 620 et
1771 583 1868 637 regum
1891 580 2027 636 expertes,

1217 643 1449 711 ¹multisurbibus
1470 646 1616 692 montanos
1638 639 1766 691 obtinent
1786 639 1882 689 colles.
1919 640 2025 693 Nareae

1226 712 1338 774 deinde,
1357 726 1427 779 quos
1439 709 1544 762 claudit
1555 724 1633 759 orons
1645 707 1798 759 altissimus
1810 707 1965 759 indicorum
1977 713 2027 762 Ca·

1226 781 1333 848 pitolia.
1353 782 1441 832 liuius
1452 780 1569 838 incolae,
1580 776 1635 828 alio
1647 778 1735 828 latere
1745 777 1803 828 late
1813 778 1876 827 anri
1886 785 1916 829 et
1926 776 2024 845 arg'en·

1226 851 1247 901 ti
1258 849 1373 901 metalla
1389 848 1508 900 fodiunt.
1543 848 1583 897 Ab
1603 846 1637 896 iis
1657 847 1808 908 Oraturae,
1828 859 1946 912 quorum
1967 852 2026 919 rogi

1225 917 1366 986 elephanti
1375 917 1485 986 quidem
1498 915 1601 977 decem,
1622 915 1671 966 sed
1684 916 1792 981 amplae
1802 916 1875 968 vires
1888 915 2025 983 pedituras

1225 990 1387 1049 Varctatac,
1408 986 1454 1053 qui
1465 986 1517 1036 sub
1528 1000 1595 1052 rege
1608 983 1770 1050 elephantos
1782 999 1837 1036 uon
1848 984 1937 1049 alunt,
1956 988 2026 1040 fidu.

1225 1058 1269 1108 cia
1279 1059 1400 1122 equitum
1413 1055 1599 1121 peditumque.
1628 1053 2026 1114 ouonboernemslabsrtrao.

1224 1127 1352 1176 lloratae
1373 1124 1441 1175 urbo
1462 1123 1586 1190 pulchra,
1606 1122 1690 1173 fossis
1709 1122 1881 1188 palustribus
1903 1127 2023 1178 munita:

1224 1210 1274 1262 per
1284 1210 1351 1261 quas
1360 1192 1505 1254 crocodili,
1526 1191 1638 1243 honneni
1648 1192 1775 1256 corporis
1786 1193 1948 1255 avidissimi,
1969 1196 2025 1247 adl·

1224 1273 1284 1315 tum
1294 1264 1348 1315 nisi
1359 1271 1444 1330 ponte
1455 1278 1511 1313 nou
1521 1262 1596 1313 daut.
1632 1262 1670 1312 Et
1681 1262 1755 1312 aliud
1767 1262 1840 1328 apud
1852 1263 1917 1314 illos
1927 1264 2021 1318 lauda·

1225 1341 1270 1385 tur
1288 1332 1418 1399 oppidum
1434 1331 1593 1391 Automala,
1613 1331 1773 1397 impositum
1793 1330 1886 1393 litorl,
1907 1337 2023 1401 quinque

1224 1404 1344 1454 amnium
1357 1404 1477 1452 inunum
1490 1398 1646 1451 confluente
1656 1415 1802 1461 concomu,
1814 1403 1938 1467 emporio
1948 1404 2022 1455 nobi·

1223 1473 1253 1524 li.
1273 1472 1341 1539 Regi
1361 1486 1457 1523 eorum
1472 1467 1616 1535 elephanti
1634 1469 1673 1519 M.
1694 1468 1751 1531 DC,
1772 1469 1894 1534 pediturn
1916 1471 1962 1523 CL
1985 1473 2021 1524 M.

1224 1542 1348 1608 equitum
1360 1540 1480 1608 quinque
1497 1540 1536 1590 M.
1549 1536 1702 1605 Pauperior
1713 1535 1892 1589 Charmarum
1905 1555 1952 1591 res
1967 1541 2022 1592 ele·

1224 1611 1343 1678 piractus
1354 1610 1412 1670 lili,
1425 1623 1574 1674 parvasque
1588 1608 1711 1675 reliquas
1722 1607 1795 1659 vires
1807 1605 1898 1658 habet.
1934 1610 1975 1660 Ab
1990 1609 2023 1659 iis

1225 1678 1421 1748 geusPandae,
1442 1678 1503 1729 sola
1513 1678 1641 1729 indorum
1653 1685 1770 1743 regnata
1780 1676 1899 1728 feminis.
1937 1678 2021 1729 Uusar

1224 1748 1432 1801 llercul‘rsexus
1444 1747 1504 1799 eius
1516 1749 1638 1814 genitam
1650 1745 1758 1805 ferunt,
1775 1747 1810 1797 ub
1822 1744 1905 1811 idque
1916 1747 2021 1814 gratio·

1224 1833 1291 1879 rem,
1302 1817 1450 1884 praecipuo
1468 1829 1555 1881 reguo
1568 1810 1707 1866 donatam.
1743 1815 1784 1866 Ab
1804 1830 1838 1866 ea
1856 1814 2024 1868 deducentes

1225 1889 1360 1952 originem
1371 1887 1531 1955 imperitant
1553 1886 1618 1936 CCC
1638 1883 1757 1950 oppidis,
1778 1883 1899 1950 peditum
1922 1884 1969 1935 ct.
1985 1884 2024 1936 M.

1225 1954 1560 2022 elephantisquingentis.
1596 1953 1663 2004 Post
1684 1952 1756 2004 hanc
1773 1960 1961 2004 trecentarum
1982 1968 2025 2005 ar·

372 1823 457 1873 muris
468 1821 643 1885 turribusque
655 1819 826 1878 muniuntur,
846 1821 905 1885 regi
918 1819 1031 1883 praebet
1050 1816 1171 1887 peditum

371 1891 441 1943 CM.
452 1893 573 1956 equitum
584 1888 655 1947 MM,
674 1884 835 1952 elephantos
845 1886 883 1936 M.
920 1887 1098 1938 fertilissimi
1108 1892 1173 1936 sunt

371 1961 432 2011 auri
444 1958 563 2019 Dardae,
577 1957 661 2008 Setae
674 1969 738 2007 sero
751 1955 870 2019 argenti.

406 2026 460 2079 Sed
472 2027 594 2077 omnium
606 2027 633 2074 in
645 2022 724 2074 ludia
735 2037 834 2088 prope,
855 2036 907 2071 uon
917 2023 999 2073 modo
1011 2022 1038 2072 in
1055 2022 1107 2074 hoc
1117 2029 1172 2075 tra·
1224 2026 1300 2077 bium
1311 2024 1429 2090 Syrieni,
1439 2023 1597 2091 Derangae,
1608 2022 1752 2089 Posingae,
1763 2022 1871 2085 Buaae,
1882 2022 2024 2091 Gogiarei,

372 2104 428 2159 cto,
440 2098 593 2163 potentiam
605 2092 816 2156 claritatemque
827 2090 995 2142 antecedunt
1005 2090 1103 2152 Prasii,
1114 2106 1171 2140 am·
1224 2094 1355 2153 Umbrae,
1375 2093 1491 2153 Nereae,
1514 2093 1662 2154 Brancosi,
1682 2090 1848 2152 Nobundae,
1869 2091 2026 2151 Cocondae,

369 2164 494 2232 plis'sima
505 2164 572 2215 urbe
583 2162 775 2227 ditissimaque
786 2157 965 2211 Palibothra:
977 2158 1049 2211 unde
1060 2160 1172 2225 quidam
1225 2162 1315 2223 Nesei,
1327 2161 1496 2222 Pedatrirae,
1508 2161 1694 2223 Salobriasae,
1716 2160 1847 2213 Olostrae
1860 2160 1976 2214 Patalen
1986 2162 2026 2213 ia·

371 2237 458 2301 ipsam
471 2242 580 2300 gentem
593 2229 769 2292 Palibothros
789 2236 907 2290 vocant,
926 2229 1010 2279 immo
1031 2244 1097 2279 cero
1118 2236 1174 2282 tra·
1225 2232 1314 2282 sulam
1327 2232 1517 2297 attingentes:
1542 2246 1560 2281 a
1576 2233 1654 2282 cuius
1671 2237 1797 2283 extremo
1814 2231 1899 2283 litore
1919 2231 1953 2283 ad
1974 2232 2024 2282 Ca·

371 2313 444 2355 ctum
457 2302 613 2353 universum
625 2315 643 2350 a
652 2299 755 2364 Gange.
790 2299 858 2365 Regi
870 2312 964 2350 eorum
978 2297 1101 2365 peditum
1112 2311 1172 2350 sex·
1225 2300 1299 2366 spias
1310 2306 1407 2365 portas
1414 2300 1506 2350 decies
1515 2313 1548 2350 ac
1557 2300 1652 2351 novies
1661 2308 1786 2362 centena,
1792 2308 1821 2353 et
1830 2299 1910 2353 XXV
1919 2302 2025 2366 M.pro·

371 2380 452 2425 centa
462 2371 502 2422 M.
512 2372 635 2437 equitum
648 2368 726 2419 XXX
736 2367 774 2418 M.
787 2367 996 2432 elephantorum
1016 2366 1054 2416 lx
1073 2367 1112 2416 M.
1124 2382 1173 2433 per
1226 2369 1336 2420 duntur.

371 2456 468 2495 oannes
479 2439 538 2491 dies
557 2436 777 2503 stipendiantur:
799 2436 872 2487 unde
888 2436 1053 2486 coniectatio
1075 2436 1171 2502 ingens
1259 2439 1333 2489 ilinc
1344 2434 1687 2489 deindeaccoluntlndum
1698 2435 2024 2490 adversumeridentide·

371 2525 452 2576 opum
476 2517 527 2560 est.
571 2508 612 2558 Ab
624 2506 659 2556 iis
671 2505 697 2555 iu
709 2505 840 2556 interiore
850 2505 906 2556 situ
916 2505 1052 2557 Monedes
1064 2512 1093 2556 et
1103 2506 1170 2554 Sua·
1225 2507 1428 2558 monstratione
1438 2509 1562 2566 Auratae,
1573 2506 1719 2573 Bolingae,
1731 2505 1920 2567 Gallitalutae,
1929 2506 2026 2558 Dinia·

371 2581 403 2638 ri,
414 2591 531 2645 quorum
544 2591 622 2626 mons
632 2574 756 2636 Maleus,
777 2573 804 2623 in
816 2590 870 2640 quo
881 2575 993 2625 umbrae
1004 2572 1038 2624 ad
1052 2581 1170 2641 septem·
1224 2576 1259 2636 ri,
1273 2575 1391 2643 Megari,
1402 2576 1539 2636 Ordabae,
1550 2574 1656 2626 Mesae.
1674 2573 1714 2627 Ab
1726 2574 1770 2626 his
1782 2575 1839 2635 Uri,
1849 2573 1948 2627 Sileni:
1961 2589 2026 2627 max

371 2648 491 2698 trionem
503 2643 605 2696 cadunt
616 2643 714 2703 hieme,
724 2649 833 2703 aestate
844 2645 871 2693 in
882 2650 1017 2704 austrum,
1029 2657 1077 2708 per
1089 2656 1172 2693 senos
1224 2645 1336 2697 deserta
1353 2646 1381 2694 in
1401 2643 1469 2695 CCL
1490 2644 1529 2696 M.
1548 2658 1688 2710 passuum.
1724 2644 1830 2705 Quibus
1852 2644 2025 2710 exsuperatis

371 2730 487 2768 menses.
525 2712 743 2779 Septemtriones
754 2726 788 2761 eo
799 2718 892 2763 tractu
902 2711 988 2763 semel
1001 2715 1028 2762 in
1040 2726 1111 2763 anno
1123 2726 1170 2777 ap·
1225 2714 1398 2780 Organagae,
1410 2715 1557 2774 Alsaortae,
1568 2712 1693 2773 Sibarae,
1704 2711 1839 2765 Suertae:
1855 2721 1883 2764 et
1893 2714 1928 2764 ab
1939 2714 1971 2762 iis
1982 2726 2025 2763 so·

370 2772 1172 2917 liit'0‘1.ld.¹liilllilisll‘dzgltiiii‘²ll?
1223 2780 2025 2917 liliati?alterascitaileiaizairis,

370 2868 488 2975 strinuhr
498 2922 591 2990 polum
603 2918 664 2971 ludi
678 2919 816 2970 Dramasa
835 2884 945 2970 vhcant.
980 2919 1075 2970 Amnis
1085 2920 1172 2970 loma·
1224 2921 1394 2987 singulisque
1405 2887 1486 2969 hiuae
1497 2919 1587 2969 urbes.
1603 2867 1779 2970 Ase'nihrium
1791 2920 1900 2969 urbium
1911 2918 2027 2971 incolae.

371 3009 418 3057 nes
431 2993 458 3042 in
470 2992 593 3059 Gangem
606 3005 654 3057 per
665 2986 841 3041 Palibothros
853 2987 977 3039 decurrit
988 2988 1060 3040 inter
1070 2987 1172 3053 oppida
1224 2989 1313 3054 Caput
1324 3001 1418 3038 eorum
1429 2985 1597 3050 Bucephala,
1618 2985 1767 3036 Alexandri
1787 2988 1860 3051 regis
1880 3003 1952 3053 equo
1971 2990 2026 3049 (cui

371 3059 703 3111 MethoractClisobora.
738 3057 1007 3123 AGangerersaad
1026 3055 1171 3107 meridiem
1222 3053 1504 3115 fuerathocnomen)
1523 3051 1861 3116 ibisepultoconditum.
1897 3055 2026 3107 Montani

286 3152 289 3159 >
373 3132 470 3196 plaga,
492 3125 708 3194 tingunturSole
731 3125 841 3193 populi,
860 3126 914 3176 iam
934 3124 1045 3191 quidem
1066 3122 1172 3182 infecti,
1222 3138 1305 3189 super
1313 3122 1364 3173 hos
1372 3123 1494 3172 Caucaso
1502 3119 2028 3182 subiecti,Soleadae,Sondrae:trans·

372 3198 491 3250 nondum
510 3203 601 3247 maren
618 3193 783 3260 Aethiopum
805 3193 887 3244 modo
909 3193 1018 3244 exusti:
1040 3198 1170 3260 quantum
1222 3193 1380 3260 gremioque
1391 3190 1496 3251 ludum,
1518 3197 1617 3242 etcum
1629 3203 1662 3240 eo
1675 3189 1886 3242 decurrentibus
1898 3187 2028 3243 Samara·

372 3268 408 3319 ad
418 3266 513 3318 ludum
526 3264 672 3323 accedunt,
685 3272 793 3313 tantum
805 3261 899 3313 colore
914 3261 1074 3327 praeferunt
1084 3258 1171 3311 sidus.
1223 3261 1316 3323 briae,
1337 3258 1537 3320 Sambruccni,
1558 3258 1762 3321 Bisambritae,
1782 3257 1863 3322 Csii,
1885 3260 2027 3321 Antireni,

372 3336 454 3388 ludus
464 3335 558 3387 statim
571 3349 588 3384 a
598 3332 755 3385 Prasiorum
767 3337 857 3400 gente,
865 3345 982 3399 quorum
995 3331 1022 3381 in
1032 3332 1171 3381 nrontanis
1223 3331 1360 3391 T'axillae,
1373 3344 1433 3381 cum
1446 3330 1514 3380 urbe
1525 3328 1635 3389 celebri,
1642 3328 1696 3379 iam
1708 3330 1735 3378 ln
1748 3328 1829 3395 plana
1838 3327 1960 3380 demisso
1971 3336 2028 3381 tra·

372 3406 505 3474 Pygmaei
517 3404 672 3456 traduntur.
709 3398 897 3455 Artemidorus
907 3396 981 3450 inter
992 3399 1061 3451 duos
1076 3414 1171 3451 amnes
1224 3408 1279 3461 ctu,
1301 3397 1755 3451 cuiunirersonomenAmaudae.
1791 3396 1890 3465 Populi
1900 3408 2027 3467 quatuor,

372 3474 457 3535 semel
469 3482 497 3525 et
509 3472 594 3522 vicies
605 3481 722 3523 centena
732 3470 770 3519 M.
782 3471 999 3534 pass-interesse
1016 3468 1112 3520 tradit.
1223 3468 1411 3529 Peucolaitae,
1422 3468 1606 3535 Arsagalitae,
1617 3465 1747 3530 Geretae,
1757 3468 1832 3518 Asoi.

407 3542 506 3592 xxiii.
525 3538 624 3600 ludus,
645 3537 745 3588 incolis
757 3536 857 3587 sindus
868 3538 1036 3605 appellatus,
1057 3539 1085 3587 in
1103 3537 1172 3603 iugo
1260 3539 1370 3590 Etenim
1382 3537 1506 3605 plerique
1517 3536 1552 3587 ab
1563 3536 1709 3588 occidente
1726 3552 1780 3587 nou
1791 3536 1858 3587 ludo
1875 3552 1956 3589 amne
1977 3536 2025 3588 de·

373 3607 489 3659 Caucasi
500 3605 614 3665 montis,
635 3603 707 3669 quod
722 3611 836 3655 crocatur
848 3604 1055 3672 Paropamisos,
1077 3606 1172 3657 adrer-
1225 3608 1390 3667 terminant,
1411 3605 1458 3655 sed
1473 3605 1608 3656 adiiciunt
1620 3612 1741 3671 quatuor
1750 3607 1899 3672 satrapias,
1922 3604 2027 3658 Gedro-

372 3671 731 3732 susSolisortumcllusus,
751 3675 857 3740 etipse
880 3675 1052 3742 undeviginti
1073 3675 1174 3740 recipit
1224 3692 1280 3739 sos,
1302 3672 1464 3734 drachmas,
1486 3674 1576 3734 Arios,
1597 3673 1835 3739 Paropamisadas,
1857 3676 1953 3727 ultimo
1972 3674 2027 3726 line

371 3756 474 3794 annues.
510 3740 563 3792 Sed
575 3740 761 3801 clarissimos,
774 3740 952 3809 llydaspcm,
971 3750 1090 3812 quatuor
1102 3744 1172 3794 alios
1226 3743 1347 3810 Cambete
1361 3742 1463 3809 florio:
1486 3757 1555 3807 quae
1568 3741 1660 3792 omnia
1672 3742 1798 3794 Ariorum
1812 3760 1882 3805 esse,
1892 3744 1955 3795 aliis
1967 3742 2025 3810 pla·
2046 3764 2086 3793 v

372 3809 550 3862 afferentem:
571 3809 754 3869 Cantabram,
775 3816 840 3859 tres.
876 3811 929 3863 Per
940 3827 1046 3864 severo
1057 3811 1171 3878 naviga·
1225 3804 1277 3866 c'et.
1315 3813 1436 3863 Necnon
1452 3810 1597 3876 etNysam
1614 3812 1708 3862 urbem
1724 3811 1850 3879 plerique
1866 3813 1958 3867 ludiae
1979 3811 2028 3863 ad-

371 3878 603 3939 bilesAcesinem,
615 3884 642 3928 et
651 3876 793 3942 Hypasin:
805 3877 923 3943 quadani
935 3886 1028 3932 tamen
1039 3894 1172 3945 aquarum
1225 3882 1357 3943 scribunt,
1370 3886 1545 3946 orantemque
1556 3879 1678 3940 Merum,
1700 3879 1802 3932 Libero
1814 3881 1889 3933 Patri
1899 3895 2027 3932 sacrum:

371 3947 510 4000 modestia
521 3961 654 4012 nusquam
674 3945 757 3996 latior
773 3948 972 4013 quinquaginta
989 3947 1102 4010 stadiis,
1123 3956 1174 3999 aut
1225 3950 1300 4002 unde
1312 3950 1392 4016 origo
1403 3947 1525 4010 fabulae,
1536 3949 1609 3999 loris
1620 3947 1722 4000 femine
1734 3950 1848 4002 editum.
1867 3951 1936 4002 ltem
1948 3952 2026 4002 Asta·

371 4017 457 4071 altior
478 4014 529 4069 XV
549 4030 664 4082 passusr
687 4013 883 4080 amplissimam
904 4017 1021 4067 insulam
1043 4017 1173 4079 efficiens,
1225 4033 1309 4073 canos
1320 4024 1439 4086 gentem,
1459 4018 1533 4078 ritis,
1555 4024 1583 4068 et
1593 4017 1674 4079 lauri,
1693 4024 1721 4068 et
1733 4018 1808 4080 buxi,
1828 4034 2028 4086 pomorumque

372 4103 442 4154 quae
454 4086 586 4140 Prasiane
596 4085 768 4136 nominatur:
791 4093 819 4136 et
835 4084 919 4135 aliam
931 4086 1082 4148 minorem,
1103 4102 1174 4154 qnae
1226 4088 1347 4140 omnium
1358 4086 1386 4137 in
1397 4086 1516 4138 Graecia
1527 4089 1698 4137 nascentium
1712 4086 1844 4139 fertilem
1880 4090 1957 4151 Quae
1968 4102 2026 4140 me·

371 4155 477 4210 Patale.
514 4156 575 4223 lpse
585 4168 635 4220 per
645 4151 792 4205 duodecies
803 4158 919 4205 centena
929 4154 1115 4222 quadraginta
1134 4154 1174 4206 M.
1224 4155 1367 4217 meranda,
1390 4163 1418 4206 et
1428 4169 1514 4221 prope
1527 4155 1663 4217 fabulosa,
1684 4156 1719 4209 de
1736 4157 1881 4209 fertilitate
1892 4164 1984 4208 terrae
1994 4170 2027 4207 ac

371 4242 443 4293 pass.
456 4224 636 4293 (parcissimis
645 4221 818 4281 auctoribus)
829 4223 992 4291 navigatus,
1012 4224 1170 4291 etquodam
1224 4241 1325 4295 genere
1336 4224 1446 4291 frug'nm
1458 4226 1649 4290 arborumque,
1673 4235 1721 4277 aut
1742 4227 1863 4278 ferarum
1884 4232 1932 4277 aut
1951 4225 2028 4275 rolu-

372 4295 445 4345 Solis
457 4295 591 4346 comitatu
602 4293 630 4344 in
642 4306 769 4343 occasum
780 4306 995 4354 versus,oceauo
1007 4292 1170 4345 infunditur.
1226 4311 1302 4348 crum
1314 4302 1343 4346 et
1353 4295 1472 4346 aliorum
1486 4293 1648 4346 animalium
1660 4296 1815 4357 traduntur,
1832 4295 1888 4347 suis
1898 4308 2025 4361 quaeque

372 4361 531 4413 lllensuram
541 4363 567 4413 in
580 4378 629 4413 ora
639 4360 673 4411 ad
686 4375 747 4412 eum
759 4376 868 4428 ponam,
879 4369 911 4412 ut
923 4363 1041 4426 invenio,
1060 4378 1174 4430 genera·

374 4430 433 4489 tim,
454 4446 606 4498 quanquam
618 4433 729 4483 interae
741 4430 834 4482 nullae
844 4439 1009 4501 congruunt.
1046 4433 1086 4484 Ab
1099 4433 1173 4483 ostio

373 4496 477 4563 Gangis
488 4497 523 4549 ad
535 4499 755 4563 promontorium
767 4500 909 4569 Calingon,
921 4509 950 4552 et
962 4500 1091 4567 oppidum
1099 4501 1174 4552 Dan-

374 4563 476 4631 dagula
488 4565 615 4619 dcxxv
626 4567 693 4617 mill.
705 4582 843 4634 passuum.
881 4571 920 4621 Ad
932 4571 1060 4635 Tropina
1071 4570 1173 4622 duode-

374 4634 429 4684 cies
442 4642 558 4684 centena
571 4633 650 4685 XXV
666 4634 704 4684 M.
718 4651 788 4700 pass.
825 4638 866 4689 Ad
880 4639 1037 4691 Perimulae
1049 4654 1175 4705 promon-

373 4702 490 4764 torium,
521 4702 568 4753 ubi
589 4709 631 4752 est
657 4701 866 4758 celeberrimum
893 4707 987 4759 lndiae
1011 4709 1173 4772 emporium,

375 4768 478 4822 DCCL.
518 4769 558 4820 Ad
571 4769 700 4836 oppidum
712 4768 740 4820 iu
752 4771 940 4842 insulaquam
952 4775 1182 4842 supradiximus,

373 4838 508 4900 Patalam,
517 4838 620 4891 DCXX
630 4838 669 4889 M.
681 4852 754 4904 pass.

409 4906 514 4959 Gentes
524 4915 672 4959 montanae
682 4907 754 4959 inter
765 4922 827 4959 eum
840 4915 868 4960 et
878 4910 1027 4975 iomanem,
1040 4913 1113 4976 Cesi,
1124 4913 1173 4964 Ce-

374 4974 480 5027 triboni
501 4977 660 5029 silvestres:
693 4975 792 5027 deinde
809 4976 957 5044 Megallae,
978 4997 1091 5048 quorum
1115 4982 1175 5048 regi

376 5045 518 5113 quingenti
529 5044 686 5113 elephanti,
707 5045 830 5113 peditum
846 5049 1024 5119 equitumque
1045 5066 1174 5102 numerus

375 5116 513 5167 incertusr
535 5114 659 5182 Chrysei,
671 5113 856 5180 Parasangae,
876 5115 1015 5184 Arangae,
1035 5119 1103 5184 tigri
1115 5118 1175 5171 fera

375 5191 521 5235 scatentes.
558 5185 672 5235 Armant
683 5184 806 5252 peditum
828 5182 906 5235 XXX
927 5186 995 5236 mill.
1012 5188 1174 5255 elephantos

1225 4365 1294 4416 locis
1304 4364 1332 4414 in
1343 4364 1450 4431 reliqua
1461 4370 1539 4430 parte
1548 4366 1638 4431 operis
1648 4365 1943 4416 commemorabuntur.
1955 4363 2026 4424 Qua·

1225 4442 1290 4485 tuor
1299 4449 1365 4485 cero
1377 4435 1515 4500 satrapiae
1527 4448 1590 4484 mor
1602 4432 1698 4499 paulo,
1710 4431 1745 4485 ad
1756 4434 1939 4500 Taprobanen
1951 4432 2026 4482 insu·

1229 4503 1284 4555 lam
1296 4503 1448 4554 festinante
1458 4502 1560 4553 animo.

1261 4572 1314 4624 Sed
1326 4579 1392 4624 aute
1403 4578 1465 4622 sunt
1477 4571 1557 4631 aliae,
1579 4570 1687 4630 Patale,
1708 4582 1789 4635 quam
1808 4566 2029 4633 significavimus

1226 4641 1470 4761 {aliialii
1482 4633 2030 4769 'filadelfia’titillari·

1468 4742 1473 4755 ι
1628 4744 1632 4752 ι
1788 4737 1795 4765 ’
2018 4735 2029 4746 “

1226 4793 1304 4844 gyro,
1325 4774 1433 4825 fertiles
1449 4773 1579 4833 metallis,
1601 4781 1631 4822 ut
1642 4771 1734 4823 credo.
1772 4771 1842 4823 Nam
1854 4773 1926 4840 qaod
1939 4774 2029 4842 aliqui

1227 4844 1494 4903 tradidere,aureunt
1506 4846 1719 4907 argenteumque
1728 4839 1762 4891 iis
1773 4841 1862 4892 solum
1874 4857 1944 4905 esse,
1952 4840 2028 4895 haud

1227 4909 1492 4963 facilecrediderim.
1528 4908 1677 4960 maiixx
1689 4909 1949 4975 M.passCroeala.
1985 4911 2028 4965 Ab

1227 4996 1261 5032 ea
1272 4979 1323 5030 xu
1334 4980 1373 5029 M.
1386 4993 1457 5044 pass.
1469 4976 1585 5045 Bibaga,
1601 4980 1701 5030 ostreis
1713 4988 1741 5031 et
1750 4977 1903 5045 conchyliis
1913 4979 2028 5032 referta.

1227 5047 1336 5101 Deinde
1351 5045 1496 5099 Toralliba
1507 5046 1547 5098 ix
1556 5045 1596 5099 M.
1606 5061 1679 5114 pass.
1691 5065 1708 5100 a
1719 5047 1901 5115 supradicta,
1913 5049 2029 5101 multae·

1228 5133 1282 5187 que
1292 5115 1439 5184 ignobiles.

1261 5185 1362 5238 xxiv.
1375 5184 1558 5250 Taprobanen
1570 5185 1688 5237 alterum
1699 5185 1794 5238 orbem
1806 5193 1943 5239 terrarum
1956 5201 2029 5245 esse,

377 5254 451 5315 CCC,
466 5256 572 5319 equites
589 5252 687 5304 DCCC.
723 5252 784 5303 llos
795 5251 913 5304 includit
925 5252 1018 5313 ludos,
1039 5257 1174 5307 montium
1228 5256 1276 5306 diu
1298 5254 1489 5306 existimatum
1512 5262 1571 5317 est,
1592 5252 1808 5306 Antichthonum
1830 5256 2028 5323 appellatione.

376 5336 479 5375 corona
490 5319 675 5372 circumdatos
687 5330 715 5373 ct
726 5320 922 5372 solitudinibus
934 5336 983 5388 per
993 5324 1120 5376 Dcxxv
1137 5325 1174 5375 M.
1227 5325 1264 5375 llt
1276 5324 1395 5390 liqueret
1404 5324 1524 5374 insulam
1536 5338 1605 5383 esse,
1614 5323 1762 5376 Alexandri
1774 5324 1871 5391 Magni
1882 5331 1959 5376 aetas
1971 5334 2030 5375 res·

376 5392 451 5444 lnlra
462 5389 639 5450 solitudines,
650 5388 832 5452 Dari,Surae,
843 5392 998 5456 iterumque
1010 5393 1175 5446 solitudines
1228 5408 1280 5460 que
1291 5392 1463 5511 praestitere.
1491 5393 1669 5455 Onesicritus,
1681 5392 1779 5445 classis
1790 5394 1850 5445 eius
1862 5392 2031 5461 praelectus,

377 5474 427 5526 per
438 5458 612 5512 ct.xxxvlt
624 5458 662 5509 M.
675 5472 748 5525 pass.
759 5457 920 5526 plerumque
930 5460 1021 5511 arenis
1032 5462 1176 5515 ambienti·
1228 5462 1289 5528 elep
1310 5468 1390 5511 antus
1402 5459 1441 5510 ibi
1453 5460 1571 5513 maiores
1582 5460 1836 5529 bellicosioresque,
1857 5478 1936 5528 quam
1948 5462 1975 5510 in
1988 5460 2031 5509 ln·

377 5529 427 5580 bus
437 5528 509 5581 haud
521 5528 577 5581 alio
590 5526 684 5590 modo,
704 5540 785 5596 quam
797 5528 901 5581 insulas
913 5528 991 5580 mari.
1027 5531 1105 5583 lnfra
1125 5532 1174 5584 de·
1228 5531 1283 5594 dia,
1294 5529 1372 5598 gigni
1383 5528 1512 5595 scripsit:
1532 5529 1728 5598 Megasthenes
1740 5531 1851 5583 flumine
1863 5528 1963 5592 diuidi,
1985 5529 2028 5579 in-
