4368 6008
365 281 427 339 294
499 279 530 335 c.
564 276 708 336 Pilati
732 270 932 334 sacuam
971 273 1134 334 aaron
1173 268 1357 335 HISTOR.
1395 271 1480 333 ata.
1508 268 1643 331 XMV.
1683 266 1769 330 CAP
1801 274 1917 334 ra-ot.

366 440 495 480 maneos.
531 424 609 476 later
620 422 829 486 medicamenta,
850 424 1171 491 quaestypticarocant,

368 495 441 552 uihli
453 493 593 547 efficacias
612 493 674 544 rubi
694 508 773 544 arara
782 492 898 544 ferentis
909 493 1004 546 radice
1014 493 1130 546 ιιιοιιι
1141 495 1169 545 ia

369 569 435 619 rino
448 563 483 617 nd
495 563 596 617 tertias
608 568 710 628 partes,
723 569 753 612 ut
764 562 925 614 colluantur
933 579 967 615 en
981 564 1037 613 oris
1047 561 1169 624 hulcera,

372 634 486 690 etsedis
503 633 663 685 foveantur:
686 638 821 697 tantoque
840 635 882 684 ris
906 638 959 694 est,
981 639 1012 685 ut
1033 633 1169 701 spongiae

370 708 450 775 ipsae
461 701 641 768 lapidescunt.
724 706 731 717 ’

405 770 529 826 Lxxtv.
548 770 673 820 Alterum
696 784 782 837 genus
792 768 855 821 rabi
866 774 917 830 est,
938 769 967 821 in
978 785 1032 837 quo
1043 784 1108 821 rosa
1118 786 1167 822 na·

370 845 465 897 scitur.
485 838 581 906 cignit
593 837 707 905 pilulam
720 845 866 890 castaneae
877 838 1007 901 similam,
1019 840 1169 906 praecipuo

370 910 494 966 remedio
506 907 664 960 calculosis.
692 907 756 958 atta
765 912 808 960 ast
818 906 1003 973 cynorrhoda,
1015 924 1095 975 quum
1109 923 1171 974 pro·

370 983 447 1035 ximo
458 978 582 1030 dicemus
594 976 741 1028 volumine.
779 977 956 1041 cynosbaton
972 978 1023 1027 alii
1035 990 1170 1044 cynospa-

370 1060 444 1109 stoa,
464 1047 514 1099 alii
534 1052 734 1111 neurospaston
746 1052 862 1096 vocant:
884 1044 981 1096 folium
993 1043 1171 1098 habetresti·

371 1120 418 1187 gio
429 1115 549 1169 hominis
560 1114 661 1165 simile.
697 1113 764 1166 Fert
775 1121 803 1166 et
812 1129 892 1165 uram
905 1115 1022 1182 nigram,
1044 1116 1071 1165 in
1093 1115 1170 1165 cuius

370 1190 449 1242 acino
459 1198 571 1237 narrum
584 1183 677 1246 hahet,
687 1183 760 1234 unde
771 1192 968 1250 neurospastos
979 1184 1091 1235 dicitur.
1108 1183 1172 1234 Alia

371 1253 574 1321 ustacappari,
612 1268 674 1319 uam
696 1253 798 1305 medici
819 1253 993 1321 cynosbaton
1014 1250 1171 1319 appellare·

348 1342 351 1350 ’
370 1333 446 1379 runt.
482 1323 575 1375 liuius
589 1330 602 1373 t
621 1339 705 1391 yrsus
717 1322 751 1374 ad
763 1322 886 1374 remedia
896 1322 1001 1389 splenis
1012 1330 1040 1374 ιι
1048 1320 1170 1373 inflatio·

345 1392 350 1410 ¹
371 1412 430 1458 nes,
451 1392 580 1446 conditus
591 1407 626 1443 ex
637 1400 719 1444 aceto
732 1390 880 1442 manditur.
918 1394 1026 1443 licinus
1037 1391 1097 1444 eius
1108 1406 1171 1442 cum

370 1461 506 1518 mastiche
519 1460 587 1514 Chia
597 1461 842 1513 commanducatus
855 1467 1006 1529 espurget.

343 1540 369 1579 ⁴-
407 1533 551 1585 iioborum
573 1545 637 1582 rosa
656 1531 795 1597 alopecias
816 1545 877 1582 cam
894 1532 1018 1596 axungia
1035 1529 1170 1581 emendat.

371 1606 455 1657 iilora
465 1600 596 1667 capillum
615 1600 726 1667 tingunt
747 1615 808 1651 cnm
820 1600 984 1666 omphacino
997 1599 1070 1650 oleo.
1106 1599 1172 1649 Flos

371 1675 442 1724 mori
462 1685 512 1738 per
532 1684 636 1723 messes
658 1669 812 1737 colligitur.
850 1668 989 1720 candidus
1018 1668 1172 1735 pleuriticis

371 1742 537 1811 praecipuae
548 1740 658 1791 carino
669 1746 762 1806 putus,
778 1741 845 1792 item
858 1737 997 1791 coeliacis.
1034 1738 1126 1788 Radix
1138 1736 1173 1787 ad
1184 1760 1187 1767 =

372 1810 471 1865 tertias
493 1809 617 1870 decocta,
638 1808 731 1861 airum
752 1810 839 1870 sistit,
859 1814 887 1859 et
906 1807 1084 1873 sanguinem:
1105 1808 1172 1858 item

371 1880 468 1933 dentes
481 1879 601 1930 collutos
612 1877 738 1929 decocto.
775 1876 881 1930 Eodem
894 1891 977 1928 succo
990 1876 1173 1928 lorenturse·

351 1998 354 2009 ,
372 1950 415 2002 dis
427 1961 508 2016 atque
518 1945 684 2016 genitalium
695 1945 818 2000 hulccra.
855 1945 930 1997 Ciuis
949 1946 1067 1999 eradica
1079 1945 1170 2013 depri-

372 2020 523 2071 alituram.

350 2086 359 2131 l
406 2085 519 2139 LXXV.
537 2084 637 2139 idaeus
650 2086 735 2138 rubus
754 2084 911 2153 appellatas
922 2092 979 2147 eet,
1002 2083 1131 2150 qnoniam
1144 2085 1172 2135 in

371 2159 420 2210 ida
430 2172 484 2208 aon
495 2156 566 2207 alins
577 2156 711 2208 nascitur.
733 2156 882 2207 Estautenr
893 2155 1018 2207 tenerior
1028 2169 1061 2205 ac
1072 2152 1171 2214 nrincr,

372 2226 527 2280 rarioribus
538 2225 654 2277 ιιΙιιιιίι
664 2225 968 2289 innocentioribosquc,
980 2224 1031 2275 sub
1042 2224 1171 2274 arborum

296 2310 301 2319 ’
371 2295 607 2348 ambronasoeas.
643 2296 733 2346 liuius
753 2294 804 2345 ilos
818 2309 880 2347 cam
892 2293 975 2344 melle
986 2291 1127 2360 epiphoris
1137 2291 1172 2342 il-

373 2366 480 2425 linitur,
501 2371 530 2415 ot
546 2364 655 2431 ignibus
672 2364 773 2415 sacrisr
793 2360 1025 2429 stomachicisque
1045 2376 1081 2412 ex
1100 2376 1174 2427 aqua

353 2500 358 2543 j
372 2432 506 2555 Primum
516 2431 606 2485 datur.
644 2431 849 2486 caecantem
861 2438 994 2501 praeetat,
1007 2446 1078 2499 qaae
1088 2430 1174 2498 slpra

354 2548 358 2563 ,
396 2504 460 2555 icta.

354 2580 357 2593 '
408 2570 536 2625 cxxvi.
554 2570 630 2622 lntcr
641 2585 743 2638 genem
758 2571 890 2622 roborum
909 2570 1040 2623 rlranraos
1051 2569 1173 2637 appella·

373 2651 419 2694 tur
431 2658 447 2692 a
457 2639 588 2702 Graccis,
598 2639 745 2691 candidior
757 2647 784 2693 ct
794 2640 963 2694 fruticosior.
992 2641 1018 2692 is
1029 2640 1121 2701 floret,
1130 2653 1174 2690 ra·

372 2725 434 2763 mos
445 2722 578 2777 spargens
591 2711 676 2761 rectis
688 2710 802 2773 aculeis,
813 2724 882 2773 ιιοιι,
894 2716 925 2761 ιιι
936 2710 1032 2772 ceteri,
1043 2708 1172 2760 adriacis:

352 2796 355 2803 ⁴
373 2780 450 2833 foliis
461 2778 619 2830 maioribus.
657 2778 779 2831 Alterum
802 2793 889 2846 genas
908 2787 951 2832 est
970 2779 1109 2838 silcestre,
1129 2780 1170 2827 ai·

343 2854 357 2909 i
372 2851 458 2918 grius,
471 2854 499 2899 ot
509 2847 709 2913 (quadamtenus
720 2849 828 2900 rubeas.
848 2848 915 2899 Fert
924 2847 1009 2901 relati
1021 2846 1172 2915 folliculos.

370 2919 462 2972 liuius
473 2917 567 2969 radice
578 2915 729 2968 decortain
737 2929 809 2982 aqua
816 2916 1091 2974 armedicementnm,
1099 2915 1172 2977 quoni

370 2993 489 3039 vocatur
501 2985 627 3054 Lycium.
653 2984 754 3037 Serrren
765 2982 899 3037 secundas
910 2980 1007 3036 trahit.
1034 2981 1111 3033 Alter
1122 2980 1172 3032 iilo

372 3052 517 3107 candidior
532 3052 683 3119 adstringit
700 3055 799 3121 aragia,
821 3052 978 3118 refrigerat,
1001 3050 1172 3101 collectioni·

369 3124 422 3176 bus
433 3129 462 3173 ct
472 3119 634 3171 vulneribus
649 3120 896 3172 accommodatior.
932 3119 1014 3170 Folia
1028 3118 1170 3185 utriusque

370 3199 400 3245 ct
411 3188 497 3244 ceorla
508 3196 537 3242 ιι
548 3188 664 3242 dococta
672 3190 820 3241 illinuntur
831 3203 893 3239 cum
905 3188 978 3239 oleo.

405 3258 545 3314 cxxvii.
563 3258 682 3327 Lycium
705 3258 892 3328 praestantius
913 3274 928 3311 e
946 3256 1027 3323 spina
1044 3255 1105 3306 lieri
1116 3259 1172 3306 tra·

371 3332 451 3393 dunt,
468 3344 550 3397 quam
562 3336 590 3381 et
601 3329 795 3397 pyxacanthon
808 3325 966 3379 chironiam
979 3332 1087 3387 rocam,
1108 3340 1171 3391 qua-

371 3401 413 3453 los
436 3400 465 3450 ia
485 3399 587 3451 indicis
607 3401 755 3451 arboribus
776 3398 917 3459 diximus,
938 3397 1067 3462 quoniam
1088 3394 1170 3460 longe

371 3468 643 3535 praestantissimum
656 3468 833 3520 existimatur
845 3466 984 3529 indicum,
1010 3466 1171 3530 Coquuntur

371 3538 399 3586 ia
411 3549 483 3600 aqua
493 3537 547 3584 tusi
558 3536 638 3597 rami,
649 3537 824 3602 radicesque,
831 3551 955 3589 summae
965 3533 1172 3592 amaritudinis,

372 3618 456 3655 aereo
477 3616 543 3652 vase
561 3604 759 3667 pertriduum,
779 3607 1069 3672 iterumque-exemto
1085 3602 1171 3668 ligno,

372 3672 461 3725 donec
470 3668 560 3720 mellis
569 3670 726 3723 crassitudo
738 3676 794 3723 liat.
814 3672 991 3723 Adulteratur
1001 3671 1103 3723 uniaris
1114 3683 1172 3721 suc·

372 3740 421 3802 cis,
443 3738 529 3789 etiam
540 3752 662 3801 amurca,
683 3740 914 3792 uciellebuboio.
950 3740 1053 3805 Spuma
1068 3741 1128 3791 eius
1140 3754 1172 3790 ac

369 3810 423 3863 ssus
434 3805 545 3876 quidam
557 3807 701 3860 oculorum
714 3808 925 3860 medicamentis
941 3807 1062 3858 additur.
1098 3807 1171 3859 licii.

288 3884 295 3891 '
371 3893 426 3947 quo
439 3892 521 3929 socco
532 3876 630 3930 faciem
642 3885 751 3947 purgat,
762 3884 790 3929 et
802 3891 899 3944 psoras
910 3883 1000 3938 ιιιιι,
1014 3890 1111 3926 erosos
1122 3891 1170 3926 an·

371 3950 453 4019 gulos
465 3947 625 4010 oculorum,
645 3956 806 4013 veteresque
817 3946 964 4009 fluxiones,
985 3959 1066 3997 aures
1088 3961 1169 4011 puru-

370 4019 470 4079 lentas,
481 4014 620 4079 ttrnssslas,
630 4018 767 4087 gingivas,
779 4017 886 4077 tussim,
894 4015 1037 4082 sauguinis
1048 4029 1171 4067 exscrea-

370 4089 473 4150 tiones,
486 4086 566 4139 fabao
577 4086 770 4154 maguitudino
782 4086 960 4138 devoratum:
973 4091 1022 4135 ιιιι
1032 4084 1056 4136 si
1067 4100 1101 4136 ιιι
1113 4084 1171 4134 rui-

370 4157 483 4211 nerihus
494 4154 570 4217 fluat,
583 4157 701 4209 illitum:
718 4156 865 4224 rhagadas,
876 4154 1038 4224 genitalium
1051 4153 1171 4217 hulcera,

370 4230 502 4288 attritus,
524 4225 640 4278 hulcera
656 4227 788 4289 recentia,
808 4233 836 4277 et
857 4225 1007 4292 serpentia,
1030 4239 1062 4276 ac
1079 4232 1171 4290 potra-

371 4298 487 4348 sceotia.
521 4296 551 4346 ln
563 4297 675 4347 naribos
687 4296 790 4358 claras,
802 4297 1025 4362 suppurationes
1060 4294 1171 4346 Bibitur

371 4368 427 4414 eta
438 4363 602 4416 mulieribus
613 4367 641 4416 in
654 4367 726 4420 lacte
737 4373 835 4418 contra
844 4364 986 4431 profluvia.
1020 4364 1108 4415 ludici
1119 4362 1170 4414 dif-

371 4429 502 4493 ferentia,
520 4433 609 4500 glebis
620 4436 793 4487 extrinsecus
806 4434 902 4501 nigris,
925 4435 998 4486 latos
1010 4434 1092 4495 ruiis,
1109 4448 1168 4485 cum

370 4497 500 4565 fregeris,
521 4501 579 4553 clio
590 4505 818 4572 nigrescentibus.
857 4503 1014 4569 Adstringit
1024 4502 1169 4555 vehemen-

371 4575 417 4619 ter
439 4582 501 4619 com
522 4573 715 4625 amaritudine.
752 4573 793 4625 Ati
809 4572 904 4625 cadem
926 4573 1019 4623 omnia
1035 4572 1169 4632 milassi,

371 4636 420 4688 secl
433 4638 578 4757 p‘raecipne
589 4641 624 4690 ad
636 4641 779 4709 genitalia.

365 4726 371 4765 t
407 4702 431 4755 L
460 4705 559 4757 livill.
578 4707 649 4760 Sunt
669 4714 713 4777 qui
733 4717 762 4762 ιι
782 4710 966 4763 sarcocollam
984 4708 1170 4776 spinaciacri·

371 4787 444 4825 nram
466 4780 573 4839 putent,
593 4778 690 4841 pollini
712 4779 803 4833 thuris
818 4780 948 4841 similem,
968 4795 1031 4830 cuni
1050 4778 1167 4844 quadam

1257 424 1371 479 LXXX.
1390 418 1444 477 llis
1454 417 1633 475 subtexemus
1644 435 1687 484 ea,
1703 434 1775 488 quae
1785 418 1885 474 Graeci
1897 436 2022 476 οιιιιιιι·

1222 496 1363 548 nicotiana
1374 493 1515 545 anatinam
1527 492 1556 542 ln
1568 491 1701 557 ambiguo
1720 489 1825 554 fecere,
1847 505 1918 545 auae
1944 494 2024 546 erio

1222 581 1284 618 rum
1295 571 1395 618 esseut.

1258 632 1445 700 Charrrtsedrys
1457 630 1544 682 herba
1554 636 1607 693 ιιι,
1626 640 1698 694 quac
1709 625 1811 681 Latine
1827 631 1939 695 trixago
1950 628 2055 681 dici-⁴·

1223 710 1279 755 tor.
1302 703 1394 770 Aliqui
1405 717 1467 754 eam
1478 698 1703 763 chaoraeropenr,
1715 698 1764 748 alii
1775 699 1915 750 Teucrion
1927 698 2025 766 appel·

1223 774 1325 824 lavere.
1366 771 1447 822 Folia
1458 769 1541 821 habet
1550 766 1743 835 magnitudine
1755 776 1872 829 uraniae,
1885 768 1984 820 colore
1996 773 2024 819 ιι

1223 842 1347 892 dirisura
1358 853 1484 906 quereus.
1513 838 1567 889 Alii
1579 842 1724 909 serratam,
1734 844 1763 887 ιι
1774 836 1808 891 ab
1821 852 1855 888 ea
1863 852 1969 888 serram
1981 837 2025 887 ia·

1223 919 1333 962 ventam
1343 924 1407 961 csse
1417 909 1523 969 disere,
1534 905 1603 963 tiore
1615 921 1702 972 paene
1715 920 1861 973 purpureo.
1890 907 2024 973 Carpitur

1224 994 1378 1047 praegnans
1389 991 1471 1029 succo
1482 977 1509 1027 ia
1521 974 1967 1043 petrosis,adrcrsusscrpentium
1981 992 2025 1029 ιι·

1224 1065 1295 1100 nana
1315 1054 1382 1114 pinu
1403 1046 1529 1110 illituquc
1550 1044 1759 1107 efficacissimae
1783 1045 1851 1096 item
1868 1044 2024 1107 stomacho,

1224 1117 1296 1169 tussi
1307 1121 1445 1174 uetustae,
1455 1114 1574 1179 pituitae
1584 1115 1613 1163 in
1624 1113 1691 1181 gula
1702 1112 1918 1175 cohaerescenti,
1924 1117 2023 1181 ruptis,

1224 1185 1372 1247 convulsis,
1382 1184 1479 1235 lateris
1490 1181 1643 1234 doloribus.
1679 1182 1793 1233 hisnem
1804 1185 1951 1244 consumit,
1963 1184 2021 1235 uri·

1224 1270 1286 1307 nam
1300 1263 1328 1306 et
1339 1268 1447 1306 aienses
1458 1253 1520 1303 ciet.
1556 1253 1598 1304 0b
1609 1251 1638 1302 id
1650 1250 1851 1318 incipientibus
1861 1249 2022 1320 hydropicis

1225 1325 1332 1388 efficax,
1354 1322 1529 1374 manualibus
1548 1323 1642 1387 scopis
1664 1321 1724 1371 eius
1747 1322 1776 1372 in
1798 1323 1888 1373 tribus
1904 1320 2020 1373 beminis

1225 1409 1313 1461 aquae
1324 1393 1457 1444 decoctae
1467 1405 1554 1459 usque
1567 1391 1602 1442 ad
1614 1392 1721 1442 tertias.
1758 1390 1876 1443 Faciunt
1887 1399 1917 1442 et
1927 1391 2020 1457 pastil-

1224 1464 1278 1525 los,
1288 1467 1410 1515 terentes
1422 1476 1482 1513 eam
1496 1476 1529 1512 ex
1542 1475 1622 1528 aqua,
1633 1459 1669 1510 ad
1678 1474 1762 1526 supra
1774 1460 1858 1512 diets.
1895 1458 1981 1511 Sanat
1991 1468 2020 1512 et

1225 1533 1356 1593 vomicas,
1376 1537 1406 1583 et
1421 1538 1516 1582 vetera
1536 1529 1657 1591 hulccra,
1680 1530 1724 1580 rei
1734 1529 1848 1581 sordida
1859 1543 1920 1580 com
1931 1529 2019 1582 melle.

1224 1602 1271 1654 Fit
1282 1608 1310 1653 et
1321 1602 1413 1652 ninum
1426 1614 1461 1651 ox
1472 1615 1506 1651 ea
1518 1600 1640 1667 pectoris
1650 1598 1738 1649 ritiis.
1767 1599 1911 1650 Foliorum
1923 1613 2019 1650 succus

1225 1687 1286 1723 cunr
1299 1670 1363 1723 oleo
1374 1669 1523 1737 caliginem
1535 1668 1676 1720 oculorum
1690 1667 1815 1720 discutit.
1844 1667 1886 1719 Ad
1896 1667 2018 1735 splenem

1226 1756 1258 1793 ιιι
1272 1748 1353 1793 ιιιιο
1364 1741 1492 1790 sumitur.
1529 1736 1687 1789 Ercalfacit
1699 1736 1890 1804 perunctione.

1231 1826 1236 1855 ι
1259 1809 1384 1862 Lxxxr.
1406 1806 1636 1877 chamaedaphne
1648 1808 1727 1859 unico
1739 1805 1848 1858 ranruio
1859 1806 2050 1867 est,cubita·4‹

1225 1880 1246 1931 li
1267 1879 1339 1931 iore:
1363 1876 1434 1928 folia
1455 1877 1583 1928 tenuiora
1602 1876 1674 1926 lauri
1691 1876 1770 1929 folio.
1807 1874 2018 1927 Seniearubcns

1225 1948 1354 1999 adnisum
1367 1945 1442 1997 foliis
1454 1946 1572 1997 illinitur
1582 1946 1683 2011 capitis
1695 1942 1841 1998 doloribus
1849 1957 1954 1995 recens.
1972 1946 2018 1997 Ar·

1226 2018 1307 2069 dores
1318 2015 1480 2083 refrigerat:
1492 2015 1528 2067 ad
1537 2016 1658 2066 tormina
1668 2030 1728 2065 curn
1738 2015 1800 2065 rino
1811 2014 1926 2066 bibitur.
1945 2016 2018 2067 Men·

1225 2102 1270 2140 ses
1281 2100 1378 2138 succus
1389 2085 1459 2148 eius,
1472 2092 1500 2136 et
1513 2085 1621 2136 urinam
1631 2088 1685 2137 ciet
1698 2091 1774 2151 poto,
1786 2090 1935 2151 partusque
1948 2083 2017 2136 dilli-

1224 2157 1293 2208 ciles
1306 2156 1335 2206 in
1346 2155 1412 2206 lana
1423 2155 1578 2220 appositus.

1216 2232 1242 2271 ι
1260 2224 1397 2277 cxxxii.
1410 2222 1794 2276 chamelaeusimilitudinem
1804 2222 2046 2287 foliorumoleae†

1225 2295 1317 2347 habet
1342 2293 1412 2344 Sunt
1423 2301 1515 2345 autem
1529 2308 1632 2353 ιιιιιιιι,
1643 2292 1771 2355 odorata,
1782 2293 1808 2342 in
1820 2293 1950 2358 petrosis,
1960 2291 2017 2359 pal·

1225 2379 1298 2417 mom
1310 2361 1459 2415 altitudine
1472 2378 1526 2413 noa
1539 2361 1698 2415 excedente.
1732 2363 1828 2413 Alrnm
1842 2368 1953 2429 purgat:
1975 2362 2018 2414 tle·

1225 2432 1313 2486 trahit
1324 2433 1454 2498 pituitam
1465 2431 1605 2499 bilemque
1617 2451 1623 2482 z
1645 2430 1722 2482 foliis
1733 2433 1760 2481 in
1772 2430 1879 2481 duabus
1890 2430 2019 2483 absinthii

1262 2504 1349 2554 rtibus
1363 2502 1494 2565 decoctis,
1505 2516 1642 2567 succoque
1654 2516 1687 2552 eo
1698 2515 1760 2553 cam
1772 2499 1853 2551 melle
1864 2507 1940 2567 poto.
1967 2501 2018 2553 Fe·

1237 2574 1273 2625 iis
1290 2572 1428 2638 impositis
1445 2570 1600 2623 ethulcera
1613 2577 1776 2639 purgantur.
1812 2570 1903 2629 Aiunt,
1924 2570 2019 2635 siquis

1225 2650 1289 2695 anto
1300 2641 1374 2693 Solis
1384 2648 1476 2693 ortum
1488 2656 1549 2692 enar
1560 2642 1669 2707 capiat,
1689 2640 1818 2705 dicatque
1830 2639 1864 2691 ad
1877 2639 2020 2705 albugines

1226 2711 1371 2765 oculorum
1390 2726 1421 2762 se
1442 2726 1551 2777 capere,
1571 2710 1723 2774 adalligata
1744 2709 1849 2760 discuti
1867 2708 1894 2758 id
1907 2710 2020 2759 risioni:

1226 2794 1336 2849 quoquo
1349 2778 1433 2830 arado
1445 2794 1510 2839 rpro
1520 2778 1667 2830 collectam
1679 2778 1866 2828 iumentorum
1880 2792 2021 2844 pecorum·

1226 2865 1278 2918 que
1289 2847 1379 2896 aculis
1390 2848 1541 2894 salutarem
1553 2861 1623 2892 ease.

1220 2936 1234 2981 q
1260 2912 1410 2966 cxxxiii.
1429 2909 1615 2976 chamaesyce
1626 2907 1710 2958 lentis
1721 2906 1791 2959 folia
1802 2907 1900 2972 habet,
1913 2912 1983 2965 nihil
1993 2929 2021 2966 se

1225 2982 1396 3043 attollentia,
1408 2981 1436 3033 in
1449 2980 1534 3033 aridis
1545 2978 1720 3045 petrosisque
1731 2991 1855 3029 nascens.
1894 2981 2021 3035 claritati

1225 3053 1379 3113 omniorum,
1389 3058 1418 3103 ct
1428 3056 1526 3103 contra
1535 3046 1699 3100 suffusiones
1710 3047 1901 3108 utilissimaet
1914 3051 2022 3103 cicatri»

1226 3138 1280 3186 ces,
1289 3121 1433 3189 caligines,
1443 3120 1593 3172 nubeculas
1603 3117 1630 3167 in
1641 3116 1705 3167 vino
1717 3115 1936 3178 cocta,‘muncta.
1956 3121 2023 3174 liul-

1224 3206 1277 3244 rae
1297 3190 1409 3241 dolores
1427 3190 1509 3242 sedat
1529 3187 1657 3255 apposita
1676 3186 1706 3236 ia
1726 3185 1853 3237 linteolo.
1883 3188 1974 3240 Tollit
1994 3198 2022 3242 et

1224 3273 1356 3313 verrucas
1377 3254 1736 3327 omniumgeaerumillita.
1764 3253 2021 3311 Prodestetortlro

1244 3345 1340 3381 noscis.

1224 3345 1412 3451 PLxxxtv.
1431 3394 1641 3448 Chamaoeissos
1662 3395 1768 3462 spicata
1778 3400 1822 3445 est
1832 3392 1919 3445 tritici
1929 3395 2059 3458 moda*-

1224 3467 1340 3520 ramulis
1352 3466 1443 3532 quiuis
1454 3464 1524 3528 fere,
1536 3465 1656 3518 foliosa:
1676 3480 1738 3516 cum
1754 3461 1843 3523 floret,
1866 3463 2021 3516 existimari

1224 3544 1319 3604 potest
1334 3534 1399 3589 alba
1409 3535 1494 3598 riola,
1505 3534 1599 3586 radice
1609 3535 1702 3585 tenui:
1724 3533 1800 3584 cuius
1811 3532 1908 3582 bibunt
1919 3532 2020 3584 ischia·

1224 3607 1279 3659 dici
1298 3605 1368 3657 folia
1387 3605 1477 3656 tribus
1490 3603 1593 3666 obolis,
1616 3605 1642 3654 ia
1653 3603 1709 3653 rini
1731 3598 1839 3670 cyathis
1852 3601 1961 3654 duobus
1972 3601 2021 3656 vti

1225 3674 1331 3736 diebus,
1347 3673 1496 3725 admodum
1507 3687 1601 3724 antara
1612 3673 1734 3739 potione.
1843 3676 1853 3685 ·

1223 3756 1237 3785 ³
1258 3739 1399 3795 LXXXV.
1418 3741 1638 3809 chamaeleucen
1651 3740 1723 3808 opud
1738 3754 1788 3791 nos
1801 3737 1945 3801 farfarum,
1964 3738 2020 3792 sire

1224 3812 1376 3878 farfugium
1388 3819 1499 3861 vocant.
1534 3813 1666 3877 lt'ascitur
1676 3825 1755 3863 secus
1767 3808 1874 3871 fluvios,
1895 3808 1963 3860 folio
1977 3822 2020 3876 po·

1225 3882 1292 3949 puli,
1313 3879 1364 3932 sed
1380 3880 1523 3947 ampliore.
1561 3881 1652 3933 Radix
1663 3878 2021 3946 eiusimponiturcarbeni-

1223 3953 1275 4003 bus
1287 3949 1417 4017 cupressi,
1438 3956 1523 4018 atquo
1538 3952 1562 4002 is
1582 3949 1662 4003 nidor
1672 3964 1723 4018 per
1734 3948 1933 4002 infurnibulum
1944 3946 2021 3998 imbi-

1223 4023 1301 4074 bitur
1315 4020 1344 4070 in
1355 4023 1450 4072 vetere
1462 4019 1544 4070 tussi.
1813 4050 1817 4057 ·

1222 4090 1232 4135 l
1259 4087 1411 4141 LXXXVl.
1431 4086 1638 4156 chamaepeuce
1648 4088 1729 4141 larlci
1740 4087 1820 4140 foliis
1831 4085 1939 4149 similis,
1950 4088 2019 4136 lum·

1224 4159 1321 4210 horum
1335 4164 1364 4210 ιι
1373 4158 1469 4225 spinae
1481 4158 1626 4210 doloribus
1638 4160 1752 4226 propria
1763 4164 1813 4211 cst.

1261 4227 1544 4295 Chamaecyperissos
1559 4228 1647 4281 herba
1668 4244 1702 4281 es
1714 4229 1777 4279 rino
1789 4233 1855 4295 pota
1867 4232 1965 4277 contra
1974 4239 2019 4276 re·

1225 4314 1296 4352 uena
1308 4301 1477 4364 serpentium
1490 4300 1612 4350 omnium
1623 4302 1857 4365 scorpionumque
1868 4294 1964 4361 pollet.

1226 4400 1241 4429 ,
1258 4368 1479 4437 Ampeloprason
1489 4369 1519 4419 ia
1531 4368 1631 4419 riaetis
1642 4370 1775 4430 nascitur,
1795 4366 1873 4415 taliis
1884 4363 1969 4431 porri,
1979 4366 2052 4412 ra*

1225 4437 1382 4505 etugraris.
1400 4440 1506 4489 contra
1517 4440 1686 4504 serpentium
1699 4438 1772 4489 ictus
1786 4438 1891 4485 cilicas.
1912 4430 2021 4482 Urinam

1224 4514 1253 4560 ιι
1264 4522 1371 4559 menses
1383 4507 1451 4558 ciet:
1462 4508 1623 4572 eruptiones
1634 4522 1683 4557 saa
1706 4506 1776 4555 uinis
1790 4514 1838 4570 per
1849 4501 1974 4570 genitale
1983 4503 2023 4552 iu·

1223 4573 1301 4626 hibet
1313 4582 1407 4642 potum
1428 4575 1650 4642 impositumque.
1714 4581 1778 4624 ntur
1798 4580 1826 4623 et
1842 4587 1858 4621 a
1869 4580 2022 4637 partumu·
2116 4602 2121 4613 ·

1223 4645 1347 4705 lieribus,
1360 4650 1388 4695 ιι
1399 4651 1498 4695 contra
1508 4646 1583 4696 cauis
1594 4656 1727 4694 morsum.

1223 4748 1229 4755 ·
1257 4714 1301 4765 Ea
1312 4727 1421 4781 quoque
1433 4727 1503 4778 qaae
1512 4709 1591 4763 stach
1613 4716 1762 4767 crocatur,
1773 4705 1848 4772 porri
1862 4703 2021 4761 similitudi·
2040 4708 2055 4745 ι

1222 4796 1285 4834 nem
1298 4780 1392 4843 habet,
1403 4781 1575 4849 longioribus
1599 4778 1665 4829 oliis
1676 4775 1864 4843 pluribusque,
1886 4783 1914 4825 et
1927 4778 2023 4829 odoris

372 4841 524 4893 acrimonia
535 4843 653 4908 dulcem,
666 4863 846 4914 gnmmosam.
865 4849 933 4900 cunr
943 4851 1008 4899 rino
1021 4855 1085 4898 lusa
1093 4846 1170 4898 sistit
1221 4850 1344 4914 iucundi,
1354 4848 1510 4917 colorisque
1521 4850 1548 4900 in
1560 4848 1664 4899 luteum
1677 4843 1813 4898 inclinati.
1849 4843 1935 4897 Pellit
1947 4861 2021 4901 men·

372 4908 523 4962 homones:
546 4911 668 4966 illinitur
684 4917 845 4970 infantibus.
883 4919 1030 4972 Vetustate
1053 4924 1082 4969 ct
1101 4914 1169 4968 haec

372 4980 491 5032 marimo
502 4980 651 5047 nigrescit:
675 4985 783 5047 melior,
794 5003 849 5052 quo
860 4987 1015 5039 candidior.

407 5048 534 5101 cxxix.
555 5050 644 5102 Unum
659 5052 811 5104 etiamnum
823 5056 953 5107 arborum
966 5054 1109 5107 medicinis
1120 5052 1167 5107 tle·

371 5120 455 5171 aemr
466 5119 561 5170 nobile
572 5119 814 5181 medicamentum,
834 5126 907 5190 quod
920 5126 1052 5192 oporicen
1063 5130 1169 5177 cocant.

371 5188 418 5240 Fit
428 5187 463 5239 ad
474 5188 668 5256 dysentericus
678 5189 869 5258 stomachique
879 5197 992 5256 ritia,in
1002 5197 1101 5265 congio
1112 5209 1170 5245 mo·

370 5258 410 5311 sti
422 5257 488 5321 albi,
500 5258 576 5312 leuto
589 5273 691 5326 tepore
703 5257 829 5311 decoctis
841 5265 967 5315 cotoneis
977 5266 1097 5335 quinque
1109 5254 1168 5316 cum

372 5330 431 5379 suis
439 5329 600 5391 serninibus,
610 5328 723 5381 Punicis
732 5326 860 5391 totidem,
879 5332 1025 5385 sorborum
1037 5335 1170 5396 sextario,

371 5400 474 5463 etpari
494 5414 622 5453 mensura
643 5399 705 5452 eias
725 5396 800 5465 quod
821 5398 1039 5468 rhanSyriacon
1053 5410 1171 5465 uocant,

369 5468 607 5588 xplclii'semuucia.
645 5469 780 5538 coquitur
799 5483 888 5536 usque
908 5469 942 5521 ad
958 5472 1170 5526 crassitudinem

1222 4926 1426 5040 οἱἜξιιιίχιιιι.
1446 4983 1641 5052 clinopodiou,
1665 4982 1716 5035 aiii
1732 4980 1896 5045 cleonicion,
1917 4984 2023 5038 aliiae

1224 5070 1324 5126 pyron,
1345 5056 1394 5107 alii
1405 5054 1567 5123 ocymoides
1582 5053 1738 5118 appellant,
1756 5052 1882 5120 serpyllo
1895 5052 2025 5115 similem,

1222 5125 1405 5195 surculorum,
1426 5124 1510 5192 palari
1525 5122 1687 5177 altitudine:
1711 5123 1836 5175 nascitur
1855 5122 1883 5172 iu
1895 5121 2023 5189 petrosis,

1224 5194 1381 5249 orbiculato
1402 5194 1532 5246 toucnnn
1554 5193 1670 5256 ambito,
1691 5193 1814 5259 speciem
1836 5191 1902 5243 lecti
1923 5190 2022 5258 periura

1222 5267 1366 5333 praebens.
1402 5265 1512 5317 Bibitur
1525 5262 1559 5315 ad
1576 5261 1716 5325 convulsa,
1727 5267 1819 5328 rupta,
1840 5260 2023 5328 strangurias,

1223 5331 1860 5458 ⁸effffi‘h'ahituhuddegrlhltechhcdduh’hechia
1879 5397 2022 5451 mirabiles

1261 5475 1342 5538 idem,
1352 5473 1402 5527 sed
1414 5438 1505 5524 minus
1516 5440 1614 5533 cieras,
1631 5470 1772 5525 nobilibus
1782 5470 1811 5520 in
1822 5468 1967 5536 sequentia
1976 5482 2025 5519 re·

1236 5543 1442 5597 aminadlletis.
1461 5539 1664 5599 centunculum
1676 5548 1779 5595 rocaat
1791 5538 1889 5601 uoetri,
1899 5536 1975 5590 foliis
1984 5532 2022 5591 etl
2050 5548 2062 5567 *
