4330 6014
366 349 408 407 66
495 344 527 404 C.
568 343 716 403 PLlNli
761 338 964 400 SECUNDl
1008 332 1175 396 NATUB.

380 474 391 489 ’
400 492 448 544 Vi.
467 491 588 548 Achaiae
603 504 706 541 nomen
717 485 877 553 provinciae
888 486 922 536 ab
933 483 1038 536 isthmo
1048 483 1161 549 incipit:

367 566 450 614 autea
459 561 588 629 Aegialos
600 558 876 618 recabatur,propter
886 554 967 605 urbas
980 554 1007 603 in
1019 553 1101 602 litore
1113 566 1163 618 per

369 630 493 681 ordinem
513 629 671 693 dispositas.
700 623 810 673 Primae
821 622 869 684 ibi,
885 637 952 689 quas
962 622 1089 683 diximus,
1112 620 1163 670 Le·

367 697 451 750 cheae
463 694 668 749 Corinthiorum
681 697 785 755 portus.
808 692 875 740 Mox
886 690 987 740 Oiuros
999 689 1161 739 Pellenaeo·

368 783 429 819 rum
441 766 591 817 castelium.
619 757 739 824 Oppida:
763 758 866 819 Helice,
882 758 970 808 Bura:
992 760 1018 807 in
1032 772 1101 822 quae
1119 771 1161 807 re·

368 834 478 901 ingere,
499 831 601 880 haustis
623 828 769 892 prioribus,
789 826 901 893 Sicyon,
919 826 1028 892 Aegira,
1047 828 1163 892 Aegion,

366 904 492 953 Erineos.
510 900 586 949 intus
598 895 726 956 Cleonae,
739 896 851 960 ilysiac.
878 893 1046 945 Panhormus
1057 900 1164 958 portus,

367 970 639 1030 demonstratumque
659 966 715 1013 iarn
731 961 845 1012 Rhium:
867 978 949 1029 aquo
971 963 1163 1027 promuntorio

367 1037 485 1104 quinque
497 1035 535 1084 M.
548 1048 619 1097 pass.
632 1032 731 1083 absunt
748 1030 855 1092 Patrae,
879 1046 945 1097 quas
960 1046 1044 1096 supra
1062 1045 1164 1081 memo·

365 1106 497 1156 ravimus:
510 1101 588 1152 iocus
600 1099 712 1152 Pherae.
732 1102 761 1150 in
772 1099 884 1161 Achaia,
895 1101 932 1150 iX
943 1099 1076 1150 orontium
1088 1099 1163 1149 Seio-

366 1187 430 1225 essa
440 1170 612 1231 notissimus,
632 1168 694 1219 iens
705 1167 868 1235 Cymothoe.
888 1168 967 1218 Ultra
980 1166 1164 1233 Patrasoppi·

367 1241 432 1295 dum
442 1236 568 1301 Olenum,
580 1237 690 1289 colonia
699 1238 803 1303 Dyme:
822 1237 893 1297 ioca,
904 1236 1079 1302 Buprasium,
1089 1236 1163 1301 Hyr-

366 1311 456 1363 mine:
476 1307 696 1375 promontorium
708 1308 835 1367 Araxum,
856 1304 986 1371 Cyllenes
996 1306 1080 1365 sinus,
1103 1318 1165 1369 pro·

365 1382 534 1431 momerium
551 1374 736 1427 Chelonates:
758 1374 830 1425 unda
841 1374 973 1439 Cyllenen
993 1375 1113 1440 quinque
1124 1373 1163 1423 Μ.

316 1488 320 1495 .
366 1464 439 1568 ppss.
450 1445 595 1564 cad'tetflum
605 1442 709 1562 Pthiaiup.
728 1443 803 1524 Quae
814 1443 892 1509 regio
903 1444 936 1493 ab
947 1444 1070 1494 Homero
1081 1443 1165 1493 Arae·

366 1525 378 1567 t
419 1532 466 1567 rea
495 1530 556 1574 ica,
588 1528 647 1564 ose
676 1527 782 1577 .soprs.

397 1534 466 1635 {nde
486 1529 610 1632 Eliordm
628 1595 713 1646 ager,
736 1580 781 1646 qui
803 1585 884 1631 antea
901 1579 1164 1646 Epeivocabantur:

365 1657 426 1721 ipsa
436 1652 496 1703 Elis
506 1653 533 1701 in
546 1649 758 1709 mediterraneo,
770 1655 798 1700 et
809 1664 826 1698 a
837 1649 906 1715 Pylo
919 1648 970 1699 Xii
981 1649 1020 1699 Μ.
1032 1663 1161 1713 passuum

365 1727 440 1773 intus
451 1719 595 1771 delubrum
607 1718 731 1785 Olympii
742 1719 825 1778 iovis,
845 1716 973 1777 ludorum
985 1716 1113 1769 claritate
1123 1715 1164 1766 ia·

365 1798 424 1842 stos
435 1788 569 1839 Graeciae
585 1787 767 1853 complexum.
795 1785 954 1838 Pisacorom
966 1786 1104 1851 quondam
1116 1799 1164 1849 op-

364 1859 469 1925 pidum,
479 1855 649 1922 praefluente
658 1854 763 1921 Alpheo
777 1871 866 1907 amne.
892 1855 965 1905 Atia
978 1870 1027 1906 ora
1038 1869 1164 1921 paroman-

365 1929 468 1978 torium
480 1923 601 1992 ichthys.
629 1925 722 1975 Amnis
739 1922 858 1989 Alpheus
879 1925 1025 1988 navigatur
1047 1922 1081 1973 Vi
1093 1937 1164 1987 pass.

364 1996 433 2047 mill.
453 2009 539 2060 propa
559 1993 669 2060 oppida,
689 1993 803 2053 Aulona,
813 2000 842 2043 et
853 1992 983 2057 Lepsios.
1002 1990 1165 2042 Promonto-

365 2068 435 2116 rium
446 2060 626 2115 Platanodes:
648 2061 740 2111 onmia
753 2060 819 2111 haec
830 2060 864 2111 ad
877 2075 1003 2111 occasum
1014 2075 1103 2111 versa.

400 2133 460 2185 Vll.
470 2131 511 2182 Atl
522 2131 663 2182 meridiem
673 2136 764 2180 autem
773 2129 949 2197 Cyparissius
960 2129 1036 2178 sinus
1048 2143 1110 2180 curn
1121 2143 1164 2179 ur·

364 2204 400 2255 be
410 2203 557 2268 Cyparisso
573 2199 674 2250 LXXii
687 2198 804 2248 millium
819 2213 945 2264 passuum
956 2198 1082 2248 circuitu.
1110 2198 1164 2263 Op·

365 2271 438 2339 pido,
458 2270 550 2336 Pylos,
570 2266 715 2319 Methone:
733 2266 812 2316 iocus
830 2266 924 2327 Helos,
946 2265 1164 2332 promontorium

365 2342 485 2392 Acritas:
506 2339 583 2389 sinus
594 2337 736 2397 Asinaeus,
746 2335 780 2386 ab
792 2335 895 2402 oppido
907 2338 996 2395 Asine,
1007 2336 1164 2385 Coronaeus

365 2409 506 2461 aCoroae.
524 2406 808 2457 FiniunturTaenaro
819 2405 1019 2471 promontorio.
1037 2402 1164 2469 ibiregio

364 2476 504 2528 Messenia
525 2474 717 2541 duodeviginti
736 2475 879 2525 montium.
913 2474 1007 2523 Amnis
1028 2471 1164 2523 Pamisus.

364 2546 442 2597 lutus
454 2549 546 2595 autem
560 2543 621 2609 ipsa
637 2542 773 2594 Messene.
800 2541 915 2603 Ithome,
939 2540 1080 2603 Oechalia,
1100 2544 1165 2591 Are·

364 2630 409 2675 na,
430 2613 553 2675 Pteleon,
573 2611 698 2679 Thryon,
717 2610 834 2672 Dorion,
856 2611 964 2671 Zancle,
983 2610 1069 2660 variis
1091 2609 1165 2660 clara

364 2682 546 2748 temporibus.
573 2681 664 2732 Huius
684 2680 759 2730 sinus
774 2679 907 2731 circuitus
922 2678 1028 2730 LXXX
1041 2678 1081 2730 Μ.
1091 2692 1164 2745 pass.

364 2753 576 2803 traiectusrero
587 2749 667 2800 XXX
685 2748 724 2800 Μ.

399 2819 471 2870 Viii.
491 2818 601 2870 Dehinc
620 2833 638 2869 a
653 2819 779 2869 Taenaro
798 2832 865 2885 ager
875 2816 1038 2879 Laconicus,
1058 2819 1165 2869 liberae

366 2889 469 2955 gentis:
490 2893 519 2940 et
539 2889 613 2938 sinus
636 2887 752 2938 circuitu
774 2888 833 2940 cri
851 2888 890 2938 Μ.
907 2888 1027 2939 traiectu
1046 2886 1165 2937 XXXIX

365 2957 434 3010 mill.
465 2957 584 3023 Oppida:
605 2957 775 3018 'Taenarum,
795 2957 936 3023 Amyclae,
952 2955 1073 3015 Pherae,
1093 2955 1165 3005 Leu-

366 3038 441 3077 ctra:
463 3032 491 3076 et
506 3027 579 3075 intus
601 3023 717 3087 Sparta,
733 3023 903 3089 Thesaurus:
925 3030 1008 3090 atque
1031 3023 1165 3075 ubiiuere

366 3092 543 3157 Cardamyle,
564 3089 696 3152 Pithone,
715 3091 853 3144 Anthana:
872 3093 964 3142 Lacus
975 3091 1098 3158 Thyrea,
1111 3090 1165 3142 Ge·

365 3161 451 3211 rania.
469 3160 550 3211 Mons
562 3162 719 3226 Taygetus:
742 3162 830 3212 anonis
846 3161 976 3219 Eurotas,
992 3161 1070 3209 sinus
1085 3159 1166 3224 Aegi-

365 3229 463 3288 lodes,
485 3227 615 3295 oppidum
633 3227 833 3280 Psammathus.
861 3228 942 3279 Sinus
958 3225 1112 3294 Gytheates
1131 3229 1164 3279 ab

366 3297 481 3363 oppido:
503 3311 538 3349 ex
552 3311 606 3362 quo
623 3296 657 3348 ad
668 3297 777 3349 Cretam
788 3297 906 3367 insulam
921 3297 1091 3348 certissimus
1102 3311 1164 3346 cur·

366 3381 421 3418 sus.
441 3367 544 3417 Omnes
554 3371 646 3418 autam
658 3365 765 3418 Maleae
777 3367 966 3431 promontorio
978 3366 1164 3416 includuntur.

401 3435 448 3487 iX.
468 3435 524 3497 oui
543 3437 670 3501 sequitur
684 3437 761 3484 sinus
776 3435 811 3484 ad
829 3432 998 3498 Scyllaeum,
1020 3433 1164 3497 Argolicus

367 3503 541 3568 appellatur,
568 3505 689 3553 traiectu
711 3503 913 3567 quinquaginta
934 3502 973 3551 M.
996 3515 1070 3566 pass.
1092 3499 1164 3548 idem

367 3572 472 3621 ambitu
484 3576 594 3621 centum
605 3570 752 3634 sexaginta
762 3570 878 3619 duorum
892 3568 1019 3618 millium.
1043 3566 1165 3632 Oppida:

367 3639 451 3697 lisca,
473 3636 628 3702 Epidaurus
649 3637 760 3688 Limera
780 3639 955 3705 cognomine,
981 3636 1083 3695 Zarex,
1112 3636 1164 3700 Cy-

366 3703 469 3770 phanta
478 3710 584 3768 portus.
601 3707 716 3756 Amnes:
728 3704 852 3767 inachus,
864 3707 1005 3765 Erasinus,
1014 3705 1085 3754 inter
1096 3718 1165 3768 quos

366 3776 454 3838 Argos
466 3773 598 3838 Hippiam
610 3774 840 3838 cognominatum,
851 3787 933 3838 supra
944 3773 1033 3824 locuni
1044 3771 1164 3833 Lernen,

367 3857 384 3892 a
394 3842 464 3891 rrrari
476 3840 583 3892 duobus
599 3841 638 3892 M.
650 3857 722 3907 pass.
743 3856 897 3906 novemque
913 3842 1016 3891 additis
1031 3840 1163 3903 millibus,

370 3910 515 3975 Mycenae:
535 3916 564 3960 et
583 3910 629 3960 ubi
645 3910 729 3959 luisse
745 3907 884 3974 Tiryntha
900 3910 1029 3960 tradunt:
1049 3916 1077 3960 et
1087 3910 1173 3960 iocus‘

367 3977 518 4029 Mantinea
536 3977 660 4028 Montes:
678 3977 827 4045 Artemius,
846 3978 1010 4041 Apesautus,
1026 3980 1163 4038 Asterion,

368 4046 521 4113 Parparus,
539 4045 642 4112 aliique
664 4043 790 4097 undecim
813 4060 934 4097 numero.
962 4047 1079 4098 Fontes:
1100 4048 1165 4098 Nio-

369 4118 418 4179 be,
435 4118 602 4180 Amymone,
619 4112 772 4166 Psamatbe.
800 4112 963 4180 AScyilaeo
981 4115 1016 4167 ad
1032 4114 1163 4168 isthmum

369 4184 519 4236 CLXXVii
539 4184 660 4249 M.pass.
697 4184 719 4233 O
740 4182 815 4248 pida:
837 4184 1000 4246 Hermione,
1021 4187 1164 4248 Troezen,

368 4252 586 4320 Coryphasiunr:
604 4200 824 4319 appeliadbmque
836 4252 905 4303 alius
917 4254 1074 4315 isachium,
1094 4255 1163 4306 alias

369 4320 494 4385 Dipsium
506 4324 601 4390 Argos.
630 4322 729 4373 Portus
739 4319 907 4382 Schoenitas,
921 4325 996 4373 sinus
1006 4322 1163 4384 Saronicus,

369 4389 434 4438 olim
456 4403 560 4454 querno
580 4405 693 4443 nemore
713 4390 869 4451 redimitus,
896 4391 1098 4456 undenorum
1123 4392 1164 4444 ita

369 4454 488 4506 Graecia
500 4458 615 4523 antiqua
628 4459 784 4524 appellante
794 4474 934 4524 quercum.
955 4462 983 4511 in
994 4475 1028 4511 co
1039 4461 1161 4527 Epidau·

368 4538 429 4574 rum
441 4525 582 4589 oppidum,
592 4527 747 4594 Aesculapii
759 4528 873 4580 delubro
881 4528 999 4580 celebre:
1018 4528 1160 4595 spiraeum

367 4596 597 4659 promontorium,
613 4596 871 4660 portusAnthedon,
890 4605 918 4648 et
929 4597 1117 4663 Bucephalus:
1133 4606 1162 4650 et

368 4674 435 4726 quas
447 4676 530 4727 supra
541 4658 708 4724 dixeramus,
729 4664 894 4727 Cenchreae,
910 4663 1006 4716 isthmi
1020 4681 1082 4732 pars
1094 4668 1162 4718 aite-

368 4743 400 4779 ra
409 4744 470 4780 cum
481 4728 597 4781 delubro
608 4729 737 4795 Neptuni,
748 4733 994 4798 quinquennalibus
1005 4736 1111 4802 inclyto
1122 4734 1162 4785 lu·

260 4832 266 4837 -
367 4796 418 4848 dis.
444 4800 501 4850 Tot
514 4799 591 4849 sinus
601 4797 785 4862 Peloponnesi
799 4814 875 4851 oram
889 4801 1037 4865 lancinant,
1053 4812 1097 4854 tot
1107 4819 1161 4854 rna·

367 4865 409 4918 ria
428 4865 568 4918 allatrant.
600 4864 740 4932 Siquidem
760 4881 778 4917 a
792 4872 988 4933 septemtrione
1003 4873 1107 4923 ionium
1124 4873 1162 4923 ir.

366 4936 488 4999 rumpit:
510 4935 544 4986 ab
565 4935 722 4995 occidente,
743 4933 837 4986 Siculo
852 4935 989 5001 pulsatur:
1008 4940 1162 5004 smeridie,

367 5002 478 5055 Cretico
495 5011 620 5071 urgetur:
643 5004 677 5054 ah
690 5002 798 5055 onesta
809 5003 949 5066 brumali,
970 5008 1099 5077 Aegaeo:
1127 5008 1162 5061 ab

367 5071 475 5122 oriente
492 5071 653 5132 solstitiali,
674 5072 803 5137 Myrtoo,
825 5071 898 5138 quod
910 5074 1079 5143 aMegarico
1095 5078 1164 5130 inei·

366 5138 445 5205 piens
455 5136 531 5202 sinu,
547 5144 634 5191 totam
646 5139 766 5191 Atticam
777 5141 865 5193 siluit.

400 5205 436 5259 X.
452 5206 660 5261 Mediterranea
675 5209 734 5259 eius
745 5209 992 5262 Arcadiamaxime
1007 5218 1093 5275 tenet,
1113 5230 1163 5266 un-

366 5273 448 5344 diquc
464 5291 481 5328 a
495 5276 564 5328 mari
577 5282 700 5331 remota:
713 5274 794 5329 initio
814 5278 978 5396 Drymodes,
995 5295 1059 5332 ιιιιιιι
1073 5282 1164 5335 Pelas-

366 5344 563 5413 gisappeliata.
581 5345 768 5412 Oppidaeius:
780 5347 850 5413 Psop
871 5347 903 5408 is,
913 5347 1066 5410 Mantinea,
1074 5352 1165 5418 Stym-

367 5411 490 5532 phalam,
499 5414 602 5481 Tegea,
616 5415 783 5495 Antigonea,
795 5413 1004 5475 Orchomenum,
1015 5416 1165 5500 Pheneum,

392 5482 540 5541 uiantium,
567 5482 640 5533 unde
659 5482 798 5535 Palatium
823 5485 938 5536 Rosiae:
964 5484 1163 5604 Megalopolis,

368 5548 503 5618 Gortyna,
518 5550 675 5615 BucoBum,
693 5553 823 5618 Carnion,
839 5552 997 5615 Parrhasia,
1032 5550 1164 5622 'helpusm

1218 328 1408 393 HISTOR.
1451 332 1535 391 LlB.
1557 331 1615 392 tv.
1659 330 1750 391 CAP.
1772 330 1883 388 6-13.

1216 482 1371 544 Melaenae,
1392 483 1516 544 Heraea,
1536 480 1620 547 Pyle,
1640 478 1768 539 Pallene,
1791 478 1889 544 Agros,
1908 476 2019 544 Epium,
2041 530 2047 539 ς

1217 550 1360 617 Cynaetha
1375 587 1384 613 ,
1397 550 1525 616 Lepreon
1546 548 1697 609 Arcadiae,
1717 544 1912 606 Parthenium,
1937 546 2021 611 Alea,

1216 617 1415 685 Methydrion,
1431 620 1544 685 Enispe,
1560 618 1716 678 Macistum,
1730 616 1844 682 Lampe,
1864 613 2019 679 Clitorium,

1217 688 1351 739 Cleonae:
1368 689 1443 739 inter
1453 704 1522 755 quae
1535 687 1588 737 duo
1601 685 1712 752 oppida,
1723 686 1799 750 regio
1810 684 1924 746 Nemea,
1938 684 2019 735 Bent-

1216 756 1327 807 binadia
1338 759 1466 808 vocitata.
1484 757 1595 807 Montes
1606 758 1632 805 in
1644 753 1769 815 Arcadia,
1780 752 1885 804 Pholoe
1897 768 1958 804 cum
1968 767 2018 820 op·

1217 825 1294 891 pido:
1314 827 1385 877 item
1408 825 1537 892 Cyllene:
1563 824 1700 891 Lycaeus,
1719 824 1748 873 in
1762 837 1816 889 quo
1827 822 1934 890 Lycaei
1945 823 2019 875 ioris

1217 894 1376 945 delubrum:
1396 893 1551 957 Maenalus,
1566 890 1926 953 Artemisius,Parthcuius,
1937 893 2019 944 Laru-

1216 977 1293 1028 peus,
1312 962 1459 1014 Nonacris:
1477 971 1650 1027 praeterque,
1666 960 1886 1028 ignobilesocto.
1905 963 2018 1012 Amnes:

1216 1031 1327 1092 Ladon,
1347 1048 1362 1083 e
1379 1031 1527 1096 paludibus
1549 1030 1665 1081 Phenei:
1689 1028 1877 1096 Erymanthus
1895 1037 2018 1082 emente

1217 1099 1341 1151 eiusdem
1353 1100 1482 1162 uonrinis,
1497 1099 1525 1149 in
1535 1098 1669 1164 Alpheum
1680 1096 1842 1150 defluentes.

1233 1160 1386 1233 'ileiiquae
1400 1169 1530 1219 civitates
1545 1169 1571 1217 iu
1582 1166 1685 1218 Achaia
1697 1167 1839 1227 dicendae,
1854 1166 2017 1233 Aiipbirael,

1217 1236 1346 1299 Abeatae,
1360 1234 1525 1305 Pyrgenscs,
1543 1236 1719 1298 Paroreatac,
1737 1236 1929 1302 Pasagenitae,
1944 1238 2015 1286 Tor·

1216 1306 1286 1366 tuni,
1297 1307 1433 1372 Typanei,
1444 1306 1575 1367 Thriasii,
1586 1306 1752 1356 Tritteuses.
1772 1305 1921 1356 Universae
1931 1302 2017 1355 Acha-

1217 1375 1259 1424 iae
1271 1375 1432 1426 libertatem
1446 1374 1588 1426 Domitius
1603 1374 1677 1425 Nero
1698 1373 1786 1426 dedit.
1812 1372 2017 1439 Peloponnesus

1217 1443 1244 1493 in
1257 1443 1404 1494 latitudine
1417 1444 1632 1509 apremontorio
1642 1444 1760 1504 Maleae,
1775 1442 1810 1492 ad
1826 1442 1955 1508 oppidum
1967 1443 2020 1493 Ae·

1218 1511 1295 1577 giunr
1316 1510 1483 1562 Corinthiaci
1501 1513 1578 1562 sinus
1598 1512 1668 1562 CXC
1683 1511 1722 1562 M.
1737 1526 1808 1577 pass.
1824 1517 1909 1575 patet.
1937 1512 1972 1561 At
1987 1511 2017 1560 iu

1218 1590 1404 1632 transversum
1413 1581 1446 1632 ab
1454 1581 1534 1632 Elide
1542 1578 1824 1647 Epidaurunr,CXXV
1835 1579 1915 1630 Man
1923 1580 2017 1647 Olym·

1218 1649 1356 1768 piaArgos
1369 1649 1567 1714 perArcadianr
1576 1647 1627 1699 LX
1632 1651 1654 1701 Υ
1656 1649 1692 1699 ΙΙΙ
1704 1650 1742 1699 M.
1761 1647 2018 1699 Abcodemiocoad

1241 1717 1348 1768 hliunta
1358 1720 1433 1769 dicta
1444 1732 1573 1769 mensura
1589 1725 1640 1768 est.
1668 1717 1802 1768 Universa
1817 1723 1917 1778 autem,
1938 1716 2018 1767 reiut

1219 1792 1350 1854 pensante
1373 1802 1522 1853 aequorum
1543 1789 1668 1837 incursus
1686 1793 1799 1848 natura,
1819 1785 1967 1836 inmontes
1979 1783 2018 1836 Vi

1218 1864 1300 1922 atque
1311 1855 1390 1907 LXX
1401 1856 1555 1906 extollitur.

1252 1925 1298 1975 Xl.
1323 1926 1364 1975 Ab
1386 1924 1485 1976 isthmi
1505 1924 1640 1990 angustiis
1662 1924 1758 1976 Helias
1778 1922 1891 1990 incipit,
1911 1923 2019 1976 nostris

1217 1993 1334 2045 Graecia
1348 1994 1499 2059 appellata.
1529 1995 1558 2045 in
1581 2010 1614 2046 ea
1631 1995 1720 2059 prima
1736 1993 1844 2056 Attica,
1866 1992 2019 2060 antiquitus

1218 2063 1285 2113 Acta
1306 2070 1413 2114 vocata.
1449 2063 1569 2144 Attingit
1591 2064 1725 2144 isthmum
1736 2068 1829 2181 ἦιιιίι·
1853 2066 1916 2124 sui,
1948 2077 2020 2144 quae

1218 2131 1521 2266 irritatior
1532 2131 1725 2267 risibili.
1750 2146 1913 2252 aaran
1931 2145 2021 2251 aar:

1217 2284 1339 2334 ponneso
1362 2272 1416 2319 sita
1437 2278 1518 2330 sunt,
1540 2276 1657 2337 utraque
1678 2285 1712 2321 es
1733 2276 1813 2337 parte
1832 2270 1909 2320 velut
1927 2270 1956 2319 in
1971 2266 2020 2318 hu·

1217 2338 1301 2387 meris
1323 2338 1459 2389 Helladis.
1486 2338 1601 2403 Pagaci,
1623 2346 1652 2390 at
1672 2338 1789 2405 amplius
1804 2337 2020 2405 Aegosthenicn·

1217 2422 1260 2455 ses
1282 2408 1433 2458 contributi
1450 2408 1668 2474 Megarensibus.
1697 2410 1726 2459 in
1740 2416 1902 2469 oraautem,
1921 2413 2020 2472 portus

1218 2473 1369 2527 Schoenus.
1397 2476 1518 2542 Oppida:
1535 2477 1624 2538 Sidus,
1643 2479 1817 2543 Crenrmyon,
1839 2475 1963 2527 Scironia
1978 2491 2019 2524 sa·

1217 2542 1299 2594 xaVi
1321 2544 1359 2593 Μ.
1381 2544 1563 2613 longitudine.
1592 2545 1726 2608 Geranea,
1749 2548 1872 2612 Megara,
1895 2544 2019 2595 Eleusin.

1217 2612 1306 2664 Fuere
1322 2620 1351 2663 et
1361 2614 1464 2676 Oenoa,
1485 2614 1690 2666 Probalinthos:
1713 2631 1785 2667 nunc
1797 2615 1903 2665 suntab
1914 2609 2018 2663 isthmo

1218 2682 1415 2748 quinquaginta
1434 2686 1552 2750 quinque
1570 2686 1608 2735 M.
1623 2700 1695 2750 pass.
1707 2685 1838 2736 Piraeeus
1856 2690 1884 2735 et
1899 2680 2019 2733 Phalera

1218 2758 1330 2815 portus,
1347 2755 1467 2818 quinque
1476 2753 1515 2803 M.
1526 2767 1596 2817 pass.
1608 2768 1686 2804 usuro
1699 2752 1893 2805 recedentibus
1905 2748 2020 2803 Athenis

1218 2820 1316 2870 iuncti.
1328 2819 1674 2883 Liberahaecciritas,nec
1685 2822 1866 2889 indigauliius
1877 2817 2020 2889 praeconii

1218 2890 1348 2955 amplius:
1370 2895 1449 2941 tanta
1460 2890 1574 2941 claritas
1589 2891 1744 2956 superfluit.
1774 2892 1803 2941 in
1814 2893 1907 2942 Attica
1919 2889 2021 2947 fontes,

1218 2957 1373 3023 Caphissia,
1386 2958 1497 3019 Lasine,
1514 2956 1653 3008 Callirhoe
1669 2962 1875 3009 Enneacrunos.
1895 2960 2019 3008 Montes:

1217 3025 1371 3086 Brilessus,
1390 3025 1554 3091 Aegialcus,
1579 3026 1695 3083 icarios,
1715 3027 1874 3088 Hymettos,
1895 3024 2022 3087 Lycabe-

1218 3100 1275 3144 tus:
1295 3094 1373 3143 iocus
1386 3092 1489 3144 llissos.
1500 3116 1502 3120 Α
1514 3093 1535 3142 A
1547 3091 1662 3143 Piraeeo
1676 3090 1752 3141 XLV
1766 3091 1805 3141 Μ.
1817 3105 1890 3155 pass.
1901 3090 2020 3140 Sunium

1217 3161 1448 3228 promontorium,
1468 3158 1604 3211 Thoricos
1615 3161 1845 3227 promontorium.
1879 3158 2022 3220 Potamos,

1217 3230 1318 3289 Steria,
1329 3230 1464 3290 Brauron,
1477 3228 1615 3294 quondam
1628 3229 1738 3295 oppida.
1765 3226 1907 3279 Bhamnus
1919 3242 2019 3293 pagus,

1217 3297 1295 3348 iocus
1307 3295 1467 3359 Marathon,
1490 3298 1756 3364 canipus'i'hriasius,
1769 3296 1899 3364 oppidum
1909 3296 2019 3358 Melita,

1217 3374 1246 3419 et
1257 3367 1374 3432 Oropus,
1387 3369 1413 3417 in
1426 3368 1544 3418 corihnio
1555 3368 1696 3420 Boeotiae.

1251 3434 1311 3487 Xii.
1332 3436 1417 3488 Cuius
1431 3436 1592 3499 Anthedon,
1610 3437 1773 3498 Onchestos,
1794 3434 1932 3500 Thespiae
1953 3433 2020 3484 libe·
2058 3436 2068 3453 ⁸

1218 3517 1277 3554 runr
1293 3507 1433 3571 oppidum,
1454 3507 1596 3557 Lebadea:
1615 3508 1665 3557 ne'c
1682 3508 1812 3558 cedentes
1829 3503 1943 3556 Athenis
1961 3501 2018 3552 cla·

1218 3570 1313 3632 ritate,
1334 3586 1404 3636 quae
1422 3576 1652 3637 cognominantur
1662 3575 1795 3626 Boeotiae
1807 3574 1928 3633 Thebae,
1949 3571 2018 3621 duo-

1217 3653 1277 3689 rum
1298 3642 1439 3689 numinum
1452 3641 1545 3691 Liberi
1557 3651 1639 3707 atque
1650 3645 1778 3695 Herculis
1795 3649 1838 3707 (ut
1849 3642 1959 3701 iniunt>
1973 3655 2019 3705 pa·

1218 3708 1281 3757 tria.
1301 3708 1336 3758 Et
1346 3708 1434 3758 Musis
1447 3709 1539 3759 natale
1550 3712 1576 3758 in
1590 3725 1703 3761 nemora
1713 3713 1857 3764 Heliconis
1869 3710 2019 3776 assignant.

1217 3775 1307 3826 Datur
1318 3785 1346 3827 et
1357 3774 1509 3827 hisThebis
1520 3778 1774 3841 saltusCithaeron,
1786 3785 1874 3831 amnis
1886 3780 2018 3830 ismenus·

1217 3841 1366 3895 Praeterea
1381 3844 1474 3896 fontes
1488 3848 1514 3896 in
1535 3847 1662 3911 Boeotia,
1678 3848 1844 3915 Oedipodis,
1863 3843 2018 3906 Psamathc,

1217 3912 1310 3974 Dirce,
1327 3914 1471 3978 Epicrane,
1492 3914 1636 3979 Arethusa,
1658 3917 1844 3982 Hippocrene,
1866 3915 2019 3981 Aganippe,

1218 3981 1383 4047 Gargaphie.
1411 3983 1531 4046 Montes,
1552 3993 1632 4036 extra
1647 3988 1813 4052 praedictos,
1834 3983 2019 4050 Mycalessos,

1217 4048 1364 4116 iladylins‚
1376 4053 1516 4103 Acontius.
1535 4054 1654 4121 Reliqua
1664 4055 1774 4121 oppida,
1791 4057 1864 4106 inter
1874 4054 2018 4169 Megaram

1217 4119 1567 4183 et'1‘hehas:Eicutherac,
1581 4124 1733 4185 Haliartos,
1748 4123 1886 4180 Plataeae,
1902 4121 1923 4170 P
1944 4134 2019 4183 erae,

1216 4187 1364 4253 Aspledon,
1381 4190 1466 4255 Hyle,
1482 4190 1594 4253 Thisbe,
1619 4192 1765 4259 Erythrae,
1785 4191 1902 4251 Glissas,
1913 4188 2017 4253 Copae:

1217 4257 1296 4308 iuxta
1307 4255 1468 4322 Cephissum
1484 4274 1591 4311 ananam
1604 4261 1754 4328 Larynms,
1774 4268 1802 4313 et
1811 4256 1936 4311 Anchoe:
1959 4257 2018 4308 Ma·

1216 4326 1303 4387 deon,
1325 4326 1484 4393 Phlygoue,
1504 4330 1670 4395 Acraephia,
1691 4333 1825 4392 Coronea,
1848 4326 2018 4381 Chaeroneti.

1217 4398 1246 4446 in
1258 4410 1308 4446 ora
1319 4403 1412 4447 autem
1425 4397 1500 4448 inira
1511 4398 1631 4460 Thebas,
1648 4401 1760 4460 Ocalee,
1781 4400 1899 4458 Heleon,
1910 4394 2018 4454 Scolos,

1216 4463 1365 4526 Schoenus,
1375 4464 1488 4527 Peteon,
1503 4469 1601 4534 Hyrie,
1611 4470 1795 4536 Mycalessos,
1806 4468 1943 4524 iliicsion,
1954 4463 2018 4515 Pte·

1215 4533 1288 4594 lcon,
1298 4534 1409 4601 Olyros,
1422 4537 1552 4604 Tanagra
1562 4537 1632 4590 libcr
1647 4538 1777 4605 populus:
1798 4541 1827 4585 et
1837 4535 1866 4584 in
1877 4532 1943 4596 ipsis
1954 4530 2017 4583 fau·

1215 4604 1292 4655 cibus
1305 4603 1409 4669 Euripi,
1429 4621 1509 4671 quem
1530 4605 1599 4657 iacit
1620 4608 1729 4659 obiectu
1750 4602 1856 4653 insulae
1875 4599 2018 4663 Euboeae,

1213 4672 1292 4722 Aulis
1314 4673 1410 4736 capaci
1427 4674 1529 4724 nobilis
1549 4682 1640 4739 portu.
1669 4674 1792 4725 Boeotos
1803 4670 1932 4736 Hyantas
1943 4668 2015 4719 auti-

1215 4741 1307 4807 quitus
1319 4738 1422 4790 dixere.

1251 4808 1332 4859 Locri
1341 4807 1440 4859 deinde
1450 4809 1633 4874 Epicnemidii
1642 4808 1879 4875 cognominantur,
1890 4805 2019 4858 olimLe-

1215 4874 1292 4941 leges
1308 4875 1451 4941 appellati,
1472 4892 1521 4941 per
1541 4892 1612 4944 quos
1631 4876 1719 4931 amnis
1731 4874 1877 4941 cephissus
1889 4874 2018 4927 defertur

1215 4944 1244 4994 in
1265 4958 1348 4995 mare.
1378 4944 1501 5009 Oppida:
1522 4946 1606 5011 Opus,
1629 4944 1701 4997 unde
1720 4946 2018 5009 etsinusOpuntmus,

1216 5013 1317 5078 Cynos.
1337 5011 1466 5063 Phocidis
1477 5013 1506 5064 in
1521 5013 1606 5067 litore
1618 5029 1700 5064 unum
1712 5011 1854 5080 Daphnus.
1873 5014 2017 5065 introrsus

1216 5080 1244 5131 ia
1260 5080 1366 5141 Locris,
1388 5080 1496 5143 Elatea,
1514 5088 1544 5135 et
1564 5083 1593 5134 in
1609 5084 1670 5149 ripa
1681 5081 1805 5150 Caphissi
1824 5085 1868 5148 (ut
1886 5081 2018 5143 diximus)

1217 5149 1333 5201 Lilaea:
1354 5149 1531 5217 Delphosque
1542 5167 1646 5213 sersus,
1667 5152 1786 5214 Cnemis,
1798 5157 1826 5203 et
1837 5151 2014 5218 Hyampolis.

1217 5218 1322 5269 Burrus
1334 5216 1484 5269 Locrorum
1496 5235 1555 5282 ora,
1574 5218 1602 5272 in
1620 5236 1676 5287 qua
1685 5219 1836 5288 Larymna,
1852 5220 2016 5280 Thronium,

1216 5289 1294 5338 iuxta
1306 5286 1379 5352 quod
1391 5287 1528 5353 Boagrius
1545 5289 1634 5341 amuis
1646 5288 1771 5341 defertur
1781 5291 1809 5340 in
1820 5305 1905 5341 mare.
1932 5287 2014 5352 Oppi=

1216 5355 1267 5406 da:
1293 5355 1444 5422 Narycios,
1464 5358 1560 5423 Alope,
1581 5356 1724 5424 Scarphia.
1751 5358 1854 5411 Postea
1880 5358 2016 5407 Maliacus

1215 5425 1292 5474 sinus
1312 5423 1347 5474 ab
1369 5424 1468 5475 iricolis
1486 5426 1592 5479 dictus:
1614 5428 1641 5478 in
1654 5442 1709 5493 quo
1720 5428 1840 5496 oppida,
1860 5426 2017 5491 Halcyone,

1216 5494 1328 5552 Econia,
1351 5491 1478 5544 Phalara.

1249 5562 1323 5615 xttt.
1342 5558 1428 5617 Doris
1447 5561 1560 5625 deinde,
1579 5563 1606 5615 in
1627 5580 1681 5632 qua
1701 5564 1862 5633 Sperchios,
1884 5561 2015 5623 Erineom
