4374 6014
295 340 299 349 ·
329 327 360 388 c.
382 321 534 389 raino
567 322 774 389 secunus
804 325 971 391 serua
1004 325 1193 390 uranon.
1224 323 1315 390 ιιι.
1335 328 1475 396 xxix.
1502 335 1708 402 cars-11.
1778 344 1839 410 sa

198 474 299 530 iisdem
310 474 500 528 deficientibus
511 476 587 531 cibos
599 477 711 541 saepias
722 477 768 527 die
778 477 995 544 ingestos,mille
1046 485 1111 545 post
1129 478 1201 531 diem
1222 478 1371 547 septimum
1390 483 1518 539 solvitur.
1552 489 1691 544 Redurias
1710 500 1791 548 sanat
1806 511 1841 551 ιι

198 542 811 615 praetereapoemtendecmodisculinarum
823 547 905 598 stiam
920 562 996 614 prae·
1046 561 1117 614 aqua
1129 548 1239 616 frigida.
1276 550 1475 619 lindemnitrn,
1496 557 1637 626 sulphure,
1658 561 1733 624 oleo,
1753 574 1832 619 aceto

198 614 289 683 ceptis
300 619 328 665 et
339 616 541 678 unguentorum
554 612 691 674 nrixturis,
702 614 811 681 quando
823 614 917 666 nullas
928 617 995 667 onni-
1046 619 1107 683 pice
1118 616 1223 684 liquida
1235 616 1407 674 ferventibus
1418 625 1512 689 tincta,
1520 642 1600 693 quani
1613 630 1781 688 calidissima
1791 603 1842 687 ims

200 680 514 737 sercriteeillecebras.
533 679 798 749 lnreblpcregrinas
810 697 995 744 marcescun-
1046 685 1140 749 positu
1150 686 1191 737 bis
1202 686 1257 748 die,
1266 686 1421 743 lumborum
1434 694 1545 747 dolores
1557 698 1645 749 sedat.
1673 702 1840 771 Sanguinem

200 752 345 819 ciliarique
356 757 472 802 externa
481 751 581 815 pretia,
589 749 764 816 displicuisse
775 752 927 804 maioribus
937 766 996 804 ere·
1045 749 1123 801 sistit
1135 760 1168 801 εἰ
1180 754 1269 800 &filit
1278 759 1398 815 succida,
1406 763 1540 815 articulos
1546 766 1750 822 extremitatum
1762 787 1862 839 prae-s

200 821 317 875 diderior
330 818 470 886 equidem:
482 834 535 870 uon
548 826 641 872 ιιιιιιι
651 818 705 875 hoc
715 822 847 873 Catonem
859 819 996 888 providis·
1047 819 1146 885 ligans.
1183 817 1392 873 Laudatissirna
1408 834 1497 877 ursinis
1517 833 1629 886 ceolla:
1652 838 1762 891 natione
1773 856 1839 895 sero

199 908 241 954 ae,
252 904 313 942 curn
324 887 470 940 damnaret
481 894 578 940 arteni.
613 887 749 943 'l‘bsriace
762 892 996 958 rocaturexcogi·
1047 886 1186 949 Galatica,
1195 888 1356 951 'larentina
1367 891 1466 957 Attica,
1479 896 1598 950 lllilesia.
1634 902 1836 962 Succidemim.

200 968 261 1014 eata
278 957 446 1025 compositio
467 955 603 1010 luxuriae.
638 957 684 1010 Fit
707 972 742 1010 cx
762 960 845 1011 rebus
864 964 996 1021 externis,
1047 962 1151 1023 ponunt
1171 961 1199 1007 et
1220 955 1417 1023 desquamatis,
1437 968 1583 1029 percussis,
1600 967 1702 1035 lividis,
1713 975 1841 1041 incussis,

200 1044 263 1083 cunr
275 1033 319 1080 tot
328 1026 452 1080 remedia
463 1026 573 1079 dederit
583 1033 699 1090 natura,
720 1040 791 1093 quas
802 1027 913 1093 singula
922 1029 997 1079 sulli-
1049 1024 1167 1085 collisis,
1178 1025 1315 1089 contritis,
1327 1026 1453 1092 deiectis,
1465 1034 1563 1099 capitis
1574 1044 1603 1088 et
1613 1038 1676 1090 aliis
1686 1040 1840 1109 doloribus,

200 1103 304 1152 serent
324 1093 546 1149 Mithridaticum
556 1095 711 1146 antidotum
721 1096 913 1150 errebushlv
923 1112 997 1148 conr·
1048 1091 1184 1145 stomachi
1198 1091 1416 1160 inflammationi,
1431 1114 1465 1152 ox
1476 1109 1556 1155 aceto
1567 1112 1595 1157 et
1606 1119 1729 1161 rosaceo.
1765 1114 1841 1165 einis

199 1166 321 1234 ponitur,
340 1164 454 1217 interior
467 1163 545 1215 nullo
557 1162 680 1230 pondere
692 1164 813 1231 aequali,
834 1172 862 1217 et
874 1180 993 1231 quarun-
1048 1164 1107 1215 eius
1119 1162 1238 1214 illinitur
1256 1165 1372 1228 attritis,
1393 1168 1553 1235 vulneratis,
1575 1175 1719 1231 ambustis.
1754 1182 1792 1233 Et
1811 1183 1842 1235 in

201 1235 265 1287 duna
276 1248 368 1286 rerunt
378 1232 552 1300 sexagesima
561 1231 665 1285 denarii
676 1233 758 1285 unius
768 1235 915 1300 imperata.
934 1236 996 1298 Quo
1048 1230 1193 1284 oculorum
1211 1232 1413 1288 medicamenta
1432 1237 1557 1292 additur:
1585 1243 1652 1296 item
1676 1248 1703 1297 in
1723 1247 1841 1315 fistulas,

199 1301 554 1367 deorunrperlidiauristam
562 1303 748 1355 monstrantel
761 1302 911 1354 llonrlnum
922 1305 995 1355 eninr
1047 1315 1183 1369 auresque
1203 1310 1378 1368 suppuratus.
1413 1306 1453 1358 ild
1466 1307 1537 1363 baec
1549 1309 1692 1366 detonsam
1703 1331 1773 1381 esur,
1790 1320 1842 1373 alii

199 1373 341 1427 subtilitas
352 1376 431 1422 tanta
442 1385 503 1423 csse
514 1385 570 1422 uon
580 1373 679 1438 potuit.
714 1373 873 1424 ostentatio
885 1372 955 1425 artis
967 1378 996 1425 et
1047 1370 1186 1433 evulsam,
1201 1371 1302 1423 deruis
1313 1375 1426 1426 summis
1438 1379 1563 1444 partibus
1574 1382 1687 1447 siccent,
1710 1396 1839 1454 carpunt·

199 1448 362 1511 portentosa
382 1440 515 1492 scientiae
535 1440 690 1492 venditatio
712 1439 861 1492 manifesta
872 1447 924 1492 est.
958 1442 997 1495 Ac
1048 1453 1111 1505 que,
1132 1448 1161 1492 et
1179 1440 1302 1493 irrdctili
1317 1442 1402 1495 crudo
1422 1457 1598 1515 componunt,
1617 1465 1650 1503 sc
1670 1455 1753 1506 melle
1775 1472 1841 1524 per·
1886 1474 1890 1485 ¹

199 1526 235 1564 ne
245 1509 299 1578 ipsi
309 1509 419 1579 quidem
431 1508 508 1560 illam
519 1523 628 1563 novere.
655 1509 996 1578 Comperiquesulgopro
1047 1507 1181 1573 fundunt,
1196 1519 1345 1577 uruntque.
1379 1514 1791 1587 Aliiessulistedaesubiectis,
1811 1532 1841 1578 ct

200 1579 344 1632 cinnabari
354 1577 448 1630 indica
459 1579 487 1629 in
500 1578 701 1631 medicamenta
712 1578 825 1632 nrinionr
838 1578 998 1643 eddiinsci·
1047 1576 1165 1631 subinde
1175 1578 1357 1644 interstratis,
1367 1582 1430 1635 oleo
1440 1600 1581 1653 aspersam
1594 1591 1755 1655 accendunt,
1767 1593 1840 1646 cine·

199 1648 241 1701 tls
263 1649 389 1711 nominis,
410 1648 483 1715 quod
505 1662 567 1700 esse
587 1664 722 1701 venenum
743 1649 905 1703 docebimus
922 1651 997 1702 inter
1047 1660 1161 1713 remque
1173 1648 1511 1718 inlabcllisuquanddlta
1531 1657 1688 1711 confricant
1702 1675 1794 1725 mnu,
1811 1670 1842 1716 et

198 1717 351 1785 pigmenta
380 1715 483 1770 Verum
495 1713 563 1768 haec
573 1718 608 1770 ud
620 1718 792 1786 singulorum
804 1721 922 1772 salutern
933 1734 995 1786 per·
1046 1717 1192 1769 considere
1203 1718 1355 1784 patiuntur,
1370 1722 1452 1787 idque
1464 1727 1574 1793 saepius
1585 1737 1721 1780 mutantes
1731 1746 1841 1798 aquanr,

198 1788 298 1838 tinent.
321 1784 375 1837 llla
385 1794 487 1849 autem,
497 1800 567 1852 quas
577 1787 671 1838 timuit
682 1790 760 1851 cato,
771 1795 854 1856 atque
865 1788 996 1856 providit,
1047 1783 1263 1855 doaeclinguunr
1272 1786 1428 1860 adstringat
1436 1791 1546 1858 leniter,
1555 1811 1604 1849 nec
1615 1798 1751 1851 mordent.
1762 1802 1842 1852 Tunc

197 1853 395 1906 innocentiore
403 1853 493 1905 multo
505 1860 533 1905 at
543 1869 627 1921 parra
638 1857 762 1922 opinato,
785 1873 855 1925 quae
866 1870 996 1924 proceres
1047 1853 1165 1907 maerens
1183 1864 1329 1923 reponunt.
1366 1861 1417 1915 Vis
1435 1862 1494 1916 eius
1505 1868 1613 1933 septica
1623 1874 1675 1930 est,
1686 1868 1841 1922 efficaciam.

196 1923 266 1975 artis
288 1922 405 1975 eiusde
426 1930 514 1975 semet
534 1924 588 1990 ipsi
598 1923 748 1976 fateantur.
784 1925 838 1976 llla
847 1922 996 1992 perdidere

198 1992 306 2059 irnperli
319 2005 420 2054 rnores,
439 1991 491 2042 illa
505 2005 576 2057 quae
586 1994 648 2045 sani
658 1994 789 2061 patiatur,
801 1994 930 2056 luctatus,
951 2007 995 2045 ce·

197 2066 320 2123 romula,
338 2076 389 2114 ceu
408 2060 577 2113 valetudinis
599 2078 682 2114 causa
701 2064 846 2115 instituta:
865 2063 994 2116 ballneae

199 2131 337 2197 ardentes,
359 2128 457 2197 quibus
469 2144 630 2198 persuasere
647 2133 676 2182 in
687 2134 848 2199 corporibus
859 2131 936 2185 cibos
946 2146 993 2184 co·

196 2200 255 2266 qui,
270 2205 302 2250 ut
313 2214 460 2251 remonon
471 2200 562 2251 nrinus
574 2199 682 2252 salidus
693 2202 792 2265 exiret,
803 2201 994 2255 obedientissi-

197 2268 238 2319 nri
247 2282 313 2320 vero
325 2268 500 2322 efferrentur.
528 2268 615 2320 l’otus
625 2269 724 2322 deiram
735 2271 888 2322 ieiunorum
901 2286 933 2323 ac
944 2286 993 2322 no·

197 2336 336 2398 mitiores,
346 2344 375 2390 ct
387 2352 484 2389 rursus
495 2339 711 2403 perpotationes,
731 2354 764 2390 ac
774 2339 993 2407 pilorunrxeviru·

198 2406 240 2456 tio
261 2406 390 2457 instituta
405 2406 506 2458 resinis
516 2421 627 2458 eorum:
648 2407 771 2474 itemque
785 2409 907 2473 pectines
917 2406 944 2458 ln
955 2405 994 2458 fe·

196 2475 279 2527 arinis
289 2475 399 2541 quidem
411 2475 552 2541 publicati.
589 2476 631 2526 lta
650 2482 694 2527 est
704 2474 842 2542 profecto:
865 2476 993 2527 luesmo·

197 2542 994 2612 rum,necaliundemolorqusnremedicina,vntempror·

197 2625 247 2662 sus
257 2608 383 2676 quotidie
394 2610 460 2661 facit
470 2612 612 2673 Catonem,
632 2617 661 2663 et
672 2613 826 2664 oraculum:
846 2612 920 2665 Sutia
932 2627 993 2666 esse

197 2678 311 2746 ingenia
321 2678 491 2730 Graecorum
502 2679 649 2745 inspicere,
658 2696 715 2733 non
723 2681 891 2748 perdiscere.

232 2746 312 2799 llaec
322 2746 426 2799 fuerint
436 2747 552 2799 dicenda
563 2763 613 2815 pro
623 2758 720 2803 senatu
731 2751 790 2814 illo,
801 2750 993 2818 sescentisque

196 2817 295 2883 populi
307 2817 423 2869 Romani
436 2817 524 2880 annis,
535 2817 668 2870 adsersus
678 2828 776 2883 artem,
791 2821 820 2871 ia
833 2837 887 2888 qua
898 2819 993 2872 condi-

197 2887 276 2938 tione
294 2885 510 2938 insidiosissima
529 2891 725 2940 auctoritatem
738 2891 865 2958 pessimis
878 2891 943 2943 boni
953 2890 993 2942 fa·

194 2955 287 3009 dunt:
305 2955 387 3008 simul
401 2959 643 3023 contra‘attonitaa
655 2959 824 3023 quorundam
837 2961 992 3022 persuasio·

195 3040 255 3088 nos,
275 3027 322 3093 qul
334 3025 468 3094 prodesse
479 3025 533 3075 niel
544 3024 668 3091 pretiosa
688 3039 740 3076 non
753 3032 860 3093 putant.
897 3024 992 3091 Neque

194 3095 268 3147 caim
282 3095 484 3157 dubitaverim,
506 3093 643 3162 aliquibus
659 3093 774 3147 fastidio
789 3095 901 3158 fotura,
921 3109 992 3163 quae

193 3162 323 3215 dicentur
341 3164 486 3216 animalia:
509 3170 539 3215 at
560 3163 752 3232 non'Virgilio
774 3162 828 3215 luit
848 3164 991 3215 nominare

194 3231 325 3284 formicas
336 3233 414 3285 nulla
425 3233 600 3296 necessitate,
611 3238 640 3285 ct
651 3232 834 3295 curculiones,
851 3247 883 3284 ec
893 3229 992 3283 lucifu-

214 3294 376 3367 iscongiesta
388 3300 493 3353 cubilia
503 3302 614 3353 blattis:
627 3316 681 3352 non
694 3302 817 3352 Homero
828 3302 901 3352 later
912 3314 991 3368 prae·

193 3317 363 3423 flaucatum
384 3370 590 3436 improbitatem
612 3384 722 3422 muscae
743 3369 915 3422 describere:
936 3384 993 3421 aon

192 3446 311 3492 naturae
321 3440 437 3507 ffl'gnera
449 3439 510 3500 ista,
528 3454 588 3491 cum
600 3439 697 3506 gignat
707 3436 857 3492 hominem.
893 3438 990 3491 Proin·

193 3507 228 3561 de
239 3522 337 3559 causas
349 3506 463 3575 quisque
473 3516 502 3558 et
512 3508 634 3569 ειῐιιιιιι,
643 3522 698 3558 nnn
711 3525 764 3572 res,
774 3511 912 3562 aestimet.

226 3577 275 3628 lX.
293 3576 442 3627 ordiemur
463 3584 556 3628 autern
578 3577 757 3641 aconfessis,
778 3578 831 3631 boc
846 3586 899 3640 est,
920 3576 990 3629 lanis

194 3643 319 3711 orisque,
341 3652 373 3696 ut
384 3645 476 3696 obiter
491 3645 574 3696 rebus
585 3646 743 3713 praecipuis
754 3646 842 3698 honos
853 3647 881 3697 in
894 3646 990 3713 primis

191 3712 380 3781 perhibentur.
417 3714 570 3776 Quaedam,
598 3715 708 3766 etiamsi
729 3717 829 3767 alienis
848 3716 926 3777 locis,
946 3724 988 3767 ta·

192 3796 254 3834 rnen
265 3782 358 3835 obiter
369 3781 424 3833 dici
440 3798 553 3835 necesse
564 3784 628 3835 erit.
664 3782 723 3836 Nec
742 3784 839 3838 deerat
854 3785 990 3837 materiae

191 3853 329 3920 pompari
340 3851 490 3919 quidquam
500 3853 574 3904 aliod
586 3853 895 3923 intueriliberet,qnanr
908 3856 989 3907 fidem

191 3936 209 3971 o
229 3922 292 3973 eris.
322 3921 431 3987 Quippe
442 3921 516 3974 inter
545 3924 615 3975 rinna
626 3923 743 3989 proditis
756 3926 839 3975 etiam
851 3938 885 3976 es
897 3925 990 3977 cinere

190 3937 330 4057 phoenicis
342 3989 462 4055 nidoque
474 3937 628 4055 medicinis,
647 4006 697 4043 ceu
709 4007 774 4043 sero
786 3993 814 4044 id
827 4002 933 4046 certum
946 4010 989 4045 ee·

190 4067 244 4120 set,
257 4066 339 4125 atque
351 4072 408 4108 non
418 4057 585 4109 fabulosum.
622 4059 743 4115 irridere
755 4071 807 4124 est,
819 4065 893 4114 ritae
904 4078 990 4114 renne-

190 4128 238 4180 dia
248 4137 312 4196 post
323 4128 500 4179 millesimum
511 4141 610 4179 annum
619 4129 747 4182 reditura
755 4138 918 4181 monstrare.
937 4131 990 4180 La·

190 4201 234 4248 nis
256 4199 450 4248 auctoritatem
471 4202 581 4251 veteres
592 4199 712 4250 Romani
731 4199 815 4251 etium
828 4199 988 4264 religiosam

189 4265 323 4331 habuere,
334 4272 426 4337 postes
437 4268 630 4320 enubentibus
642 4267 742 4335 attingi
753 4267 891 4318 iubentes.
909 4263 990 4316 Prae·

189 4351 289 4409 terque
311 4338 414 4391 cultum
437 4343 465 4390 et
486 4337 601 4387 tutelam
615 4336 838 4404 contrairigora,
859 4333 998 4386 succidae

189 4413 313 4480 plurima
322 4414 465 4476 praestant
477 4405 600 4458 remedia
611 4420 645 4457 aa
659 4405 720 4457 oleo
731 4406 859 4471 vinoque,
870 4407 919 4454 aut
929 4417 989 4453 ace·

188 4488 231 4541 to,
242 4485 325 4546 prout
338 4490 464 4543 quaeque
474 4474 587 4526 mulceri
599 4474 754 4526 morderive
765 4487 834 4540 opus
845 4476 889 4533 sit,
901 4476 930 4523 et
940 4468 988 4522 ad·

190 4549 306 4616 stringi,
327 4546 470 4606 inaurire,
491 4544 597 4596 lunatis
620 4542 759 4606 membris,
778 4542 989 4607 dolentibusque

190 4618 281 4670 nereis
291 4616 489 4682 impunitaem
501 4613 600 4665 crebro
611 4612 742 4665 suffusae.
771 4610 890 4674 Quidam
904 4611 987 4662 etiem

191 4686 276 4739 salem
299 4685 454 4737 admiscent
474 4684 585 4735 luxatis.
622 4682 676 4733 Alii
688 4696 748 4733 cum
759 4680 826 4732 lena
838 4688 927 4731 rutam
940 4679 989 4730 tri·

189 4764 248 4808 tam
260 4756 422 4822 adipemque
436 4754 587 4819 imponunt.
624 4750 838 4811 immensioris,
857 4750 988 4801 tomenti·

192 4827 305 4890 busque.
341 4822 454 4874 Halitus
465 4836 573 4888 quoque
584 4820 641 4871 oris
651 4818 790 4887 gratiores
802 4818 893 4870 fecere
905 4817 991 4870 tradi·

190 4901 245 4956 tur,
253 4892 415 4944 confricatis
427 4890 556 4943 dentibus
563 4888 911 4958 atquegingiris,admisto
923 4887 989 4939 mel·

189 4961 227 5013 le.
263 4961 380 5014 Prodest
400 4968 429 5013 et
443 4958 612 5026 phreneticis
634 4957 737 5010 suflitu.
775 4954 940 5024 Sanguinem
960 4956 990 5006 ia

191 5029 305 5082 naribus
316 5032 391 5083 sistit
404 5044 466 5082 cunr
479 5029 541 5081 olco
553 5040 682 5080 rosaceo:
694 5034 724 5079 et
736 5026 793 5078 alio
804 5025 887 5077 modo
899 5026 988 5077 indita

191 5101 304 5151 auribus
317 5098 589 5165 obturatisspissius.
618 5097 689 5159 Quin
702 5100 731 5147 et
742 5094 899 5148 hulceribus
909 5102 987 5146 retu·

191 5168 242 5220 stis
252 5170 404 5235 imponitur
414 5184 474 5220 cnrn
490 5165 583 5221 melle.
609 5164 732 5217 Vulnera
742 5181 776 5218 ex
787 5165 862 5230 rino,
873 5164 916 5216 sel
927 5179 989 5216 ace·

191 5244 230 5297 to,
251 5238 295 5289 vel
307 5253 379 5304 aqua
390 5235 493 5302 frigida
504 5242 531 5287 et
544 5234 607 5286 oleo
619 5249 753 5302 expresse
764 5241 853 5287 sanat.
887 5230 988 5285 Arietis

190 5306 296 5361 uellera
306 5307 367 5357 lota
381 5303 483 5369 frigida
494 5318 528 5353 ex
540 5302 603 5354 oleo
620 5304 788 5365 madefacta,
809 5305 836 5354 in
848 5302 988 5353 mullebri·

189 5375 242 5425 bus
254 5373 335 5427 malis
345 5372 577 5423 inflammationes
586 5373 686 5418 ,mm
698 5373 797 5404 “dc-⁶
843 5372 878 5421 Et
889 5370 912 5419 si
926 5383 988 5436 pro·

189 5442 295 5504 sidant,
316 5440 411 5492 sullitu
435 5438 573 5506 reprimor
857 5438 988 5507 'mposita

188 5511 354 5577 subditaque
366 5514 493 5559 morinos
505 5516 559 5572 pan
935 5520 958 5535 ··

187 5579 274 5633 lluria
294 5592 399 5633 aarum.
435 5577 551 5627 Arcani

1047 1935 1143 1989 rareque
1153 1938 1240 1990 genas
1250 1933 1361 1995 purgat.

1082 1991 1115 2042 it
1135 1993 1209 2054 Quin
1228 1994 1305 2059 ipsae
1326 1997 1424 2050 sordes
1442 2001 1587 2068 pecudum,
1608 2004 1840 2074 sudorquefcnti-

1045 2075 1120 2142 nuni,
1130 2066 1158 2112 et
1169 2059 1286 2124 ιΙιιιιι,
1298 2063 1478 2121 adhaerentes
1489 2070 1718 2142 lenis,(oesypunr
1728 2080 1840 2141 cocant)
1915 2108 1921 2121 ·

1045 2142 1205 2181 innumeros
1216 2144 1302 2197 prope
1313 2147 1378 2184 usus
1389 2133 1500 2190 babent.
1535 2140 1566 2190 ln
1575 2142 1675 2194 Atticis
1687 2144 1783 2197 oribus
1793 2160 1840 2214 ge·

1044 2200 1105 2250 nito
1126 2197 1228 2266 palma.
1263 2200 1311 2253 Fit
1330 2203 1455 2269 pluribus
1475 2207 1583 2260 modis:
1605 2211 1654 2263 sed
1676 2214 1841 2277 probatissi-

1044 2282 1129 2350 mum,
1147 2268 1213 2323 lana
1234 2268 1269 2320 ab
1288 2268 1330 2321 bis
1351 2274 1476 2338 partibus
1493 2278 1597 2330 recenti
1608 2288 1773 2349 concerpta,
1792 2290 1842 2336 aut

1045 2338 1254 2406 quibuscunque
1264 2341 1391 2393 sordibus
1400 2344 1519 2397 succidis
1530 2346 1647 2412 primum
1659 2350 1793 2414 collectis,
1809 2368 1842 2404 ac

1045 2405 1121 2457 lento
1140 2407 1200 2473 igni
1219 2409 1248 2458 ln
1260 2423 1347 2461 nenco
1368 2412 1590 2479 subfervefactis,
1610 2423 1638 2468 et
1657 2418 1724 2470 refri
1747 2423 1843 2485 erutis,

1045 2474 1196 2541 pinguique
1211 2476 1284 2542 quod
1301 2486 1469 2544 mrpernatet,
1488 2482 1608 2535 collecto
1626 2486 1652 2534 in
1664 2435 1746 2538 neorii
1765 2504 1840 2553 ιιιι,

1044 2545 1203 2610 iterumque
1214 2543 1329 2596 decocta
1339 2548 1427 2612 priori
1442 2550 1571 2601 materia:
1593 2567 1663 2618 quae
1673 2555 1839 2622 pinguitudo

1042 2620 1161 2677 utruque
1177 2609 1281 2681 frigida
1301 2626 1317 2662 a
1338 2628 1373 2664 ua
1389 2616 1507 2679 lavatur,
1528 2625 1557 2671 et
1569 2619 1596 2670 ln
1608 2620 1695 2673 linteo
1706 2632 1840 2689 saccatur,

1044 2695 1077 2732 ac
1087 2679 1153 2733 Solo
1166 2675 1302 2745 lueretur,
1319 2628 1407 2735 donec
1420 2684 1539 2737 candida
1549 2689 1597 2738 liat
1612 2705 1645 2741 nc
1654 2693 1839 2758 translucida3

1044 2757 1101 2803 tum
1113 2750 1141 2800 in
1155 2758 1272 2802 stannea
1292 2750 1395 2818 pyxide
1415 2753 1553 2807 conditur.
1588 2756 1720 2812 Probatlo
1738 2770 1840 2827 autem,

1044 2826 1075 2871 ut
1085 2819 1208 2871 sordium
1221 2820 1295 2871 rirus
1305 2820 1391 2884 oleat,
1402 2828 1430 2874 et
1440 2836 1521 2874 aranu
1529 2824 1647 2879 fricante
1657 2842 1691 2879 ex
1703 2843 1775 2897 aqna
1784 2846 1839 2883 non

1044 2888 1175 2956 liquetur,
1195 2889 1246 2937 sed
1264 2888 1389 2942 albescat
1410 2898 1443 2943 ut
1459 2907 1578 2947 cerussa.
1615 2896 1709 2946 Oculis
1721 2899 1838 2952 utilissi-

1044 2974 1118 3011 munr
1139 2962 1237 3007 contra
1256 2955 1501 3021 inflammationes,
1522 2974 1654 3028 genarum
1675 2980 1710 3017 ue
1729 2968 1839 3020 callum.

1043 3021 1164 3087 Quidam
1176 3022 1203 3073 ia
1215 3029 1289 3076 testa
1299 3030 1417 3088 torrent,
1428 3025 1515 3080 donec
1525 2979 1746 3098 pinguitudinem
1758 3036 1837 3090 amit·

1042 3099 1095 3155 tat,
1116 3093 1214 3144 utilius
1234 3093 1292 3145 talo
1313 3096 1507 3147 existimantes
1518 3103 1608 3151 erosis
1623 3107 1652 3152 et
1661 3100 1738 3155 duris
1749 3107 1838 3173 genis,

1044 3161 1151 3229 angulis
1161 3162 1294 3212 scabiosis
1302 3171 1330 3213 et
1340 3165 1559 3218 incantantibus.
1578 3169 1700 3223 lluloera
1711 3188 1764 3225 non
1776 3190 1839 3229 ocu·

1042 3231 1132 3281 lorum
1144 3228 1229 3280 niodo
1238 3232 1384 3293 sanat,sed
1396 3232 1454 3283 oris
1462 3234 1546 3286 etiam
1558 3242 1587 3289 et
1598 3240 1838 3306 genitalium,cum

1043 3299 1170 3351 anserino
1191 3299 1282 3367 adips.
1318 3299 1449 3353 Medctur
1461 3305 1596 3359 etsulrae
1611 3307 1837 3364 inflammationi·

1042 3368 1107 3431 bus,
1126 3374 1154 3419 et
1165 3368 1239 3420 sedis
1250 3367 1407 3438 rhagadiis,
1428 3378 1456 3422 ct
1467 3373 1671 3441 condylomatis
1684 3394 1744 3430 cum
1762 3382 1839 3439 mcli-

1043 3436 1266 3505 lotoacbutyro.
1304 3438 1511 3506 llellquosusus
1522 3444 1714 3497 eiussooloco
1727 3449 1753 3499 di
1776 3465 1836 3501 ere·

1043 3520 1112 3556 mos.
1149 3505 1249 3558 Sirrdes
1260 3521 1368 3574 quoque
1375 3509 1525 3562 caudarum
1538 3520 1683 3567 concretes
1693 3517 1719 3566 in
1729 3465 1837 3582 piiolaq

1041 3590 1074 3626 ac
1085 3575 1206 3627 siccatae
1216 3588 1265 3642 per
1275 3592 1304 3628 se
1316 3585 1450 3645 tusaeque
1459 3579 1486 3630 in
1499 3579 1616 3632 farinam
1630 3591 1658 3634 et
1671 3584 1761 3638 illitae
1773 3586 1838 3637 den·

1042 3645 1116 3695 tibus
1133 3644 1200 3696 mire
1215 3653 1341 3711 prosunt,
1360 3648 1443 3699 etiarn
1462 3648 1634 3702 labantibus:
1656 3653 1837 3721 gingivisquc,

1040 3714 1066 3764 si
1076 3715 1233 3764 carcinoma
1244 3723 1347 3781 serpat.
1384 3717 1440 3767 lam
1451 3732 1518 3770 sero
1528 3734 1598 3785 pura
1608 3720 1719 3784 vellera,
1729 3730 1777 3773 aut
1789 3737 1838 3790 por

1041 3798 1071 3834 sc
1086 3785 1217 3848 imposita
1228 3788 1317 3835 caeeis
1328 3784 1483 3848 doloribus,
1503 3796 1551 3840 aut
1562 3795 1676 3856 occepta
1687 3790 1818 3857 sulphure
1829 3810 1836 3844 z

1041 3859 1070 3904 et
1082 3853 1150 3902 einis
1162 3866 1267 3914 eorum,
1285 3853 1451 3919 genitalium
1463 3856 1547 3909 uitiis.
1584 3859 1759 3927 Tantumque
1781 3861 1838 3928 pol·

1041 3921 1109 3984 lent,
1124 3926 1156 3971 ut
1171 3920 1379 3973 medicamentis
1391 3938 1499 3990 quoque
1513 3935 1743 3993 superponantur.
1778 3929 1838 3981 hle·

1042 3990 1142 4042 dentur
1153 3997 1218 4042 ante
1229 3991 1323 4041 omnia
1334 3999 1363 4042 et
1376 3994 1469 4058 pecori
1482 3994 1544 4059 ipsi,
1562 3995 1586 4045 si
1597 3995 1713 4047 fastidio
1725 4011 1779 4046 non
1791 4013 1837 4063 pa-

1041 4068 1144 4111 scatur.
1179 4059 1272 4110 cauda
1295 4061 1368 4110 eninr
1390 4076 1471 4127 quarn
1495 4064 1650 4115 arctissime
1673 4064 1837 4131 praeligata,

1040 4128 1136 4178 euulsa
1147 4127 1212 4178 inde
1224 4128 1389 4179 lannstatinr
1400 4138 1557 4181 vescuntur.
1576 4131 1837 4199 Traduntquequod

1042 4202 1121 4246 entra
1133 4195 1233 4244 andum
1245 4196 1284 4245 ιιι
1295 4211 1310 4247 c
1321 4194 1411 4248 cauda
1422 4199 1571 4262 praemori.

1076 4261 1124 4311 xl.
1144 4260 1238 4313 Lanae
1249 4261 1352 4316 babent
1369 4270 1398 4314 et
1416 4280 1476 4315 cum
1497 4267 1558 4316 oris
1572 4266 1735 4319 societatem
1753 4265 1837 4318 mmul

1040 4329 1125 4381 fronti
1147 4330 1297 4395 impositae
1317 4339 1416 4383 contra
1429 4331 1583 4399 epiphoras.
1618 4334 1681 4386 Non
1704 4349 1773 4399 opus
1793 4342 1837 4387 est

1040 4414 1088 4452 eas
1099 4401 1127 4450 in
1141 4395 1194 4449 boc
1209 4413 1259 4449 usu
1275 4398 1400 4452 radicula
1421 4417 1481 4454 esse
1499 4410 1625 4465 curetas,
1647 4417 1733 4469 neque
1748 4403 1835 4471 aliud,

1040 4483 1122 4537 qoam
1135 4464 1280 4519 candidum
1296 4485 1332 4522 ex
1346 4484 1399 4523 oro
1410 4471 1529 4534 liniendi,
1549 4487 1583 4522 ac
1592 4470 1724 4539 pollinem
1735 4470 1834 4525 thuris.

1039 4541 1099 4589 lira
1109 4550 1159 4602 per
1168 4552 1199 4589 se
1210 4536 1301 4590 infuso
1312 4539 1430 4592 candido
1443 4542 1530 4592 oralia
1541 4539 1688 4607 epiphoras
1697 4539 1835 4606 cohibent,

1039 4614 1205 4674 urentesque
1216 4607 1393 4675 refrigerant.
1427 4611 1545 4671 Quidam
1557 4626 1618 4661 cum
1635 4624 1716 4660 croco
1729 4612 1836 4676 praefe-

1039 4683 1114 4739 runt,
1125 4682 1154 4727 et
1165 4690 1214 4741 pro
1227 4691 1299 4744 aqua
1310 4679 1425 4730 miscent
1436 4678 1568 4745 collyriis.
1605 4678 1757 4731 infantibus
1767 4695 1834 4733 nero

1039 4754 1139 4798 contra
1150 4745 1330 4813 lippitudines
1342 4749 1387 4798 rix
1405 4747 1481 4799 aliud
1494 4749 1643 4799 remedium
1663 4754 1714 4809 est,
1730 4748 1833 4817 butyro

1041 4815 1166 4869 sdnrixto
1179 4816 1293 4867 recenti.
1313 4815 1417 4868 Eadem
1427 4830 1487 4867 cum
1499 4817 1561 4867 oleo
1574 4817 1641 4869 trita
1650 4816 1729 4884 ignes
1739 4833 1835 4869 sacros

1039 4886 1154 4946 ἱιιὶιιιι,
1169 4886 1251 4936 betae
1263 4883 1338 4936 foliis
1350 4886 1559 4953 superilligutie.
1585 4885 1709 4937 Candido
1719 4901 1833 4939 osorum

1039 4955 1067 5004 in
1088 4954 1176 5004 oculis
1197 4960 1226 5005 et
1247 4954 1298 5020 pili
1314 4954 1486 5006 reclinantur
1497 4957 1697 5007 llanrmonlaco
1709 4956 1776 5007 trito
1787 4953 1834 5005 ad·

1039 5023 1193 5089 mixtoque.
1228 5024 1265 5073 Et
1282 5023 1340 5074 sari
1359 5025 1386 5074 in
1404 5024 1474 5076 fecie
1491 5041 1551 5076 curm
1572 5025 1660 5090 pineis
1680 5025 1785 5076 nucleis
1801 5037 1835 5073 ac

1039 5092 1122 5144 nelle
1137 5091 1256 5143 modico.
1293 5092 1356 5158 lpsn
1370 5093 1455 5144 facies
1475 5095 1547 5145 illita
1558 5095 1623 5146 Sole
1634 5109 1688 5144 non
1700 5092 1832 5143 aduritur.

1039 5161 1172 5214 Ambusla
1182 5161 1261 5227 aquis
1272 5160 1298 5211 si
1307 5164 1400 5212 statim
1412 5177 1464 5214 oro
1475 5170 1650 5229 «recuperatur,
1658 5161 1769 5228 pusulas
1779 5173 1832 5207 non

1039 5231 1170 5282 sentiunt.
1207 5226 1326 5290 Quidam
1340 5231 1493 5285 adrniscent
1504 5234 1619 5284 frtrinnnr
1642 5229 1832 5287 hordeaceam,

1039 5307 1067 5353 ct
1078 5300 1260 5365 salisperum.
1296 5301 1463 5352 llulceribus
1483 5318 1549 5354 sero
1567 5316 1599 5354 ex
1613 5298 1751 5357 ambusto»
1771 5308 1831 5375 9⁰¹⁰

1039 5368 1158 5420 candido
1178 5382 1293 5418 oronim
1317 5375 1421 5420 tostum
1443 5368 1587 5428 hordeum,
1605 5375 1633 5418 ct
1644 5364 1728 5416 suillo
1739 5360 1832 5429 adipe,

1038 5439 1109 5489 mire
1121 5434 1243 5502 prodest.
1272 5437 1376 5488 Eadem
1390 5438 1535 5490 curatione
1544 5435 1579 5486 ad
1591 5433 1663 5485 scdls
1674 5433 1742 5484 sitia
1752 5438 1833 5485 utun·

959 5522 987 5542 o·
1038 5513 1101 5557 tur:
1123 5504 1276 5558 infantibus
1296 5504 1417 5583 qfim,
1438 5506 1522 5558 etiarn
1534 5500 1633 5567 siquid
1645 5500 1683 5551 ibi
1695 5501 1831 5566 procidat

1037 5575 1078 5630 hd
1098 5574 1200 5646 pedum
1218 5575 1304 5631 nna
1325 5588 1440 5630 osorum
1457 5569 1574 5626 candido
1584 5567 1702 5623 decocto
1713 5584 1773 5641 cupn
1785 5584 1832 5624 ce·
