4374 6014
284 341 319 404 c
345 339 499 401 rurum
523 336 735 401 saeuum
761 334 924 402 aaron
950 288 1135 404 ursron
1171 332 1582 405 mu.xxx111.cnr.
1610 344 1730 407 neo.
1775 346 1843 408 aro

176 496 240 549 oleo
251 491 405 562 liquefacta
424 492 544 547 candens
555 488 624 546 sctis
640 483 805 547 inducaturr
822 494 983 564 iterumque

91 580 95 585 ·
175 566 297 620 admotis
308 564 400 632 gallae
411 564 578 613 carbonibus
596 563 733 616 aduratur
748 564 784 615 ad
794 564 925 618 sudorem
936 580 984 616 usd

178 650 245 707 quer
265 641 364 701 posteo
383 631 509 683 candelis
528 634 688 699 subigatur:
712 648 746 686 no
760 633 866 686 deinde
885 634 982 686 linteis

178 705 270 773 puris,
290 703 365 754 sicut
377 710 406 753 et
417 715 558 753 marmora
573 702 724 754 nitescunt.
761 705 815 767 Qui
827 704 941 755 oninium
952 704 980 755 in

180 773 296 826 officinis
307 773 427 838 poliunt,
451 770 550 821 taciem
570 770 640 821 laxis
652 772 754 823 vesicis
765 770 886 842 illigant,
909 775 981 825 nein

179 840 345 909 respirando
358 839 541 907 pernicialem
553 840 693 906 pulverem
705 841 830 894 trahant:
849 850 981 897 ettamen

179 920 212 963 ut
222 927 269 979 per
279 911 345 962 illas
363 916 497 977 spectent.
535 910 652 974 liiinium
671 914 699 961 in
713 908 899 965 columinibus
913 928 982 980 quo·

179 996 232 1048 que
242 981 384 1047 scriptura
396 986 553 1046 usurpatur,
575 980 764 1047 clusoresque
775 982 879 1045 literas,
899 983 943 1036 rel
956 984 982 1033 in

180 1062 259 1113 auro,
271 1050 315 1102 vel
325 1050 356 1100 in
370 1064 517 1110 marmore,
529 1050 614 1101 etism
625 1050 653 1101 in
664 1051 800 1117 sepulcris
812 1052 887 1103 iacit.

214 1119 288 1175 xta.
321 1118 364 1170 Ex
375 1118 538 1170 secundario
551 1120 657 1172 incenit
667 1120 727 1171 rita
737 1128 765 1172 et
777 1120 983 1189 hydrargyrum

178 1193 209 1242 in
218 1191 305 1240 ricem
318 1189 429 1255 argenti
441 1188 508 1249 riri,
520 1190 603 1256 paulo
614 1196 678 1243 ante
688 1189 816 1242 dilatum.
835 1190 880 1241 Fit
890 1198 985 1242 auteur

181 1259 290 1311 duobus
302 1258 403 1309 modis:
423 1260 513 1311 aereis
524 1261 663 1310 mortariis
675 1259 842 1327 pistillisque
854 1262 921 1311 trito
932 1259 983 1310 mi·

180 1329 228 1380 nio
240 1342 275 1380 ex
286 1336 380 1379 aceto:
398 1336 448 1379 aut
460 1329 563 1396 patinis
576 1330 706 1381 lictilibus
719 1330 881 1397 impositum
894 1330 985 1382 ierrea

180 1395 295 1458 concina,
317 1397 405 1450 calice
415 1406 586 1464 coopertum,
605 1400 710 1468 argilla
728 1400 896 1466 superillitus
920 1399 984 1449 dein

181 1469 234 1519 sub
245 1467 347 1533 patinis
362 1482 508 1519 accensum
528 1467 645 1520 lollibus
661 1470 792 1520 continuo
809 1469 878 1537 igni,
900 1474 984 1535 atquc

180 1536 447 1589 itacalicissudore
462 1537 584 1601 deterso,
606 1539 652 1606 qui
671 1540 703 1590 lit
718 1542 828 1607 argenti
846 1539 941 1590 colore
957 1542 986 1587 et

181 1619 271 1673 equae
282 1605 398 1672 liquore.
436 1606 510 1660 idem
521 1608 608 1675 guttis
619 1606 706 1659 dividi
719 1608 822 1671 facilis,
839 1616 867 1660 et
877 1609 984 1660 lubrico

97 1694 100 1698 ·
181 1673 298 1727 lrumore
309 1676 455 1730 confluere.
493 1676 573 1738 Quod
585 1693 645 1729 cum
667 1690 802 1731 venenum
815 1692 876 1730 esse
888 1690 985 1729 conre-

181 1742 252 1805 nial,
264 1746 359 1797 omnia
369 1761 440 1812 quae
453 1742 487 1797 de
499 1746 586 1797 minio
601 1748 634 1803 in.
643 1748 798 1799 medicinae
809 1763 861 1798 usu
871 1748 986 1799 tradun-

180 1819 237 1874 tur,
247 1816 398 1866 temeraria
407 1816 545 1866 arbitror:
565 1821 758 1884 praeterquam
770 1817 900 1869 fortassis
912 1816 985 1867 illito

183 1883 275 1949 capite
286 1889 427 1944 centrere,
446 1887 605 1951 sanguinem
622 1886 787 1946 sistendum,
798 1886 862 1938 dum
874 1883 983 1951 nequid

180 1958 310 2021 penetret
320 1952 347 2001 in
358 1953 475 2013 viscera,
495 1968 529 2004 ac
540 1954 638 2004 rulrrus
653 1956 791 2021 attingat:
810 1955 894 2007 aliter
904 1962 983 2007 utcu·

183 2021 247 2073 dum
259 2032 313 2070 non
323 2022 454 2087 equidem
467 2034 604 2072 censeam.

216 2089 301 2142 XLli.
313 2088 500 2158 ilydrurgyro
509 2089 903 2157 argentuminauratursolum
915 2108 986 2143 nune

181 2174 278 2229 prope,
299 2173 363 2209 cuns
372 2165 400 2211 et
409 2160 438 2209 in
448 2173 514 2210 aera
525 2159 607 2209 siruili
621 2158 703 2211 modo
714 2159 900 2212 ducldebeut.
931 2158 984 2212 Sed

184 2228 281 2283 eaden
293 2228 380 2289 traua,
393 2228 471 2295 ‘quae
491 2229 518 2278 in
540 2228 616 2278 omni
636 2227 711 2278 ritae
727 2229 984 2296 parteingeniosis·

182 2300 255 2349 sima
273 2303 334 2359 est,
354 2297 480 2350 viliorem
502 2296 672 2365 excogitavit
694 2297 858 2361 materiam,
881 2304 916 2348 ut
936 2297 984 2350 de·

183 2368 299 2420 culmus.

217 2436 317 2488 xliii.
334 2436 404 2487 Auri
419 2435 583 2503 argentique
598 2433 766 2487 mentionem
782 2435 985 2487 comitaturln-

182 2505 236 2573 pls,
249 2520 328 2571 quem
341 2506 489 2556 cuticulam
501 2504 654 2571 appellant,
668 2504 805 2570 quondam
818 2520 871 2556 nnn
883 2505 985 2556 solima

181 2574 312 2633 inveniri,
323 2573 377 2622 nisi
389 2574 417 2623 in
429 2574 541 2625 llunrine
553 2572 664 2633 'i'molo,
687 2579 718 2623 ut
730 2581 829 2624 auctor
839 2581 882 2624 est
892 2573 985 2627 'illeo-

182 2641 329 2712 plrrastus:
347 2654 419 2692 nune
431 2654 497 2694 vero
513 2643 632 2709 passim:
654 2654 735 2709 quem
755 2642 804 2692 alil
816 2643 986 2706 ileracllum,

183 2711 234 2765 alii
245 2709 366 2778 Lydium
378 2719 488 2763 vocant.
525 2712 596 2762 Sunt
608 2718 701 2763 autem
715 2710 825 2775 modici,
836 2718 985 2780 quaternas

182 2780 283 2831 uncias
293 2779 487 2847 longitudinis,
506 2780 641 2848 binasque
656 2780 816 2833 latitudinis
832 2798 886 2834 non
905 2797 985 2834 erce·

183 2850 289 2903 dentes.
326 2849 407 2912 erod
418 2849 512 2919 aSole
523 2849 578 2902 luit
587 2854 616 2902 in
628 2848 690 2912 iris,
709 2851 807 2904 melius
819 2866 900 2920 quarn
912 2851 985 2920 quod

182 2929 296 2973 eterra.
331 2920 384 2971 iiis
395 2919 524 2972 coticulis
534 2920 629 2986 periti,
639 2934 701 2971 eum
714 2936 810 2973 ercnn
820 2931 850 2972 ut
862 2920 929 2973 lima
939 2935 984 2973 ra-

181 2991 297 3057 puerint
307 2988 536 3056 experimentum,
548 2991 676 3058 protinus
688 2990 784 3043 dieunt
794 2999 925 3058 quantum
935 3005 984 3041 au-

181 3059 206 3110 ri
217 3060 254 3110 sit
265 3060 293 3109 ln
303 3074 346 3120 ea,
358 3066 491 3124 quantum
504 3060 611 3127 argenti
624 3060 668 3113 rel
680 3060 764 3124 aeris,
776 3061 922 3128 scripulari
933 3058 986 3111 dii·

180 3125 309 3189 mentia,
321 3128 444 3181 mirabili
455 3131 574 3193 rrrtiooc,
586 3144 641 3181 non
653 3130 778 3182 fallente.

216 3197 315 3250 XLlV.
334 3199 450 3265 Argenti
461 3198 726 3252 dunediile'rentiae.
763 3198 875 3250 ilatiilis
886 3196 986 3251 ferreis

183 3264 365 3319 candentibus
377 3276 503 3325 ramento
515 3270 655 3336 imposito,
677 3267 752 3337 quod
763 3267 909 3319 candidum
923 3282 984 3335 per·

180 3341 301 3397 maneat,
324 3335 468 3400 probatur.
505 3336 637 3390 Proxima
646 3339 758 3390 bonitas
770 3337 842 3399 rulo,
858 3338 935 3389 nulla
947 3337 986 3388 oi-

180 3418 242 3473 gro.
280 3404 334 3457 aed
347 3406 537 3472 experimento
549 3422 658 3474 quoque
668 3406 745 3459 fraus
756 3406 918 3460 intervenit:
929 3421 987 3460 ser·

180 3475 254 3526 tntis
266 3475 294 3524 in
306 3474 429 3525 virorum
444 3475 526 3526 urina
543 3476 658 3539 batillis,
678 3479 803 3528 inlicitur
818 3476 859 3526 itu
876 3492 985 3528 ramen-

180 3550 241 3595 tum
255 3543 347 3597 obiter
359 3544 423 3595 dum
436 3544 535 3608 uritur,
546 3546 750 3615 carrdoremque
763 3546 904 3599 mentitur.
934 3546 987 3596 Est

181 3610 260 3665 aliud
276 3615 498 3680 experimentum
513 3617 603 3681 politi,
626 3622 654 3668 et
665 3618 694 3667 in
710 3615 801 3668 halitu
812 3614 941 3679 hominis,
961 3617 985 3666 ai

181 3682 264 3734 sudet
276 3684 412 3749 protinus,
425 3685 581 3755 nubemque
592 3684 732 3737 discutiat.

216 3752 446 3805 liirV.i1amiuas
462 3752 536 3817 duci,
559 3762 588 3807 et
605 3755 720 3822 specula
735 3754 795 3807 lieri
814 3769 869 3807 non
880 3754 936 3806 nisi
952 3768 985 3806 ex

181 3820 289 3887 oqrtimo
301 3836 384 3888 posse
394 3823 531 3875 creditum
544 3823 643 3877 iuerat.
682 3826 712 3877 id
725 3836 832 3892 quoque
844 3826 900 3876 ianr
911 3825 987 3875 irau-

181 3890 216 3941 de
229 3894 422 3960 corrumpitur.
458 3892 513 3945 Sed
524 3901 625 3946 natura
638 3894 708 3945 mim
723 3902 765 3946 est
776 3895 911 3964 imagines
922 3893 986 3947 red-

182 3960 275 4021 dendi,
298 3961 370 4028 quod
382 3975 545 4027 repercusso
556 3971 716 4030 arceatque
727 3966 754 4015 in
766 3965 862 4016 oculos
874 3969 985 4031 regesto

181 4030 241 4080 lieri
252 4030 390 4082 convenit.
427 4030 531 4083 Eadem
542 4033 570 4082 ri
581 4033 607 4083 in
619 4034 739 4098 speculis
751 4048 802 4083 usu
814 4034 903 4099 polita
913 4048 988 4084 cras·

181 4099 311 4158 situdine,
323 4098 491 4164 paulumque
512 4102 646 4166 propulsa
665 4100 801 4151 dilatatur
822 4103 850 4151 in
872 4103 987 4154 immen-

180 4182 242 4217 surn
254 4166 416 4232 magnitudo
429 4167 589 4235 imaginum.
617 4171 740 4219 'i'aotum
756 4170 883 4230 interest,
894 4184 986 4236 reper-

180 4250 290 4287 cussum
316 4234 392 4285 lilunr
405 4245 519 4301 respuat
541 4250 575 4286 nn
586 4237 719 4303 excipiat.
756 4237 926 4297 Quinetiam
941 4250 987 4303 po·

180 4303 246 4358 cula
257 4306 300 4355 ita
308 4306 476 4370 rigarentur,
496 4305 650 4371 exsculptis
660 4306 735 4356 iutus
746 4305 851 4358 crebris
862 4322 911 4359 ceu
922 4322 984 4373 spe-

180 4375 261 4435 culis,
281 4380 313 4423 ut
321 4373 369 4425 rei
385 4387 440 4423 uno
457 4372 597 4435 intuente,
617 4376 737 4441 pupulus
751 4374 870 4428 totidem
890 4376 987 4443 imagi·

178 4457 244 4495 nuru
256 4446 314 4494 liat.
351 4440 557 4508 [excogitantur
567 4450 596 4494 et
607 4445 787 4505 mensu-ilica,
799 4451 831 4495 ut
841 4447 869 4495 in
880 4446 985 4511 templo

178 4512 317 4579 Smyrnae
329 4509 430 4561 dicate.
466 4510 496 4562 ld
507 4516 599 4563 ereuit
610 4512 701 4578 ligura
714 4513 856 4565 materiae.
893 4513 984 4565 Pluri-

179 4596 312 4649 mumque
324 4578 415 4633 refert
425 4594 545 4631 concana
556 4582 613 4632 sint
623 4589 652 4634 et
665 4582 758 4649 poeuii
770 4582 861 4645 modo,
874 4598 908 4634 nn
921 4599 984 4651 par·

179 4667 243 4704 urae
254 4649 446 4712 'rnreerdicnn
458 4650 549 4703 media
559 4651 692 4718 depressa
702 4667 737 4703 ao
749 4651 833 4714 elata,
842 4659 984 4705 transser-

180 4736 213 4773 sa
223 4736 257 4772 no
270 4721 394 4791 obliqua,
404 4719 503 4786 sunnine
514 4735 550 4771 an
559 4728 652 4783 recta,
671 4721 806 4788 qualitate
818 4723 985 4789 excipientis

180 4791 288 4857 ligurae
303 4796 452 4858 torquente
468 4790 610 4844 venientes
629 4793 750 4845 umbras.
786 4791 843 4844 Nec
858 4795 931 4844 eninr
943 4799 986 4845 est

180 4858 257 4912 aliud
268 4859 319 4913 iila
328 4859 431 4927 imago,
453 4874 535 4927 quarn
547 4862 656 4930 eligente
666 4862 783 4914 claritas
793 4865 927 4915 materiae
939 4878 985 4914 ex·

181 4930 309 4996 cipieotis
319 4931 454 4982 unrbrarn.
501 4932 589 4998 Atque
602 4940 633 4982 ut
644 4933 739 4983 omnia
750 4931 784 4983 de
794 4932 915 4998 speculis
926 4947 986 4998 per·

180 5003 297 5067 agantur
309 4997 360 5050 iroe
371 4998 637 5068 ioco,optimaapud
647 5004 768 5054 maiores
781 5000 986 5055 luerentiirun·

181 5068 280 5131 disina,
302 5075 402 5121 stanno
414 5074 444 5120 et
454 5082 519 5121 aere
529 5071 634 5122 mixtis.
671 5070 802 5123 Praelata
812 5078 878 5123 sunt
889 5084 993 5140 argee·

180 5144 235 5191 toa.
271 5139 380 5190 Primos
392 5137 461 5190 iecit
472 5139 636 5203 Praxiteles,
643 5141 737 5209 Magni
746 5141 870 5207 Pompeii
881 5148 984 5194 aetate.

180 5207 278 5274 Nuper
295 5208 371 5260 credi
392 5216 532 5274 coeptum,
553 5211 702 5264 certiorem
722 5211 873 5280 imaginem
894 5211 985 5276 reddi,

181 5291 250 5329 auro
262 5278 391 5344 opposito
403 5278 516 5329 aversis.

1034 496 1108 550 aeris
1118 497 1214 564 Cyprii
1226 494 1394 560 tenuissimi,
1407 496 1479 563 quod
1493 498 1667 551 coronarium
1679 502 1789 563 terrant,
1810 500 1841 551 ei

1034 567 1175 634 sulphuris
1189 567 1254 627 riri,
1274 574 1405 632 quantum
1426 567 1543 632 argenti.
1580 567 1742 618 Coollaorur
1759 567 1841 619 itaia

1034 635 1116 688 iictili
1136 637 1291 688 circumlito
1312 622 1424 704 argilla.
1461 634 1562 685 Modus
1584 635 1729 702 coquendi,
1751 635 1840 688 donec
1917 683 1922 691 .

1034 720 1064 756 se
1075 708 1135 773 ipsa
1146 707 1277 772 opercula
1287 707 1428 771 unser-iant,
1462 704 1604 772 Nigreseit
1616 713 1643 755 et
1657 707 1701 759 ori
1714 706 1841 757 indurati

1035 776 1121 837 iuteo,
1131 780 1162 825 ut
1172 781 1265 826 tameo
1276 785 1357 825 aceto
1369 782 1397 825 et
1407 779 1484 825 creta
1495 775 1646 826 deteratur.
1666 773 1780 825 Miscuit
1790 774 1840 826 de·

1035 847 1112 895 nario
1124 844 1251 895 triumvir
1262 845 1396 895 Antonius
1408 846 1522 896 ferrum.
1546 844 1700 894 Miscentur
1711 859 1776 896 aera
1789 844 1841 896 lai·

1035 930 1083 965 sae
1096 921 1232 965 oronetae.
1255 912 1308 963 alii
1320 928 1335 964 e
1347 913 1469 979 pondere
1481 912 1658 974 subtralrunt,
1680 929 1740 964 cunr
1753 913 1789 964 sit
1799 914 1842 964 iu:

1035 990 1107 1034 stum
1120 978 1264 1035 lxxxxiv
1276 999 1291 1034 e
1304 980 1383 1032 libris
1398 982 1514 1048 signari.
1556 984 1644 1050 igitur
1653 997 1699 1034 ars
1712 982 1787 1033 laeta
1797 982 1842 1035 de·

1037 1053 1130 1105 uarios
1153 1054 1281 1119 probare,
1301 1060 1356 1102 tam
1380 1051 1498 1102 iucunda
1520 1051 1582 1119 lege
1602 1052 1729 1120 plebl,ut
1748 1051 1842 1102 Mario
1895 1079 1900 1089 ·

1036 1122 1206 1174 Gratidiano
1219 1122 1329 1172 vicatim
1341 1126 1418 1173 totas
1429 1126 1538 1172 statuas
1551 1120 1696 1174 dicaverit.
1725 1120 1842 1171 Mirum·

1037 1206 1098 1258 que,
1109 1194 1136 1242 in
1148 1191 1199 1242 lrac
1210 1191 1311 1242 artium
1323 1191 1385 1242 sola
1396 1190 1464 1241 ritia
1474 1190 1628 1255 discuntur,
1642 1197 1669 1243 et
1681 1187 1747 1241 falsi
1758 1189 1842 1242 dena·

1038 1262 1073 1312 rii
1085 1267 1227 1327 spectatur
1249 1261 1401 1327 exemplar,
1420 1259 1605 1328 pluribusque
1627 1260 1700 1313 reris
1716 1259 1841 1312 denariis

1037 1330 1211 1383 adulterinus
1222 1331 1331 1382 emitur.

1072 1399 1184 1453 XLVii.
1203 1401 1266 1452 Non
1289 1405 1349 1451 erat
1369 1399 1441 1466 apud
1463 1399 1592 1467 antiquos
1614 1410 1743 1450 numerus
1766 1399 1842 1451 ultra

1038 1477 1147 1521 centurn
1159 1471 1265 1522 milliar
1287 1468 1381 1534 itaque
1395 1477 1422 1522 et
1434 1468 1516 1522 hodie
1526 1468 1751 1535 multiplicantur
1762 1464 1842 1529 haec,

1038 1544 1069 1588 ut
1080 1539 1171 1591 decies
1182 1546 1298 1593 centena
1310 1539 1408 1602 millia,
1420 1547 1467 1590 aut
1478 1539 1591 1605 saepius
1604 1538 1740 1589 dicantur.
1772 1536 1843 1589 Fue·

1038 1622 1088 1658 nus
1099 1606 1240 1673 hocfecit,
1261 1606 1446 1676 nummusque
1463 1624 1621 1676 percussus:
1642 1613 1671 1659 et
1681 1607 1722 1658 sic
1731 1618 1843 1673 quoque

1039 1692 1085 1728 aes
1104 1680 1225 1731 alienum
1241 1680 1394 1732 ctianmum
1411 1678 1579 1745 appellatur.
1617 1676 1720 1728 Postea
1731 1675 1843 1728 Divites

1040 1749 1243 1815 cognominati:
1271 1748 1420 1800 dunrorodo
1432 1755 1528 1800 rnatum
1540 1748 1588 1808 sit,
1600 1761 1662 1798 eum
1679 1745 1725 1811 qui
1737 1747 1844 1812 primus

1039 1821 1177 1884 acceperit
1189 1818 1242 1869 lroe
1252 1833 1415 1884 cognomen,
1423 1816 1567 1868 decoxisse
1579 1815 1764 1867 creditoribus
1774 1814 1843 1866 suis·
1857 1824 1861 1847 ²

1041 1887 1080 1937 iix
1093 1888 1189 1939 eadem
1201 1894 1284 1955 gente
1299 1887 1337 1937 Μ.
1349 1888 1464 1939 Crassus
1476 1886 1604 1953 negabat
1619 1884 1789 1950 locupletem
1800 1898 1842 1935 es·

1042 1968 1080 2017 se,
1101 1957 1153 2006 nisi
1165 1957 1211 2022 qul
1224 1955 1316 2007 reditu
1329 1970 1421 2008 annuo
1435 1955 1574 2023 legionem
1587 1956 1658 2005 tueri
1671 1957 1775 2020 posset.
1811 1954 1842 2003 ln

1039 2024 1113 2091 agris
1124 2026 1167 2075 bis
1179 2025 1282 2076 millies
1293 2026 1451 2077 scatertidm
1463 2025 1595 2092 possedit,
1618 2022 1845 2087 Quiritium‘post

1038 2092 1144 2144 Sullam
1156 2092 1317 2145 ditissimus.
1354 2095 1413 2146 Nec
1432 2094 1486 2144 luit
1507 2097 1585 2154 satis,
1606 2094 1761 2142 nisitotunr
1775 2090 1839 2140 l'ur-

1037 2160 1149 2213 tinorum
1160 2168 1293 2215 esurisset
1303 2178 1413 2215 aurum:
1425 2169 1508 2231 atquc
1520 2167 1546 2213 in
1560 2161 1719 2218 memoriam
1731 2159 1843 2228 quidem

1038 2231 1171 2295 optimum
1184 2231 1343 2298 occuparit:
1374 2234 1453 2283 iurat
1462 2233 1535 2283 eninr
1544 2230 1677 2283 insectari
1689 2229 1844 2295 inexpiehis

1038 2298 1091 2350 lent
1101 2299 1183 2348 istam
1196 2298 1315 2351 habendi
1328 2300 1492 2366 cupidinem.
1512 2300 1618 2352 Multos
1629 2306 1727 2365 postea
1738 2310 1843 2366 cogno·

1038 2369 1126 2417 vimus
1145 2369 1281 2420 servitute
1300 2368 1434 2421 liberatos
1450 2369 1655 2435 opulentiores:
1680 2369 1844 2435 pariterque

1038 2440 1094 2486 ires
1115 2435 1223 2486 Claudii
1246 2439 1419 2503 principatu,
1438 2437 1608 2499 Pallantem,
1631 2435 1792 2497 callistum,
1814 2443 1844 2487 et

1039 2503 1207 2555 Narcissum.
1243 2506 1334 2571 Atque
1346 2512 1378 2555 ut
1389 2504 1415 2554 iri
1428 2506 1600 2566 omittantur,
1613 2511 1742 2572 tanquam
1753 2502 1844 2555 adlruc

1039 2587 1130 2624 rerum
1143 2574 1293 2637 potiuntur,
1316 2574 1345 2624 c.
1360 2572 1453 2623 Asinio
1466 2572 1558 2634 Gallo,
1580 2575 1609 2625 c.
1621 2572 1730 2625 Marcio
1740 2574 1842 2623 Censo-

1039 2642 1100 2693 rino
1111 2642 1189 2693 Coss.
1205 2655 1231 2693 a.
1246 2641 1272 2692 d.
1287 2640 1326 2693 Vi
1346 2642 1410 2694 Kal.
1422 2642 1502 2693 Febr.
1514 2643 1544 2695 C.
1557 2642 1697 2694 Caecilius
1707 2641 1845 2694 Claudiai

1039 2711 1159 2762 isidorus
1167 2716 1339 2763 testamento
1351 2728 1402 2763 suo
1413 2711 1511 2772 edixit,
1522 2712 1646 2777 quamvis
1657 2710 1747 2762 multa
1765 2710 1843 2762 cirili

1038 2780 1114 2831 bello
1130 2779 1305 2845 perdidisset,
1326 2786 1419 2833 tannen
1440 2780 1599 2848 relinquere
1620 2792 1762 2832 serrorum
1775 2794 1842 2847 qua·

1038 2857 1103 2900 tuor
1115 2849 1204 2901 millia
1219 2855 1329 2902 centurn
1345 2850 1477 2903 sedecim:
1500 2852 1566 2919 iuga
1582 2850 1665 2902 boum
1681 2851 1738 2902 tria
1755 2850 1845 2903 miliia

1037 2927 1177 2983 sexcenta,
1200 2920 1298 2986 reliqui
1320 2920 1429 2987 pecoris
1449 2921 1494 2971 CC
1518 2921 1718 2988 quinquaginta
1736 2929 1843 2986 septem

1039 2988 1138 3040 millia:
1160 2988 1187 3038 in
1200 2997 1345 3041 nunrerato
1356 2990 1404 3041 H·
1415 2988 1443 3041 S.
1455 2993 1611 3043 sexcenties
1623 2998 1694 3041 cent.
1707 2988 1776 3043 mill.
1785 2980 1846 3040 Fu?

1038 3058 1128 3111 ner-ari
1149 3073 1179 3110 sc
1200 3056 1283 3110 iussit
1294 3058 1321 3110 H
1333 3087 1345 3098 -
1357 3057 1384 3111 S.
1396 3057 1526 3112 undecies
1537 3062 1609 3113 cent.
1620 3057 1691 3111 mill.
1738 3059 1844 3125 Conge-

1040 3134 1104 3179 rnnt
1116 3127 1281 3180 excedentes
1294 3144 1437 3182 numerum
1450 3144 1527 3197 opes,
1551 3132 1739 3198 quotatamen
1749 3129 1843 3209 portio
1916 3126 1926 3133 ’

1038 3202 1119 3249 erunt
1139 3196 1312 3249 Ptolemaeii
1334 3212 1415 3266 quero
1429 3199 1517 3251 Varro
1537 3200 1626 3251 tradit
1645 3196 1779 3265 Pompeio
1796 3212 1843 3250 res

1038 3273 1152 3335 gerente
1172 3268 1245 3318 cirea
1265 3269 1405 3331 iudaeam,
1417 3275 1519 3321 octona
1539 3269 1630 3319 millia
1646 3267 1771 3332 equitum
1791 3280 1843 3317 sua

1039 3337 1156 3403 pecnnia
1167 3335 1346 3387 toleravisse:
1369 3337 1447 3390 mille
1458 3336 1597 3397 cunriras,
1619 3334 1737 3386 totidem
1749 3335 1846 3387 aureis

1039 3407 1172 3472 potoriis,
1195 3413 1346 3457 mutantem
1367 3423 1434 3457 raso
1455 3422 1514 3456 curn
1538 3405 1667 3465 ferculis,
1689 3404 1845 3470 saginasse.

1038 3475 1132 3537 Quota
1142 3489 1207 3526 rero
1219 3474 1267 3526 ilie
1279 3477 1337 3541 lpse
1359 3481 1460 3543 (neque
1472 3475 1544 3527 coim
1562 3475 1596 3525 de
1607 3473 1719 3540 regibus
1729 3473 1842 3538 loquor)

1039 3544 1132 3611 portio
1154 3543 1208 3594 luit
1228 3543 1322 3611 Pythii
1337 3544 1464 3612 Bithyni,
1487 3543 1533 3611 qui
1555 3544 1698 3611 platanum
1720 3555 1844 3603 auream,

1038 3614 1174 3682 ritemquc
1186 3614 1307 3664 nobilem
1323 3614 1401 3666 iliam
1414 3613 1502 3666 Dario
1515 3613 1574 3679 regi
1588 3611 1719 3663 donarit:
1740 3611 1843 3662 Xenis

1039 3684 1141 3751 copias,
1153 3681 1205 3734 lroc
1225 3684 1400 3750 consenties
1421 3691 1536 3736 centena
1556 3678 1726 3733 bxxxvlii
1751 3678 1844 3731 millia

1038 3751 1178 3803 hotrrinum
1201 3755 1310 3817 excepit
1326 3755 1418 3819 epulo,
1440 3751 1610 3819 stipendium
1627 3750 1750 3819 quinque
1768 3764 1843 3802 men·

1037 3822 1107 3873 sium
1121 3822 1342 3889 frumentumque
1353 3823 1494 3889 perilleitus
1504 3840 1517 3882 ,'
1533 3830 1565 3874 ut
1575 3836 1590 3873 e
1602 3821 1726 3888 quinque
1737 3819 1843 3882 liberis,

1037 3890 1176 3944 senectuti
1187 3906 1254 3943 sune
1272 3891 1300 3941 in
1313 3892 1422 3945 delectu
1436 3907 1505 3945 unus
1516 3891 1616 3943 saltem
1629 3888 1843 3941 concederetur.

1037 3964 1119 4013 iiunc
1139 3976 1250 4030 quoque
1269 3962 1357 4028 ipsum
1379 3964 1480 4030 aliquis
1492 3964 1634 4027 comparet
1646 3960 1751 4008 Croeso
1773 3957 1842 4023 regi.

1038 4034 1114 4094 Quae
1126 4027 1262 4097 (ntalem)
1274 4032 1396 4082 amentia
1408 4040 1459 4092 cst,
1481 4031 1510 4081 id
1523 4030 1550 4080 in
1568 4030 1625 4078 rita
1637 4040 1747 4092 rupere,
1768 4024 1844 4089 quod

1038 4102 1181 4150 autetiam
1193 4099 1282 4151 serris
1294 4099 1452 4168 contigerit,
1463 4106 1513 4150 aut
1524 4114 1558 4149 ne
1569 4098 1596 4147 in
1609 4095 1720 4162 regibus
1732 4091 1842 4159 quidem

1039 4169 1175 4217 invenerit
1185 4167 1265 4216 linem
1278 4168 1285 4216 l

1072 4234 1197 4286 xnvltt.
1211 4235 1333 4301 Populus
1349 4235 1491 4286 Romanos
1512 4234 1612 4300 stipem
1625 4242 1757 4298 spargere
1778 4243 1841 4282 roe·

1039 4304 1087 4372 pit,
1099 4304 1146 4369 dp.
1159 4304 1313 4365 Postumio,
1325 4303 1359 4365 Q.
1369 4304 1478 4355 Marcio
1495 4307 1570 4355 coss.
1583 4308 1662 4352 tanta
1674 4297 1844 4351 abundantia

1039 4376 1173 4439 pecuniae
1185 4379 1254 4435 erat,
1277 4380 1307 4424 ut
1317 4388 1378 4424 eam
1390 4372 1532 4424 conferret
1544 4371 1576 4422 ¹1·
1587 4368 1721 4438 Scipioni,
1743 4382 1777 4419 cx
1788 4381 1845 4435 qua

1039 4443 1063 4493 is
1087 4442 1167 4493 ludos
1189 4440 1265 4495 iecit.
1302 4441 1372 4493 Nam
1393 4443 1467 4508 quod
1482 4439 1762 4509 ngrippaentenenio
1781 4452 1844 4489 sex·

1038 4518 1131 4564 tantes
1143 4511 1217 4563 aeris
1229 4512 1255 4562 in
1271 4510 1351 4563 funus
1368 4512 1498 4574 contulit,
1520 4511 1634 4563 honoris
1649 4508 1677 4561 id
1694 4506 1843 4559 necessita·

1038 4583 1129 4649 tisque
1139 4588 1253 4648 propter
1263 4586 1456 4649 paupertatem
1468 4583 1623 4652 Agrippae,
1643 4590 1698 4631 non
1710 4575 1840 4644 ldrgitio·

1037 4652 1080 4703 nis
1090 4666 1151 4702 esse
1162 4651 1288 4703 dixerim.

1071 4720 1174 4773 xelx.
1197 4722 1273 4774 Vasa
1284 4736 1318 4774 ex
1330 4729 1446 4790 argento
1466 4723 1537 4774 mira
1547 4714 1735 4771 inconstantia
1745 4713 1841 4767 huma·

1037 4790 1064 4841 ni
1076 4790 1183 4860 ingenii
1194 4792 1291 4853 cariat,
1311 4792 1416 4843 nulium
1428 4808 1515 4861 genos
1526 4788 1653 4842 cilicinae
1666 4787 1712 4839 diu
1724 4787 1842 4852 proban·

1037 4861 1081 4924 do,
1100 4859 1335 4924 nuocFirmiaoa,
1358 4877 1429 4913 nunc
1440 4862 1585 4920 Clodiana,
1606 4855 1841 4910 nuncGratiana:

1037 4933 1140 4983 etenim
1154 4931 1286 4982 tabernas
1297 4934 1398 4983 mensis
1410 4930 1618 5000 adoptavimus:
1639 4942 1711 4978 nunc
1722 4923 1840 4993 anagly-

1036 5008 1095 5068 pta,
1105 5001 1135 5051 in
1148 5000 1383 5069 asperitatemque
1395 5004 1497 5063 excisa,
1519 5001 1594 5053 circa
1605 5000 1741 5050 linearum
1752 4996 1841 5061 pictu-

1036 5084 1081 5123 ras
1094 5070 1260 5137 quaerimus.
1270 5071 1324 5122 lanr
1338 5073 1472 5125 reroetlo
1485 5084 1593 5122 mensas
1604 5063 1781 5134 repositoriis
1791 5061 1841 5111 im·

1037 5142 1166 5209 poninrus
1173 5176 1181 5203 ,
1202 5148 1230 5192 et
1242 5140 1277 5192 od
1289 5141 1452 5193 sustinenda
1462 5139 1578 5191 obsonia
1589 5135 1786 5189 interradimus
1797 5130 1839 5211 la·

1037 5218 1111 5263 tera:
1131 5216 1159 5263 et
1174 5211 1304 5272 interest,
1328 5223 1408 5278 quum
1425 5208 1575 5275 plurimum
1593 5208 1659 5259 lima
1674 5198 1839 5279 perdiderit.

1037 5280 1111 5332 Vasa
1123 5280 1285 5347 coquinaria
1301 5295 1333 5332 ex
1350 5286 1468 5346 urgento
1478 5280 1578 5331 cairus
1591 5281 1688 5328 orator
1704 5270 1763 5320 lierr
1776 5279 1837 5334 qur·

215 5346 290 5398 XLV
294 5348 313 5397 Ι.
335 5345 434 5411 'lingit
444 5351 473 5398 et
485 5350 628 5415 aegyptus
642 5356 809 5419 argentum,
828 5357 859 5402 ut
869 5350 897 5402 in
907 5352 984 5403 rasis
1034 5352 1118 5403 ritat:
1129 5357 1160 5401 at
1170 5366 1220 5401 nos
1231 5361 1359 5402 carrucas
1370 5362 1402 5400 en
1415 5354 1533 5416 argento
1546 5345 1656 5398 caelare
1669 5338 1840 5390 invenimus:

177 5415 303 5475 Anubem
315 5426 394 5463 suum
406 5421 531 5481 spectetr
553 5420 704 5486 pingitque,
715 5436 769 5471 non
781 5420 872 5471 caelat
883 5434 982 5489 argen-

129 5478 247 5528 *fln
283 5482 398 5533 'l'ransit
414 5483 480 5537 inrle
501 5490 617 5538 neuterio
633 5496 662 5538 et
673 5487 709 5539 ari
728 5489 910 5555 triumphales
924 5500 982 5542 stn-

1036 5426 1187 5487 nostraque
1206 5425 1300 5469 aetate
1313 5415 1442 5483 Poppaea
1457 5418 1558 5470 coniux
1570 5409 1689 5465 Neronis
1705 5404 1839 5473 principis

1035 5488 1244 5541 delimtioribus
1259 5486 1393 5539 lumentis
1408 5486 1469 5538 suis
1483 5486 1576 5537 soleas
1591 5490 1625 5532 ex
1641 5488 1711 5529 auro
1729 5488 1839 5544 quoque

308 5555 443 5620 ‘runrquq
454 5555 558 5606 crescit
570 5560 691 5680 own:
701 5556 820 5629 luigoris
830 5562 983 5611 excaecati.
1033 5559 1156 5612 induere.

333 5621 436 5676 ⁴it-lroc
451 5622 546 5679 neoda

692 5635 867 5697 turergentu
882 5630 983 5684 tertiae
1068 5627 1101 5683 1..
1119 5627 1220 5682 libras
1232 5623 1339 5679 XXXI}
1358 5621 1469 5687 argenti
1485 5617 1630 5671 Africanus
1653 5626 1772 5683 sequens
1789 5610 1838 5668 ire·

1354 5690 1421 5743 te*
