4368 6008
365 288 428 355 aes
519 287 551 347 c.
584 285 728 348 aaran
752 275 952 343 sacuam
990 277 1155 340 aaron
1194 274 1504 339 acaronem.
1531 274 1668 337 xxiv.
1707 273 1803 334 car.
1822 276 1921 336 4-15.
2018 262 2049 370 J

366 439 514 495 comsalss
522 436 743 506 mogissanat.
778 429 997 485 vehementiora
1006 434 1072 482 sunt
1082 427 1168 498 ligna,
1218 431 1332 484 ctorlstl
1352 424 1473 497 pondere
1490 426 1518 480 ia
1536 427 1600 481 rino
1618 430 1700 496 potus
1716 424 1873 494 illitusque,
1896 425 2028 480 caradoc

366 518 396 566 et
407 512 436 563 in
448 509 575 562 omnibus
585 512 681 560 cortex
691 500 918 570 ipse,corticique
929 503 1024 552 tunica
1034 502 1167 553 subiecta.
1219 503 1293 553 sicca
1302 500 1405 569 pingui,
1417 498 1536 551 exemtis
1547 499 1650 565 mnis,
1660 497 1731 548 vitia
1740 497 1855 548 testium
1866 504 1956 558 sanat,
1980 504 2027 551 tu·

366 581 448 632 llaec
463 578 578 631 decocta
596 575 674 625 iurat
691 570 837 623 coeliacos.
874 571 1069 639 llyscntericis
1083 569 1168 622 etiam
1219 584 1311 624 mores
1329 570 1457 621 discutitt
1477 572 1507 620 et
1527 582 1589 619 cum
1611 567 1747 621 fermento
1766 574 1897 617 strumas.
1936 565 2029 619 iisdix

364 649 498 708 illinitur,
510 645 554 697 vel
567 647 628 709 ipsa
638 640 727 709 glans.
764 639 924 708 Eademque
938 640 1045 692 resistit
1055 652 1169 707 serpen·
1219 634 1368 692 curn'ioliis
1381 639 1450 692 trita
1459 644 1599 706 potaque,
1621 638 1732 689 rasicae
1742 642 1771 687 et
1780 635 1959 703 stranguriae
1967 650 2029 690 ste·

365 719 438 771 tium
450 716 561 774 ictibus,
582 709 799 774 rheumatismis,
819 708 1079 778 suppurationibus.
1115 708 1168 759 Fo-
1219 710 1316 762 detur:
1335 714 1474 762 etcontra
1489 705 1649 775 phalangis.
1688 707 1824 760 lismenta
1835 712 1904 773 pota
1915 721 2027 761 memes

366 787 415 849 lia,
426 794 454 838 et
465 787 573 841 baccae,
583 778 628 831 vel
638 784 744 840 cortex,
766 779 810 833 rel
822 795 919 832 succus
931 777 1041 833 decocti
1054 785 1169 846 prosunt
1219 780 1302 842 cient,
1313 781 1490 846 scorpionum
1508 776 1613 829 ictibus
1624 773 1816 828 adversantur.

366 850 576 907 contratoxica.
614 848 717 901 Cortex
735 849 853 902 illinitur
872 848 1005 902 decoctus
1023 848 1168 900 lactosae·
1254 847 1301 902 Xl.
1320 849 1425 902 cedrus
1441 859 1553 914 magna,
1572 860 1653 913 quam
1670 844 1828 899 cedrelaten
1844 854 1956 907 vocant,
1976 844 2046 898 ἀεί’
2073 874 2090 889 ·»

366 925 438 985 irino,
448 919 585 987 serpentis
596 917 706 985 plagae.
741 918 834 972 Datur
845 924 874 973 et
885 933 920 972 ex
933 919 998 972 vino
1009 916 1166 987 dysenterl·
1219 918 1316 986 picem,
1337 932 1409 986 quae
1421 916 1516 969 cedria
1525 922 1658 978 nocetur,
1676 913 1801 967 dentium
1810 912 1954 966 doloribus
1969 915 2024 966 uti·

366 994 415 1045 cis.
451 988 558 1042 Eadem
570 996 599 1041 et
609 987 667 1039 ilici
676 988 727 1040 vis.
1219 988 1362 1040 lissimam.
1398 986 1515 1056 Frangit
1534 987 1607 1038 enim
1628 1000 1677 1038 eos
1699 993 1730 1038 et
1751 982 1891 1038 extrahit:
1912 983 2026 1037 dolores

398 1058 446 1112 tv.
466 1061 585 1111 coccum
595 1056 680 1119 ilicis,
697 1056 859 1109 vulneribus
870 1057 1027 1110 recentibus
1039 1070 1073 1109 ex
1084 1060 1167 1107 aceto
1219 1056 1307 1109 sedat.
1346 1056 1429 1111 cedri
1439 1071 1538 1108 succus
1548 1070 1583 1108 ex
1594 1071 1628 1110 ea
1638 1055 1778 1123 quomodo
1789 1056 1880 1116 lieret,
1894 1053 2026 1120 dixinms,

363 1129 526 1212 imponitur:
562 1126 711 1209 iipipboris
732 1141 766 1178 cx
787 1141 871 1193 aqua,
891 1134 920 1178 et
941 1128 1030 1180 oculis
1051 1125 1167 1208 sulfuris
1219 1127 1313 1194 magni
1329 1124 1364 1177 ad
1387 1126 1590 1210 luminariam,
1609 1124 1639 1176 nl
1661 1124 1748 1207 capiti
1762 1122 2025 1209 doiorsminierret.

363 1195 1168 1328 leitilalilliti...itltltltttssntlllis
1218 1194 2026 1335 llilltttf‘lttlltillllaetititiae?

362 1347 484 1399 mutans,
505 1335 579 1404 quod
590 1337 653 1389 ideo
663 1335 801 1388 scolecion
813 1342 924 1399 vocante
940 1333 1166 1403 improbamque.
1218 1336 1354 1399 rantibus,
1376 1334 1571 1404 defunctisque
1586 1351 1636 1404 pro
1648 1336 1763 1388 ritasit.
1801 1331 1901 1387 Vestes
1914 1348 2024 1402 quoque

363 1406 538 1475 Principalis
549 1406 609 1458 eius
621 1420 724 1474 genera
734 1405 864 1457 diximus.

397 1477 431 1529 V.
450 1477 509 1529 Nec
520 1477 654 1542 pauciora
669 1474 762 1542 gallae
777 1488 880 1543 genera
889 1472 1014 1537 lecimus,
1035 1470 1166 1537 solidam,

362 1547 553 1617 perforatam:
572 1547 639 1598 item
651 1545 752 1605 albam,
773 1545 890 1612 nigram,
910 1546 1055 1608 maiorem,
1077 1544 1165 1595 mino·

362 1634 431 1671 rein.
468 1616 520 1670 Vis
541 1615 665 1668 omnium
686 1613 793 1665 similis.
835 1614 950 1681 Optime
970 1615 1165 1682 Commagena.

362 1685 565 1740 Excrescentia
578 1684 605 1736 in
622 1698 738 1752 corpore
755 1682 867 1735 tollunt.
904 1683 1026 1735 Prosunt
1036 1683 1167 1752 gingivis,

363 1771 444 1818 uvae,
466 1754 524 1806 oris
539 1752 768 1807 exhulcerationi.
805 1753 950 1806 crematae
968 1759 996 1805 et
1007 1753 1036 1803 in
1047 1754 1111 1804 vino
1122 1766 1167 1804 ex·

363 1827 494 1886 stinctae,
513 1820 661 1887 coeliacis,
682 1821 865 1890 dysentericis
888 1822 1048 1875 illinuntur.
1084 1821 1167 1873 Paro·

363 1894 473 1965 nychiis
495 1908 528 1945 ex
553 1893 650 1954 melle,
671 1901 700 1945 et
720 1892 860 1959 unguibus
879 1893 1000 1954 scabris,
1020 1892 1167 1959 pterygiis,

364 1964 525 2018 hulceribus
550 1963 742 2024 'nranantibua
762 1960 977 2030 condylomatis,
1006 1961 1167 2013 vulneribus

364 2051 436 2104 quae
447 2031 656 2101 phagedaenica
671 2037 814 2084 vocantur.
851 2031 882 2082 ln
900 2032 965 2082 vino
981 2036 1074 2082 nutem
1085 2030 1165 2083 deco·

365 2112 427 2158 ctae
449 2102 562 2155 auribus
578 2100 761 2163 instillantur,
783 2098 871 2152 oculis
888 2099 1051 2152 illinuntur:
1072 2101 1168 2153 adver·

364 2190 411 2226 sus
424 2173 598 2240 eruptiones,
622 2178 650 2222 et
661 2184 747 2238 panos
758 2184 819 2221 cnm
835 2178 924 2223 aceto.
961 2170 1082 2225 Nucleus
1094 2185 1166 2221 com-

363 2242 548 2296 manducatus
564 2241 689 2293 dentium
711 2238 836 2293 dolorem
848 2239 941 2292 sedat:
961 2240 1029 2293 item
1041 2241 1166 2292 intertri-

363 2314 454 2382 gines,
476 2320 504 2365 et
515 2310 651 2362 ambusta.
689 2308 855 2362 immaturae
867 2324 901 2362 ex
918 2308 961 2361 his
977 2325 1011 2363 ex
1024 2316 1104 2362 aceto
1117 2325 1166 2377 po·

363 2391 419 2443 tae,
431 2382 531 2434 lienem
544 2386 718 2431 consumunt.
753 2378 876 2431 Eaedem
888 2390 1035 2442 crematae,
1047 2385 1075 2432 et
1087 2386 1167 2431 aceto

363 2452 438 2504 salso
460 2449 627 2511 exstinctae,
649 2463 758 2502 rnenses
771 2450 883 2512 sistunt,
905 2450 1057 2518 vulvasque
1076 2449 1168 2517 proci·

367 2520 465 2573 dentes
477 2518 547 2571 lotu.
582 2519 679 2570 Omnis
695 2518 813 2584 capillos
824 2519 961 2588 denigrat.

402 2588 448 2640 Vl.
466 2588 579 2642 Viscum
591 2604 606 2639 e
618 2589 718 2641 robore
736 2591 915 2655 praecipuum
928 2587 1048 2640 diximus
1060 2584 1168 2649 haberi,

367 2666 397 2711 et
416 2672 469 2725 quo
491 2657 674 2709 conficeretur
695 2657 786 2708 modo.
833 2658 951 2718 Quidum
971 2664 1117 2707 contusum
1141 2656 1168 2706 in

369 2742 442 2795 aqua
453 2726 621 2795 decoquunt,
642 2726 730 2777 donec
746 2725 864 2777 innatet.
900 2724 1020 2787 Quidam
1032 2739 1169 2776 comman-

366 2797 500 2849 ducantes
518 2796 782 2862 acinon-exspuunt
798 2795 927 2847 cortices.
963 2794 1106 2862 Optimum
1118 2800 1171 2855 est,

386 2865 440 2919 uod
461 2867 520 2917 sine
541 2865 648 2918 cortice
670 2870 722 2927 est,
743 2862 869 2932 quodque
890 2864 1070 2924 levissimum,
1089 2868 1171 2915 extra

366 2882 486 2997 dulrum,
507 2935 581 2985 intus
595 2948 768 3002 porraceum,
789 2948 844 3002 quo
857 2931 927 2985 nihil
939 2939 982 2986 est
993 2932 1169 3001 glutinosius.

367 3003 498 3064 Emollit,
510 3002 624 3056 discutit
635 3011 769 3066 tumores,
780 3005 869 3055 siccat
878 3009 1007 3055 strumas.
1044 3004 1110 3053 Cum
1122 3015 1169 3052 re-

367 3074 431 3124 sina
446 3077 474 3123 et
491 3086 555 3123 cera
566 3086 653 3139 panos
664 3073 775 3141 mitigat
786 3074 876 3124 omnis
893 3071 1011 3140 generis.
1049 3069 1169 3133 Quidam

367 3147 397 3192 et
416 3138 566 3207 galbanum
588 3141 733 3202 adiiciunt,
754 3144 815 3209 pari
835 3141 957 3208 pondere
976 3141 1169 3207 singulorum:

368 3207 557 3278 ecquomodo
575 3210 655 3262 etad
673 3211 790 3264 vulnera
800 3217 923 3263 utuntur.
963 3208 1099 3278 Unguium
1112 3224 1172 3260 sca·

368 3279 468 3332 britius
483 3277 601 3345 expolit,
623 3279 648 3331 si
663 3284 786 3348 septenis
799 3280 895 3333 diebus
910 3279 1063 3342 solvantur,
1086 3280 1171 3331 nitro-

366 3364 421 3416 que
432 3348 598 3402 colluantur.
634 3349 753 3412 Quidam
766 3350 794 3401 id
812 3349 949 3419 religione
961 3351 1100 3403 efficacius
1112 3350 1171 3402 fieri

364 3425 475 3487 putant,
496 3417 681 3487 primaLnna
697 3419 846 3472 collectum
864 3435 879 3472 e
894 3422 997 3472 robore
1011 3421 1071 3472 sinc
1087 3418 1170 3471 ferro.

365 3489 394 3541 Si
406 3497 508 3541 terram
519 3504 576 3541 non
587 3490 694 3559 attigit,
715 3488 905 3542 comitialibus
917 3489 1032 3542 mederi.
1069 3490 1171 3543 Conce-

364 3569 444 3625 ptum
455 3557 619 3611 feminarum
638 3558 784 3619 adiuvare,
804 3559 828 3609 si
850 3560 962 3612 omnino
984 3557 1172 3611 secumhabe·

365 3638 423 3681 ant.
458 3625 583 3679 ilulcera
593 3626 823 3680 commanducato
840 3627 1028 3696 impositoque
1040 3627 1172 3682 efficacis·

367 3693 550 3749 simesnnari.

403 3765 464 3818 Vll.
482 3763 603 3817 Roboris
613 3761 717 3829 pilulae
728 3777 763 3814 ex
772 3763 855 3831 adipe
867 3766 962 3817 ursino
973 3766 1112 3834 alopecias
1125 3780 1170 3818 ca·

367 3836 438 3903 pilio
450 3834 568 3902 replent.
605 3830 682 3883 Cerri
693 3830 771 3894 lolia,
782 3838 810 3884 et
821 3838 929 3898 cortex,
945 3842 975 3888 et
985 3836 1074 3903 glans,
1085 3835 1173 3886 siccat

367 3905 547 3959 collectiones
557 3902 840 3970 suppurationesque:
854 3902 990 3955 fluxiones
1001 3904 1082 3955 sistit.
1100 3904 1171 3955 Torss

365 3983 464 4045 pentes
474 3974 660 4027 membrorum
672 3977 766 4038 partes
778 3971 945 4025 corroborat
955 3972 1099 4026 decoctum
1111 3973 1170 4024 eius

321 4076 331 4083 -
365 4048 440 4099 fotu:
462 4043 506 4097 cui
518 4051 547 4097 et
559 4040 683 4096 insidere
694 4041 819 4108 expedit,
839 4042 979 4095 siccandis
990 4040 1169 4111 adstringen-

366 4115 444 4237 ήξὶνε
463 4113 599 4184 partibus.
653 4110 744 4164 Radix
762 4112 834 4166 cerri
856 4112 1025 4167 adversatur
1044 4113 1169 4180 scorpio·

366 4200 394 4238 nr
416 4200 456 4237 ns.

402 4252 476 4305 lilii.
495 4250 608 4306 Subotis
619 4258 717 4305 cortex
727 4250 822 4314 tritus,
842 4266 877 4305 ex
889 4266 962 4320 aqua
971 4251 1065 4306 calida
1077 4259 1170 4322 potus,

366 4323 530 4388 sanguinem
542 4321 674 4375 liuentem
685 4337 720 4374 ex
735 4322 869 4374 utralibet
880 4329 960 4390 parte
971 4323 1055 4375 sistit.
1090 4322 1171 4375 Eius·

367 4388 430 4440 dem
443 4391 513 4442 cinis
524 4406 558 4444 ex
571 4394 634 4444 rino
651 4390 759 4455 calido,
780 4393 944 4462 sanguinem
957 4393 1170 4446 exscreantibus

367 4472 537 4526 magnopere
554 4461 694 4514 laudatur.
980 4508 983 4513 .

403 4526 450 4579 lx.
470 4527 540 4594 ani
551 4528 621 4582 lolia
636 4530 838 4583 manducantur
854 4532 881 4583 in
917 4532 1070 4601 ingltarurn
1081 4530 1170 4584 labio·

368 4609 484 4676 rpmque
495 4596 581 4650 vitiis.
629 4600 750 4651 calculis
766 4601 875 4668 glandis
892 4548 1021 4672 litgium
1032 4601 1103 4655 cinis
1113 4602 1170 4655 illl·

368 4670 457 4715 nstur:
475 4672 542 4716 rtem
554 4682 614 4719 curn
627 4670 710 4721 mello
722 4668 867 4737 alopeciis.

404 4732 438 4783 Χ.
459 4733 590 4799 Cupressi
605 4735 673 4789 lolia
688 4738 757 4790 trita
773 4740 943 4806 serpentium
960 4741 1065 4794 ictibus
1082 4740 1172 4808 impo-

367 4807 485 4853 nuntur:
506 4808 534 4882 ct
554 4805 638 4871 capiti
659 4822 721 4860 cum
742 4808 866 4875 polenta,
887 4811 913 4862 si
937 4825 954 4863 a
974 4810 1039 4864 Sole
1060 4808 1169 4862 doleat:

366 4871 435 4923 item
447 4870 560 4923 ramici:
579 4887 634 4953 qua
654 4875 689 4928 de
709 4892 796 4930 causa
816 4884 844 4932 et
864 4879 1006 4933 bibuntur.
1042 4878 1169 4932 'restium

369 4953 479 5007 quoque
489 4946 595 4991 turnorr
605 4956 665 4992 cum
680 4960 743 4998 cera
753 4946 909 5004 illinuntur.
946 4947 1084 5016 capillum
1096 4947 1172 5001 deni·

1219 1407 1379 1475 corrumpit,
1401 1413 1430 1459 et
1441 1406 1575 1459 animalia
1585 1414 1674 1458 necat.
1714 1404 1757 1457 0b
1768 1401 1822 1456 hoc
1831 1419 1885 1455 non
1897 1417 2023 1455 censeam

1217 1478 1245 1528 ln
1258 1477 1368 1545 anginis
1385 1474 1438 1529 hoc
1453 1473 1577 1530 remedio
1594 1472 1743 1528 utendumr
1764 1488 1853 1540 neque
1863 1474 1892 1524 in
1903 1473 2025 1526 erudita·

1218 1546 1302 1608 tibus,
1322 1545 1396 1615 quod
1413 1560 1527 1599 suasere
1547 1544 1644 1613 aliqui,
1663 1549 1757 1612 gustu.
1794 1542 1902 1595 Dentes
1914 1556 2024 1610 quoque

1219 1616 1342 1669 colluere
1359 1630 1392 1669 ex
1408 1624 1489 1669 aceto
1504 1615 1533 1666 in
1549 1614 1648 1667 dolore
1662 1611 1812 1676 timuerim,
1834 1612 1878 1666 rel
1889 1612 2024 1681 gravitati

1219 1693 1267 1739 aut
1278 1687 1417 1739 vermibus
1428 1686 1535 1738 aurium
1542 1684 1686 1737 instillare.
1705 1683 1870 1736 Portentum
1885 1690 1938 1744 est,
1949 1681 2024 1750 quod

1218 1753 1342 1818 tradunt,
1353 1755 1510 1808 abortivum
1522 1753 1582 1807 lieri
1591 1756 1618 1805 in
1629 1751 1747 1815 Venere,
1758 1758 1822 1805 ante
1852 1751 1947 1803 erlusa
1957 1751 2024 1804 viri·

1219 1827 1307 1878 litato.
1345 1822 1518 1877 Phthiriases
1540 1837 1694 1893 perungere
1710 1837 1744 1876 eo
1759 1837 1814 1874 non
1831 1767 2024 1883 dubitaverim,

1218 1896 1287 1948 item
1298 1894 1466 2016 porriffiines.
1503 1893 1628 1946 Suadent
1646 1898 1675 1945 et
1691 1899 1791 1945 contra
1802 1906 1935 1944 venenum
1949 1891 2023 1959 lepo-

1218 1967 1257 2017 ris
1271 1965 1374 2017 marinl
1405 1964 1483 2016 ibere
1493 1963 1521 2016 in
1533 1978 1627 2031 passo.
1663 1961 1790 2015 Facilius
1801 1961 1828 2012 in
1842 1960 2025 2030 elephantiasi

1219 2035 1353 2086 illinatar.
1390 2030 1552 2087 Ethulcera
1572 2032 1688 2087 sordida
1705 2040 1733 2086 et
1744 2033 1935 2087 excrescentia
1950 2031 1978 2083 in
1990 2030 2025 2082 ils

1218 2111 1349 2158 auctores
1369 2104 1492 2171 quidam,
1512 2110 1541 2158 et
1557 2105 1701 2157 oculorum
1717 2102 1862 2171 albugines
1880 2102 2025 2171 caligines·

1238 2190 1272 2227 ue
1289 2174 1425 2228 inunxere
1449 2189 1495 2226 eo:
1514 2181 1544 2229 et
1555 2181 1655 2228 contra
1675 2173 1815 2241 pulmonis
1832 2172 1946 2224 hulcera
1962 2186 2025 2239 eya·

1219 2253 1229 2295 t
1252 2259 1297 2294 um
1310 2244 1370 2296 eius
1380 2245 1494 2297 sorbere
1506 2243 1663 2297 iusserunt:
1681 2246 1748 2296 itern
1760 2240 1896 2294 adversus
1907 2242 2024 2295 taenias.

1220 2313 1264 2366 Fit
1275 2327 1310 2365 ex
1326 2328 1360 2365 eo
1373 2320 1402 2366 et
1423 2312 1524 2375 oleum,
1546 2313 1620 2383 quod
1637 2312 1796 2383 pisselaeon
1813 2318 1922 2374 vocant,
1941 2310 2023 2364 rahe·

1219 2382 1364 2434 mentioris
1381 2382 1418 2434 ad
1435 2384 1530 2436 omnia
1541 2383 1639 2437 eadem
1658 2397 1734 2437 usus.
1771 2381 1854 2434 Cedri
1874 2380 1957 2434 scobe
1969 2395 2025 2433 ser·

1220 2460 1316 2518 pentes
1328 2450 1420 2520 iugari
1432 2460 1537 2506 certum
1549 2459 1606 2506 est:
1615 2454 1684 2508 item
1691 2451 1784 2506 baccis
1793 2453 1868 2505 tritis
1880 2466 1940 2504 cnm
1951 2450 2025 2510 oleo,

1220 2523 1246 2575 si
1257 2522 1303 2589 qui
1314 2529 1515 2590 perungantur.

1255 2590 1316 2644 Xll.
1335 2590 1479 2656 cedrides,
1501 2591 1620 2657 horest,
1640 2590 1750 2647 fructus
1765 2589 1852 2653 cedri,
1873 2588 1970 2640 tussim
1980 2600 2027 2637 ss·

1224 2668 1302 2724 nant,
1326 2662 1436 2715 urinam
1459 2662 1548 2726 cient,
1569 2662 1664 2715 alvum
1685 2663 1800 2714 sistunt:
1822 2657 1906 2712 utiles
1928 2655 2027 2723 ruptis,

1221 2731 1375 2793 convulsis,
1397 2733 1541 2798 spasticis,
1566 2733 1756 2799 stranguriae,
1778 2729 1884 2790 vulvis,
1902 2724 2025 2777 admoti:

1221 2806 1318 2850 contra
1329 2800 1438 2867 lepores
1450 2802 1580 2862 marinos,
1602 2801 1836 2868 eademquetpuae
1848 2810 1944 2865 supra:
1968 2795 2024 2848 col·

1220 2868 1399 2930 lectionibus,
1409 2867 1737 2936 inllanmrationibusquc.

1255 2937 1328 2990 Xlli.
1347 2936 1390 2988 De
1406 2936 1527 3003 galbano
1544 2937 1675 2989 diximus.
1711 2936 1808 3003 Neque
1825 2934 1969 2988 humidum
1981 2948 2027 2986 ne·

1222 3022 1275 3074 que
1286 3004 1392 3057 aridum
1409 3002 1551 3071 probatur,
1573 3005 1623 3058 sed
1638 3005 1721 3072 quale
1737 3004 1893 3057 docuimus.
1931 3001 1987 3056 l’er
1997 3017 2028 3055 se

1222 3077 1326 3129 bibitur
1338 3073 1373 3126 nd
1384 3076 1483 3125 tussim
1496 3083 1628 3138 veterem,
1640 3074 1769 3142 suspiria,
1780 3079 1873 3139 rupta,
1884 3072 2029 3124 convulsa.

1222 3144 1378 3214 lmponitur
1391 3141 1562 3204 ischiadicis,
1583 3143 1681 3195 lateris
1694 3142 1849 3203 doloribus,
1871 3142 1964 3207 panis,
1988 3140 2030 3193 iu·

1222 3214 1355 3277 runculis,
1365 3213 1475 3280 corpori
1488 3213 1522 3266 ab
1534 3211 1643 3264 ossibus
1653 3212 1804 3275 recedenti,
1819 3212 1944 3275 strumis,
1957 3212 2027 3263 arti·

1222 3286 1347 3337 culorum
1358 3282 1448 3346 nodis,
1460 3283 1585 3336 dentium
1596 3297 1705 3350 quoque
1716 3281 1873 3334 doloribus.
1903 3280 2028 3333 illinitur

1223 3362 1251 3407 ct
1263 3369 1330 3406 cuna
1341 3353 1424 3406 melle
1439 3355 1539 3421 capitis
1555 3350 1724 3404 hulceribus.
1760 3350 1922 3403 Purulentis
1937 3350 2027 3402 inlan-

1223 3423 1298 3476 ‹litur
1307 3424 1422 3476 auribus
1433 3438 1494 3475 cunr
1504 3436 1629 3485 rosaceo,
1644 3426 1696 3475 aut
1706 3420 1805 3473 nardo.
1842 3419 1934 3473 Odore
1945 3420 2028 3472 conri-

1222 3493 1335 3546 tiallbus
1346 3493 1481 3556 subvenit,
1492 3501 1522 3544 et
1533 3492 1616 3544 vulva
1626 3492 1832 3559 anangulante,
1843 3498 1873 3542 et
1884 3491 1912 3540 in
1923 3496 2026 3540 stoma·

1223 3562 1270 3617 chi
1281 3561 1400 3616 delectu.
1437 3563 1558 3614 Abortus
1575 3576 1631 3614 non
1648 3569 1783 3615 exeuntes
1794 3558 1882 3612 trahit
1896 3558 2029 3625 apposita

1222 3633 1268 3686 vel
1283 3630 1392 3684 suffitu:
1415 3631 1482 3684 item
1497 3631 1583 3683 ramis
1599 3630 1716 3684 ellebori
1734 3628 1922 3683 circumlitum
1943 3630 2028 3695 atque

1222 3703 1387 3754 subiectum.
1434 3700 1582 3769 Serpentes
1594 3700 1692 3753 nidore
1703 3700 1842 3754 urentium
1854 3696 1946 3817 inpari
1957 3694 2028 3748 dixi·

1222 3787 1292 3823 mus.
1328 3769 1453 3838 Fugiunt
1465 3778 1494 3825 ct
1506 3777 1659 3838 perunctos
1670 3770 1808 3839 galbano,
1830 3768 1877 3820 Me
1898 3773 1960 3819 etur
1971 3772 2028 3818 eta

1222 3840 1370 3909 scorpione
1382 3842 1529 3906 percussis.
1565 3839 1678 3893 Bibitur
1693 3841 1759 3893 etin
1771 3836 1876 3890 diiiicili
1889 3844 1972 3904 partu
1989 3834 2028 3887 la·

1221 3911 1275 3963 bae
1287 3909 1477 3977 magnitudine
1496 3911 1524 3961 in
1543 3908 1729 3977 rinicyatho;
1750 3909 2026 3976 rulrasqueconrer·

1221 3995 1268 4033 sas
1279 3979 1406 4046 corrigit.
1442 3981 1508 4031 Cum
1522 3977 1636 4046 myrrha
1646 3986 1740 4032 autern
1751 3986 1779 4031 et
1790 3980 1818 4030 in
1830 3979 1892 4028 vino
1902 3984 2028 4029 mortuos

1222 4056 1319 4120 partus
1329 4047 1460 4102 exusbit.
1497 4047 1667 4101 adserantur
1678 4056 1708 4103 et
1717 4043 1840 4109 venenis,
1855 4046 1976 4099 maxime
1987 4053 2029 4100 to·

1222 4119 1300 4181 sicis,
1324 4133 1385 4171 cum
1408 4115 1532 4187 myrrha,
1552 4125 1581 4170 et
1597 4118 1711 4172 invino.
1748 4116 1897 4185 Serpentes
1912 4115 1976 4169 oleo
1999 4119 2029 4169 et

1222 4189 1372 4259 spondylio
1383 4190 1471 4241 mixto
1485 4194 1562 4242 tactu
1574 4194 1664 4241 necat.
1701 4186 1810 4242 Nocere
1822 4187 1919 4241 urinae
1930 4184 2027 4239 existi·

1221 4266 1322 4313 natur.

1256 4327 1331 4383 ΚΝ.
1350 4326 1456 4381 Similis
1469 4327 1668 4381 Hammoniaci
1679 4333 1781 4381 natura
1792 4332 1876 4395 atque
1885 4316 2027 4387 lacrimae,

1222 4397 1392 4469 probandae,
1412 4404 1443 4450 ut
1466 4397 1601 4451 diximus:
1623 4398 1726 4465 mollit,
1746 4396 1884 4461 calefacit,
1904 4393 2028 4455 discutit,

1222 4468 1360 4522 dissolvit.
1387 4466 1520 4520 Claritati
1531 4468 1606 4521 visus
1617 4468 1646 4522 in
1658 4468 1787 4536 collyriis
1800 4466 1939 4521 convenit.
1957 4462 2026 4516 Pru·

1222 4540 1315 4601 ritum,
1335 4538 1492 4598 cicatrices,
1513 4538 1578 4591 albu
1600 4538 1660 4592 'nes
1672 4538 1816 4592 oculorum
1828 4536 1916 4589 tollit.
1949 4531 2026 4585 lien·

1221 4611 1292 4661 tium
1310 4607 1423 4660 dolores
1440 4607 1537 4669 sedat,
1559 4622 1574 4659 e
1606 4606 1701 4659 caclus
1717 4621 1873 4659 accensum.
1910 4600 2029 4657 Prodest

1223 4677 1405 4746 dyspnoicis,
1426 4675 1599 4743 pleuriticis,
1639 4674 1813 4736 uictoribus,
1835 4672 1954 4737 resicis,
1974 4672 2028 4724 uri·

1222 4753 1426 4806 secernentes,
1438 4745 1515 4809 lieni,
1525 4742 1614 4797 ischia
1637 4744 1687 4797 ’cis
1698 4748 1801 4811 potum.
1839 4737 1886 4790 Sic
1896 4744 1926 4792 et
1937 4740 2027 4793 alvom

1221 4816 1314 4870 solvit
1351 4814 1484 4867 hinnulis
1501 4820 1530 4867 et
1542 4810 1684 4881 podagrae
1701 4825 1762 4863 cum
1780 4806 1842 4877 pari
1854 4807 2029 4878 ponderepi·

1222 4886 1328 4938 deaut
1347 4898 1427 4935 cerae
1448 4887 1478 4937 et
1496 4895 1614 4936 rosaceo
1633 4886 1752 4933 coctum.
1788 4878 1916 4931 Maturst
1931 4894 2028 4948 panos,

1222 4951 1344 5008 extrahit
1355 4952 1530 5005 clavos'cum
1544 4949 1638 5004 melle.
1675 4949 1722 5004 Sic
1737 4954 1767 5002 el
1777 4948 1899 5004 duritias
1909 4948 2028 5002 emollit.

368 5014 498 5091 mim
513 5014 603 5088 “sew'
639 5010 743 5093 Eadem
761 5017 827 5070 “m
841 5034 902 5071 ⁰¹¹¹*
919 5018 1026 5072 (imbui
1044 5018 1170 5085 iifllbsst
1221 5021 1302 5077 Lieni
1313 5030 1376 5073 cum
1387 5026 1466 5073 aceto
1481 5026 1586 5076 atcere
1598 5021 1714 5090 Cypria,
1732 5020 1915 5084 velrosacec,
1935 5017 2027 5072 edica·

367 5093 449 5145 ΡΜ*
461 5076 564 5138 ¹¹¹⁰¹¹¹⁸2
585 5082 865 5140 ⁰l0i¹⁰⁰⁸¹¹¹¹¹¹in0⁰
878 5090 1006 5151 subacta,
1026 5086 1170 5155 Ptdssmac
1221 5091 1333 5146 cissime
1345 5090 1505 5173 imponitur.
1539 5088 1736 5146 Lassitudines
1747 5089 1864 5161 perungi
1875 5103 1937 5149 cunt
1946 5093 2028 5147 aceto

282 5202 292 5209 ,
368 5161 516 5231 nervorum
529 5145 641 5229 dplores
652 5149 760 5203 sedant.
796 5154 904 5212 Pilnlne
916 5158 1049 5213 adversus
1059 5172 1171 5227 serpen·
1221 5170 1250 5216 et
1261 5161 1334 5222 oleo,
1346 5174 1504 5228 exiguoque
1514 5163 1598 5223 nitro,
1611 5161 1683 5215 utile
1694 5168 1747 5215 est.

366 5226 436 5303 trum
445 5215 678 5302 ‚¹⁰‘¹¹⁸.¹'!¹‘¹¹'¹‘¹¹¹’
699 5227 747 5270 aut
757 5222 923 5301 sieiicistur
933 5227 1063 5297 sanguis:
1083 5225 1169 5279 colle·
1255 5228 1317 5284 XV.
1336 5229 1373 5283 lit
1387 5232 1508 5298 evencii
1522 5235 1654 5285 naturam
1670 5231 1698 5285 in
1715 5228 1868 5299 peregrinis
1881 5224 2030 5282 arboribus

368 5289 505 5342 ⁰⁰⁰⁰¹b¹¹⁸
519 5288 672 5407 ''imm'fufl
709 5287 816 5341 R³¹¹¹¹⁰l
837 5305 1076 5379 i¹¹⁰i¹¹0‚ltn0m
1091 5303 1170 5349 lutat
1220 5300 1409 5385 exposuimus.
1448 5301 1545 5357 Placet
1556 5307 1669 5369 praeter
1679 5302 1731 5356 illa
1742 5316 1812 5369 quae
1823 5298 1955 5363 diximus,
1970 5310 2030 5350 ras·

367 5363 744 5510 illtliiiitldl
761 5369 884 5481 ltili
897 5365 1169 5504 retentare:
1220 5362 2031 5509 prppffipppgpffitppeqqfflg

366 5505 479 5578 mimi·
516 5498 965 5567 13¹liliiii¹⁰¹f⁸¹⁸⁰⁰¹¹⁸“uilium
988 5506 1101 5569 ”minei
1120 5504 1169 5573 qul
1219 5527 1278 5574 sae,
1290 5511 1427 5565 duritieve
1438 5509 1598 5566 laboranti.
1625 5514 1895 5576 Cietrnensespotu,
1915 5505 2028 5573 apposi-

365 5572 470 5617 ¹²¹¹¹l¹¹⁸
487 5567 550 5620 ⁰¹⁰⁰
567 5567 718 5637 caliginem
735 5565 880 5623 ⁰⁰Ul⁰i¹¹¹¹¹
898 5559 998 5624 aulert.
1034 5573 1105 5626 llam
1116 5572 1167 5627 Vi·
1220 5588 1294 5645 turo
1305 5581 1398 5635 alvum
1408 5582 1510 5637 mollit.
1546 5582 1660 5639 invenio
1670 5590 1740 5652 pota
1756 5574 2028 5634 modicotristitlsrs

2122 5670 2162 5961 l
