4352 6012
367 290 437 353 424
484 291 517 352 C.
542 287 691 350 Pthll
718 283 925 345 secudu!
951 280 1117 343 Naupli
1138 279 1330 343 Hls'ruu.
1367 281 1446 341 ile.
1469 278 1662 340 xxxvii.
1689 279 1917 345 (hillel-²3.

370 440 486 509 procliis
496 440 624 494 etiarm
635 449 669 487 ea
679 432 880 501 ongisalotare
891 428 1087 499 &enuntiarit
1118 428 1171 484 list

372 519 401 563 et
411 508 598 563 aliaeiusdem
613 505 742 572 generis,
763 517 832 569 quae
849 508 964 553 vocator
976 498 1115 553 nienuiab
1127 499 1169 551 lu-

373 581 424 641 dis,
444 575 560 631 xanthus
571 574 711 641 appellata
723 572 848 632 Graecis,
865 570 967 623 ciulro
977 569 1134 622 candicans.

408 648 480 700 bxi.
498 645 573 697 idaei
584 642 691 708 dactyli
709 642 737 693 in
753 644 854 701 Creta,
874 639 968 692 ferreo
979 640 1072 691 colore
1084 637 1168 704 polii·

374 732 432 769 cem
444 714 591 766 humanum
610 712 778 778 exprimunt.
814 709 929 763 icterias
946 709 1009 761 aliti
1026 707 1117 760 lorido
1133 708 1171 759 ai·

375 785 447 837 milis
458 818 466 845 ,
485 783 548 833 idco
560 781 735 833 existimatur
751 778 872 830 salubris
883 786 981 830 eontra
993 778 1085 844 regios
1097 790 1169 829 mur·

374 855 432 906 bos.
467 853 517 903 list
532 855 560 902 et
577 850 636 902 alia
651 850 749 901 codem
766 851 878 899 rronniue
895 846 1035 913 liquidior.
1072 846 1171 898 'l'ertia

373 922 442 975 folio
454 918 539 971 viridi
549 919 659 983 alatilia,
670 918 754 969 latior
763 918 913 984 prioribus,
932 931 1018 982 paene
1029 915 1089 967 sinc
1101 930 1170 980 pon·

374 991 449 1052 dere,
462 988 538 1041 renis
548 988 658 1039 luridis.
695 988 831 1048 Quartum
848 1000 935 1052 genua
946 986 972 1035 in
985 983 1080 1036 eodem
1093 983 1170 1035 eolo·

372 1075 404 1111 ro
414 1060 500 1127 nigris
512 1058 589 1109 irenis
600 1057 830 1108 discurrentibus.
879 1055 948 1107 loris
959 1069 1067 1120 gemma
1078 1051 1171 1104 candi·

374 1128 410 1180 dc
421 1137 471 1190 est,
494 1143 548 1177 non
561 1126 725 1193 ponderosa,
745 1131 851 1176 tenera.
870 1122 964 1175 ludica
972 1123 1095 1191 gentium
1107 1137 1170 1174 sna·

373 1213 433 1251 rum
446 1196 529 1247 habet
543 1210 653 1257 numen,
675 1193 792 1246 subrufo
807 1192 910 1255 colore,
931 1193 1073 1265 ineattritn
1090 1191 1173 1243 audo·

374 1282 431 1319 reru
444 1280 610 1332 purpureum
622 1271 726 1318 nianat.
760 1263 824 1317 ntia
840 1261 938 1314 eodem
957 1262 1068 1312 nourine
1080 1260 1172 1312 randi·

375 1334 421 1399 da,
442 1335 572 1401 pulvereo
583 1340 705 1401 aspectu.
736 1334 785 1385 lon
801 1328 874 1399 apud
892 1330 974 1383 indos
985 1330 1110 1384 violacea
1121 1336 1172 1394 est,

374 1402 424 1456 sed
435 1418 498 1454 raro
510 1410 606 1454 saturo
623 1404 715 1455 colore
726 1401 811 1453 lucet.

410 1472 496 1524 Liill.
519 1471 668 1538 Lepidotis
685 1486 817 1540 squamas
834 1470 948 1537 placium
969 1468 1053 1521 variis
1073 1466 1173 1518 eolori-

375 1545 426 1595 bus
437 1540 571 1592 imitatur.
590 1541 709 1593 Lesbiae
720 1541 805 1592 Lesbi
819 1541 928 1606 patriae
940 1552 1038 1591 nonren
1050 1536 1171 1589 habens:

374 1609 514 1661 invenitur
525 1617 554 1661 et
563 1610 589 1659 in
602 1609 687 1661 ludia.
733 1608 986 1675 Leucophthaimos
997 1605 1084 1659 rutila
1094 1605 1172 1667 alias,

377 1678 451 1733 oculi
463 1679 582 1761 speciem
594 1678 749 1740 candidam,
770 1682 934 1746 nigramque
946 1677 1081 1729 continet.
1101 1674 1173 1726 Leu-

376 1748 536 1815 copoecrlos
554 1746 700 1800 candorem
717 1748 798 1799 lineis
814 1762 928 1799 canoro
939 1745 1095 1812 distinguit.
1127 1741 1173 1793 Li·

376 1816 533 1870 banoclrrus
544 1816 634 1869 thuris
640 1815 849 1869 similitudinem
861 1815 993 1878 ostendit,
999 1814 1048 1866 sed
1061 1826 1173 1864 succum

375 1885 478 1940 mellis.
510 1886 678 1939 Limeniatis
699 1886 796 1938 eadem
819 1887 948 1946 ridetur,
970 1894 1174 1950 quaesmarag·

376 1956 436 2009 dua.
459 1954 502 2007 Du
512 1956 603 2023 lipare
612 1953 665 2008 hoc
676 1962 782 2006 tantum
794 1955 923 2015 truditur,
933 1953 1026 2004 suliita
1035 1965 1068 2002 ca
1078 1963 1173 2001 omncs

375 2026 480 2078 bestias
493 2024 612 2075 evocari.
643 2022 825 2091 Lysimachus
837 2022 944 2074 Rhodio
956 2018 1088 2073 marmori
1099 2016 1174 2069 simi-

375 2091 411 2144 lis
422 2100 465 2144 est
478 2094 568 2143 aureis
578 2095 654 2143 venis
665 2110 671 2142 s
693 2092 798 2159 politur
807 2106 841 2142 ex
852 2105 997 2151 nrarmore,
1017 2084 1175 2153 amplitudi-

378 2177 412 2213 ne
424 2162 450 2210 in
460 2161 604 2227 angustias
618 2169 743 2221 coeunte,
754 2166 783 2211 ut
795 2159 908 2210 inutilia
918 2164 1089 2211 exteruntur.
1103 2152 1175 2209 Leu-

379 2226 528 2296 cochrysos
539 2229 613 2279 sicut
625 2229 777 2296 crystallus
787 2229 900 2280 albicat.

411 2297 510 2350 Lillll.
528 2298 786 2366 illenmoniaqoaiis
805 2301 861 2358 sit,
883 2312 937 2348 nun
954 2293 1082 2349 traditur.
1117 2295 1176 2346 Me·

378 2366 431 2419 dea
441 2369 519 2435 nigra
532 2376 582 2425 est,
596 2383 613 2418 a
623 2367 725 2419 Medea
734 2367 786 2419 ilia
798 2366 923 2419 fabulose
934 2365 1064 2418 inventa:
1091 2364 1178 2418 habet

378 2442 461 2489 renas
473 2436 549 2488 aurei
561 2435 682 2488 coloris:
703 2436 832 2489 sudorem
845 2435 936 2487 suddit
946 2434 1028 2497 croci,
1048 2448 1175 2501 saporem

379 2513 472 2557 autem
484 2504 550 2555 riui.
571 2504 725 2557 Maronites
742 2506 1006 2573 papaveresprimit.
1024 2504 1177 2556 blithraxa

378 2573 470 2627 Persis
482 2578 595 2638 accepta
606 2581 656 2635 est,
677 2581 705 2626 et
721 2576 899 2627 liubrimaris
912 2576 1064 2628 montibus:
1083 2571 1176 2624 multi·

379 2644 464 2706 color,
490 2651 587 2695 eontra
606 2642 699 2695 Solem
721 2644 798 2697 rarle
819 2643 968 2711 refulgens.
1003 2640 1176 2694 Morochitcs

380 2727 522 2778 porraceo,
534 2713 607 2764 lacte
619 2712 708 2765 sudat.
742 2714 837 2765 illorio
855 2717 882 2764 in
895 2714 980 2774 ludia,
1000 2727 1069 2779 quac
1082 2713 1173 2780 niger·

380 2786 449 2834 rinno
469 2783 563 2834 colore
585 2783 746 2845 translucet,
767 2791 884 2835 recator
894 2778 1060 2833 Praninion:
1081 2783 1175 2847 inqua

380 2855 509 2903 nniscetur
530 2860 559 2903 et
580 2850 739 2904 carbunculi
760 2852 852 2913 culos,
872 2850 1106 2903 Alexandrinum:
1129 2847 1176 2900 ubi

378 2919 487 2982 sardae,
508 2921 651 2986 Cyprium.
686 2920 818 2972 Nascitur
830 2920 895 2971 etin
906 2922 994 2987 Tyro,
1015 2927 1042 2970 et
1053 2920 1080 2969 in
1094 2917 1176 2969 Gaia·

379 2990 426 3041 tiu.
459 2988 631 3041 Xenocrates
654 2996 682 3040 et
701 2990 752 3040 sub
763 2989 879 3057 Alpibus
890 2989 967 3040 nasci
987 2988 1082 3040 tradit.
1115 2987 1176 3038 liae

378 3065 444 3109 sunt
474 3072 588 3118 enrunac,
627 3074 679 3109 uae
691 3058 726 3109 ad
739 3066 856 3125 ectypas
867 3058 1023 3124 scalpturas
1034 3061 1176 3122 aptantur.

377 3073 1177 3195 Myrrlitesmyrdliaeculorenihabet,facieminlmagem·

378 3193 1177 3263 marodoremattrita,etiamnardi.Myrmeciasnigraha-

376 3264 427 3318 bet
437 3264 602 3318 eminentias
613 3265 719 3317 similes
731 3266 860 3319 verrucis.
872 3265 1036 3331 lilyrsinites
1048 3263 1176 3315 melleum

379 3334 501 3388 colorem
514 3334 606 3399 habet,
623 3336 710 3404 myrti
721 3334 846 3388 odorem.
872 3333 1048 3386 biesoieucos
1059 3341 1111 3395 eat,
1123 3347 1178 3384 me·

377 3402 1177 3474 diamgemmamcandidadistinguentelincalllesomelas,

381 3474 463 3595 nigra
473 3490 544 3527 vena
561 3473 712 3542 quemlibet
728 3475 851 3527 colorem
862 3480 976 3527 secante
989 3487 1039 3540 per
1047 3474 1176 3526 aredium.

438 3542 512 3595 XlV.
522 3543 713 3597 Nasamonitis
733 3551 776 3595 est
795 3544 965 3612 sanguinea,
985 3543 1071 3611 nigris
1092 3541 1176 3593 renis.

379 3612 503 3664 Nebritis
513 3613 615 3664 Libero
633 3613 707 3678 patri
723 3627 822 3675 sacra,
842 3629 943 3665 neuneu
959 3613 1047 3664 traxit
1058 3610 1176 3663 enebri-

379 3679 443 3730 dom
454 3682 514 3732 eius
524 3679 716 3732 similitudine.
744 3680 814 3732 Sunt
832 3689 860 3733 et
875 3681 948 3733 aliae
961 3683 987 3732 ni
1011 3697 1057 3733 rae
1068 3679 1177 3748 generis

380 3748 512 3800 eiusdem.
542 3747 741 3816 Nympbnrena
759 3751 834 3802 urbis
846 3755 875 3802 et
887 3753 977 3816 gentis
989 3697 1119 3802 {crateae
1131 3763 1178 3798 no·

380 3830 442 3868 men
454 3814 556 3875 habet,
575 3816 673 3868 ainrilis
685 3817 876 3884 hippopotami
887 3819 1027 3870 dentibus.

415 3883 501 3937 va.
522 3884 590 3937 Oica
600 3885 712 3937 barbari
723 3886 849 3948 nominis,
870 3902 885 3939 e
896 3887 975 3953 nigro
986 3884 1129 3953 introque,
1149 3892 1177 3937 et

380 3954 499 4008 candido
510 3954 610 4020 placet.
632 3955 757 4019 ombria,
763 3970 845 4023 quam
856 3955 943 4024 aliqui
954 3955 1059 4008 notiam
1072 3961 1178 4015 vocant,

379 4026 453 4077 sicut
465 4024 597 4077 ceraunia
611 4030 640 4077 et
658 4024 787 4088 brontia,
809 4024 908 4079 cadere
924 4040 985 4076 cum
1004 4024 1138 4076 imbribus
1149 4032 1177 4077 et

379 4092 541 4147 fulminibus
563 4093 683 4146 dicitur:
713 4094 887 4162 eundemque
913 4094 1042 4147 effectum
1067 4092 1178 4156 babere,

379 4179 460 4232 quem
471 4163 600 4226 brontia,
621 4170 760 4216 narratur.
796 4162 947 4216 Praeterea
967 4164 995 4215 in
1006 4178 1068 4215 aras
1080 4163 1178 4215 addita

379 4250 423 4295 ea,
433 4234 586 4287 libamenta
596 4247 650 4284 non
661 4232 778 4284 amburi.
811 4235 899 4286 Oritis
913 4233 1030 4300 globosa
1041 4234 1142 4299 specie,
1161 4247 1179 4284 a

379 4303 541 4422 goibusdam
555 4308 584 4355 et
593 4302 716 4354 sideritis
726 4309 861 4366 vocatur,
881 4305 971 4371 ignem
983 4317 1036 4353 non
1047 4302 1176 4354 sentiens.

405 4372 530 4433 atracias,
541 4373 600 4425 sire
608 4371 767 4434 ostracitis,
779 4380 822 4424 est
832 4379 957 4424 testacea
966 4371 1075 4424 duriore
1087 4372 1178 4424 altera

378 4437 495 4520 achatae
506 4441 615 4504 similis,
635 4441 687 4493 nisi
702 4441 775 4508 quod
796 4440 908 4494 achates
924 4441 1047 4509 politura
1064 4442 1178 4508 pingue-

379 4513 432 4558 sert
443 4525 450 4559 r
472 4507 580 4562 duriori
591 4516 669 4563 tanta
679 4509 753 4563 inest
761 4510 801 4562 ria
813 4545 822 4573 ,
847 4519 877 4563 ot
888 4510 961 4562 aliae
972 4525 1098 4578 gemmae
1108 4510 1178 4562 scal·

379 4581 478 4640 pantur
496 4577 541 4629 fra
561 4582 660 4631 mentis
681 4580 751 4632 elus.
783 4579 946 4632 Ostraeitidi
964 4585 1059 4632 ostrea
1078 4593 1177 4633 nomen

379 4648 408 4696 et
418 4592 627 4700 similitudinem
639 4648 751 4702 dedere.
792 4648 996 4715 ophicardelon
1007 4648 1119 4700 barbari
1131 4664 1177 4700 rc·

379 4715 485 4775 cantui
522 4731 566 4767 om
578 4718 698 4771 colorem
709 4719 781 4771 binis
791 4718 871 4770 lineis
882 4717 954 4770 albis
965 4717 1176 4770 includentibus.

379 4778 422 4833 De
433 4781 490 4833 uos
503 4783 583 4835 diano
599 4785 695 4854 lapide
706 4788 826 4840 dixinms
836 4789 979 4855 superiore
991 4786 1071 4839 libro.
1102 4786 1177 4838 inve·

379 4852 493 4903 aluntur
503 4858 530 4904 et
542 4864 666 4918 gemmae
677 4856 774 4908 ecdem
787 4858 897 4909 numine
909 4856 1055 4919 accolere,
1067 4871 1122 4908 non
1133 4870 1177 4906 so-

378 4919 435 4972 lum
448 4921 476 4972 in
487 4918 635 4987 Aethiopia
646 4925 791 4992 indiaque,
811 4925 859 4976 sed
871 4926 953 4978 etiarn
965 4925 994 4979 in
1007 4923 1129 4988 Samnio,
1146 4930 1177 4977 ut

381 4990 469 5058 aliqui
504 4995 596 5050 utam,
608 4998 637 5043 et
649 4992 676 5044 in
688 4994 816 5047 litoribus
828 4994 1022 5116 Hispaniensis
1033 4995 1146 5047 Oceani.

414 5058 467 5112 LX
494 5058 515 5110 l.
533 5057 674 5113 Panchrus
689 5063 747 5115 fere
765 5066 887 5116 exomni
909 5080 941 5116 us
958 5062 1098 5116 coloribus
1114 5077 1177 5115 eon·

378 5134 445 5182 stat.
480 5126 638 5196 Pangouius
656 5144 710 5181 non
731 5131 954 5201 longiurdigito‚
974 5148 1009 5185 ne
1025 5132 1176 5201 crystallus

378 5199 515 5262 videatur,
537 5210 652 5249 numero
672 5198 792 5264 plurium
808 5203 973 5269 angulorum
999 5208 1089 5254 caret.
1123 5201 1175 5255 Pa·

379 5284 462 5321 uerus
473 5266 563 5336 qualis
575 5267 627 5329 sit,
649 5267 840 5320 ehletrodcro
851 5286 905 5322 non
917 5270 1038 5325 dicitur:
1058 5270 1105 5323 sed
1118 5285 1177 5322 car·

377 5351 440 5388 men
450 5334 601 5389 Timaridis
613 5335 726 5403 reginae
737 5334 867 5388 incudem
878 5340 1000 5394 dicatum
1007 5340 1111 5395 Veneri
1122 5356 1175 5392 nun

377 5404 519 5473 inelegans
530 5407 624 5475 posit,
645 5418 678 5457 cx
709 5418 745 5455 uo
757 5405 926 5473 intelligitur
944 5410 1067 5462 additam
1081 5409 1106 5463 ei
1118 5408 1177 5462 fue·

377 5474 559 5527 condientem.
575 5473 695 5537 Quidam
725 5488 776 5525 anc
786 5475 973 5541 pansebaston
984 5486 1094 5532 nocant.
1105 5478 1176 5532 Pon·

377 5541 494 5595 domum
515 5546 674 5612 plorasset
692 5558 803 5615 genera.
840 5546 890 5599 Est
901 5548 1016 5615 stellata
1028 5564 1100 5601 roone
1114 5564 1175 5603 san·

1222 432 1340 501 guinela,
1350 445 1424 483 nunc
1434 428 1540 482 auratis
1550 428 1647 497 guttis,
1664 443 1740 496 qaae
1750 429 1931 486 intersectas
1941 432 2026 490 heia·

1223 509 1278 555 tur.
1311 500 1375 553 Alia
1392 514 1443 566 pro
1459 498 1551 551 stellis
1568 498 1693 553 eiusdem
1705 499 1810 554 coloris
1827 501 1921 556 linens
1932 503 2026 570 habet,

1222 572 1279 623 alia
1299 571 1436 623 montium
1457 567 1680 635 convalliumque
1699 569 1815 635 effigies.
1861 570 2027 642 Phloginoa,

1223 656 1303 708 quem
1314 647 1342 692 et
1352 636 1497 706 chrysiten
1508 644 1618 700 rumai,
1629 636 1730 691 ochrae
1739 641 1849 692 Atticae
1857 643 2026 707 sut-tinen,

1222 710 1362 763 invenitur
1374 709 1403 759 in
1415 709 1553 775 Aegypto.
1587 702 1757 760 phoenicitis
1769 723 1805 761 ax
1813 709 1908 762 halani
1919 712 2026 765 simili·

1224 780 1320 833 tudine
1331 778 1500 845 appellator.
1534 772 1671 842 Phyritis,
1682 776 1771 846 algae.
1807 777 1979 846 Perilencoa,
1992 782 2028 833 iit

1223 851 1257 901 ab
1268 864 1319 900 ora
1330 862 1457 916 gemmae
1476 845 1511 898 ad
1527 845 1652 897 radicem
1671 860 1759 913 usque
1779 846 1897 901 candido
1906 849 2027 905 descen·

1224 918 1315 971 dente.
1351 917 1529 977 Poeantidcs,
1540 929 1609 981 quas
1619 913 1732 981 quidam
1744 917 1907 983 mnesides
1916 926 2029 984 vocant,

1224 993 1409 1055 praegnantes
1420 986 1480 1038 heri
1493 992 1521 1037 at
1531 998 1630 1050 parere
1641 983 1782 1047 dicuntur,
1790 984 1953 1057 mederique
1964 1003 2027 1056 par.

1223 1057 1400 1110 torientibus.
1413 1055 1482 1108 Nam
1493 1053 1599 1106 talasio
1606 1052 1775 1107 Macedonia
1783 1054 1862 1106 iuxta
1869 1071 2028 1115 meamea·

1224 1134 1283 1178 tom
1293 1126 1420 1177 'i'iresiae
1430 1123 1617 1184 inveniuntur,
1627 1124 1721 1188 specie
1732 1138 1822 1189 aquae
1832 1124 1981 1192 glaciatae.

1260 1194 1369 1247 Llil'll.
1387 1193 1461 1246 Solis
1472 1207 1581 1259 gemma
1595 1191 1713 1245 eandida
1728 1200 1789 1254 est,
1813 1194 1890 1247 etad
1902 1211 1916 1247 s
1937 1197 2025 1249 eden

1224 1264 1324 1316 sideris
1337 1264 1368 1314 in
1378 1263 1474 1314 orbem
1490 1262 1632 1329 fulgentes
1643 1261 1752 1330 spargit
1763 1261 1867 1317 radios.
1924 1265 2025 1334 sgdsan

1225 1331 1357 1387 chaldaei
1368 1329 1610 1384 adhaerescentem
1622 1331 1736 1383 travibus
1748 1330 1901 1398 inveniant,
1923 1335 2024 1403 prasini

1225 1400 1335 1453 coloris.
1371 1398 1563 1453 Samothracia
1578 1400 1672 1452 insuia
1683 1400 1809 1454 eiusdem
1820 1405 1940 1456 nominis
2015 1430 2027 1447 .

1224 1486 1297 1525 marn
1316 1472 1364 1523 dot
1383 1471 1500 1536 nigrans,
1521 1485 1555 1521 ac
1571 1469 1632 1520 sine
1644 1468 1775 1535 pondere,
1796 1470 1875 1537 ligno
1892 1420 2023 1528 simila.

1225 1539 1350 1592 Sauritin
1370 1541 1397 1590 in
1414 1544 1509 1589 uentre
1525 1537 1624 1588 viridis
1640 1537 1743 1590 lacerti
1753 1541 1889 1595 arundine
1910 1542 2023 1596 dissecti

1224 1609 1338 1661 tradunt
1358 1606 1484 1670 inveniri.
1520 1605 1637 1657 Sarcitis
1657 1605 1777 1659 bubulas
1795 1624 1895 1664 cernes
1914 1626 2025 1678 reprae-

1225 1685 1328 1730 sentat.
1364 1675 1493 1729 delenitis
1505 1689 1540 1728 ex
1555 1674 1673 1727 candido
1691 1676 1845 1733 translucet
1855 1679 1956 1734 mellea
1967 1680 2023 1733 ful.

1225 1760 1482 1883 effutitur,
1497 1744 2025 1885 iutuittttzuuiiiurt:

1227 1887 1351 1937 nasutur
1370 1885 1519 1936 inllrabia.
1555 1881 1686 1935 sideritis
1704 1882 1779 1935 ferro
1799 1887 1908 1949 similis,
1929 1888 1974 1939 liti
1997 1890 2025 1940 iu

1226 1954 1307 2004 illata
1326 1952 1480 2005 discordias
1491 1951 1577 2004 facite
1598 1966 1720 2018 quaeque
1738 1954 2027 2011 nmmmrnnermo-

1227 2025 1275 2090 pia
1296 2021 1541 2087 sideropoecilos,
1562 2035 1598 2073 ex
1617 2035 1651 2074 ea
1672 2021 1712 2083 iit,
1731 2023 1905 2077 variantibus
1925 2026 2026 2091 guttis.

1228 2090 1370 2158 spongitis
1381 2093 1515 2158 spongiae
1527 2105 1624 2141 conten
1643 2099 1844 2156 repraesentat.
1878 2092 2028 2161 Synudca·

1227 2162 1288 2213 titis
1300 2176 1315 2212 c
1327 2162 1441 2212 cerebro
1457 2160 1572 2226 piscium
1590 2166 1651 2219 eat,
1671 2159 1719 2226 qui
1737 2163 1911 2228 synodontes
1925 2178 2026 2216 roceo·

1227 2238 1282 2283 tur.
1319 2228 1486 2298 Syrtidesin
1499 2229 1582 2281 litore
1592 2227 1736 2296 Syrtium,
1762 2230 1940 2298 iamquldem
1959 2232 2026 2284 etia

1228 2300 1353 2353 Lucania
1365 2299 1568 2360 inveniuntur,e
1578 2298 1679 2351 melleo
1689 2298 1783 2352 colore
1793 2315 1876 2353 croco
1888 2301 2041 2370 refulgere.

1228 2378 1282 2423 tes:
1293 2371 1369 2420 intus
1380 2368 1728 2421 auteursteilascontinent
1735 2367 1888 2436 languidas.
1900 2368 2025 2438 syringi-

1227 2436 2026 2505 tisstipolacinternodiosinrilis‚perpetoaustulacarator.

1261 2506 1387 2561 uxvrn.
1407 2504 1541 2560 Trichrus
1561 2521 1596 2558 ex
1617 2505 1712 2558 Africa
1729 2506 1810 2573 nigra
1830 2514 1882 2570 esi,
1901 2506 1949 2560 sed
1966 2516 2026 2562 tres

1228 2593 1325 2629 succos
1337 2576 1449 2640 reddit,
1468 2593 1485 2630 a
1496 2575 1589 2627 radice
1601 2576 1704 2626 nitrum
1715 2611 1724 2639 ‚
1745 2577 1844 2629 medio
1855 2578 2026 2646 sanguinem,

1227 2661 1335 2699 suuimo
1348 2643 1469 2699 ochram.
1487 2643 1660 2697 Telirrhiaos
1676 2646 1778 2698 cinerei
1790 2646 1894 2715 coloriq
1905 2655 1955 2699 aot
1965 2647 2027 2709 ruti,

1229 2715 1356 2769 candidis
1377 2714 1515 2767 radicibus
1536 2719 1688 2781 spectatur.
1734 2714 1912 2768 Telicurdios
1933 2716 2026 2770 colore

1230 2784 1329 2837 cordis.
1364 2783 1472 2847 Persas,
1482 2783 1555 2850 apud
1568 2798 1637 2849 quos
1647 2782 1781 2851 gignitur,
1801 2799 1970 2853 magmate
1980 2785 2026 2839 de·

1229 2856 1332 2907 lactat:
1353 2852 1511 2905 muchulam
1528 2853 1678 2918 appellant.
1715 2850 1931 2907 'l'hracietrinm
1942 2870 2025 2923 geas·

1228 2939 1289 2975 rom
1311 2930 1368 2985 est,
1391 2922 1503 2984 stridis,
1527 2929 1576 2972 aut
1596 2920 1744 2989 pallidior,
1765 2924 1850 2975 tertia
1867 2925 2026 2990 sanguineis

1227 2993 1324 3061 guttis.
1360 2988 1501 3056 'tephritis
1522 3006 1610 3043 norae
1621 2988 1716 3042 Lunae
1729 2992 1849 3058 speciem
1866 2990 1948 3045 habet
1966 3006 2028 3044 cor·

1229 3060 1349 3114 rataein
1368 3074 1493 3120 cornua,
1512 3061 1639 3127 quamvis
1655 3059 1759 3112 cinerei
1774 3060 1882 3114 coloris.
1917 3061 2028 3114 'secoli-

1229 3130 1291 3182 thos
1311 3130 1391 3182 oleae
1410 3129 1526 3182 nucleus
1547 3128 1674 3181 ridetur:
1695 3144 1784 3196 neque
1801 3137 1843 3184 eat
1857 3130 1886 3185 ei
1899 3143 2027 3197 gemmae

1230 3200 1327 3261 honos,
1337 3199 1386 3252 sed
1398 3197 1558 3265 ungentium
1570 3196 1694 3249 calculos
1705 3198 1812 3268 frangit
1822 3199 1966 3267 pellitque.

1263 3266 1362 3321 Lxlx.
1382 3268 1497 3321 Veneris
1517 3266 1601 3320 crinis
1615 3266 1761 3333 nigerrimi
1781 3270 1881 3321 nitoris
1899 3268 2027 3323 continet

1229 3339 1347 3405 speciem
1359 3341 1412 3390 ruti
1423 3337 1515 3389 crinis.
1529 3335 1685 3390 Veientana
1693 3338 1793 3390 italica
1803 3347 1971 3405 gemmaest,
1977 3337 2027 3392 vn·

1229 3406 2026 3531 iisfflgrtignigssr‘ammateffiangdistiugossntelimittaaltitio.

1343 3512 1350 3526 .
1391 3493 1425 3527 au
1460 3490 1578 3529 enemm
1621 3492 1769 3529 eranoscr
1809 3492 1961 3532 emocrrus
1999 3491 2026 3527 a·

1229 3546 1280 3608 dit,
1302 3543 1400 3598 electri
1418 3545 1527 3607 colore,
1547 3552 1576 3596 et
1593 3544 1693 3615 siquis
1711 3546 1896 3598 teratinrino
1909 3547 2026 3615 palmeo,

1229 3622 1257 3668 et
1269 3630 1360 3678 croco,
1371 3630 1452 3668 cerae
1462 3612 1547 3667 modo
1557 3616 1719 3678 lentescere,
1741 3614 1827 3667 odore
1838 3629 1956 3683 magnae
1967 3631 2028 3673 sun·

1229 3684 1332 3735 sitatis.
1366 3684 1530 3752 Zmilampis
1548 3683 1576 3735 in
1588 3683 1730 3752 Euphrate
1743 3685 1883 3745 nascitur,
1903 3684 2028 3737 Procon-

1229 3754 1306 3805 nesio
1317 3754 1450 3804 marmori
1462 3753 1570 3816 similis,
1589 3753 1680 3806 medio
1692 3753 1785 3804 colore
1795 3751 1905 3817 glauco.
1942 3754 2028 3807 zore·

1228 3822 1337 3874 nuceas
1348 3821 1377 3872 in
1388 3821 1456 3874 ludu
1469 3821 1581 3874 flumine
1596 3822 1735 3874 nascitur:
1755 3820 1901 3886 Magorum
1912 3834 2028 3889 gamma

1229 3905 1290 3945 ease
1301 3896 1448 3941 narratur:
1468 3907 1558 3960 neque
1567 3890 1639 3944 aliod
1651 3889 1768 3957 amplius
1780 3889 1814 3941 de
1826 3903 1867 3939 ea.

1263 3958 1361 4011 cxxi
1380 3959 1432 4013 list
1442 3962 1589 4013 etiamnum
1602 3961 1658 4012 alie
1669 3960 1829 4019 distinctio,
1851 3972 1934 4025 quam
1946 3961 2026 4026 equi·

1231 4029 1292 4080 dem
1310 4028 1442 4091 fecerim,
1462 4029 1577 4082 subinde
1594 4031 1702 4081 variata
1713 4027 1895 4096 expositione.
1933 4027 2027 4094 Siqui-

1230 4097 1291 4149 dem
1303 4113 1320 4150 a
1334 4099 1466 4150 membris
1481 4114 1629 4165 corporum
1647 4098 1750 4151 habent
1768 4099 1899 4149 nomina:
1920 4094 2025 4164 hepati·

1229 4167 1266 4218 tis
1277 4183 1295 4220 a
1305 4167 1445 4221 iocinere:
1473 4168 1597 4220 steatitis
1609 4168 1784 4236 singulorum
1793 4166 1954 4218 animalium
1966 4165 2025 4217 adi·

1230 4250 1263 4303 pe
1282 4251 1436 4288 numerosa.
1458 4234 1686 4304 Adadunephros,
1703 4236 1824 4290 eiusdem
1837 4235 1935 4295 oculus
1946 4234 2026 4287 acdi-

1228 4306 1305 4374 gitos
1317 4308 1375 4358 dei:
1387 4313 1415 4359 et
1427 4304 1472 4357 hic
1483 4306 1587 4357 colitur
1597 4305 1711 4374 aSyris.
1724 4303 1953 4372 Triuphthaimos
1966 4317 2025 4356 cura

1229 4391 1263 4427 on
1287 4373 2025 4440 chenascitur,tresboorirsisoculossimulexprimens.

1263 4392 1375 4496 [xxii.
1395 4443 1435 4496 Ab
1446 4444 1614 4497 animalibus
1625 4446 1870 4515 cognominantur,
1892 4442 2026 4495 carcinias

1229 4514 1328 4565 marini
1340 4516 1429 4566 cariori
1441 4516 1544 4578 colore,
1562 4512 1660 4567 echitis
1672 4516 1794 4583 viperae,
1815 4511 1944 4580 eccrpitis
1954 4525 2026 4563 ecor-

1228 4582 1317 4651 pionla
1337 4589 1385 4634 aut
1407 4583 1510 4647 colore,
1532 4591 1579 4635 not
1590 4582 1690 4651 effigie,
1712 4582 1824 4634 scaritis
1842 4584 1916 4635 scari
1937 4582 2027 4650 piscia,

1228 4653 1343 4720 triglitis
1353 4652 1441 4715 mulii,
1462 4652 1694 4721 aegophthalmos
1706 4652 1818 4718 caprino
1830 4653 1930 4705 oculo:
1960 4653 2025 4702 item

1229 4722 1287 4774 alie
1297 4721 1382 4774 suillo
1395 4739 1401 4772 r
1424 4727 1454 4776 ct
1465 4738 1481 4775 a
1491 4723 1566 4791 gruis
1578 4723 1652 4774 collo
1664 4720 1810 4789 geranitis,
1831 4717 1973 4773 hieracitis
1984 4733 2026 4772 ac·

1229 4790 1348 4857 cipitris.
1384 4792 1485 4844 letitia
1498 4809 1514 4843 a
1526 4791 1622 4843 colore
1634 4788 1744 4857 aquilae
1755 4785 1921 4842 candicante
1932 4787 2025 4842 cauda.

1227 4860 1404 4928 Myrmecitis
1419 4861 1541 4912 innatam
1558 4862 1680 4926 repentis
1698 4856 1833 4908 formicae
1850 4855 1970 4927 elligiem
1982 4856 2025 4908 ha·

1228 4931 1283 4990 bet,
1295 4928 1507 4980 scarabaeorum
1518 4927 1685 4980 cantherius.
1713 4920 1952 4990 Lycopbthalmos
1966 4941 2026 4994 qua·

1229 5005 1293 5050 tuor
1315 5002 1357 5048 est
1378 4995 1512 5058 colorum,
1531 5013 1566 5050 ex
1587 4996 1672 5048 rutilo
1693 4992 1867 5057 sanguinea:
1888 4995 1917 5047 in
1937 4995 2026 5047 medic

1228 5069 1334 5134 nigrum
1347 5065 1465 5117 candido
1478 5066 1610 5133 cingitur,
1626 5070 1657 5116 nt
1669 5062 1799 5128 luporum
1812 5061 1898 5127 oculi,
1912 5063 1970 5115 illia
1981 5076 2027 5145 per

1228 5134 1321 5186 omnia
1330 5134 1440 5215 similis.
1475 5133 1662 5216 Taosparoni
1674 5138 1717 5214 est
1729 5128 1838 5198 similis,
1848 5132 1916 5186 item
1928 5129 2027 5199 aspidi,

1228 5201 1786 5325 quintillianirllfflffirlslzlpmli'livteundg'est
1796 5269 1823 5321 in
1834 5266 2026 5335 hammocbry·

1226 5356 1268 5403 su,
1288 5343 1443 5395 relutauro
1461 5341 1553 5393 arenis
1570 5343 1667 5392 mixtu.
1704 5338 1860 5393 cenchritis
1878 5337 1950 5387 milii
1964 5351 2027 5389 ura·

1226 5412 1269 5462 nia
1280 5411 1358 5463 velut
1368 5410 1482 5478 sparsis.
1517 5407 1629 5479 Dryitis
1641 5426 1656 5462 e
1670 5410 1804 5462 troncisa
1821 5407 1824 5409 ’

1226 5488 1256 5535 et
1265 5481 1336 5549 ligni
1358 5480 1441 5533 modo
1461 5478 1551 5533 ardet.
1587 5479 1699 5532 Cissitis
1720 5478 1751 5531 in
1771 5494 1796 5530 c¹

1226 5550 1327 5607 ederam
1338 5549 1425 5615 foliis,
1445 5564 1516 5620 quae
1528 5554 1618 5603 totam
1628 5553 1737 5605 tenent.
1771 5547 1784 5601 f
