4374 6014
307 267 375 334 412
433 261 471 325 G..
493 255 649 321 PLINH
676 250 886 318 sacuam
913 210 1087 312 NATUR.
1115 246 1312 310 rttsrort.
1340 249 1427 312 eta.
1449 226 1722 313 XXXVJGAP.
1744 254 1866 317 tama.

308 427 422 487 tamque
433 407 617 481 refrigerandi
629 413 757 461 naturam
768 419 840 468 esse,
859 410 892 457 ut
902 407 995 456 musta
1004 400 1114 456 ferrare

310 491 442 544 desinant
454 483 560 552 pumice
572 478 679 532 addito.

346 558 445 611 Xhlll.
463 549 632 605 Auctoribus
648 560 729 599 curae
743 543 823 597 hiere
839 541 948 611 lapides
964 539 1113 593 mortario-

311 644 374 684 rum
386 637 509 694 queque,
528 634 577 671 nec
590 615 797 670 medicinalium
808 619 926 676 tantum,
947 618 997 664 aut
1008 611 1043 663 ad
1054 611 1114 678 pig·

247 690 254 705 ⁸
311 704 407 752 menta
421 688 629 761 pertinentium.
667 687 794 740 Etesium
813 685 933 752 lapidem
950 682 980 733 in
990 682 1025 733 iis
1034 695 1115 747 prae·

312 768 403 821 tulero
418 764 526 819 ceteris,
548 772 612 810 crox
629 763 657 809 et
674 755 862 818 Thebaicum,
882 767 961 821 quem
979 764 1116 820 pyropoe·

313 840 386 890 cilon
397 828 609 900 appellavimus:
630 826 714 892 aliqui
727 825 887 892 psaronium
899 829 1008 873 vocant.
1043 822 1115 872 'fer-

312 909 382 958 tium
393 917 427 954 ex
441 900 567 952 chalazio
583 895 734 963 chrysites.
771 894 876 946 Medici
891 899 984 944 autom
997 896 1026 944 et
1035 893 1116 942 basa·

311 975 399 1028 niteo.
436 971 492 1021 Hie
502 967 576 1020 enim
587 966 659 1032 lapis
666 964 736 1016 nihil
748 978 856 1017 exsere
869 962 998 1015 remittit.
1034 961 1056 1011 li
1067 973 1116 1012 aa·

312 1052 368 1097 tem
387 1039 505 1107 lapides,
526 1038 574 1105 qui
592 1051 704 1087 strecum
721 1033 851 1098 reddunt,
870 1032 1015 1084 oculorum
1031 1030 1116 1083 medi·

312 1112 447 1166 merentis
468 1108 552 1160 utiles
573 1107 784 1159 existimantur:
817 1105 934 1170 ideoque
956 1099 1116 1167 Aethiopici

311 1179 481 1239 meximead
493 1194 527 1231 eo
538 1177 701 1244 probantur.
738 1174 907 1227 Taenarium
919 1187 983 1223 vero
993 1172 1115 1238 lapidem

312 1260 341 1307 et
349 1250 546 1312 Poenicum,et
558 1245 729 1299 haematiten
739 1244 993 1297 lismedicamerrtis
1004 1241 1116 1309 prodes·

311 1338 342 1374 sc
365 1320 494 1381 tradunt,
513 1333 584 1386 quae
606 1328 641 1369 ex
663 1330 746 1369 croco
767 1320 983 1382 componantur:
1005 1326 1038 1363 cx
1058 1310 1115 1363 alio

311 1389 515 1457 Taenario,qui
526 1388 606 1455 niger
615 1391 705 1451 est,et
715 1401 749 1439 ex
760 1385 844 1437 Pario
855 1383 1016 1450 lapide,non
1028 1395 1116 1447 aeque

311 1461 428 1514 medicis
447 1460 559 1511 utilem:
579 1459 719 1525 potiorem
736 1471 770 1508 ιι
786 1453 952 1507 alabastrite
967 1451 1116 1520 Aegyptio,

311 1531 358 1583 vel
369 1547 403 1583 ex
415 1530 511 1597 ophite
521 1529 595 1581 albo.
633 1528 685 1579 Est
700 1528 771 1578 enim
784 1524 837 1577 hec
847 1539 935 1593 genus
946 1520 1060 1589 ophitis,
1081 1535 1116 1575 ex

312 1614 367 1667 quo
378 1616 445 1652 vasa
457 1602 540 1653 etiam
553 1603 582 1651 et
592 1596 677 1650 cados
689 1596 802 1649 faciunt.

346 1668 447 1723 xerV.
465 1670 497 1722 ln
508 1668 613 1736 Siphno
625 1668 696 1734 lapis
708 1674 768 1727 est,
792 1664 839 1732 qui
851 1669 965 1717 meatur
974 1666 1117 1715 tornatur-

311 1754 366 1806 que
375 1739 404 1791 in
415 1755 483 1791 rasa
493 1737 642 1806 coquendis
653 1737 724 1789 cibis
736 1736 835 1796 utilia,
856 1735 901 1785 vei
913 1733 949 1786 ad
961 1733 1117 1786 esculento·

308 1823 373 1861 rum
385 1824 465 1860 usus:
497 1808 571 1874 quod
583 1809 611 1857 in
623 1807 753 1859 consensi
766 1804 864 1861 {tuliae
875 1803 968 1870 lapide
978 1801 1060 1854 viridi
1072 1815 1116 1851 ac·

310 1878 405 1930 cidere
417 1881 528 1930 scimus.
566 1876 620 1929 Sed
633 1877 662 1927 in
673 1875 788 1942 Siphnio
800 1875 960 1941 singulare,
982 1871 1055 1940 qued
1067 1884 1115 1922 cx-

310 1948 448 1997 calfaetus
459 1947 523 1994 eleo
542 1947 683 2009 nigrescit,
703 1945 890 2011 durescitque,
902 1951 1001 1995 natura
1012 1942 1117 1990 asellis-

309 2015 407 2069 simus.
443 2014 536 2063 Tanta
545 2013 712 2079 qualitatum
725 2013 885 2062 differentia
897 2018 947 2065 est
967 2011 1038 2063 Nom
1048 2004 1117 2057 mol·

309 2084 394 2136 litiae
411 2089 439 2134 et
456 2089 534 2133 trans
555 2081 640 2145 Alpes
656 2078 806 2144 praecipua
825 2083 890 2128 sunt
910 2077 1048 2144 exenrpla.
1085 2077 1117 2127 ln

311 2152 429 2220 Belgica
448 2150 591 2216 provincia
605 2147 752 2200 candidum
766 2146 887 2214 lapidem
899 2162 988 2210 serra,
1010 2161 1065 2213 qua
1084 2143 1118 2194 li·

310 2238 408 2292 gnum,
422 2220 585 2287 faciliusque
594 2219 688 2280 etium,
699 2223 803 2279 secant,
815 2216 850 2268 ad
862 2215 1019 2284 tegularum
1031 2225 1060 2268 et
1069 2217 1119 2265 im·

311 2292 419 2344 bricuur
432 2294 532 2341 ricem:
554 2287 599 2345 rel
609 2289 632 2338 si
643 2288 738 2357 libeat,
757 2285 794 2337 ad
806 2302 876 2354 quae
887 2292 990 2338 vocant
1000 2299 1118 2353 parona-

313 2377 365 2416 cea
376 2359 490 2427 tegendi
503 2373 622 2426 genera:
644 2356 711 2410 ethi
721 2356 832 2426 quidem
844 2357 956 2409 sectiles
966 2363 1040 2407 sunt.

301 2468 305 2473 -
348 2428 434 2484 XLV.
465 2428 625 2495 Specularis
643 2444 708 2480 vero
725 2429 867 2492 (quoniam
883 2426 971 2478 ethic
987 2426 1119 2493 lapisno·

312 2517 377 2554 men
388 2499 509 2560 obtinet)
520 2496 743 2551 facilioremulto
756 2496 977 2549 naturafinditur
988 2499 1014 2549 in
1026 2510 1119 2564 quam·

312 2570 384 2623 libet
401 2576 498 2622 tenues
520 2574 637 2619 crustas.
675 2567 815 2633 Hispania
830 2566 903 2618 hunc
918 2569 984 2618 olim
1002 2565 1119 2618 citerior

313 2647 425 2692 tuntum
436 2637 531 2698 dabat,
542 2652 593 2688 nec
604 2642 673 2699 teta,
684 2635 733 2688 sed
744 2638 819 2688 intra
829 2643 940 2689 centum
952 2636 1042 2688 millia
1058 2650 1119 2702 pas·

312 2726 394 2762 suum
416 2709 491 2760 circa
506 2702 686 2776 ch'obricam
706 2706 816 2758 urbem:
835 2708 892 2759 iam
915 2707 1070 2773 etCypres,
1090 2709 1118 2756 ct

315 2778 502 2846 Cappadocia,
523 2785 552 2830 ιι
569 2776 674 2840 Sicilia,
697 2783 725 2828 et
737 2791 824 2844 nuper
847 2780 989 2830 inventum
1005 2774 1117 2828 Africa:

311 2849 510 2918 postferendos
527 2862 623 2900 earnes
640 2855 734 2899 tamen
752 2847 916 2914 Hispaniae,
937 2854 964 2898 et
977 2844 1118 2912 Cappado-

313 2921 385 2981 ciae,
405 2916 580 2970 mollissimis
592 2923 621 2968 et
638 2916 828 2982 amplissimae
845 2917 1049 2983 magnitudinis,
1069 2912 1118 2964 sed

313 2989 450 3041 obscuris.
489 2986 561 3038 Sunt
576 2992 605 3038 ιι
617 2988 645 3037 in
656 2985 829 3037 Bononiensi
847 2986 947 3037 ltaliae
962 2991 1042 3052 parte
1056 2984 1117 3035 bre·

312 3074 371 3118 ses,
388 3054 532 3119 maculosi,
553 3056 699 3121 conrplcxu
710 3055 799 3106 silicis
810 3054 928 3122 alligati,
951 3068 1066 3120 quorum
1078 3058 1119 3105 ta·

311 3141 377 3179 meu
390 3131 526 3191 appareat
536 3132 637 3176 natura
647 3124 746 3175 sinrilis
758 3124 809 3185 eis,
827 3125 914 3190 quiin
927 3125 1061 3190 Hispania
1071 3137 1119 3188 pu·

312 3197 368 3261 teis
380 3193 551 3246 effodiuntur
561 3191 700 3262 profunda
711 3192 869 3246 altitudine.
900 3191 957 3244 Nec
969 3208 1023 3244 non
1036 3199 1064 3245 et
1075 3208 1120 3244 sa·

312 3281 350 3319 xo
362 3265 485 3317 inclusus
502 3265 552 3315 sub
570 3264 806 3328 terrainrenitur,
828 3260 1049 3333 extrahiturque,
1070 3269 1119 3313 aut

313 3335 462 3389 exciditur.
499 3330 554 3387 Sed
565 3335 666 3387 maiori
680 3344 758 3402 parte
774 3329 865 3386 fossili
880 3341 986 3398 natura,
1007 3332 1119 3384 absolu·

311 3412 359 3457 tus
370 3405 507 3474 segmenti
519 3405 614 3469 modo,
634 3420 772 3473 nunquam
785 3404 875 3458 adhuc
888 3404 1006 3471 quinque
1018 3403 1118 3471 pedum

311 3473 491 3543 longitudine
502 3475 631 3542 amplior.
656 3476 809 3527 Humorem
820 3473 894 3527 hunc
904 3484 996 3527 terrae
1007 3473 1117 3542 quidam

313 3551 461 3597 autumant
481 3545 610 3610 crystalli
630 3543 713 3596 modo
726 3545 852 3613 glaciari.
888 3547 926 3598 Et
945 3546 974 3597 in
997 3544 1118 3612 lapidem

313 3627 494 3665 concrescere
505 3613 653 3665 manifesto
665 3624 789 3680 apparet,
796 3617 947 3684 quodcum
958 3616 1035 3668 ferae
1046 3613 1119 3665 deci·

313 3683 381 3735 dere
393 3683 422 3733 ln
433 3689 534 3748 puteos
545 3682 627 3745 tales,
639 3683 777 3737 medullae
786 3687 815 3735 in
827 3688 938 3736 ossibus
950 3700 1044 3737 earum
1056 3689 1119 3751 post

312 3766 396 3803 unam
408 3750 525 3804 hiemem
538 3751 567 3801 in
577 3751 693 3803 eandem
703 3752 807 3819 lapidis
815 3760 942 3805 naturam
956 3756 1118 3823 ligurantur.

311 3821 458 3874 Invenitur
475 3827 503 3873 et
520 3820 599 3887 niger
614 3821 773 3888 aliquando.
810 3820 864 3872 Sed
880 3823 998 3874 candido
1018 3829 1119 3874 natura

313 3890 395 3949 mira,
417 3906 479 3939 cum
490 3890 526 3942 sit
538 3889 658 3942 rnollitia
668 3897 744 3947 nota.
767 3891 943 3957 perpetiendi
956 3892 1036 3943 Soles
1047 3891 1118 3960 rigo-

313 3974 426 4027 rcsquc:
447 3971 497 4009 nee
506 3960 637 4024 senescit,
656 3964 679 4011 si
692 3959 775 4013 modo
786 3960 890 4012 iniuria
901 3977 956 4012 nen
967 3962 1045 4022 arsit,
1057 3976 1118 4013 cum

313 4029 368 4081 hoc
380 4030 464 4081 etiarn
476 4027 505 4079 in
524 4031 676 4082 caementis
691 4034 843 4084 multorum
855 4045 987 4098 generum
1000 4030 1117 4084 occidat.

313 4101 447 4152 intrusere
458 4103 486 4152 et
497 4097 581 4149 alium
595 4100 715 4153 usumin
727 4101 860 4154 censentis
874 4117 993 4169 quoque,
1008 4103 1118 4154 circum

312 4170 465 4221 marimum
478 4166 552 4220 ludis
563 4169 741 4222 Circensibus
750 4170 902 4237 sternendi,
911 4178 943 4225 ut
957 4172 1032 4224 sitin
1042 4187 1117 4223 com·

312 4238 611 4293 mendationocandor.
700 4242 704 4249 '

358 4307 459 4359 XLVI.
477 4308 588 4361 Nerone
604 4309 728 4376 principe
747 4309 775 4360 in
794 4308 972 4376 Cappadocia
991 4317 1118 4378 repertus

313 4383 357 4430 ιιι
366 4378 439 4442 lapis
451 4376 554 4430 denda
565 4372 728 4441 marmoris,
750 4380 885 4431 candidus
903 4386 986 4446 atque
998 4381 1117 4431 translu-

314 4462 388 4508 cens,
401 4445 488 4496 etiam
501 4463 555 4515 qua
566 4454 645 4514 parte
657 4448 750 4501 fulvae
762 4450 918 4503 inciderant
928 4464 1023 4511 senae,
1031 4466 1065 4502 ex
1075 4464 1118 4502 ar·

312 4521 446 4583 gumento
467 4514 615 4584 phengites
635 4519 800 4586 appellatus.
837 4521 901 4571 Hoc
921 4525 1118 4573 construxerat

312 4583 411 4637 aedem
423 4582 573 4649 Fortunae,
585 4603 666 4653 quarn
678 4588 770 4642 Seiam
778 4589 953 4656 appellant,a
965 4586 1062 4642 Servio
1075 4607 1117 4642 re·

313 4670 347 4721 ge
359 4660 509 4717 sacratam,
530 4671 614 4709 aurea
624 4659 707 4710 domo
718 4660 887 4726 complexus.
924 4660 1019 4722 Quare
1030 4660 1115 4712 ctiam

313 4722 420 4775 foribus
434 4725 537 4788 opertis
549 4727 671 4780 interdiu
683 4729 797 4781 claritas
807 4729 845 4783 ibi
858 4728 958 4778 diurna
969 4737 1039 4792 erat,
1060 4730 1116 4782 olio

314 4807 396 4859 qnam
407 4793 590 4859 specularium
602 4799 694 4861 modo,
706 4807 835 4865 tanquam
848 4798 955 4849 inclusa
963 4800 1041 4861 luce,
1062 4815 1116 4850 non

312 4864 485 4914 transmissa.
523 4866 552 4915 ln
575 4868 676 4921 Arabia
696 4884 805 4937 quoque
827 4885 888 4922 csso
908 4870 1032 4940 lapidem
1052 4870 1117 4921 vitri

312 4933 397 4985 ιιιιιιὶο
410 4931 631 4996 translucidum,
650 4953 706 5006 quo
724 4944 843 4991 utuntur
854 4954 906 5006 pro
916 4939 1119 5008 specularibus,

313 5005 383 5057 luha
393 5010 491 5054 auctet·
502 5008 554 5054 est.

350 5072 462 5126 xhvtr.
483 5072 563 5124 Nunc
574 5070 609 5122 ad
624 5076 766 5139 operarios
781 5077 892 5145 lapides
904 5079 1039 5132 transisse
1051 5094 1115 5132 con·

314 5144 420 5203 veniat,
433 5142 606 5209 primumque
617 5149 693 5195 cotes
706 5144 781 5197 ferro
795 5148 928 5201 acuendo.
964 5150 1056 5201 Multa
1072 5164 1117 5201 ea·

314 5226 376 5263 rurn
390 5229 504 5281 genera:
528 5211 657 5264 Creticae
669 5211 716 5265 diu
728 5216 875 5269 niaximam
888 5217 998 5271 laudem
1011 5218 1115 5272 habue-

314 5295 360 5329 re:
383 5282 532 5334 sectandam
544 5280 701 5335 Laconicae
712 5299 747 5335 ex
757 5286 888 5353 'l'uygcto
901 5296 1003 5351 monte,
1026 5298 1117 5341 utrae·

315 5352 451 5414 que‘olee
473 5353 638 5420 indigentes.
685 5354 761 5405 inter
779 5356 906 5423 aquarias
926 5359 1033 5414 Naxiae
1056 5358 1116 5410 laus

313 5421 436 5472 mraxime
449 5422 508 5481 fuit,
529 5438 593 5474 mox
607 5423 800 5486 Armeniacae,
820 5425 967 5493 dequibus
984 5430 1116 5482 dixinrus.

312 5485 357 5538 Ex
370 5488 431 5540 oleo
445 5498 474 5541 et
483 5507 554 5558 aqua
566 5493 680 5547 Ciliciae
691 5494 817 5564 pollent,
836 5512 871 5548 ex
882 5511 955 5564 aqua
966 5498 1117 5550 Arsinoeti·

315 5571 372 5608 cae.
392 5560 530 5625 Repertae
540 5571 604 5615 sunt
615 5570 643 5620 et
653 5565 683 5618 in
693 5565 778 5620 ltalia
788 5580 860 5636 aqua
872 5567 1016 5622 trahentes
1027 5569 1116 5622 aciem

1166 400 1304 455 acerrimo
1316 400 1426 455 effecto.
1462 398 1522 454 Nec
1532 415 1586 452 non
1598 407 1627 454 et
1638 406 1715 454 trans
1726 404 1820 472 Alpes,
1832 420 1901 474 quas
1914 421 1975 476 pas-

1165 472 1288 525 sernices
1307 478 1419 525 vocant.
1456 472 1564 534 Quarta
1583 474 1655 523 ratio
1675 480 1718 524 est
1738 477 1830 528 salira
1852 475 1974 530 hominis

1167 542 1382 612 proficientium,
1403 540 1432 591 in
1445 541 1645 593 tonstrinarum
1657 542 1786 608 officinis,
1798 546 1906 598 inutilis
1919 545 1974 599 fra·

1167 613 1218 681 gili
1231 610 1362 664 mollitia.
1399 611 1604 663 Flaminitanae
1626 625 1661 663 ex
1679 614 1817 681 Hispania
1838 617 1974 669 citeriore

1166 684 1240 737 ineo
1270 681 1539 748 enerepraeeipuae.

1201 697 1327 803 xhg'lll.
1346 752 1369 802 Ε
1389 749 1499 816 relique
1518 747 1699 802 multitudine
1718 751 1862 819 lapidum,
1895 753 1975 807 tofus

1167 821 1301 875 aediliciis
1319 819 1427 874 inutilis
1444 827 1488 873 est
1501 820 1678 873 mortalitate
1700 823 1865 875 mollitiae·
1882 825 1976 886 Quac-

1168 892 1230 945 dnm
1244 902 1338 944 tamen
1356 891 1419 942 loca
1435 904 1492 942 non
1507 891 1592 943 alium
1610 888 1726 955 habent,
1746 895 1819 946 sicut
1831 894 1975 963 Carthago

1167 965 1194 1014 in
1206 960 1310 1015 Africa.
1346 961 1503 1013 Exercetur
1525 961 1616 1013 halitu
1635 963 1730 1024 araris,
1754 963 1975 1027 fricaturvento,

1168 1041 1196 1086 et
1208 1034 1371 1085 verberatur
1381 1030 1474 1084 imbri.
1509 1030 1565 1083 Sed
1580 1046 1647 1084 cura
1663 1037 1777 1085 tuentur
1794 1033 1911 1100 picando
1927 1049 1975 1101 pa·

1167 1103 1264 1166 rietes,
1285 1101 1416 1168 quoniam
1427 1107 1456 1154 et
1468 1101 1580 1154 tectorii
1595 1101 1672 1154 ealce
1689 1101 1809 1154 reditur.
1844 1102 1974 1171 Sciteque

1168 1174 1338 1235 dictumest,
1360 1170 1395 1224 ad
1411 1176 1491 1225 tecta
1509 1186 1558 1226 eos
1575 1173 1651 1239 pice,
1671 1170 1708 1223 ad
1724 1174 1819 1225 vinum
1836 1172 1913 1225 calce
1925 1173 1974 1236 uti,

1169 1244 1298 1312 quoniam
1320 1241 1362 1294 sic
1382 1249 1474 1293 musta
1493 1241 1635 1294 condiunt.
1676 1241 1739 1294 Alia
1757 1243 1881 1295 mollitia
1901 1244 1975 1297 circa

1168 1316 1285 1366 itomam
1304 1312 1445 1376 Fidenati,
1465 1318 1494 1364 et
1514 1312 1630 1365 Albano.
1666 1311 1697 1362 ln
1718 1312 1838 1380 Liguria
1858 1314 1976 1381 quoque,

1169 1382 1293 1446 Umbria,
1314 1389 1342 1435 et
1353 1379 1485 1444 Venetia,
1504 1381 1583 1434 albus
1601 1380 1674 1449 lapis
1687 1381 1974 1435 dentataserraseca·

1169 1462 1223 1506 tur.
1260 1453 1300 1505 Hi
1311 1452 1472 1504 tractabiles
1483 1453 1510 1503 in
1523 1467 1621 1519 opere,
1644 1452 1771 1505 laborem
1783 1468 1890 1521 quoque
1901 1453 1971 1504 tole·

1168 1529 1243 1588 rant,
1262 1524 1405 1577 subtecto
1422 1521 1575 1574 dumtaxat.
1610 1522 1762 1591 Aspergine
1781 1532 1810 1576 et
1822 1523 1886 1592 gelu
1899 1522 1972 1589 prui-

1169 1597 1267 1662 nisque
1279 1597 1443 1660 rumpuntur
1458 1594 1487 1643 in
1501 1599 1603 1646 testasz
1625 1608 1675 1644 uec
1694 1601 1793 1645 coutra
1804 1592 1932 1645 humores
1944 1600 1972 1646 et

1170 1680 1266 1717 auram
1281 1664 1373 1747 maris
1384 1665 1501 1716 robusti.
1538 1660 1681 1715 'l'iburtini
1699 1662 1736 1716 ad
1751 1662 1862 1732 reliqua
1877 1662 1971 1725 fortes,

1169 1735 1513 1874 lflpiifff¹⁸1³qlllffltsqnm
1533 1801 1645 1868 optimi:
1677 1801 1842 1869 quibusdam
1858 1802 1887 1853 in
1902 1804 1974 1853 locis

1169 1880 1198 1928 et
1207 1877 1345 1928 rubentes.
1381 1873 1580 1939 Nonnusquam
1592 1885 1658 1924 vero
1669 1879 1697 1924 et
1707 1872 1773 1935 albi,
1783 1873 1854 1923 sicut
1865 1872 1894 1921 in
1904 1872 1976 1922 Tar·

1168 1946 1306 2006 quissiensi
1313 1945 1454 1987 Ausetanis
1467 1941 1625 2002 lapicidinis
1637 1942 1713 1989 circa
1722 1940 1975 1992 lacurnl'ulsiuicn·

1169 2024 1236 2061 sem.
1273 2008 1310 2058 lit
1321 2009 1348 2057 in
1360 2005 1531 2058 Statoniensi
1542 2012 1616 2069 sunt,
1627 2007 1724 2073 quibus
1735 2023 1768 2059 ne
1781 2010 1850 2076 ignis
1860 2007 1976 2076 quidem

1169 2083 1262 2131 nocet.
1298 2075 1386 2128 iidem
1404 2082 1432 2128 et
1448 2076 1476 2127 in
1491 2077 1677 2130 monumentis
1692 2079 1803 2148 sculpti,
1823 2087 1922 2131 contra
1932 2095 1977 2132 ro·

1170 2153 1304 2201 tustatem
1315 2161 1424 2216 quoque
1434 2145 1587 2215 incorrupti
1600 2158 1772 2213 peruissent.
1818 2150 1905 2201 Extis
1916 2147 1974 2203 for·

1171 2234 1233 2272 mae
1245 2219 1322 2280 flunt,
1344 2219 1371 2267 in
1384 2217 1483 2285 quibus
1495 2232 1562 2269 aera
1573 2217 1734 2271 funduntur.
1770 2220 1823 2273 Est
1837 2227 1866 2272 et
1877 2218 1976 2271 viridis

1171 2291 1253 2352 silex,
1272 2287 1451 2339 vehementer
1471 2288 1531 2355 igni
1548 2291 1688 2351 resistens,
1710 2287 1761 2340 sed
1776 2303 1913 2355 nusquam
1931 2304 1976 2341 co·

1172 2361 1281 2429 piosus:
1304 2356 1390 2411 etubi
1404 2357 1553 2422 invenitur,
1575 2360 1652 2425 lapis,
1673 2374 1727 2410 nen
1744 2372 1843 2410 saxum
1859 2365 1912 2411 est.
1949 2359 1975 2410 E

1170 2428 1287 2496 reliquis
1298 2426 1419 2495 pallidus
1430 2428 1459 2478 in
1470 2434 1613 2480 caernente
1624 2443 1687 2479 raro
1700 2428 1786 2481 utilis.
1823 2422 1975 2490 Glohosus,

1172 2507 1271 2552 contra
1288 2498 1405 2550 iniurias
1422 2496 1515 2561 fertis,
1536 2497 1585 2551 sed
1604 2497 1638 2549 ad
1654 2505 1822 2550 structuram
1843 2497 1974 2558 infidelis,

1171 2569 1225 2621 nisi
1237 2568 1325 2621 multa
1336 2567 1538 2620 suffrenatione
1550 2569 1701 2621 devinctus.
1741 2568 1798 2622 Nec
1810 2567 1915 2620 certior
1926 2566 1976 2619 liu·
2041 2572 2047 2585 '

1171 2639 1289 2700 uietilis,
1303 2654 1413 2705 semper
1425 2638 1512 2691 reluti
1523 2638 1647 2691 arradens.

1206 2710 1238 2761 Ι,
1257 2708 1419 2761 Renredium
1441 2717 1484 2760 est
1504 2710 1532 2760 in
1553 2708 1648 2774 lapide
1671 2708 1765 2770 rubro,
1785 2712 1892 2760 aestate
1913 2720 1974 2758 eum

1172 2781 1303 2842 existere,
1325 2794 1376 2832 nec
1387 2785 1451 2830 onte
1462 2779 1603 2831 biennium
1617 2795 1678 2831 eum
1691 2778 1813 2830 inserere
1825 2784 1911 2840 tecte,
1929 2776 1976 2828 du·

1171 2850 1271 2901 mitum
1286 2849 1506 2915 tempestatibus.
1542 2848 1621 2909 Quae
1637 2864 1671 2901 ex
1681 2864 1714 2900 eo
1727 2848 1804 2901 laesa
1813 2847 1928 2908 fuerint,
1946 2845 1976 2897 in

1172 2919 1354 2971 subterranea
1365 2924 1508 2969 structura
1525 2918 1772 2984 aptanturutiiius.
1810 2917 1888 2979 Quae
1898 2916 1974 2969 resti·

1171 2991 1269 3053 terint,
1290 2995 1378 3040 tutum
1390 2994 1433 3040 est
1445 2988 1486 3038 sel
1498 2987 1578 3038 coelo
1590 2988 1776 3043 contorittere.

1205 3058 1251 3109 tr.
1271 3058 1398 3110 Graecia
1416 3055 1510 3122 lapide
1537 3055 1607 3107 duro
1628 3064 1677 3107 aut
1688 3058 1768 3109 silice
1780 3060 1974 3124 aequatocon·

1171 3135 1284 3180 struunt
1295 3127 1380 3179 veluti
1392 3126 1530 3178 latericios
1546 3126 1679 3193 parietes.
1716 3129 1783 3179 Cum
1795 3128 1837 3180 ita
1847 3126 1975 3186 fecerint,

1171 3198 1318 3250 isodomon
1338 3202 1439 3249 vocant
1458 3212 1545 3264 genus
1557 3203 1727 3251 structurae.
1763 3201 1799 3251 At
1819 3211 1882 3249 cum
1904 3198 1977 3247 inae·

1172 3268 1249 3336 quali
1274 3267 1458 3319 crassitudine
1485 3272 1594 3319 structa
1617 3274 1700 3329 sunt,
1731 3266 1975 3333 pseudisodomum

1172 3339 1300 3391 Tertium
1313 3344 1356 3391 est
1367 3336 1535 3403 enrplecton,
1546 3336 1739 3389 tantummodo
1752 3336 1892 3390 frontibus
1903 3335 1974 3405 poli·

1171 3410 1221 3463 tis:
1240 3409 1349 3473 reliqua
1367 3405 1486 3459 fortuito
1504 3406 1649 3459 collocant.
1686 3408 1817 3459 Alternas
1829 3420 1974 3473 coagmen·

1172 3481 1294 3531 tationes
1305 3476 1376 3539 lieri,
1408 3483 1440 3528 ut
1450 3477 1645 3529 commissuras
1657 3477 1878 3531 antecedentium
1891 3472 1976 3528 aredii

1171 3548 1281 3616 lapides
1294 3547 1447 3609 obtineant,
1468 3549 1655 3600 necessarium
1667 3555 1710 3600 est
1721 3549 1751 3599 iu
1762 3547 1854 3599 aredio
1867 3559 1975 3613 quoque

1192 3619 1290 3682 ariete,
1310 3617 1389 3669 sires
1401 3616 1518 3685 patitur:
1540 3620 1564 3669 si
1577 3617 1676 3680 minus,
1697 3619 1792 3685 utique
1803 3615 1975 3668 alaterihus.

1204 3688 1284 3741 edios
1295 3689 1416 3754 parietes
1428 3686 1531 3741 farcire
1541 3687 1635 3740 fractis
1647 3687 1808 3749 caementis,
1819 3684 1974 3736 diamicton

1172 3765 1280 3810 vocant
1301 3757 1460 3809 Reticulata
1480 3764 1640 3820 structura,
1677 3753 1975 3875 qua—frequentissime

1172 3829 1279 3880 Romae
1295 3833 1418 3889 struunt,
1440 3827 1519 3878 rimis
1539 3834 1693 3893 opportuna
1708 3831 1760 3877 est.
1817 3829 1973 3873 tracturam

1172 3897 1209 3950 ad
1225 3911 1349 3947 normam
1371 3902 1399 3948 et
1410 3895 1536 3949 libellam
1547 3896 1623 3959 deri,
1646 3902 1674 3947 et
1693 3893 1729 3946 ad
1745 3890 1974 3962 perpendiculum

1171 3968 1342 4035 respondere
1353 3972 1474 4032 oportet.

1206 4039 1265 4092 Lll.
1285 4037 1323 4091 [lt
1334 4036 1469 4089 cisternas
1480 4051 1582 4089 arenae
1593 4050 1679 4101 purae
1690 4040 1719 4085 et
1728 4047 1843 4102 asperae
1855 4034 1975 4100 quinque

1170 4110 1307 4176 partibus,
1328 4107 1411 4160 calcis
1423 4121 1504 4172 quam
1516 4106 1777 4158 vehementissimae
1788 4103 1894 4155 duabus
1909 4118 1973 4154 coa·

1171 4178 1241 4230 strui
1253 4177 1396 4239 contenit,
1416 4175 1583 4244 fragmentis
1598 4176 1687 4226 silicis
1703 4189 1758 4226 non
1776 4173 1974 4227 excetlentibus

1170 4248 1267 4301 libras.
1297 4250 1341 4298 lta
1351 4245 1468 4299 ferratis
1480 4246 1605 4298 vectibus
1617 4244 1721 4299 calcari
1731 4244 1832 4305 solum,
1844 4243 1973 4311 parietes·

1171 4333 1223 4385 que
1234 4316 1377 4369 similiter.
1414 4314 1517 4367 Utilius
1529 4316 1657 4382 geminas
1668 4331 1739 4379 esse,
1751 4324 1781 4369 ut
1792 4316 1822 4367 ἰιι
1834 4312 1926 4381 priore
1937 4311 1973 4361 ri·

1170 4389 1212 4440 tia
1222 4386 1369 4441 considant
1384 4399 1488 4452 aquae,
1509 4392 1592 4452 atque
1610 4400 1659 4453 per
1675 4385 1766 4439 colum
1782 4387 1810 4436 in
1822 4384 1974 4452 proximam

1169 4462 1297 4509 uanseat
1306 4456 1427 4508 maxime
1437 4469 1506 4522 pura
1517 4471 1598 4522 aqua.

1204 4526 1276 4579 Llll.
1295 4526 1406 4578 calcem
1428 4540 1444 4578 e
1465 4525 1543 4578 »vario
1565 4523 1658 4591 lapide
1671 4524 1905 4577 Catocensorius
1923 4522 1974 4573 im·

1170 4597 1281 4663 probat.
1320 4596 1435 4649 Sxalbo
1448 4595 1558 4647 melior.
1595 4596 1673 4657 Quae
1686 4609 1719 4646 ex
1736 4593 1975 4656 duro,atructurae

1170 4666 1282 4718 utilierr
1302 4682 1373 4734 quae
1389 4681 1423 4719 ex
1439 4666 1582 4728 fistuloso,
1600 4665 1733 4715 tectoriis.
1773 4663 1814 4715 Ad
1828 4672 1975 4730 utrumque

1170 4736 1319 4788 damnatur
1330 4737 1464 4788 exsilire.
1501 4735 1602 4786 Utilior
1620 4734 1718 4786 eadem
1737 4747 1772 4783 ex
1788 4732 1892 4784 effosso
1904 4730 1975 4798 lapi·

1170 4806 1212 4868 de,
1225 4821 1307 4873 quam
1320 4820 1353 4856 ex
1365 4805 1433 4871 ripis
1449 4801 1590 4853 fluminum
1609 4802 1738 4853 collecto.
1774 4798 1905 4851 Utiliore
1919 4816 1975 4852 mo·

1169 4876 1232 4937 lari,
1243 4876 1307 4941 quia
1318 4880 1359 4925 est
1371 4872 1507 4939 quaedam
1518 4872 1648 4939 pinguior
1659 4875 1759 4920 natura
1769 4869 1840 4920 eius.
1858 4870 1974 4932 hlirum,

1169 4944 1287 5012 aliquid,
1298 4948 1445 5009 postquam
1457 4944 1570 5005 arserit,
1592 4938 1706 4994 accendi
1719 4936 1807 5003 aquis.
1845 4958 1847 4963 >

1205 5012 1277 5068 ier.
1296 5013 1403 5064 Areuae
1426 5011 1481 5065 tria
1500 5026 1612 5079 genera
1651 5007 1783 5069 Fossitia,
1805 5007 1852 5060 cui
1872 5014 1975 5076 quarta

1168 5100 1233 5151 pars
1245 5083 1331 5135 calcis
1347 5080 1412 5134 addi
1433 5080 1529 5132 debet:
1548 5079 1683 5133 fluviatili
1704 5084 1754 5129 aut
1774 5077 1897 5129 marinae
1917 5085 1975 5129 ter·

1169 5155 1217 5206 tia.
1254 5154 1285 5206 Si
1297 5161 1326 5205 ct
1337 5157 1428 5204 testae
1440 5158 1521 5202 tusae
1536 5149 1621 5202 tertia
1640 5163 1705 5215 pars
1723 5146 1852 5209 addatur,
1873 5146 1974 5199 melior

1168 5225 1288 5276 materia
1297 5222 1361 5275 erit.
1395 5221 1436 5272 Ab
1446 5219 1592 5286 Apennino
1603 5219 1638 5271 ed
1650 5217 1755 5271 Padum
1768 5233 1823 5270 nou
1834 5217 1973 5270 invenitur

1169 5292 1290 5353 fossitia,
1306 5307 1358 5345 nec
1369 5295 1446 5343 trans
1458 5289 1556 5342 maria.

1203 5361 1262 5415 LV.
1281 5362 1433 5414 Ruinamm
1443 5360 1520 5411 orbis
1530 5375 1565 5413 ea
1575 5358 1697 5411 maxime
1710 5372 1803 5421 causa,
1813 5356 1886 5423 quod
1896 5354 1972 5407 farto

1168 5432 1255 5485 calcis
1277 5434 1337 5484 sine
1356 5430 1510 5483 ferrumine
1528 5446 1580 5482 suo
1598 5436 1744 5483 caementa
1763 5432 1971 5493 componuntur.

1167 5502 1269 5553 latrits
1279 5516 1387 5569 quoque
1397 5515 1451 5565 quo
1462 5501 1613 5563 vetustior,
1623 5517 1657 5553 eo
1668 5498 1777 5551 onelios.
1806 5498 1835 5547 la
1846 5497 1973 5561 autiqua-

1167 5587 1229 5626 rutu
1240 5572 1351 5628 aedium
1368 5569 1475 5639 legibus
1492 5571 1646 5637 invenitur,
1667 5584 1702 5623 ne
1716 5568 1874 5624 recentiore
1886 5564 1970 5619 trima
