4374 6014
278 303 311 362 c.
336 299 481 362 Pthfi
504 297 712 359 SECUNDI
747 298 913 361 NATUR.
950 300 1136 363 1118Το10.
1174 299 1261 362 1111.
1287 297 1429 365 ΧΧΙΧ.
1467 302 1561 367 CAP.
1585 307 1700 369 lota.
1765 310 1826 373 ³43

146 448 161 463 '
179 454 224 517 (10,
243 451 393 520 praecipue
404 450 433 502 10
442 464 559 502 asceam
570 449 702 514 siderum,
713 453 746 504 ut
755 448 895 509 dirimas:
917 466 979 505 curn

179 523 285 576 ltrmine
297 521 394 574 Lunae
404 520 537 571 fibrarum
557 518 673 571 nunrero
685 527 825 574 crescente
840 526 922 587 atque
934 522 981 575 de-

181 597 334 647 crescente.
368 588 496 641 Tradunt
507 586 595 657 Magi,
605 589 731 642 iocinere
739 591 825 642 muris
837 588 903 641 dato
915 606 979 658 por·

180 660 332 723 01010100,
343 657 422 726 sequi
433 657 544 709 dentem
556 658 585 709 id
596 657 709 710 animal.
745 658 776 710 10
785 657 898 713 homine
910 674 979 727 quo·

182 747 236 801 que
246 728 375 782 similiter
386 727 490 790 valere,
500 726 550 778 sed
558 726 666 781 resolui
677 727 780 795 cyatho
791 728 848 781 0101
858 734 935 796 poto.

214 799 289 854 xvi.
307 799 334 850 2.
351 795 536 848 Mustelarum
558 794 613 848 duo
630 810 746 864 genere:
767 797 886 850 altemm
898 798 980 849 silve·

180 877 247 934 stra,
268 869 375 922 distem
394 864 595 934 magnitudine.
632 867 733 918 Graeci
754 874 853 919 rocant
870 867 977 919 ictidas.

180 941 290 993 Harum
305 936 344 990 fel
356 942 454 988 contra
465 933 577 1002 aspides
590 933 694 987 dicitnr
704 937 810 999 0111000,
821 943 914 989 cetero
926 952 973 989 rc·

180 1024 291 1063 nenum.
325 1007 404 1058 Haec
419 1010 512 1055 autem
523 1017 593 1071 quaa
603 1003 631 1055 in
641 1003 769 1056 domibus
781 1007 886 1058 nostris
897 1007 984 1069 oben,

180 1085 241 1142 rat,
261 1084 291 1131 et
310 1074 420 1128 catulos
437 1088 503 1124 suos
514 1076 557 1137 (ut
568 1079 669 1126 auctor
679 1081 721 1135 000
731 1074 843 1143 Cicero)
854 1075 979 1140 quotidie

180 1147 325 1208 transfert,
344 1148 488 1212 mutatque
508 1142 610 1205 sedam,
631 1149 774 1210 serpentes
793 1159 873 1211 perse
895 1145 979 1196 uitur.

180 1218 225 1270 Ex
236 1232 271 1269 ea
290 1217 444 1268 inveterata
464 1214 523 1268 sale
535 1212 640 1266 denarii
650 1212 758 1281 pandus
769 1215 797 1264 ln
813 1161 980 1280 0000110001·

180 1287 234 1340 bus
245 1286 329 1338 datur
338 1283 493 1353 percussis:
514 1289 566 1335 aut
583 1283 754 1335 ventriculus
766 1283 913 1335 coriandro
926 1283 979 1334 far·

181 1362 227 1409 000
237 1355 464 1421 inveteraturque
475 1358 503 1405 et
514 1352 543 1404 in
553 1352 619 1406 rino
629 1360 721 1423 potus.
755 1354 793 1405 lit
803 1354 910 1405 catulus
922 1367 979 1405 mu·

180 1425 272 1479 stelae
282 1428 366 1478 etiam
378 1422 527 1481 efficacius.

216 1494 304 1550 XVll.
322 1494 348 1547 ³.
366 1491 508 1557 Quaedam
518 1490 649 1560 pudenda
659 1490 736 1545 dictu
746 1497 825 1545 tanta
835 1495 978 1543 auctorum

181 1563 392 1618 maceratione
403 1561 645 1625 commendantur,
665 1569 697 1613 ut
707 1564 859 1630 praeterire
870 1559 913 1611 fas
925 1574 979 1611 nen

182 1634 230 1688 sit.
266 1632 406 1701 Siquidem
426 1631 477 1682 illa
489 1631 749 1694 eoncordiarerunr,
769 1638 980 1697 autrcpugnan·

180 1704 223 1756 tia
243 1704 396 1756 medicinae
417 1702 578 1769 gignuntur:
600 1701 683 1753 veluti
704 1703 831 1752 cimicum
853 1698 980 1750 animalis

180 1771 348 1833 foedissimi,
370 1778 399 1821 et
409 1771 484 1821 dictu
497 1784 606 1837 quoquc
616 1770 778 1823 fastidiendi
789 1775 897 1828 natura,
919 1783 980 1818 eon·

180 1846 228 1893 tra
237 1841 405 1907 serpentium
418 1852 535 1902 mersus,
553 1847 581 1891 et
592 1840 738 1906 praecipue
748 1837 874 1904 aspidum
886 1834 980 1887 calere

179 1908 292 1963 dicitur.
310 1910 378 1960 item
388 1914 486 1960 contra
495 1922 599 1961 venenu
609 1910 712 1960 omnia:
722 1910 895 1969 argumento,
906 1901 980 1968 quod

180 1978 275 2031 dieunt
294 1976 422 2046 gellium,
442 1989 497 2040 quo
514 1977 560 2024 die
572 1973 599 2025 id
611 1972 728 2034 ederint,
749 1986 803 2023 non
814 1970 932 2023 interfici
945 1972 980 2022 ab

179 2046 290 2115 aspide:
312 2057 465 2110 carnesque
487 2055 581 2095 earum
604 2042 743 2109 percussis
759 2041 907 2108 plurimum
918 2055 979 2107 pro·

180 2115 270 2169 desae.
305 2114 350 2167 110
372 2110 414 2164 his
426 2110 629 2179 quaetradunt,
640 2111 867 2164 humanissimum
880 2119 931 2173 est,
948 2108 980 2160 11·

179 2184 266 2239 linire
277 2181 415 2237 morsibus
427 2195 487 2251 eum
500 2182 636 2249 sanguine
647 2181 811 2234 testudinis:
828 2179 895 2232 item
907 2180 980 2231 00111·

115 2256 118 2263 ’
180 2262 322 2309 tusorum
332 2253 375 2304 abi
397 2266 444 2303 cre
456 2252 639 2319 sanguisugas
649 2249 842 2312 adhaerentes,
852 2245 980 2300 haustas·

181 2267 460 2394 0000100101011000
472 2321 647 2388 restinguere
658 2322 685 2371 in
696 2326 764 2386 potu
776 2319 866 2370 datos.
889 2319 981 2382 Quan-

181 2408 265 2465 quam
276 2392 411 2446 eteculos
431 2389 545 2459 quidam
560 2391 596 2442 iis
612 2390 747 2457 inungunt
763 2388 839 2439 tritis
849 2402 911 2439 cum
921 2386 981 2439 sale

181 2471 211 2521 et
224 2464 298 2517 lecte
308 2463 475 2516 mulierum:
494 2474 637 2528 auresque,
652 2475 712 2509 eunt
730 2458 849 2509 melleet
865 2470 980 2507 rosaceo

112 2557 114 2561 ¹
180 2532 326 2586 admixtis.
354 2534 410 2583 lios
422 2530 469 2598 qui
479 2536 603 2596 agrestes
613 2528 678 2590 sint,
689 2535 718 2579 et
728 2527 756 2577 in
767 2527 857 2578 malva
869 2538 981 2576 000000·

180 2611 239 2664 tur,
259 2606 406 2661 crematos,
426 2599 516 2651 cinere
536 2598 674 2664 permixto
696 2609 811 2648 rosaceo
831 2593 980 2645 infundunt

181 2670 307 2723 auribus.
343 2666 443 2720 Cetera
462 2681 532 2734 qnae
551 2665 585 2718 de
602 2664 777 2729 histradunt,
797 2664 928 2726 tamicae,
952 2667 980 2715 et

181 2744 381 2808 quartanarum
393 2734 522 2798 remedie,
531 2734 706 2802 aliorumque
718 2735 887 2797 morborum,
898 2746 980 2799 quan·

180 2824 267 2877 quum
279 2822 341 2871 nro,
362 2814 411 2858 aut
423 2821 495 2869 cera,
514 2811 563 2856 aot
572 2806 637 2857 faba
654 2805 775 2856 inclusos
788 2810 919 2856 censeant
933 2801 979 2854 ‹le-

179 2877 331 2943 vnrnndos‚
352 2874 434 2937 falsa,
454 2890 503 2927 nce
518 2873 665 2927 referende
679 2873 809 2926 arbitror.
845 2870 981 2938 Lethargi

179 2955 279 3001 tamen
290 2946 444 2998 medicinae
455 2960 516 2996 cunr
529 2950 692 3011 argumento
702 2941 843 3006 adhibent,
849 2941 980 3010 quoniam

179 3020 311 3068 vincatur
326 3014 452 3081 aspidum
466 3014 611 3065 sonrniiica
625 3015 676 3076 vis,
696 3019 825 3079 septenes
840 3014 867 3063 in
879 3009 980 3080 cyatho

180 3101 273 3154 aquae
293 3084 401 3148 dantes,
424 3082 579 3150 puerilibus
597 3084 677 3134 annis
699 3091 858 3150 quaternus.
894 3082 931 3132 Et
953 3082 980 3130 10

178 3157 342 3223 stranguria
353 3153 464 3208 fistulae
475 3154 641 3219 imposuere.
670 3152 745 3206 ildeo
758 3151 826 3204 nihil
838 3165 938 3218 parens
948 3149 981 3199 il·

176 3225 209 3277 lo
219 3240 312 3277 rerum
324 3224 444 3275 omnium
456 3223 517 3275 sine
527 3224 555 3274 10
578 3224 688 3275 entibus
696 3222 785 3274 causis
792 3221 896 3289 genuit.
908 3220 980 3284 Quin

178 3302 209 3347 et
222 3293 394 3362 adalligatos
404 3291 484 3344 locro
496 3236 609 3343 10000110
622 3293 703 3344 binos
714 3291 779 3342 lana
789 3290 920 3357 subrepta
935 3303 981 3355 pa·

178 3364 315 3422 sturibus,
334 3364 463 3414 resistere
485 3365 627 3414 nocturnis
639 3361 763 3415 febribus
785 3360 980 3427 prodiderunt,

177 3431 290 3486 diurnis
301 3433 329 3482 in
340 3444 421 3481 roseo
435 3444 533 3496 panno.
553 3430 658 3493 linrsus
669 3429 704 3482 iis
714 3429 880 3482 adversatur
889 3427 980 3480 scole·

175 3501 296 3570 pendra,
307 3501 456 3566 suffituque
467 3505 573 3552 enecat.

213 3568 316 3623 xvlrl.
327 3569 352 3620 4.
371 3567 488 3634 Aspidas
501 3583 646 3634 percussas
657 3574 771 3635 torpore
787 3575 815 3620 et
825 3580 923 3619 somno
933 3581 981 3617 ne-

178 3643 256 3700 cant,
268 3638 389 3689 omnium
401 3637 571 3704 serpentium
583 3639 697 3689 minime
707 3637 856 3687 sanabiles.
885 3634 940 3686 Sed
953 3641 981 3685 et

176 3722 318 3762 venenum
338 3720 434 3758 earum
450 3705 473 3756 01
488 3705 647 3774 sangninem
665 3706 799 3772 attingit,
819 3711 868 3755 aut
885 3718 980 3755 recens

175 3778 293 3838 vulnus,
313 3777 411 3827 statim
432 3776 580 3828 interimit:
599 3779 782 3828 inveteratum
798 3773 904 3834 bulcus,
925 3781 981 3824 tar·

177 3847 252 3899 dius.
271 3845 315 3898 De
326 3853 420 3898 cetero
432 3854 526 3911 potum
538 3845 711 3913 quantalibet
723 3845 810 3911 capia,
823 3857 877 3893 non
889 3848 980 3893 00000.

176 3917 243 3970 Non
260 3924 303 3968 est
322 3916 395 3969 enim
411 3917 523 3967 tabifica
542 3916 602 3966 ris:
625 3917 719 3983 itaque
730 3917 821 3965 occisa
832 3927 924 3963 morsu
937 3927 981 3963 ea·

176 4002 241 4040 rum
253 3986 393 4046 animalia,
405 3986 473 4036 cibis
484 3984 599 4035 innoxia
608 3995 680 4034 sunt.
716 3986 868 4036 cunctarer
880 3982 907 4032 in
919 3996 981 4046 pro·

176 4055 299 4109 ferendo
322 4071 355 4105 00
378 4052 420 4103 his
436 4053 570 4112 remedio,
593 4054 645 4101 nist
659 4053 697 4102 Μ.
708 4051 862 4104 Varronem
878 4051 978 4101 scirem

178 4122 352 4177 Lxxxt'rtt
366 4123 439 4171 ritae
450 4136 522 4170 anno
538 4119 704 4185 prodidisse,
724 4118 851 4184 aspidum
863 4118 981 4169 ictusef·

177 4195 346 4247 ficacissinre
356 4190 456 4251 sanari,
468 4187 568 4240 hausta
579 4204 596 4240 a
608 4188 744 4253 percussis
756 4190 880 4253 ipsorum
893 4187 982 4236 urina.

214 4261 293 4314 xlx.
311 4257 337 4309 5.
357 4257 495 4316 basilisci,
515 4272 594 4323 quent
615 4256 697 4306 etiam
710 4261 853 4320 serpentes
867 4253 921 4319 ipsi
941 4252 982 4303 fu·

175 4334 272 4401 glunt,
292 4327 362 4379 alias
381 4325 485 4375 0110000
507 4332 661 4384 necantem,
682 4324 728 4391 qul
745 4320 885 4374 honrinem
897 4321 940 4373 rel
956 4322 981 4372 si

176 4400 303 4467 aspiciat
316 4402 433 4455 tantum,
446 4394 550 4446 dicitur
562 4394 732 4455 interimere,
748 4392 911 4459 sanguinem
922 4390 981 4441 Ma·

153 4492 159 4501 ·
175 4472 208 4539 gi
230 4466 310 4518 miris
324 4463 451 4515 laudibus
462 4462 613 4525 celebrant,
623 4467 767 4514 coeuntem
777 4460 846 4527 picis
858 4458 940 4511 modo
952 4463 981 4512 et

176 4536 287 4597 colore,
299 4533 417 4585 dilutum
430 4532 568 4584 cinnabari
580 4532 724 4583 clariorem
738 4531 806 4582 fieri.
843 4528 982 4582 'i'ribuunt

177 4609 249 4660 ciet
269 4618 413 4655 0010000000
428 4602 593 4668 petitionum
614 4618 631 4653 a
649 4599 841 4668 potestatibus,
857 4606 886 4650 et
901 4597 982 4651 001110

173 4675 266 4729 etiam
278 4688 400 4742 precum,
416 4672 630 4737 morborumque
641 4669 774 4731 remedia,
784 4668 980 4722 veneficiorum

178 4746 315 4800 amuleta.
345 4741 463 4803 Quidam
476 4741 504 4790 id
517 4739 630 4792 Saturni
640 4741 800 4807 sanguinem
813 4737 963 4806 appellant.

214 4814 279 4866 XX.
296 4813 323 4864 o.
341 4813 504 4863 Dracanon
522 4808 606 4861 habet
619 4824 731 4861 venena.
768 4810 857 4875 Caput
874 4809 933 4860 eius
949 4807 981 4858 li·

177 4884 250 4937 mini
269 4882 416 4933 ianuarum
444 4879 600 4940 subditum,
630 4878 791 4945 propitiatis
814 4877 981 4930 adoratione

178 4955 244 5014 diis,
259 4949 430 5003 fortunatam
442 4948 552 5001 domum
564 4948 655 5000 arcere
667 4948 852 5015 promittitur.
888 4947 981 4999 Oculis

179 5025 242 5074 eius
259 5020 434 5082 irrrateratir,
455 5023 559 5071 etcum
577 5018 659 5070 melle
679 5017 768 5077 tritis,
787 5016 914 5068 inunctos
927 5031 981 5069 000

178 5104 333 5160 pavescere
353 5089 389 5142 ad
408 5095 560 5141 nocturnas
580 5087 728 5154 imagines,
750 5089 835 5139 etiam
856 5086 980 5153 parides.

178 5159 283 5214 (lerdis
306 5161 406 5226 pingue
418 5160 444 5208 in
461 5157 533 5224 pelle
544 5155 692 5208 dorcadum
704 5159 796 5209 nereis
807 5155 922 5207 00001010
935 5154 982 5207 ad·

178 5231 330 5298 alligatum
348 5231 375 5278 in
385 5226 503 5293 lacerto,
520 5226 645 5278 conferre
659 5227 823 5280 iudiciorum
840 5226 981 5276 victoriae.

178 5300 303 5351 Primum
315 5295 480 5362 spondylum
492 5294 583 5347 aditus
591 5302 760 5361 potestatum
771 5294 898 5345 nruicere.
909 5293 982 5345 Den-

177 5376 222 5422 tes
235 5369 296 5421 eius
307 5365 432 5433 illigatos
443 5364 562 5430 pellibus
575 5379 734 5431 caprearum
747 5362 865 5431 cervinis
882 5364 981 5424 nervis,

178 5438 266 5491 mites
278 5442 422 5501 praestare
442 5432 576 5494 dominos,
594 5440 800 5500 potestatesque
816 5430 980 5483 exorabiles.

177 5506 237 5559 Sed
259 5518 344 5570 super
356 5501 431 5553 om·'
641 5504 645 5508 ’
715 5516 770 5571 qua
786 5500 903 5551 invictus
915 5499 981 5550 faci-

177 5586 228 5627 unt
242 5576 380 5642 ‚llagoruu
757 5569 865 5623 ι01000
882 5568 981 5637 eapite,

1030 453 1097 522 pilis
1108 452 1198 507 leonis
1208 451 1335 516 efronte,
1349 452 1510 508 etmedulla
1519 455 1653 520 eiusdem,
1664 456 1728 527 equi
1738 458 1826 513 sicto·

1027 525 1068 575 ris
1081 537 1187 590 spuma,
1209 525 1284 574 canis
1294 522 1432 593 unguibus
1444 523 1604 593 adalligatis
1616 528 1726 581 cerrino
1737 529 1826 593 corio,

1028 594 1175 661 nervisque
1195 593 1270 644 cerri
1291 592 1438 646 alternatis
1454 600 1483 646 et
1498 592 1641 646 dorcadisc
1662 610 1732 662 quae
1749 612 1827 650 coar-

1029 663 1124 730 guisse
1136 676 1190 712 nen
1200 660 1290 712 minus
1302 662 1396 724 refert,
1407 676 1489 730 quarn
1500 667 1640 714 000000οὶ0
1650 667 1826 733 serpentibus

1029 729 1151 784 remedia
1161 729 1378 793 demonstrasse,
1399 732 1526 797 quoniam
1543 730 1612 784 haee
1628 747 1735 787 morum
1747 752 1826 790 rene·

1029 799 1093 851 licia
1112 804 1187 850 sunt.
1223 798 1382 850 Draconem
1408 798 1517 867 adipem
1542 809 1679 854 venenata
1699 802 1825 873 fugiunt:

1027 868 1105 931 ltem,
1116 867 1141 918 si
1152 872 1258 929 uratur,
1266 869 1492 921 ichneumonum:
1504 869 1614 936 fugiunt
1623 876 1654 922 00
1663 873 1761 926 0001010
1773 876 1824 928 tri·

1029 941 1066 989 tis
1077 940 1104 988 in
1118 942 1197 989 aceto
1210 944 1369 1003 perunctos.

1064 1006 1138 1059 xxi.
1158 1008 1183 1057 7.
1201 1007 1324 1073 viperae
1344 1010 1427 1074 eaput
1445 1004 1622 1073 impositam,
1643 1006 1688 1062 rel
1709 1007 1826 1063 alterius

1030 1090 1111 1144 quam
1133 1089 1204 1141 quae
1224 1076 1399 1142 percusserit,
1419 1074 1478 1126 sine
1498 1076 1687 1143 fineprodest.
1722 1079 1790 1131 item
1801 1081 1827 1132 si

1031 1146 1091 1213 quis
1113 1159 1173 1196 cani
1193 1144 1284 1211 ipsam
1307 1145 1334 1196 in
1356 1159 1457 1213 vapore
1467 1145 1567 1198 baculo
1577 1147 1728 1199 sustineat:
1748 1149 1828 1202 aiunt

1031 1216 1103 1266 enim
1114 1227 1294 1281 praecanere:
1312 1218 1382 1268 item
1397 1213 1496 1282 siquis
1508 1222 1622 1268 exustae
1634 1216 1695 1268 eius
1706 1218 1827 1271 cinerem

1030 1283 1132 1335 illinet.
1168 1283 1282 1336 liererti
1303 1290 1395 1336 autem
1407 1283 1442 1335 ad
1454 1297 1614 1350 percussum
1624 1292 1768 1352 serpentes
1777 1304 1825 1342 ne·

1031 1353 1162 1405 cessitate
1185 1362 1312 1417 naturae,
1332 1353 1459 1422 Nigidius
1471 1358 1570 1405 auctor
1582 1357 1633 1407 est.
1669 1356 1758 1423 Caput
1770 1357 1828 1424 qul·

1032 1421 1093 1474 dem
1116 1420 1257 1475 dissecant
1267 1421 1388 1491 Scythae
1409 1423 1481 1474 inter
1502 1436 1583 1483 aures
1602 1423 1828 1479 aderimendum

1032 1491 1168 1557 lapillum,
1188 1507 1268 1557 quem
1288 1494 1367 1543 aiunt
1389 1490 1423 1542 ab
1439 1507 1473 1544 ea
1486 1491 1615 1545 devorari
1626 1493 1734 1545 territa.
1770 1496 1827 1547 Alii

1031 1563 1093 1628 ipso
1114 1567 1176 1612 toto
1197 1562 1287 1628 capite
1308 1567 1432 1613 utuntur.
1467 1560 1552 1613 Fiunt
1563 1563 1704 1629 arripere
1715 1564 1828 1629 pastilli,

1032 1630 1080 1697 qui
1092 1629 1207 1683 theriaci
1218 1638 1354 1682 vocamur
1368 1647 1385 1681 a
1396 1630 1520 1693 Graecis,
1535 1631 1624 1683 ternis
1634 1633 1732 1700 digitis
1742 1637 1829 1686 utrin-

1033 1714 1084 1764 que
1096 1701 1255 1765 amputatis,
1274 1703 1446 1766 exemtisque
1457 1700 1618 1762 interaneis,
1630 1708 1660 1754 et
1671 1703 1759 1754 lirare
1771 1702 1826 1769 spi-

1033 1782 1083 1819 nne
1093 1767 1272 1831 adhaerente,
1293 1770 1400 1836 relique
1420 1782 1536 1836 corpore
1547 1771 1576 1820 in
1597 1770 1692 1836 patina
1710 1785 1744 1823 er
1755 1784 1828 1838 aqua

1033 1844 1061 1887 et
1072 1834 1173 1889 anetho
1186 1837 1469 1905 discocto,spinisque
1477 1843 1604 1901 00001010,
1611 1846 1639 1893 00
1649 1839 1745 1892 addita
1753 1840 1829 1892 sitni-

1032 1904 1135 1972 lagine‚
1157 1914 1240 1972 atque
1253 1907 1295 1958 ita
1307 1907 1334 1958 in
1346 1908 1444 1960 nnrbra
1458 1909 1567 1961 siccatis
1578 1908 1708 1975 pastillis,
1728 1909 1829 1976 quibus

1031 1974 1066 2024 ed
1080 1976 1169 2025 multa
1188 1973 1391 2029 medicamenta
1411 1983 1535 2029 utuntur.
1558 1977 1775 2045 significandum
1787 1980 1827 2029 ri·

1032 2042 1123 2106 detur,
1135 2058 1151 2095 e
1162 2044 1256 2110 ripere
1267 2050 1375 2097 tantum
1389 2043 1441 2096 hoc
1451 2047 1520 2099 lieri.
1552 2045 1673 2109 Quidam
1685 2053 1830 2115 purgatae,

1032 2121 1161 2179 utsupra
1179 2113 1283 2165 dietum
1306 2120 1360 2176 est,
1379 2113 1490 2180 adipem
1502 2129 1562 2168 cunr
1576 2115 1633 2168 olei
1643 2118 1769 2170 00000010
1780 2114 1828 2169 da·

1031 2188 1154 2250 coquunt
1164 2182 1199 2233 ad
1212 2182 1351 2237 dimidias.
1388 2184 1430 2237 lix
1450 2198 1493 2247 eo,
1515 2199 1576 2237 curn
1593 2199 1661 2251 opus
1672 2183 1720 2247 sit,
1739 2186 1828 2239 ternis

1031 2252 1115 2303 stillis
1127 2250 1231 2303 additis
1243 2254 1273 2304 in
1284 2253 1377 2305 oleum
1396 2262 1597 2325 perunguatur,
1618 2259 1650 2307 ut
1670 2272 1766 2311 omnes
1781 2256 1828 2311 be·

1031 2321 1103 2374 stiae
1114 2321 1222 2388 fugiant
1233 2337 1292 2374 eos.

1067 2390 1154 2441 111111.
1172 2392 1197 2442 8.
1216 2388 1367 2444 Praeterea
1386 2396 1508 2454 constat,
1522 2399 1620 2446 contra
1637 2395 1829 2449 emniumser·

1032 2460 1156 2526 pentium
1168 2459 1247 2521 10000,
1259 2462 1383 2525 quamvis
1394 2458 1573 2524 insanabiles,
1583 2463 1706 2529 ipsarum
1716 2478 1828 2530 serpeu-

1033 2529 1102 2579 tium
1115 2534 1180 2578 0000
1200 2529 1332 2594 imposita
1346 2528 1489 2579 auxiliari:
1510 2543 1612 2597 eosque
1623 2531 1669 2596 qui
1680 2530 1829 2597 aliquando

1032 2598 1145 2663 viperae
1154 2597 1232 2648 iecur
1242 2602 1350 2648 coetum
1364 2594 1514 2657 hauserint,
1531 2612 1668 2665 nunquam
1680 2605 1779 2664 postea
1788 2600 1827 2651 fe·

1032 2665 1082 2717 riri
1101 2681 1119 2717 a
1139 2673 1275 2732 serpente.
1311 2664 1408 2732 Neque
1420 2667 1520 2733 anguis
1540 2672 1692 2719 venenatus
1704 2675 1755 2730 est,
1775 2667 1830 2720 nisi

1033 2749 1084 2802 per
1105 2750 1225 2788 mensem
1247 2734 1326 2786 buna
1346 2734 1504 2801 instigatus.
1540 2734 1594 2789 Sed
1615 2735 1730 2802 prodest
1750 2737 1829 2789 sirus

1033 2804 1257 2872 comprehensus,
1277 2811 1306 2855 et
1327 2802 1356 2854 in
1371 2819 1442 2871 aqua
1453 2810 1593 2868 contusus,
1613 2805 1639 2857 ai
1650 2804 1776 2858 10000000
1787 2808 1830 2859 ita

1033 2889 1151 2925 nrorsus.
1188 2873 1259 2937 Quin
1280 2879 1310 2926 et
1325 2872 1417 2925 inesse
1434 2874 1457 2924 ei
1480 2871 1600 2927 remedia
1612 2874 1828 2928 multacredua·

1032 2950 1089 3007 tur,
1102 2949 1132 2995 ut
1142 2943 1309 3012 digeremus,
1326 2941 1604 3008 etideodesculapio
1616 2943 1735 2997 dicatur.
1771 2945 1828 3007 110·
1918 2998 1928 3021 ,

1031 3012 1167 3081 mneritas
1187 3012 1297 3085 quidem
1319 3017 1444 3065 oronstra
1453 3012 1590 3079 quaedam
1607 3026 1641 3065 00
1653 3011 1695 3064 lris
1707 3010 1829 3074 conficit,

1032 3082 1066 3136 ut
1076 3078 1182 3152 possint
1193 3080 1286 3134 arium
1296 3097 1439 3134 sermones
1450 3081 1578 3148 intelligi.
1615 3083 1720 3150 Anguis
1730 3084 1830 3134 descu-

1033 3155 1124 3220 lapias
1144 3152 1288 3220 Epidauro
1310 3152 1425 3202 Romam
1447 3148 1580 3201 advectus
1602 3158 1659 3201 est:
1690 3151 1830 3218 vulgoque

1032 3224 1158 3291 pascitur
1169 3228 1197 3275 et
1207 3222 1236 3272 in
1246 3219 1381 3272 dumibus.
1411 3219 1513 3271 100101
1525 3218 1658 3271 incendiis
1668 3220 1774 3273 semina
1785 3234 1831 3274 er·

1033 3298 1188 3352 urerentur,
1208 3304 1262 3340 non
1283 3296 1357 3342 esset
1378 3287 1562 3342 foecunditati
1580 3303 1676 3339 eorum
1688 3291 1828 3343 resistere.

1032 3362 1064 3412 ln
1075 3362 1142 3413 orbe
1154 3365 1292 3411 terrarum
1304 3354 1518 3425 pulcherrimum
1540 3359 1670 3424 anguium
1682 3372 1767 3424 genus
1779 3366 1830 3419 000,

1033 3429 1106 3498 quod
1119 3435 1147 3482 et
1157 3428 1185 3478 in
1196 3441 1270 3494 aqua
1280 3425 1357 3487 civit,
1367 3423 1451 3494 hydri
1461 3432 1606 3486 vocantur,
1626 3424 1709 3477 001110
1719 3443 1830 3494 serpen·

1033 3500 1100 3550 tium
1114 3496 1262 3550 inferiores
1274 3509 1388 3547 veneno.
1423 3494 1532 3548 Horum
1546 3495 1620 3548 iecur
1630 3503 1769 3547 servatum
1782 3495 1830 3547 ud·

1034 3583 1129 3619 versus
1149 3579 1296 3633 percussos
1315 3565 1350 3615 ab
1363 3562 1405 3617 his
1417 3564 1551 3617 auxilium
1566 3570 1618 3617 ert.
1654 3563 1769 3631 Scorpio
1781 3565 1830 3616 tri·

1032 3644 1078 3687 000
1089 3635 1250 3687 stellionum
1262 3638 1370 3686 ren'ene
1381 3632 1553 3687 adversatur.
1565 3631 1612 3685 Fit
1623 3633 1730 3686 enimet
1738 3649 1752 3685 e
1761 3633 1831 3687 stel-

1034 3706 1155 3757 lionibus
1167 3705 1268 3755 malum
1284 3703 1524 3755 medicamentum.
1561 3702 1631 3755 Nam
1644 3715 1705 3753 cum
1718 3703 1831 3755 immor·

1033 3781 1156 3827 0000000
1176 3773 1250 3836 rino,
1271 3773 1370 3824 faciem
1388 3787 1483 3823 corum
1500 3771 1546 3839 qui
1562 3770 1830 3839 biberintlcntigioe

1033 3844 1158 3896 obducit.
1195 3842 1237 3894 Ob
1249 3839 1340 3894 hocin
1351 3851 1492 3909 unguento
1502 3848 1604 3894 necant
1615 3856 1688 3901 eum,
1696 3840 1830 3892 insidiae·

1034 3920 1077 3966 tes
1089 3913 1219 3981 pellicum
1229 3910 1345 3963 foratae.
1382 3911 1544 3963 Remedium
1558 3916 1602 3961 est
1613 3912 1657 3961 ori
1670 3909 1785 3970 luteum,
1801 3916 1831 3960 et

1033 3983 1088 4035 mel
1107 3998 1141 4034 ae
1158 3982 1269 4033 nitrum.
1305 3979 1355 4032 Fel
1367 3981 1525 4033 stellionum
1537 3979 1634 4032 tritum
1643 3980 1673 4031 in
1685 3992 1759 4044 aqna
1768 3991 1828 4027 mo·

1032 4052 1119 4104 stelas
1130 4062 1301 4117 congregare
1312 4048 1423 4100 dieitur.

1068 4119 1168 4171 xxltl.
1186 4121 1212 4170 l).
1231 4120 1308 4169 inter
1317 4120 1412 4169 omnia
1421 4122 1559 4171 venenata
1568 4112 1761 4167 salamandrae
1772 4125 1846 4175 sce·¹

1033 4189 1077 4240 lus
1099 4186 1250 4237 marimum
1267 4193 1319 4238 est.
1354 4186 1454 4237 Cetera
1476 4185 1547 4237 enirn
1566 4181 1692 4249 singulos
1712 4179 1829 4241 feriunt,

1034 4270 1084 4306 nec
1105 4254 1199 4320 plures
1213 4254 1319 4320 pariter
1340 4253 1516 4304 interimunt:
1536 4257 1567 4302 ut
1588 4251 1735 4312 emittam,
1755 4248 1829 4315 quod

1017 4371 1021 4377 .
1036 4323 1129 4391 perire
1141 4323 1309 4373 conscientia
1320 4322 1449 4373 dicuntur
1460 4319 1571 4372 homine
1580 4331 1722 4388 percusso,
1740 4332 1828 4384 neque

1034 4392 1152 4460 amplius
1165 4389 1278 4441 admitti
1290 4390 1326 4441 ad
1337 4398 1441 4442 terras:
1458 4389 1636 4441 salamandra
1651 4386 1769 4454 populos
1780 4401 1827 4453 pa·

1036 4462 1104 4515 riter
1115 4474 1212 4512 necare
1224 4458 1396 4527 improvidos
1408 4466 1508 4526 potest.
1536 4458 1606 4511 Nam
1620 4459 1642 4509 si
1654 4457 1746 4508 arbori
1758 4456 1827 4508 irre·
1914 4486 1917 4493 ι

1034 4530 1518 4602 00100000100000101010000000,
1539 4536 1568 4578 et
1588 4541 1636 4579 eos
1656 4527 1704 4593 qui
1714 4525 1829 4587 ederint,

1034 4606 1116 4654 necat
1126 4598 1228 4668 frigida
1242 4601 1278 4663 ri,
1299 4596 1368 4650 nihil
1384 4599 1496 4651 acorrito
1507 4596 1622 4648 distans.
1658 4595 1829 4657 Quinimmo

1034 4673 1201 4723 slvcontacto
1221 4671 1255 4722 ab
1275 4686 1307 4722 ea
1319 4668 1397 4736 ligno
1416 4667 1461 4719 rel
1472 4665 1542 4733 pede
1554 4669 1648 4717 crusta
1659 4665 1739 4733 panis
1751 4664 1831 4714 inco·

1035 4746 1144 4807 quatur,
1154 4740 1226 4792 idem
1237 4738 1399 4791 veneficium
1411 4742 1466 4790 este
1484 4734 1563 4787 reici
1574 4735 1603 4785 10
1614 4742 1725 4801 puteum
1737 4732 1828 4786 eadat.

1035 4810 1145 4877 Quippe
1163 4824 1225 4860 cunr
1240 4808 1328 4861 salira
1348 4806 1410 4860 eius
1430 4819 1591 4874 quacunque
1603 4812 1682 4870 parte
1694 4802 1828 4871 eorporis,
1871 4863 1876 4875 ἱ

1036 4881 1079 4932 rel
1091 4880 1118 4930 in
1132 4877 1201 4946 pede
1211 4879 1268 4929 inre
1280 4892 1422 4944 respersa,
1443 4874 1533 4927 omnis
1544 4875 1571 4924 in
1584 4879 1646 4926 tutu
1658 4887 1773 4939 corpore
1783 4870 1830 4923 de·

1040 4948 1108 5002 fluat
1123 4948 1204 5015 pilus.
1241 4949 1348 5000 'l'anren
1370 4946 1435 4998 talis
1455 4960 1488 4997 ac
1498 4944 1568 4995 tenti
1578 4942 1677 4995 veneni
1689 4958 1705 4993 a
1717 4941 1827 5008 quibus·

1037 5018 1099 5069 dam
1112 5016 1283 5080 animalium,
1294 5024 1325 5067 ut
1337 5015 1432 5077 subus,
1453 5010 1602 5075 manditur,
1614 5011 1773 5063 dontinunte
1785 5022 1829 5058 ea-

1036 5087 1099 5139 dem
1116 5088 1167 5138 illa
1181 5101 1272 5138 rerum
1295 5085 1463 5136 dissidentia.
1500 5081 1644 5135 Venenum
1660 5080 1719 5132 eins
1732 5076 1828 5129 restin-

1036 5159 1083 5224 gui
1100 5159 1217 5223 primum
1233 5158 1352 5206 omnium
1366 5154 1401 5203 ab
1413 5152 1456 5204 his
1468 5168 1537 5219 quae
1550 5157 1699 5205 vescantur
1715 5147 1772 5208 ilia,
1793 5158 1828 5195 ex

1035 5226 1079 5278 his
1090 5223 1243 5278 uerisimile
1255 5230 1307 5285 est,
1318 5238 1388 5288 quse
1398 5223 1562 5290 produntur,
1574 5215 1766 5294 cantharidum
1778 5227 1825 5278 po·

1034 5302 1074 5356 tu,
1086 5300 1135 5347 aut
1145 5294 1252 5345 lacerta
1262 5295 1287 5344 in
1299 5293 1360 5344 cibo
1370 5298 1474 5344 sumta:
1497 5298 1591 5344 cetera
1602 5287 1779 5340 adversantia
1790 5279 1828 5330 di·

1034 5364 1134 5425 ximus,
1155 5362 1330 5429 dicemusque
1346 5361 1490 5413 saisieris.
1527 5361 1569 5411 Er
1590 5357 1651 5423 ipsa
1672 5366 1740 5419 quae
1751 5349 1827 5415 lifagi

1034 5432 1150 5484 tradunt
1160 5438 1258 5484 contra
1272 5430 1405 5493 incendia,
1425 5430 1553 5497 qnoniam
1565 5426 1644 5492 ignes
1653 5421 1715 5472 sola
1725 5418 1829 5470 aninra·

1033 5501 1099 5552 lium
1120 5501 1289 5568 exstinguat,
1308 5501 1332 5551 01
1350 5500 1444 5552 forent
1463 5511 1538 5557 rara,
1559 5494 1612 5543 lam
1628 5495 1702 5541 esset
1711 5496 1828 5556 experta

1014 5614 1019 5619 .
1032 5571 1130 5625 110010.
1165 5570 1278 5625 Sextius
1293 5570 1426 5626 Venerem
1439 5562 1553 5620 accendi
1563 5560 1625 5614 cibo
1636 5572 1739 5623 000000,
1749 5560 1773 5612 01
1784 5556 1829 5610 de·
