4330 6014
375 360 415 421 se
499 360 539 449 c„
573 354 728 420 rurum
771 346 975 429 saccant
1018 346 1184 409 aaron.

375 515 443 570 tunt,
462 520 539 557 mons
551 512 594 558 est
604 504 712 555 Malous
733 498 858 559 nomino,
874 497 955 548 iuxta
965 510 1046 563 quem
1060 496 1175 547 umbrae

375 580 517 629 aestatcin
529 583 660 631 austrum,
680 569 768 619 hieme
783 566 811 616 in
823 567 1050 632 septemtrionem
1070 566 1175 617 iaciun-

375 654 430 698 tur.
449 643 612 707 Quindecim
624 644 732 690 tantnm
742 634 871 686 noctibus
883 633 921 685 ibi
932 639 1048 700 apparet
1057 640 1176 699 septem-

374 714 441 765 trio.
460 712 597 765 lacedem
609 707 687 758 ludia
700 704 805 755 Patalis
817 702 1104 768 celeberrimo-portu,
1126 702 1177 753 Sol

375 783 474 835 dexter
483 782 578 839 oritur,
599 775 712 826 umbrae
722 773 751 824 iu
761 771 905 824 meridiem
918 770 1028 822 cadunt.
1047 769 1174 837 Septem·

373 852 501 910 trionem,
521 848 558 898 ibi
570 842 728 896 Alexandro
750 847 887 901 morante,
910 846 1072 891 annotatum
1085 840 1176 905 prima

375 926 481 969 tantum
503 914 594 965 noctis
614 920 694 980 parte
716 910 815 976 aspici.
844 909 1015 959 Onesicritus
1036 908 1093 959 dux
1116 908 1175 959 eius

373 984 493 1050 erripuit,
514 984 611 1050 quibus
633 983 662 1031 in
673 980 741 1030 locis
751 978 845 1029 ludius
856 978 969 1028 umbrae
982 992 1037 1027 nou
1048 977 1113 1039 sint,
1134 991 1175 1027 se-

372 1051 633 1120 ptemtrionemmn
645 1048 774 1114 conspici,
784 1053 812 1099 et
823 1062 857 1098 ea
867 1047 931 1097 loca
942 1046 1075 1112 appellari
1081 1046 1174 1098 Ascia:

373 1136 423 1173 neo
435 1121 518 1172 boras
529 1118 697 1171 dinumerari
708 1117 756 1167 ibi.

407 1188 531 1253 LXXVl.
554 1193 590 1241 At
601 1188 627 1237 in
639 1194 700 1237 tota
710 1183 923 1251 l'roglodytice,
935 1185 1046 1234 umbras
1056 1185 1100 1234 bis
1110 1197 1175 1249 qua·

374 1258 504 1325 draginta
524 1258 641 1324 quinque
663 1255 760 1306 dicbus
781 1255 810 1304 in
830 1268 902 1304 auno
922 1251 1126 1305 Eratosthenes
1145 1255 1175 1303 in

373 1329 544 1380 contrarium
555 1326 655 1376 cadere
665 1322 797 1391 prodidit.

408 1394 549 1465 LXXVll.
578 1381 625 1445 Sic
644 1393 687 1455 lit,
708 1400 739 1443 ut
760 1390 838 1443 rario
855 1391 925 1444 lucis
944 1391 1126 1452 incremento,
1145 1390 1175 1442 in

372 1465 470 1517 Meroe
480 1461 660 1531 longissimus
671 1462 731 1513 dies
743 1462 793 1513 Xli
807 1460 891 1513 horas
902 1460 1131 1528 aequinoctiales,
1147 1467 1176 1510 et

373 1540 437 1586 octo
451 1539 544 1600 partes
556 1531 639 1583 unius
651 1530 736 1583 horae
749 1531 882 1597 colligat:
902 1529 1087 1597 Alexandriae
1108 1543 1174 1579 reru

371 1602 440 1656 xlv
449 1601 550 1654 horas:
567 1603 594 1651 in
605 1600 690 1652 ltalia
701 1600 870 1667 quindecim:
887 1601 915 1649 in
927 1599 1073 1650 Britannia
1085 1596 1175 1659 XVll;

371 1672 421 1723 ubi
432 1676 538 1724 aestate
550 1671 658 1723 lucidae
669 1678 774 1733 noctes,
797 1668 870 1720 baud
885 1669 966 1719 dubie
978 1668 1176 1735 repromittunt

289 1788 294 1801 ,
371 1741 411 1803 id,
432 1739 506 1807 quod
517 1742 595 1807 cogit
602 1741 676 1794 ratio
688 1738 779 1802 credi:
790 1738 907 1790 solstitii
918 1739 1014 1789 diebus
1025 1734 1176 1788 accedente

372 1809 438 1863 Solo
450 1810 563 1877 propius
573 1810 704 1862 verticem
727 1808 828 1870 mundi,
850 1807 1049 1874 angustoluois
1060 1805 1176 1867 ambitu,

371 1880 498 1931 subiecta
518 1886 612 1932 terrae
635 1878 782 1930 continuos
804 1877 863 1929 dies
875 1876 976 1927 habore
987 1875 1060 1926 senis
1072 1875 1176 1925 mensi-

371 1949 438 2013 bus;
459 1954 609 2015 noctesque
621 1964 637 2000 e
649 1948 760 2000 direrso
772 1946 807 1997 ad
818 1947 946 1998 brumam
958 1953 1074 1996 remoto.
1084 1941 1175 2003 ‘Quod

370 2019 433 2069 ileri
444 2019 473 2069 in
483 2019 574 2070 insula
585 2017 692 2078 Thule,
712 2014 834 2082 Pytheas
853 2014 1036 2066 Massiliensis
1054 2012 1177 2078 scripsit,

344 2132 348 2139 .
371 2103 422 2140 sex
439 2086 546 2139 dierum
564 2087 743 2153 navigatione
754 2086 782 2135 in
798 2083 1026 2150 septemtrionem
1039 2082 1175 2133 ailritan·

371 2157 419 2209 nia
431 2156 552 2208 distante
565 2173 571 2207 ε
590 2155 701 2222 quidam
715 2168 778 2204 rero
791 2162 819 2205 et
829 2154 857 2202 in
870 2154 963 2213 Mona,
984 2167 1055 2218 quac
1065 2150 1177 2201 distata

373 2225 546 2278 camalduno
557 2224 719 2276 Britanniae
731 2221 834 2290 oppido
852 2221 963 2274 circiter
974 2220 1100 2272 ducentis
1113 2218 1175 2270 mil·

371 2295 455 2357 libus,
476 2297 624 2346 affirmant.

406 2362 560 2416 LXXVlll.
580 2363 743 2415 Umbrarum
755 2359 980 2422 honorationem,
1002 2366 1119 2425 etquam
1130 2370 1177 2407 ro·

372 2440 436 2484 cant
446 2433 640 2500 gnomonicen,
652 2433 758 2484 inrenit
768 2431 949 2483 Anaximenes
963 2429 1098 2489 Milesius,
1108 2430 1177 2478 Ana·

370 2501 511 2553 ximandri
532 2500 579 2564 (de
597 2516 652 2567 quo
672 2497 808 2569 diximus)
829 2499 996 2564 discipulus:
1017 2498 1176 2565 primusque

372 2568 558 2638 horologium,
580 2569 654 2638 quod
674 2569 816 2636 appellant
826 2565 1020 2631 winthericus,
1038 2565 1177 2619 Lacedae·

370 2652 453 2691 mone
464 2638 598 2692 ostendit.

406 2708 533 2759 LXXlX.
555 2707 648 2775 ipsum
661 2707 732 2767 diem
745 2707 795 2763 alii
808 2705 891 2758 aliter
903 2706 1095 2757 obserrarcre.
1124 2703 1177 2754 Ba·

370 2777 480 2845 bylonii
500 2778 573 2828 inter
586 2776 656 2828 duos
670 2776 745 2828 Solis
765 2785 891 2828 exortus:
911 2774 1093 2827 Athenienses
1104 2773 1177 2823 inter

371 2846 442 2899 duos
463 2861 596 2897 occasus:
617 2846 713 2897 Umbri
731 2861 748 2896 a
759 2844 875 2896 meridie
892 2846 919 2894 in
930 2845 1094 2896 meridiem:
1114 2842 1175 2893 vnl-

370 2931 422 2984 gus
432 2929 512 2967 omne
525 2931 543 2966 a
552 2917 613 2966 lucc
625 2916 660 2966 ad
670 2915 813 2965 tenebras:
836 2912 998 2964 sacerdotes
1012 2911 1136 2971 llomani,
1147 2916 1176 2961 et

371 2986 420 3055 qui
439 2984 512 3036 diem
536 2983 669 3035 diffiniere
680 2982 807 3033 civilem:
829 2984 897 3032 item
907 2982 1048 3047 Aegyptii,
1068 2986 1097 3032 et
1107 2981 1175 3044 liip-

369 3052 504 3121 parobus,
526 3067 544 3102 a
554 3051 645 3102 media
664 3059 746 3101 nocte
757 3051 786 3101 in
798 3050 926 3101 mediam.
955 3049 1068 3099 Minora
1080 3055 1172 3097 autem

370 3120 522 3173 intervalla
533 3132 593 3170 esse
605 3118 675 3169 locis
694 3120 766 3169 inter
778 3124 855 3168 ortus
867 3116 942 3167 Solis
953 3115 1033 3166 iuxta
1043 3116 1175 3177 solstitia,

372 3205 454 3259 quarn
473 3187 659 3255 aequinoctia,
679 3192 808 3252 apparet:
830 3185 896 3251 quia
916 3184 1019 3250 positio
1040 3183 1175 3250 Signiferi

372 3262 448 3313 circa
459 3256 553 3309 media
562 3255 607 3307 sui
618 3255 759 3322 obliquior
769 3260 831 3318 est3
851 3254 931 3305 iuxta
941 3253 1096 3304 solstitium
1108 3268 1174 3306 vero

370 3329 486 3383 rectior.

407 3397 521 3451 LXXX.
552 3395 734 3449 contexenda
757 3401 822 3448 sunt
852 3394 895 3447 his
917 3393 1085 3446 caelestibus
1104 3407 1176 3445 nexa

372 3470 472 3522 causis.
496 3466 620 3532 Namque
632 3465 782 3531 Aethiopas
795 3465 878 3516 ricini
890 3463 991 3517 sideris
1001 3478 1104 3530 rapere
1116 3470 1174 3514 tor·

371 3538 438 3596 reri,
458 3533 618 3599 adustisque
635 3533 744 3583 similes
756 3535 840 3599 gigni,
861 3535 949 3585 barba
967 3540 996 3584 et
1017 3533 1118 3598 capillo
1138 3533 1176 3582 ri·

372 3605 463 3662 brato,
484 3616 538 3651 non
551 3608 593 3653 est
604 3600 729 3655 dubium.
748 3603 784 3651 Et
796 3602 912 3653 adversa
923 3603 1006 3670 plaga
1018 3601 1120 3663 mundi,
1131 3607 1176 3653 at-

372 3688 426 3739 que
437 3669 557 3738 glaciali,
570 3670 689 3723 candida
699 3674 763 3722 cute
775 3687 836 3722 esse
846 3679 953 3738 gentes,
969 3672 1050 3721 liavis
1060 3672 1176 3737 promis·

371 3757 418 3793 sas
440 3738 572 3789 crinibus:
593 3746 685 3791 truces
707 3754 772 3790 vero
793 3755 827 3792 ex
846 3741 1022 3806 caelirigere
1034 3739 1092 3801 bas,
1111 3742 1176 3791 illas

370 3808 531 3862 mobilitate
545 3806 659 3860 hebetes
671 3827 678 3860 :
690 3810 805 3876 ipsoque
816 3824 924 3860 crurum
936 3816 1108 3877 argumento,
1118 3810 1176 3860 illis

372 3882 400 3931 in
412 3893 512 3945 supera
523 3892 632 3929 succum
646 3882 780 3941 revocari,
791 3885 890 3929 natura
900 3878 1024 3948 vaporis:
1041 3877 1083 3929 his
1095 3879 1123 3930 in
1135 3879 1176 3929 in·

373 3950 449 4001 ierus
460 3954 554 4013 partes
565 3947 677 4013 depelli,
690 3946 805 3999 humore
816 3947 943 4000 deciduo.
963 3948 1016 3999 llio
1027 3962 1126 4015 graves
1137 3947 1177 3998 fe·

372 4034 427 4078 ras,
437 4017 499 4067 illio
507 4019 599 4067 varias
610 4017 716 4085 effigies
727 4017 888 4068 animalium
901 4019 1057 4083 provenire,
1076 4024 1105 4069 et
1116 4032 1174 4068 mn·

371 4087 564 4147 ximoalitum,
576 4092 604 4137 et
615 4087 750 4137 inmultas
762 4087 1092 4154 ligurasgignirolucres.
1110 4087 1175 4138 Cor·

372 4172 470 4226 porum
484 4160 576 4207 autem
592 4158 790 4221 proceritatem
801 4157 967 4221 utrobique:
990 4155 1049 4205 illic
1069 4155 1174 4222 ignium

374 4228 446 4289 niso,
467 4224 512 4276 hio
528 4223 652 4276 humoris
673 4222 815 4277 alimento.
843 4226 940 4277 Medio
950 4240 1017 4276 reru
1030 4231 1121 4275 terrae
1132 4239 1176 4275 sa·

374 4296 463 4350 lubria
485 4297 625 4362 utrimque
644 4294 773 4357 mixtura,
796 4294 944 4346 lertilisad
957 4294 1176 4356 oniniatractus‚

306 4386 308 4391 v
373 4378 475 4429 magna
486 4370 514 4414 et
524 4366 553 4415 in
565 4364 659 4416 colore
670 4366 827 4431 temperies,
840 4364 909 4415 ritus
920 4362 1028 4425 molles,
1040 4363 1177 4415 sensuali·

375 4433 484 4497 quidus,
494 4432 606 4499 ingenia
617 4433 762 4497 foecunde,
773 4435 916 4501 totiusque
928 4438 1043 4483 natiuae
1054 4433 1177 4499 capacia.

374 4500 475 4551 lisdem
488 4500 613 4564 imperia,
625 4517 695 4568 quae
706 4519 844 4570 nunquam
856 4502 968 4554 extimis
980 4503 1109 4568 gentibus
1120 4502 1179 4553 ine·

376 4569 451 4619 rint:
471 4568 545 4617 sicut
561 4585 596 4619 no
607 4570 673 4621 illae
685 4572 795 4636 quidem
815 4572 859 4624 his
871 4575 1031 4639 paruerint,
1054 4571 1177 4634 avulsae,

377 4653 409 4688 ao
420 4651 469 4703 pro
481 4636 654 4688 immanitate
665 4648 782 4691 naturae
792 4642 920 4709 urgentis
932 4642 1004 4702 illas,
1024 4640 1176 4692 solitariae.

411 4705 537 4756 LXXXl.
556 4706 776 4771 llabylnniorum
790 4710 893 4773 placita
904 4718 997 4762 motus
1008 4718 1108 4769 terrae,
1118 4706 1179 4760 hia·

375 4782 483 4841 iusque,
495 4781 523 4825 et
533 4780 627 4825 cetera
638 4776 738 4836 omnia,
755 4777 783 4824 vi
795 4777 918 4829 siderum
931 4780 1091 4831 existimant
1104 4779 1177 4839 lieri:

376 4845 424 4896 sed
443 4843 557 4896 illorum
578 4843 670 4906 taum,
692 4843 790 4909 quibus
810 4845 927 4898 fulmina
939 4850 1097 4915 assignant:
1117 4846 1177 4898 deri

376 4919 479 4973 autem,
500 4913 651 4963 meantium
674 4928 734 4964 cum
746 4911 822 4974 Sole,
841 4920 891 4966 aut
908 4918 1129 4983 congruentium,
1150 4920 1179 4967 et

374 4985 495 5033 maxime
506 4982 582 5033 circa
592 4982 728 5048 quadrata
739 4982 843 5033 mundi.
873 4984 1023 5037 Praeclara
1044 4986 1177 5053 quaedam

374 5066 437 5103 osso
448 5058 477 5101 et
486 5050 652 5102 immortalis
663 5051 690 5100 in
702 5067 745 5110 so,
756 5051 779 5100 si
791 5051 938 5115 eredimus,
951 5054 1179 5121 divinitasperhi-

374 5121 457 5172 betur
476 5118 681 5171 Anaximandro
702 5119 962 5187 Milesiol‘hysico:
984 5139 1063 5190 quem
1084 5124 1179 5175 ierunt

374 5188 605 5242 Lacedaemoniis
617 5188 799 5255 praedixisse,
811 5198 841 5240 ut
852 5191 949 5241 urbem
961 5204 994 5240 ac
1002 5200 1076 5244 tecta
1087 5200 1179 5245 custo·

375 5257 482 5311 diruat:
503 5258 610 5309 instare
622 5258 695 5309 enim
709 5266 813 5309 nictum
826 5264 929 5328 terrae,
940 5275 1002 5310 cum
1015 5268 1043 5312 ct
1055 5265 1120 5314 urbs
1134 5270 1177 5312 to·

374 5336 406 5378 ta
415 5341 510 5379 eorum
531 5331 647 5388 corruit,
666 5335 695 5379 et
707 5328 830 5395 Taygeti
842 5329 944 5379 urentis
954 5344 1055 5396 magna
1066 5346 1130 5397 pars
1142 5331 1176 5383 ad

351 5395 493 5451 'iormam
512 5396 612 5461 puppis
634 5397 756 5449 eminens
777 5397 908 5462 abrupta,
938 5396 1044 5449 cladem
1065 5401 1127 5450 insu
1148 5416 1179 5451 er

375 5481 436 5520 euni
456 5466 539 5517 ruina
556 5467 664 5531 pressit.
692 5463 858 5517 Perbibetur
873 5472 902 5517 et
913 5465 1065 5533 Pherecydi
1076 5415 1178 5538 l’ytin-

375 5550 461 5601 goras
482 5534 591 5586 doctori
612 5534 671 5586 alia
690 5535 867 5596 coniectatio,
886 5536 935 5587 sed
956 5544 985 5588 et
1003 5537 1055 5589 illa
1067 5539 1176 5589 divina:

374 5601 476 5657 haustu
495 5619 584 5672 aquae
602 5611 713 5672 eputeo
735 5605 940 5672 praesensisse,
962 5622 995 5659 ac
1006 5607 1177 5675 praedixisse

1229 345 1418 408 alsxoa.
1463 343 1553 406 [ΑΒ.
1575 347 1620 406 ll.
1665 345 1755 407 CAP.
1776 350 1817 408 ro
1834 347 1912 408 -86.

1228 497 1269 549 ibi
1278 504 1370 550 terrae
1380 502 1496 548 motum.
1518 495 1596 558 Quae
1607 495 1632 546 si
1641 510 1709 548 vera
1719 501 1790 556 sunt,
1801 502 1932 561 quantum
1943 510 1960 547 a
1970 497 2032 549 Deo

1229 567 1339 619 tandem
1351 564 1440 619 rideri
1451 571 1567 633 possunt
1577 564 1649 616 tales
1659 564 1771 625 distare,
1783 565 1846 615 dum
1860 564 1975 616 vivant!
1995 565 2034 617 Et

1228 636 1298 688 hacc
1317 635 1427 703 quidem
1449 634 1567 686 arbitrio
1592 634 1724 699 cuiusque
1746 632 1929 685 existimanda
1947 634 2034 686 relio-

1229 711 1363 771 quantur:
1377 710 1480 755 ⁴ventos
1490 704 1518 753 in
1530 717 1614 754 causa
1624 718 1685 753 esse
1697 717 1752 753 :ron
1764 701 1876 754 dubium
1889 715 1961 754 reor.
1978 703 2032 756 Nc·

1229 789 1282 840 que
1302 775 1373 826 enim
1394 787 1514 838 unquam
1535 772 1729 822 intremiscunt
1748 778 1850 835 terrae,
1871 770 1925 822 nisi
1938 772 2031 838 sopito

1228 845 1313 905 mari,
1346 841 1480 908 caeloque
1499 841 1569 892 adeo
1589 839 1751 906 tranquillo,
1773 846 1804 890 ut
1815 839 1926 890 volatus
1938 843 2031 891 avium

1228 927 1283 963 non
1296 912 1444 978 pendeant,
1461 909 1603 960 subtracto
1615 910 1688 961 omni
1700 909 1798 974 spiritu
1810 908 1856 975 qui
1871 907 1963 960 vehit:
1980 925 2032 961 nec

1227 996 1365 1047 unquam,
1385 980 1439 1030 nisi
1456 986 1519 1045 post
1536 985 1646 1040 ventos,
1667 977 1780 1029 conditu
1790 977 1900 1029 scilicet
1910 979 1939 1028 in
1949 994 2031 1030 renas

1228 1058 1257 1101 et
1270 1065 1338 1101 cara
1348 1050 1409 1101 eius
1420 1048 1531 1099 occulto
1544 1048 1623 1099 hato.
1652 1046 1750 1114 Neque
1765 1045 1841 1098 aliud
1861 1054 1903 1098 est
1914 1048 1943 1098 in
1954 1054 2032 1099 terra

1228 1125 1341 1179 tremor,
1361 1133 1442 1184 quani
1455 1117 1562 1168 inuube
1574 1118 1743 1167 tonitruum:
1767 1131 1819 1166 neo
1837 1112 1930 1167 hiatus
1947 1116 2031 1178 alind,

1228 1202 1309 1254 quam
1322 1202 1381 1237 cum
1395 1186 1497 1238 iulnren
1509 1186 1638 1251 eruurpit,
1660 1185 1768 1237 incluso
1779 1185 1882 1253 spiritu
1892 1185 2030 1247 luctante,

1227 1255 1301 1309 etad
1315 1256 1471 1307 libertatem
1481 1255 1559 1305 exire
1569 1256 1683 1307 nitente.

1261 1324 1401 1375 Lxxxtt.
1419 1325 1505 1376 Varie
1516 1324 1611 1390 itaque
1623 1324 1766 1390 quatitur,
1789 1329 1818 1375 et
1828 1322 1901 1374 mira
1911 1321 2032 1374 eduntur

1228 1408 1326 1460 opera:
1347 1393 1413 1444 alibi
1433 1396 1582 1459 prostratis
1602 1393 1754 1454 moenibus,
1776 1391 1844 1444 alibi
1865 1390 1944 1443 hiatu
1966 1407 2030 1458 pro·

1227 1461 1313 1513 londo
1336 1462 1452 1523 haustis,
1473 1462 1540 1513 alibi
1562 1462 1666 1528 egestis
1685 1462 1812 1524 molibus,
1834 1461 1903 1512 alibi
1923 1461 2030 1512 emissis

1228 1532 1366 1584 anrnibns:
1388 1546 1581 1597 riorrnunquam
1594 1531 1676 1582 etiam
1687 1531 1806 1597 ignibus,
1825 1530 1958 1583 calidisve
1970 1529 2029 1580 fon·

1228 1602 1312 1663 tibus,
1335 1601 1402 1653 alibi
1418 1616 1515 1654 aret-so
1526 1600 1669 1651 fluminum
1681 1616 1772 1650 eursu.
1801 1598 1948 1651 Praecedit
1964 1614 2030 1650 vero

1228 1671 1430 1738 comitaturque
1444 1670 1577 1723 terribilis
1590 1685 1683 1731 sotius,
1695 1669 1764 1743 alias
1776 1683 1900 1720 murmur
1910 1668 2030 1719 similius

1228 1741 1389 1807 mugitibus,
1407 1748 1455 1791 aut
1466 1740 1581 1790 clamori
1592 1736 1722 1799 huniano,
1734 1753 1908 1790 armorumve
1919 1736 2031 1804 pulsan·

1228 1810 1299 1860 tium
1320 1808 1445 1876 fragori:
1467 1823 1517 1874 pro
1538 1809 1673 1874 qualitate
1693 1808 1828 1859 oratoriae
1850 1808 2030 1873 excipientis:

1228 1879 1374 1944 fornraque
1395 1878 1439 1927 vel
1451 1891 1638 1937 cavernarum,
1660 1868 1705 1928 rei
1727 1876 1857 1939 cuniculi,
1880 1891 1929 1943 per
1950 1890 2031 1942 quem

1229 1954 1323 2000 nroat:
1345 1948 1445 1999 eritius
1467 1953 1611 2013 grassante
1622 1947 1651 1995 in
1672 1953 1807 2012 angusto:
1827 1945 1924 1997 eodem
1944 1958 2031 1997 rauco

1228 2019 1258 2068 in
1270 2017 1402 2075 recurris,
1419 2017 1575 2067 resultante
1586 2018 1612 2065 in
1624 2014 1710 2075 duris,
1732 2014 1856 2066 terrente
1866 2016 1893 2065 in
1904 2014 2032 2076 humidis,

1229 2086 1382 2136 fluctuante
1402 2086 1428 2135 in
1449 2084 1660 2152 stagnantibus:
1685 2084 1752 2134 item
1774 2083 1911 2135 fremente
1933 2091 2032 2135 contra

1229 2155 1328 2207 solida.
1351 2156 1448 2221 ltaque
1459 2162 1487 2205 et
1498 2156 1556 2205 siue
1569 2159 1644 2204 urotu
1655 2168 1739 2219 saepo
1750 2152 1842 2205 editur
1852 2168 1943 2203 sonus.
1972 2151 2031 2204 Nec

1230 2224 1351 2292 simplici
1371 2224 1453 2274 modo
1464 2224 1596 2289 quatitur,
1617 2222 1665 2273 sed
1678 2225 1771 2273 tremit
1782 2222 1937 2289 vibratque.
1965 2221 2050 2272 illan
2071 2260 2076 2271 .

1230 2302 1274 2345 tus
1286 2309 1352 2344 reru
1364 2293 1436 2344 alias
1448 2298 1581 2352 remanet,
1592 2293 1742 2343 ostendeus
1753 2306 1822 2360 quae
1834 2292 1948 2352 sorbuit,
1960 2292 2031 2341 alias

1231 2362 1356 2415 occultat
1374 2378 1422 2413 ore
1444 2376 1613 2427 cunrpresso,
1635 2376 1784 2427 rursusque
1806 2361 1847 2411 ita
1863 2361 2030 2410 inductoso·

1229 2432 1267 2495 lo,
1287 2431 1401 2482 utnulla
1412 2432 1529 2496 uestigia
1539 2437 1657 2492 exstent,
1676 2432 1790 2482 urbibus
1806 2431 1969 2497 plerumque
1982 2430 2029 2481 dc·

1230 2503 1345 2564 roratis,
1356 2515 1543 2568 agrorumque
1556 2506 1644 2550 tractu
1655 2497 1763 2551 hausto.
1782 2500 1927 2550 Maritima
1937 2506 2030 2550 autom

1229 2572 1351 2623 maxime
1362 2571 1532 2637 quatiuntur.
1551 2568 1611 2619 Nec
1620 2576 1767 2619 montuosa
1778 2568 1830 2620 tali
1839 2569 1914 2620 rnalo
1925 2576 2030 2620 carent.

1230 2642 1412 2707 Exploratum
1430 2645 1473 2688 est
1488 2637 1565 2701 mibi,
1584 2638 1667 2704 Alpes
1678 2639 1906 2706 Apenninumque
1917 2639 2030 2702 saepius

1230 2711 1385 2761 trcnruisse.
1413 2710 1449 2758 Et
1460 2715 1591 2758 autumno
1603 2723 1636 2760 ac
1655 2723 1719 2760 rere
1731 2716 1822 2759 terrac
1833 2709 1957 2760 crebrius
1970 2720 2031 2757 nro-

1227 2786 1334 2840 ventur,
1353 2779 1425 2829 sicut
1447 2778 1517 2827 liunt
1539 2776 1664 2829 lnlnrina.
1694 2777 1758 2829 ideo
1779 2777 1887 2829 Galliac
1904 2779 2031 2843 etAegy·

1229 2856 1292 2915 ptus
1314 2848 1424 2898 mininie
1444 2848 1617 2914 quatiuntur:
1640 2848 1770 2912 quonian:
1784 2845 1827 2898 bic
1838 2848 1951 2898 aestatis
1964 2861 2029 2895 cau·

1227 2933 1259 2967 sa
1280 2919 1391 2978 obstat,
1416 2916 1475 2965 illio
1495 2913 1601 2980 trientis.
1630 2917 1697 2964 ltem
1710 2922 1794 2964 nocto
1806 2919 1927 2980 saepius,
1947 2929 2029 2981 quam

1227 2986 1358 3036 interdiu.
1386 2983 1501 3033 Maximi
1519 2991 1611 3033 autem
1630 2990 1723 3033 motus
1743 2984 1880 3032 exsistunt
1899 2983 2032 3034 matutini

1227 3052 1446 3117 vespertinique:
1468 3049 1515 3099 sed
1537 3051 1689 3115 propinqua
1705 3050 1766 3099 luce
1778 3050 1884 3099 crebri:
1905 3051 2032 3103 interdiu

1228 3130 1320 3172 autem
1338 3121 1412 3171 circa
1422 3119 1576 3169 nieririienr.
1597 3118 1678 3168 Fiunt
1690 3126 1718 3168 et
1729 3117 1803 3169 Solis
1813 3116 1911 3169 Lunae
1931 3133 1965 3168 ue
1979 3118 2030 3170 de·

1228 3190 1311 3251 lectu,
1328 3188 1458 3255 quoniam
1469 3192 1650 3251 tempestates
1662 3193 1728 3237 tnnc
1737 3186 1892 3252 sopiuntur.
1913 3133 2029 3239 i'racci·

1228 3274 1281 3326 pue
1301 3273 1387 3323 veru,
1408 3269 1469 3308 cunt
1491 3255 1616 3324 sequitur
1631 3256 1747 3310 imbrem
1760 3263 1873 3321 aestus,
1892 3255 2031 3311 imbresve

1228 3336 1347 3382 aestum.

1261 3398 1414 3450 LXXXlll.
1433 3397 1603 3467 Navigantes
1616 3398 1724 3467 qnoque
1740 3396 1865 3449 sentiunt
1875 3410 1929 3446 non
1943 3393 2029 3445 dubia

1228 3469 1396 3529 coniectura,
1415 3468 1474 3519 sine
1491 3468 1559 3519 ilatu
1570 3468 1769 3519 intumescente
1780 3465 1865 3516 fluctu
1877 3463 1968 3515 subito
1981 3470 2030 3515 aut

1228 3538 1372 3607 quatiente
1384 3537 1439 3587 icti.
1470 3539 1625 3588 intremunt
1635 3553 1702 3587 rere
1723 3534 1752 3588 et
1761 3539 1788 3585 in
1801 3536 1916 3587 naribus
1927 3534 2030 3599 posite,

1228 3623 1315 3673 aequo
1335 3622 1415 3673 qnam
1438 3607 1466 3656 in
1479 3606 1621 3667 aediliciis,
1644 3608 1804 3671 crepituque
1825 3605 2028 3670 praenuntiant.

1229 3680 1300 3740 Quin
1313 3684 1340 3726 ct
1352 3676 1481 3725 volucres
1493 3690 1546 3724 uon
1562 3674 1718 3740 impavidae
1729 3675 1866 3725 sedentes.
1895 3674 1947 3723 Est
1962 3677 1988 3722 ct
1999 3671 2028 3720 in

1229 3746 1306 3798 caelu
1316 3746 1435 3812 signum,
1458 3743 1654 3811 praeceditque
1672 3750 1748 3794 aratu
1762 3743 1866 3805 futuro,
1886 3748 1935 3792 aut
1945 3739 2031 3791 intor-

1230 3816 1286 3875 diu,
1302 3824 1350 3864 aut
1360 3814 1442 3879 paulo
1455 3821 1517 3879 post
1529 3829 1655 3864 occasun:
1667 3828 1777 3875 sereno,
1793 3812 1943 3862 centennis
1954 3808 2031 3863 linea

1228 3885 1308 3935 nubis
1320 3884 1347 3933 in
1359 3883 1471 3950 lungun:
1484 3889 1629 3948 porrectae
1640 3884 1771 3948 spatium.
1795 3881 1847 3932 Est
1858 3888 1886 3932 et
1897 3881 1925 3931 in
1937 3879 2030 3946 puteis

1228 3952 1368 4004 turbidior
1378 3967 1459 4017 aqua,
1470 3967 1520 4002 nec
1531 3951 1589 4003 sine
1600 3952 1694 4002 odoris
1706 3951 1809 4003 taedio.
1948 3988 1963 4000 .

1262 4020 1414 4073 LXXXIV.
1437 4020 1513 4071 Sicut
1525 4023 1550 4071 in
1562 4020 1661 4072 iisdem
1674 4028 1716 4073 est
1728 4019 1887 4081 remedium,
1909 4016 1991 4086 quale
2002 4024 2033 4069 et

1229 4091 1321 4142 crebri
1341 4104 1439 4156 specus
1461 4091 1612 4156 praebent:
1635 4097 1799 4156 conceptum
1818 4089 1888 4141 enim
1900 4086 2030 4152 spiritum

1229 4159 1377 4212 exhalant:
1399 4159 1472 4225 quod
1483 4161 1512 4209 in
1529 4160 1612 4211 certis
1623 4167 1736 4210 notatur
1746 4159 1867 4224 oppidis,
1886 4170 1956 4221 qnae
1978 4156 2030 4205 mi·

1228 4245 1279 4280 nus
1291 4231 1461 4295 quatiuntur,
1483 4230 1587 4280 crebris
1598 4228 1632 4281 ad
1649 4229 1764 4279 eluviem
1777 4224 1910 4278 cuniculis
1922 4231 2030 4274 cavata.

1229 4299 1375 4364 Multoque
1387 4302 1450 4347 sunt
1461 4301 1566 4349 tutiora
1576 4299 1603 4348 in
1614 4298 1713 4350 iisdem
1731 4296 1788 4347 illis
1807 4311 1878 4364 quse
1891 4292 2030 4361 pendent:

1228 4439 1320 4489 solida
1341 4438 1391 4499 e‘st,
1413 4436 1448 4488 ad
1468 4438 1540 4488 tales
1562 4454 1642 4489 casus
1658 4437 1788 4486 obnoxia.
1807 4438 2030 4487 'lutrssrmrsunt

1229 4507 1418 4558 aedilitiorum
1441 4505 1571 4568 l'ornices,
1592 4506 1686 4572 anguli
1699 4521 1808 4571 quoque
1821 4503 1966 4569 parietum,
1987 4498 2028 4550 al·

1229 4584 1310 4628 ternu
1322 4576 1403 4641 pulsu
1416 4577 1561 4626 renitente.
1588 4577 1623 4624 Et
1635 4576 1722 4624 latere
1736 4582 1844 4623 terreno
1856 4568 1925 4619 iacti
1936 4568 2029 4634 parie-

1229 4652 1272 4696 tes
1284 4648 1388 4695 urinore
1400 4658 1473 4695 noxa
1484 4645 1652 4708 quatiuntur.
1684 4642 1789 4705 Magna
1810 4636 1969 4688 differentia
1987 4644 2031 4688 est

1229 4720 1260 4764 et
1280 4714 1306 4761 in
1328 4713 1386 4778 ipso
1408 4718 1628 4777 generenrotns:
1650 4708 1775 4774 pluribus
1791 4705 2031 4774 siquidemmodis

1229 4782 1364 4848 quatitur.
1377 4779 1558 4828 'l'utissimum
1569 4787 1620 4839 est,
1632 4793 1691 4826 cunr
1704 4778 1796 4827 vibrat
1807 4775 2032 4843 crispanteacdi·

1229 4849 1353 4898 licinrnnr
1375 4849 1492 4911 crepitu:
1515 4853 1615 4898 etrum
1634 4847 1794 4897 intumescit
1815 4858 1970 4911 assurgens,
1992 4843 2032 4895 al·

1229 4923 1364 4982 ternoque
1376 4921 1453 4966 motu
1464 4915 1583 4966 residet:
1601 4916 1742 4966 innoxium
1756 4922 1785 4967 et
1797 4930 1857 4964 cunr
1868 4927 2031 4964 concurren-

1229 4987 1271 5037 tia
1282 4992 1357 5036 tecta
1368 4984 1508 5035 contrario
1519 4985 1574 5038 ictu
1592 4986 1725 5047 arietant:
1747 4985 1877 5051 quoniam
1889 4982 1961 5033 alter
1973 4997 2029 5033 mo·

1229 5062 1274 5108 tus
1286 5055 1367 5107 alteri
1379 5055 1516 5105 renititur.
1545 5054 1681 5106 Undantis
1701 5053 1861 5115 inclinatio,
1880 5060 1909 5103 et
1929 5049 2031 5102 fluctus

1230 5138 1307 5177 more
1329 5121 1463 5191 quaedam
1485 5124 1624 5175 volutatio
1645 5122 1749 5175 infesta
1768 5129 1824 5175 est:
1845 5128 1894 5172 ant
1915 5136 1976 5173 eum
1991 5120 2031 5189 ,iu

1229 5209 1311 5244 unam
1330 5199 1436 5260 partem
1449 5200 1524 5245 totus
1535 5209 1565 5245 se
1576 5200 1667 5244 motus
1679 5192 1805 5258 impellit.
1832 5190 1972 5243 Desinunt
1983 5204 2030 5240 aa·

1229 5270 1286 5315 tem
1299 5268 1443 5325 tremores,
1462 5279 1523 5314 oum
1535 5272 1632 5315 rentus
1644 5264 1773 5313 entersit:
1798 5261 1841 5313 sin
1861 5276 1928 5313 vero
1948 5260 2030 5310 dura·

1229 5347 1313 5393 vere,
1334 5348 1388 5382 non
1400 5338 1464 5384 ante
1475 5331 1659 5399 quadraginta
1670 5331 1729 5384 dies
1741 5332 1890 5383 sistuntur:
1913 5329 2029 5396 plerum·

1230 5416 1282 5468 que
1294 5412 1321 5451 et
1333 5401 1448 5462 tardius,
1467 5408 1565 5468 utpote
1576 5416 1634 5451 cum
1647 5402 1756 5468 qnidam
1769 5416 1861 5453 annuo
1876 5405 1905 5453 et
1915 5397 2030 5449 biennio

1229 5473 1321 5538 spatio
1334 5469 1501 5520 duraverint.

1264 5538 1402 5589 LXXXV.
1422 5539 1538 5590 Factum
1560 5540 1725 5602 miseriei,
1755 5540 1828 5608 quod
1853 5534 1977 5605 equidem
2000 5533 2029 5583 in

1228 5609 1362 5661 Etruscae
1375 5607 1536 5675 disciplinae
1548 5610 1733 5661 toluminibus
1745 5610 1845 5671 inveni,
1863 5608 1963 5671 iugem
1973 5608 2031 5654 ter·
