4340 6018
267 335 300 395 C.
333 336 478 397 Pthii
515 326 720 403 sE'ctJNm
760 339 923 401 NATUR
963 338 1148 399 luston.
1188 338 1271 398 bill.
1298 338 1375 397 Vll.
1415 339 1508 399 CAP.
1537 342 1657 403 tl-ts.
1745 350 1806 408 lot

139 485 336 558 glonsltaliae
351 493 451 541 οιιιιι
466 492 613 541 mmor:
634 504 770 542 annorum
789 492 866 543 censi
886 498 950 543 sunt

141 558 267 612 homines
278 557 356 619 aiv,
377 561 524 610 ceotcodm
537 558 639 611 deado:
651 557 777 612 hortinas
788 559 868 622 xtV,
889 575 952 613 cen·

143 631 237 682 teatlm
250 627 375 678 vicentino
386 626 499 694 quindtn
511 626 640 680 homines
652 629 720 691 duo,
740 633 887 682 centenum
899 631 949 681 tri·

143 701 240 752 cenum
254 694 381 749 homines
393 704 522 763 quatuor,
532 703 678 750 centenum
691 700 825 750 tricundio
837 701 949 766 qoindm

142 774 189 821 aut
200 771 345 832 septenum
357 765 491 828 totidem,
513 773 659 822 centenum
677 767 884 837 quadragenum
899 767 949 821 ho·

142 838 308 889 nrinestres.

173 907 236 959 Alia
258 903 441 957 mortalitatis
460 904 664 961 inconstantia:
691 909 830 961 Homerus
852 907 949 961 cadero

141 984 224 1030 nocte
238 976 484 1028 natosfiecturem
504 984 532 1028 et
548 978 753 1045 Polydamanta
773 976 874 1038 tradit,
893 984 950 1029 tam

140 1047 268 1100 diversae
279 1045 366 1097 sortis
378 1045 462 1096 siros.
481 1045 511 1096 (2.
522 1047 624 1109 Mario,
636 1048 816 1100 Cn.Carbone
830 1047 865 1098 ΙΙΙ
876 1061 950 1099 coss.

140 1133 165 1171 a
176 1115 204 1167 d.
215 1115 339 1182 quintum
351 1114 469 1167 Kalend.
481 1115 586 1177 lunias,
608 1119 647 1168 M.
666 1118 802 1170 Caecilius
818 1116 906 1168 sutas
921 1124 950 1169 et

140 1189 167 1239 C.
179 1185 417 1238 tdetnmscunas
436 1185 531 1237 eadem
552 1186 599 1238 die
620 1188 709 1256 geniti
728 1194 803 1249 sont,
824 1197 950 1238 oratores

140 1256 250 1325 quidem
263 1253 360 1316 ambo,
381 1253 431 1306 sed
442 1263 497 1306 tant
508 1255 615 1323 dispari
632 1264 742 1309 eventu.
784 1258 845 1308 iloc
866 1257 950 1309 etiam

140 1325 242 1377 iisdem
265 1323 341 1375 horis
362 1324 538 1376 nascentibus
558 1326 590 1379 iu
610 1332 673 1378 toto
694 1326 797 1378 arundo
825 1327 951 1392 quotidie

140 1398 253 1450 evenit:
273 1393 380 1461 pariter
390 1392 496 1445 donnini
505 1409 539 1447 ac
548 1397 621 1449 serti
636 1395 806 1464 gignuntur,
828 1411 908 1464 reges
923 1404 952 1448 ιι

140 1480 187 1517 too
224 1479 247 1515 s.

175 1480 222 1588 {Ph
241 1531 356 1584 Publius
366 1533 512 1584 Cornelios
523 1530 627 1594 Rufos,
648 1534 697 1602 qui
709 1535 811 1587 Consul
829 1550 891 1586 conr
902 1534 950 1586 M'.

142 1606 224 1658 Curio
236 1602 304 1663 fuit,
316 1602 457 1654 dormiens
468 1602 613 1656 oculorum
626 1604 716 1654 risum
728 1605 834 1665 atrrisit,
846 1620 908 1656 com
922 1603 949 1655 id

141 1675 194 1726 sibi
206 1672 503 1726 accideresonroiuret.
539 1674 563 1725 Ε
583 1674 694 1726 direrso
710 1672 850 1728 Pheraeos
869 1676 950 1726 lason

142 1743 303 1810 deploratus
315 1757 331 1794 a
343 1741 458 1794 medicis
470 1745 594 1795 comicae
615 1744 730 1808 morbo,
752 1760 813 1796 cotti
833 1752 949 1796 nrortem

140 1816 169 1865 io
181 1813 241 1865 acie
250 1819 407 1879 quaereret,
418 1812 565 1864 uulnerato
579 1820 690 1880 pectore
703 1814 865 1867 medicinam
878 1816 950 1865 inre·

140 1884 181 1935 nit
197 1897 230 1934 et
242 1881 332 1934 hoste.
369 1881 670 1944 archicantorem:
686 1884 784 1935 crinsul
805 1883 878 1950 apud
901 1882 950 1935 llo·

139 1968 201 2005 oren
219 1952 322 2004 isaram
339 1951 448 2017 proelio
458 1953 608 2005 contotisso
619 1952 754 2005 adversos
768 1952 950 2019 Allobrogum

139 2026 381 2088 Aruernorumque
406 2029 521 2087 gentes,
554 2038 579 2074 a.
600 2021 626 2072 d.
647 2023 683 2075 Vl
709 2024 774 2073 liius
803 2024 950 2089 Augustas,

140 2091 242 2145 CXXX
256 2092 296 2143 M.
307 2090 492 2158 perduellium
505 2091 604 2154 caesis,
617 2089 692 2143 febri
703 2098 839 2159 quartana
849 2093 950 2145 libera·

140 2171 183 2213 tus
194 2170 238 2213 cst
251 2161 279 2212 in
291 2161 361 2213 acie.
879 2220 885 2229 ,

174 2233 312 2283 incertum
325 2246 357 2283 ac
369 2228 471 2296 fragile
489 2230 605 2283 ninnium
622 2236 667 2284 est
683 2227 735 2283 hoc
755 2246 854 2284 munus
873 2238 950 2284 noto·

140 2317 201 2363 ιιι,
222 2302 355 2369 quidquid
366 2299 449 2351 datur
460 2302 556 2353 nobis:
581 2300 733 2370 malignum
746 2317 811 2354 tero
821 2313 850 2354 et
865 2301 950 2353 breue

138 2371 224 2423 etiarn
238 2373 265 2422 io
278 2371 333 2433 his,
355 2371 453 2446 quihus
470 2371 626 2439 largissime
637 2373 770 2439 coritigit,
791 2372 949 2424 universum

137 2442 238 2508 otique
250 2444 430 2508 aetitempus
445 2441 628 2493 intuentibus.
665 2441 754 2504 onia,
776 2441 849 2509 quod
869 2444 951 2492 uesti-

137 2511 262 2563 matione
273 2519 425 2561 nocturnae
437 2511 547 2575 quietis,
558 2510 671 2562 dimidio
682 2513 793 2578 quisque
805 2511 897 2578 :potio
909 2509 948 2560 ιι·-

136 2589 184 2631 tae
194 2596 261 2632 tuae
272 2579 358 2631 siniti
375 2595 444 2644 porr
455 2594 543 2643 aequa
556 2578 639 2630 ntorti
650 2580 746 2631 similis
756 2580 889 2647 exigitur,
901 2587 951 2629 out

130 2665 252 2715 poenae,
264 2647 318 2700 nisi
328 2645 445 2711 contigit
458 2647 542 2712 quiet.
571 2646 630 2697 h'ec
641 2654 805 2712 reputantur
816 2648 951 2698 infantiae

133 2719 213 2780 anni,
226 2717 274 2782 qui
285 2728 367 2764 sensu
380 2722 475 2763 carent
486 2730 492 2763 ι
514 2727 569 2765 non
581 2725 721 2777 teneatue,
742 2718 769 2765 io
781 2730 898 2781 poenam
911 2716 950 2766 ri·

132 2789 233 2846 racis3
254 2788 299 2833 tot
321 2782 506 2848 periculorum
520 2798 637 2850 genera,
658 2790 703 2835 tot
715 2785 817 2845 morbi,
838 2791 882 2835 tot
898 2800 952 2837 nte·

130 2862 194 2915 tus,
205 2859 250 2903 tot
262 2865 360 2911 corae,
381 2853 465 2904 toties
476 2852 607 2903 invocata
618 2862 721 2915 morte,
741 2862 771 2906 ut
782 2855 886 2905 nollunt
899 2853 951 2907 fre·

132 2922 271 2993 quentiae
290 2919 328 2971 sit
350 2927 453 2973 sotum.
489 2922 596 2973 Natura
615 2937 683 2974 rern
705 2921 772 2974 nihil
794 2924 952 2977 bontioibos

132 2991 278 3047 brevitate
290 2990 363 3041 sitae
376 2991 517 3055 praestitit
528 2992 638 3044 arelius.
672 2993 833 3045 Hebescunt
844 3009 951 3054 sensus,

135 3062 398 3125 membratorpent,
412 3060 600 3125 praemoritur
611 3060 699 3124 risus,
719 3061 841 3124 auditus,
862 3064 951 3115 inces-

136 3146 197 3192 sus,
208 3129 307 3182 dentes
316 3129 400 3183 etiam
412 3145 444 3182 ac
453 3131 577 3180 ciborum
589 3133 793 3184 instromenta:
816 3140 844 3185 et
856 3141 949 3184 tannen

137 3201 215 3252 ritae
227 3198 278 3251 hoc
289 3208 399 3267 ternpus
410 3205 617 3251 annumeratur.
654 3201 730 3268 Ergo
742 3216 794 3268 pro
811 3202 949 3254 miraculo

139 3278 169 3322 ιι
180 3268 210 3320 id
232 3269 391 3321 solitarium
411 3269 553 3336 reperitur
573 3271 738 3336 eaenrplum,
759 3268 949 3338 Xenophilunr

140 3338 279 3391 Musicani
291 3346 402 3392 centurn
414 3345 443 3390 et
458 3339 578 3405 quinque
594 3341 675 3390 antris
692 3340 796 3394 risisse
810 3343 870 3393 sine
887 3341 949 3409 pilo

141 3408 266 3476 eorporis
288 3407 473 3460 incommodo.
508 3406 950 3478 Athercolesreliqoisomnibns

141 3492 190 3544 per
200 3477 329 3543 singular
340 3479 527 3529 nrenrbrorum
539 3486 642 3545 partes,
663 3479 783 3545 qualiter
794 3480 877 3532 nullis
887 3480 949 3531 aliis

142 3547 317 3610 animalibus,
330 3547 415 3600 certis
426 3546 544 3614 pestifer
555 3547 634 3599 calor
646 3557 751 3601 remeat
761 3548 848 3614 horis,
856 3557 904 3600 aut
916 3549 951 3600 ri·

142 3630 209 3683 por:
232 3632 323 3683 neque
334 3616 412 3669 horis
424 3617 524 3679 modo,
543 3616 634 3669 sedet
649 3617 748 3671 diebos
769 3621 950 3685 :noctibusque

143 3688 222 3737 trinis
233 3687 427 3753 quadriniste,
447 3688 531 3740 etiarn
553 3702 626 3738 anno
648 3693 719 3740 toto.
755 3689 845 3756 Atque
867 3691 948 3739 etiarn

143 3758 253 3807 morbos
269 3762 313 3808 est
328 3755 441 3823 aliquis,
464 3772 515 3823 per
535 3757 701 3823 sapientiam
725 3758 806 3810 mori.
843 3758 950 3810 Morbis

142 3827 210 3875 enim
224 3840 335 3892 quoque
347 3823 479 3891 quasdam
492 3825 569 3894 leges
580 3832 679 3877 natura
692 3827 794 3892 posuit.
813 3827 950 3889 Quadrini

142 3894 273 3947 circuitos
284 3892 401 3956 febrem,
412 3910 551 3962 nunquam
561 3896 668 3958 bruma,
676 3911 815 3964 nunquam
827 3895 950 3950 hibernis

142 3964 279 4016 mensibus
290 3964 427 4031 incipere:
441 3965 573 4030 quosdam
585 3972 650 4031 post
661 3969 864 4034 sexagesimum
876 3970 950 4018 uitae

142 4034 259 4099 spatiorn
271 4048 326 4085 non
338 4033 465 4086 occidere
477 4052 483 4085 ι
505 4035 578 4085 alios
590 4035 739 4102 pubertate
750 4036 860 4103 deponi,
881 4055 898 4089 a
909 4036 949 4087 fe·

142 4103 221 4155 minis
232 4104 392 4170 praecipue.
418 4102 504 4155 Senes
516 4105 629 4158 tninime
640 4108 744 4157 sentire
756 4106 950 4172 pestilentiam.

142 4169 268 4240 Namque
280 4181 308 4225 et
319 4173 456 4224 universis
467 4173 597 4240 gentibus
608 4176 741 4242 ingruunt
752 4176 857 4234 titorbi,
868 4185 896 4226 et
905 4190 950 4242 ge·

142 4242 261 4293 neratim
271 4243 353 4294 modo
364 4244 588 4304 servitiis,modo
600 4259 746 4310 procerum
759 4244 951 4304 ordini,alios·

142 4326 198 4375 que
209 4324 260 4374 per
271 4312 380 4377 mador.
416 4313 478 4374 Qua
489 4316 516 4364 in
529 4329 558 4365 re
569 4315 757 4378 obseruatum,
765 4330 782 4365 e
792 4312 952 4365 meridianis

143 4380 274 4444 partibus
285 4380 318 4431 nd
329 4394 456 4434 occasun:
468 4382 543 4435 Solis
554 4383 744 4450 pestilentiam
761 4397 870 4449 semper
891 4381 932 4433 ire
944 4399 950 4432 ι

142 4461 327 4515 necunquam
339 4449 396 4504 lere
406 4452 504 4505 aliter:
521 4468 575 4504 non
587 4451 689 4515 bieme,
700 4467 749 4504 nec
758 4460 790 4503 ot
800 4459 895 4504 ternos
906 4466 952 4504 ex·

142 4518 223 4570 cedat
234 4532 351 4585 menses.

177 4587 236 4639 [ΙΙ.
255 4589 312 4640 iam
324 4590 532 4658 aigneletalia:
555 4592 583 4641 in
603 4590 709 4642 furoris
728 4593 825 4644 morbo
847 4592 952 4644 ruunt:

143 4658 297 4724 sapientiae
319 4674 385 4711 rero
407 4660 596 4728 aegritudine,
616 4661 788 4713 tinrbriarom
808 4675 902 4713 corant
924 4667 952 4711 et

144 4726 285 4795 stragulae
295 4731 382 4780 restis
393 4729 546 4795 plicaturas
557 4748 564 4781 ι
587 4746 604 4782 a
615 4746 714 4783 sonroo
726 4732 896 4783 ntot'eotiom
908 4744 951 4780 ne·

144 4796 275 4862 plectum,
286 4797 432 4866 praefandi
448 4798 574 4852 humoris
584 4815 600 4851 ι
611 4816 730 4868 corpore
743 4799 899 4854 edluriunt:
921 4796 951 4850 in

145 4867 287 4918 oculorum
299 4867 410 4936 quidem
423 4876 452 4921 et
463 4872 570 4921 nationi
582 4871 715 4938 adspectu
726 4871 883 4923 indubitata
894 4884 950 4920 nra·

145 4935 232 4998 aime,
254 4943 339 5004 atque.
351 4942 435 4990 etiam
446 4942 547 5008 supino
558 4940 669 4992 assidue
689 4942 783 4993 cubito
794 4958 800 4991 ι
822 4955 951 4992 renerum

144 5004 311 5073 inaequabili
328 5016 377 5060 aut
393 5006 562 5064 formicante
581 5024 733 5076 percusso:
753 5024 876 5076 quaeque
896 5009 954 5061 alis

144 5073 310 5142 iilppucrati
328 5078 449 5146 principi
463 5080 618 5134 medicinae
640 5081 788 5132 obseruata
806 5087 880 5131 sont.
916 5080 953 5130 lit

143 5158 203 5196 cont
216 5148 435 5202 innumerabilia
445 5154 499 5203 sint
511 5151 611 5205 orontis
622 5151 718 5216 signa,
738 5149 839 5200 salotis
850 5150 953 5200 securi·

143 5215 267 5282 totisque
279 5218 452 5270 nollasontt
472 5223 535 5287 quip
557 5236 572 5272 e
592 5235 653 5270 cont
673 5219 815 5270 censorius
828 5220 898 5270 Cato
917 5217 952 5268 ad

143 5283 229 5337 illiont
242 5287 278 5339 de
290 5288 393 5340 validis
404 5303 513 5356 quoque
524 5236 755 5351 ohservationeot,
765 5294 796 5340 ut
808 5303 841 5341 ex
854 5303 952 5339 ‹iracu-

143 5352 171 5403 lo
183 5353 287 5422 aliquo,
300 5356 469 5423 prodiderit,
475 5357 596 5411 Seoilem
608 5359 747 5410 iuventam
759 5365 953 5425 praentutorae

142 5427 243 5474 mortis
254 5440 317 5478 esse
327 5427 449 5493 signum.
473 5429 635 5481 Morborum
645 5443 712 5479 rero
722 5435 779 5479 tam
790 5427 900 5478 infinita
910 5432 954 5477 est

141 5491 312 5558 multitudo,
335 5502 366 5547 ot
379 5495 553 5564 Pherecydes
563 5497 661 5564 Syrius
673 5499 844 5565 serpentium
860 5495 954 5545 multi·

142 5560 242 5615 tudine
253 5579 290 5616 ex
300 5580 419 5633 corpore
431 5568 493 5617 eius
504 5573 665 5633 cmmpente
677 5567 870 5634 exspiraverit.
888 5563 956 5626 Qui-

107 5670 116 5683 .
141 5629 260 5686 busdam
272 5634 608 5703 perpetoafebrhestut
619 5636 827 5691 chramnus.
855 5632 955 5687 Eidem

1001 488 1123 541 triennio
1133 503 1272 560 supremo,
1294 489 1372 544 nullo
1383 488 1469 544 horae
1480 498 1620 545 momento
1632 493 1753 563 contigit
1763 510 1809 549 so·

1001 572 1090 609 mnus.
1126 559 1269 627 Antipater
1281 561 1410 614 Sidonius
1422 563 1642 629 poetaomnibos
1658 566 1736 615 annis
1751 581 1807 618 uno

1002 627 1047 680 die
1058 634 1167 679 tantum
1179 630 1266 682 natali
1277 631 1483 698 corripiebatur
1493 632 1585 695 febre,
1595 639 1624 684 et
1635 648 1668 686 co
1681 648 1806 686 corisum·

1001 703 1047 750 tos
1059 703 1101 749 est
1110 697 1179 748 satis
1190 700 1274 766 longa
1285 708 1406 752 senecta.

1036 766 1108 818 Llll.
1126 766 1225 819 Ariola
1237 770 1398 820 Consularis
1416 770 1532 839 inrogo
1550 773 1669 823 reritit:
1690 781 1719 827 et
1740 785 1808 842 quo·

1002 836 1076 888 niam
1085 836 1228 887 subreniri
1240 851 1294 887 noo
1308 844 1437 903 potuerat
1447 839 1625 907 praevalente
1635 839 1755 904 hentona,
1767 842 1806 893 ri-

1002 906 1052 957 rins
1063 913 1202 958 crentatus
1213 912 1265 956 est.
1301 906 1407 959 Studiis
1427 923 1513 960 causa
1528 910 1556 961 in
1572 911 1605 962 t..
1616 910 1716 963 Lentia
1727 912 1808 964 Prae·

1002 976 1077 1027 torio
1099 976 1160 1027 siro
1180 974 1319 1028 traditur.
1353 975 1423 1027 Nom
1451 979 1481 1028 c.
1502 979 1610 1031 Aelium
1632 982 1806 1033 ‘f'oberonem

1001 1054 1133 1114 praetura
1148 1045 1275 1096 functum
1285 1060 1301 1096 a
1311 1059 1380 1111 rogo
1392 1046 1527 1110 relatum,
1547 1049 1670 1101 Messala
1683 1049 1768 1102 Rufus
1781 1057 1808 1102 et

1002 1116 1129 1181 plerique
1139 1114 1263 1166 tradunt.
1300 1114 1379 1166 ilaec
1389 1122 1433 1165 est
1443 1115 1566 1169 conditio
1579 1120 1755 1171 mortalium:
1773 1118 1808 1171 ad

1002 1184 1052 1237 has
1063 1194 1091 1237 et
1101 1185 1237 1237 eiusmodi
1249 1185 1410 1237 occasiones
1423 1182 1552 1236 furtunae
1562 1189 1710 1255 gignimur,
1720 1190 1761 1240 uti
1774 1189 1808 1240 de

1002 1253 1162 1307 hominene
1179 1257 1260 1305 morti
1276 1254 1388 1320 quidem
1405 1253 1507 1306 debeat
1523 1257 1609 1306 credi.
1644 1259 1808 1325 lieperimos

1002 1326 1078 1376 inter
1088 1324 1229 1391 exentpla,
1250 1324 1420 1375 Merntotimi
1434 1324 1605 1377 Clazomenii
1616 1327 1736 1378 animam
1747 1328 1808 1379 reli·

1002 1399 1048 1445 cto
1060 1408 1178 1459 corpore
1196 1408 1291 1445 errare
1305 1393 1434 1456 solitam,
1455 1408 1608 1462 vagamque
1623 1411 1639 1448 e
1656 1397 1808 1466 longinquo

1002 1463 1092 1517 molto
1101 1465 1281 1525 annuntiare,
1301 1477 1372 1530 quae
1388 1464 1440 1515 nisi
1457 1478 1474 1514 a
1490 1470 1639 1530 praesente
1655 1468 1732 1519 nosci
1753 1481 1807 1518 non

1003 1540 1126 1600 possent,
1137 1547 1255 1600 corpore
1268 1532 1377 1583 interim
1390 1534 1564 1585 semianimi:
1586 1532 1675 1586 donec
1685 1542 1808 1588 cremato

1002 1619 1037 1654 eo
1059 1603 1161 1655 inimici
1184 1603 1244 1670 (qui
1264 1601 1450 1655 Cantharidae
1471 1604 1654 1666 iocabantur)
1675 1606 1808 1657 remeanti

1002 1672 1113 1723 atrimae
1134 1673 1211 1723 reiut
1231 1674 1358 1738 saginam
1380 1672 1542 1726 ademerint.
1579 1673 1706 1726 Aristeae
1726 1674 1809 1725 etiam

1002 1742 1089 1793 risam
1101 1741 1255 1794 evolantem
1267 1756 1301 1793 et
1313 1758 1362 1795 ore
1374 1744 1401 1793 in
1414 1743 1600 1806 Proconneso,
1609 1743 1689 1795 corti
1708 1742 1809 1810 effigie,

1003 1826 1103 1879 niagno
1114 1825 1185 1877 quae
1200 1811 1326 1878 sequitur
1342 1811 1533 1865 fabulositate.
1569 1813 1658 1874 Quam
1681 1813 1809 1881 equidem

1002 1890 1031 1934 et
1041 1882 1069 1931 in
1081 1880 1203 1931 Gnossio
1215 1881 1379 1947 Epimenide
1395 1883 1477 1951 simili
1498 1880 1581 1933 modo
1601 1883 1725 1950 accipio:
1744 1898 1810 1950 pue·

1002 1966 1062 2002 root
1074 1955 1154 2003 aestu
1166 1957 1194 2001 et
1205 1950 1307 2003 itinere
1317 1950 1421 2003 fessonr
1435 1955 1462 2002 in
1474 1967 1557 2019 specu
1569 1959 1675 2019 septem
1689 1959 1717 2003 et
1732 1954 1811 2021 quin·

1003 2022 1136 2089 quaginta
1147 2019 1283 2072 dorntisse
1293 2023 1386 2074 annis:
1398 2036 1489 2074 reruni
1501 2021 1600 2073 facient
1615 2023 1810 2075 mutationem·

1002 2106 1055 2158 que
1065 2090 1222 2148 ntirantenr,
1243 2091 1320 2142 refut
1330 2099 1446 2159 postero
1459 2099 1651 2158 experrectum
1663 2090 1728 2156 die3
1746 2092 1811 2144 hinc

1002 2163 1060 2228 pari
1074 2174 1189 2212 nutriero
1201 2159 1309 2212 dierunt
1321 2161 1400 2214 senio
1415 2164 1570 2230 ingruente,
1581 2167 1613 2211 ut
1624 2167 1718 2213 tanten
1729 2162 1757 2213 in
1769 2176 1811 2214 se·

1002 2232 1117 2297 primunr
1129 2237 1158 2281 et
1169 2233 1425 2298 quinquagesimum
1438 2240 1522 2299 atque
1538 2230 1719 2283 centesimum
1736 2232 1811 2284 ritae

1002 2300 1116 2351 duraret
1127 2314 1237 2350 annunt.
1274 2299 1450 2353 Feminarum
1466 2316 1550 2353 sexus
1566 2300 1629 2352 huic
1644 2301 1719 2353 malo
1735 2301 1811 2355 ride·

1002 2369 1177 2421 torntatinre
1193 2376 1381 2435 opportunus,
1402 2370 1582 2422 conversione
1603 2369 1719 2423 vulsae:
1740 2385 1811 2438 quae

1001 2440 1025 2488 si
1037 2440 1206 2505 corrigatur,
1229 2438 1343 2505 spiritus
1355 2440 1520 2491 restituitur.
1557 2441 1621 2490 Hoc
1633 2441 1753 2508 pertinet
1764 2454 1811 2491 no·

1002 2507 1060 2559 bile
1070 2507 1144 2573 apud
1155 2506 1280 2558 Graecos
1290 2508 1419 2559 uolumen
1433 2507 1607 2569 lieraclidis,
1629 2516 1736 2576 septem
1753 2508 1811 2562 die·

1002 2576 1055 2626 bus
1067 2573 1189 2627 sentinae
1200 2577 1336 2627 exanimis
1347 2576 1383 2627 ad
1395 2576 1478 2626 ritant
1490 2584 1647 2633 revocatae.

1039 2642 1129 2695 Varro
1141 2658 1251 2710 quoque
1262 2653 1361 2696 auctor
1372 2652 1427 2705 est,
1448 2644 1562 2696 XXuiro
1580 2660 1611 2696 se
1632 2659 1716 2713 agros
1737 2646 1808 2698 dirl-

1002 2714 1087 2765 deote
1097 2713 1220 2779 Capuae,
1239 2715 1375 2779 quendam
1387 2713 1435 2780 qui
1447 2711 1603 2773 efferretur,
1624 2713 1685 2766 huo
1697 2714 1811 2767 domum

1003 2796 1142 2835 remeasse
1154 2781 1278 2848 pedibus.
1315 2784 1378 2834 Hoc
1388 2781 1460 2834 idem
1471 2781 1571 2848 Aquini
1585 2782 1729 2835 accidisse.
1757 2784 1812 2835 Ro·

1003 2868 1065 2904 mae
1075 2867 1188 2920 quoque
1200 2852 1351 2903 Corfidium
1364 2857 1532 2904 trraterterae
1545 2867 1611 2904 suae
1622 2857 1750 2905 otaritom
1766 2852 1810 2905 fu·

1003 2938 1069 2975 nere
1079 2922 1173 2974 locato
1185 2922 1329 2985 reuixisse,
1347 2929 1375 2974 et
1385 2922 1538 2974 locatorem
1550 2922 1654 2974 funeris
1665 2924 1700 2976 ab
1711 2938 1745 2976 eo
1757 2923 1812 2976 ela·

1001 2999 1070 3043 tunt.
1105 2991 1210 3043 Adlicit
1226 2992 1375 3055 nriracula,
1395 3007 1467 3061 quse
1483 2997 1546 3043 tota
1559 2992 1696 3045 indicasse
1713 3008 1811 3046 conre-

1001 3063 1070 3113 niat.
1106 3063 1130 3113 E
1141 3060 1250 3113 duobus
1261 3059 1397 3113 fratribus
1408 3063 1547 3129 equestris
1558 3062 1674 3125 ordinis,
1686 3063 1810 3115 cordato
1848 3114 1854 3123 ,

1001 3131 1103 3182 maiori
1113 3129 1262 3193 accidisse,
1273 3138 1305 3181 ot
1316 3130 1459 3184 rideretur
1470 3132 1636 3198 exspirasse,
1658 3139 1822 3200 apertoque·

1002 3206 1171 3252 restaurento
1182 3199 1329 3251 recitatum
1341 3199 1471 3253 heredem
1483 3202 1619 3254 orinorem
1630 3199 1720 3254 funeri
1731 3202 1811 3253 insti·

1001 3270 1087 3322 tisse:
1108 3269 1219 3320 interint
1232 3284 1305 3331 eunt,
1325 3272 1371 3336 qui
1385 3271 1533 3324 ridebatur
1545 3271 1713 3333 exstinctus,
1735 3271 1810 3338 plau·

1002 3338 1093 3391 dendo
1104 3338 1256 3391 concivisse
1268 3339 1430 3401 ministeria,
1449 3348 1478 3391 et
1493 3354 1622 3392 narrasse
1637 3357 1654 3392 a
1670 3340 1758 3392 fratre
1780 3356 1810 3390 se

1001 3409 1125 3471 senisse,
1147 3407 1368 3461 commendatam
1384 3411 1437 3461 sibi
1454 3409 1538 3460 tiliam
1557 3411 1592 3460 ab
1609 3423 1652 3462 eo.
1688 3408 1811 3462 Demon-

1001 3486 1121 3531 stratoni
1133 3485 1288 3544 praeterea,
1296 3493 1350 3546 quo
1362 3479 1390 3530 in
1403 3479 1466 3530 loco
1478 3477 1631 3531 defodisset
1641 3492 1739 3530 aarum
1751 3478 1811 3530 md·

1002 3549 1030 3600 io
1041 3548 1163 3608 conscio,
1173 3554 1202 3600 et
1214 3562 1328 3615 rogasse
1341 3555 1373 3599 ot
1384 3548 1418 3598 iis
1430 3547 1599 3609 funebribus,
1619 3562 1691 3614 quae
1701 3563 1811 3615 compa·

1002 3625 1100 3681 nasset,
1112 3616 1265 3670 efferretur.
1285 3619 1347 3669 lloc
1360 3631 1393 3668 eo
1405 3623 1546 3679 narrante,
1557 3616 1654 3668 fratris
1665 3617 1810 3670 domestici

1002 3702 1119 3755 propere
1131 3682 1330 3738 annuntiatore
1342 3686 1527 3737 exanimatum
1539 3685 1619 3738 ilium
1631 3705 1637 3737 r
1659 3695 1688 3739 et
1702 3703 1809 3747 aarum,

1002 3760 1047 3809 obi
1060 3757 1182 3817 dixerat,
1204 3763 1343 3823 repertum
1355 3762 1407 3807 est.
1443 3754 1528 3807 Plena
1538 3763 1683 3823 praeterea
1700 3759 1757 3809 vita
1768 3764 1811 3810 est

1002 3826 1044 3878 his
1056 3825 1205 3886 vaticiniis,
1214 3827 1263 3877 sed
1276 3839 1331 3877 noo
1344 3824 1522 3886 conferenda,
1543 3840 1604 3876 cont
1615 3826 1727 3893 saepius
1739 3826 1810 3879 falsa

1001 3898 1067 3958 siat,
1078 3899 1151 3948 sicot
1159 3896 1265 3962 ingenti
1276 3894 1404 3962 exemplo
1417 3895 1585 3947 docebimus.
1622 3895 1702 3947 Bello
1714 3896 1809 3948 Siculo

1002 3966 1142 4017 Gabienus
1154 3965 1284 4017 Caesaris
1305 3964 1465 4017 classiarios
1488 3964 1656 4016 fortissimus
1676 3974 1774 4031 captus
1794 3984 1810 4016 o

1002 4034 1077 4087 Sext.
1089 4034 1237 4100 Pompeio,
1257 4035 1334 4084 iussu
1344 4034 1405 4086 eius
1417 4035 1504 4085 incisa
1517 4036 1636 4095 corrice,
1657 4041 1686 4085 et
1702 4035 1748 4084 rix
1765 4048 1809 4084 co·

1002 4103 1149 4165 haerente,
1169 4102 1259 4155 iacuit
1270 4103 1298 4155 in
1310 4102 1394 4155 litore
1405 4110 1466 4155 toto
1478 4102 1533 4155 die.
1572 4102 1679 4156 Deinde
1689 4118 1751 4154 cont
1763 4102 1809 4154 ad·

1001 4170 1219 4240 vesperarisset,
1240 4189 1300 4225 cum
1312 4173 1419 4242 genritu
1435 4173 1618 4239 precibusque
1639 4179 1810 4240 congregata

1002 4243 1181 4295 multitudine
1194 4243 1289 4309 petiit,
1307 4246 1348 4292 oti
1361 4242 1509 4310 Pompeios
1520 4241 1555 4291 ad
1574 4256 1604 4291 se
1619 4242 1742 4302 reniret,
1762 4246 1810 4292 sot

1002 4313 1120 4379 aliquem
1131 4327 1165 4364 ex
1177 4312 1285 4363 arcanis
1296 4312 1422 4363 mitteret
1434 4328 1441 4360 :
1464 4326 1495 4362 se
1506 4309 1582 4361 enirn
1598 4309 1634 4360 ab
1651 4309 1748 4361 inferis
1768 4324 1809 4363 re·

1003 4381 1116 4434 missum
1123 4418 1131 4444 ,
1153 4380 1256 4433 habere
1268 4394 1338 4446 qnae
1349 4379 1499 4431 nuntiaret.
1536 4377 1615 4430 Misit
1627 4372 1719 4446 plures
1732 4379 1809 4432 Pont-

1003 4451 1081 4520 peios
1094 4464 1127 4501 et
1140 4450 1245 4510 enticis,
1267 4449 1366 4513 quibos
1378 4448 1520 4501 Gabienus
1530 4447 1621 4500 dixit:
1644 4448 1741 4502 inferis
1754 4451 1809 4503 diis

1003 4522 1114 4588 placere
1123 4518 1247 4585 Pompeii
1260 4533 1358 4569 causas
1370 4527 1398 4570 et
1408 4525 1501 4586 partes
1513 4519 1589 4589 pias:
1599 4518 1716 4592 proinde
1729 4537 1809 4573 eren·

1003 4598 1061 4642 tunt
1073 4589 1204 4649 futurum,
1216 4602 1295 4654 quent
1308 4594 1432 4655 optaret:
1444 4587 1498 4641 hoc
1508 4606 1538 4642 se
1549 4594 1676 4641 nuntiare
1688 4590 1808 4642 iussum:

1003 4664 1195 4726 argumentum
1209 4656 1269 4709 lore
1281 4658 1420 4720 raritatis,
1442 4659 1515 4727 quod
1527 4661 1649 4727 peractis
1664 4661 1809 4719 suadetis,

1003 4729 1129 4796 protinus
1141 4727 1332 4795 exspiraturus
1344 4736 1433 4781 esset:
1456 4730 1538 4798 idque
1550 4731 1591 4781 ita
1607 4730 1707 4781 evenit.
1745 4730 1810 4782 Post

1004 4797 1175 4866 sepulturam
1189 4812 1298 4864 quoque
1309 4799 1430 4850 riserunt
1442 4800 1571 4866 etenrpia
1580 4807 1659 4852 suunt:
1670 4799 1722 4851 nisi
1735 4799 1808 4867 quod

1004 4876 1122 4929 naturae
1133 4882 1232 4934 opera,
1244 4882 1297 4918 non
1309 4868 1437 4937 prodigia
1449 4878 1653 4922 consectantur.
1708 4914 1720 4923 .

1040 4939 1111 4990 MV.
1131 4937 1272 5003 inprimis
1289 4945 1381 4991 autent
1398 4940 1533 4990 niti-acuto
1555 4946 1633 4999 sunt,
1655 4942 1739 5006 atque
1757 4937 1810 4990 fre·

1004 5007 1109 5074 quenti,
1119 5013 1226 5057 orortes
1237 5009 1407 5072 repentinae,
1429 5006 1493 5070 (hoc
1504 5015 1556 5068 est,
1566 5022 1672 5057 sontmo
1682 5009 1757 5059 ritae
1768 5005 1808 5059 fe·

1006 5077 1117 5136 licitas),
1156 5090 1206 5126 uas
1222 5092 1282 5128 esse
1304 5077 1444 5129 naturales
1466 5075 1636 5127 docebimus.
1672 5075 1810 5128 Plurimae

1005 5145 1129 5215 prodidit
1167 5145 1272 5197 errius:
1293 5163 1344 5197 nos
1356 5161 1416 5197 com
1433 5145 1544 5197 deiecta
1559 5143 1671 5194 modum
1691 5145 1811 5197 servabi-

1006 5232 1075 5267 tnus.
1103 5212 1214 5265 Gaudio
1224 5216 1328 5277 obiere,
1339 5221 1452 5282 praeter
1462 5213 1616 5273 Chilonem,
1627 5210 1662 5261 de
1673 5226 1730 5279 quo
1743 5212 1811 5263 diti·

1000 5300 1073 5346 ιιιιιι,
1083 5282 1235 5349 Sophocles
1246 5291 1276 5336 et
1289 5284 1443 5350 Dionysius
1453 5282 1568 5335 Siciliae
1577 5286 1728 5345 tyrannos,
1738 5286 1811 5330 uter-

1006 5369 1058 5422 que
1069 5361 1182 5419 accepto
1193 5353 1318 5422 tragicae
1328 5353 1462 5406 victoriae
1474 5349 1583 5401 nuntio.
1616 5345 1712 5394 Mater
1721 5361 1814 5413 pugna

1005 5423 1056 5475 illa
1066 5422 1217 5480 Cannensi,
1237 5423 1295 5473 lilio
1307 5421 1439 5473 incolumi
1448 5421 1511 5471 riso
1521 5421 1621 5468 contro
1632 5410 1737 5463 falsum
1748 5430 1816 5465 nun·

1006 5493 1084 5543 tium.
1120 5492 1141 5512 '³
1362 5474 1818 5554 ·-saptentiaevielrctiraepro·

1006 5561 1102 5615 fessor-
1394 5574 1396 5582 “
1408 5572 1462 5606 Ἶθη
1475 5551 1599 5619 P¹¹⁰fi¹¹u⁸
1610 5537 1645 5586 ω
1655 5538 1820 5619 mmm

1006 5638 1045 5680 hs·
