4368 6008
295 315 327 378 C.
357 311 507 374 Parati
534 306 745 373 SECUNDI
774 309 941 373 NATUR.
968 310 1162 375 HISTOIL
1191 313 1272 374 sta.
1298 312 1412 375 XXV.
1438 261 1531 379 (idi.
1554 316 1670 381 utos.
1774 318 1833 381 aot

181 468 279 529 nonio,
300 463 349 533 qui
370 461 524 515 elleborum
544 462 691 516 fortissimi
713 463 790 517 ducis
809 461 985 518 similitudini
1036 470 1098 518 turc
1116 466 1139 517 si
1150 464 1238 518 febris
1250 464 1298 528 sit,
1310 465 1338 516 in
1349 480 1423 535 aqua
1432 466 1508 530 trita,
1519 467 1620 520 ceteris
1631 468 1661 520 in
1670 467 1744 521 sino.
1773 468 1834 520 Me·

182 537 327 605 aequabat.
364 532 519 587 Concitatia
529 534 601 585 anim
611 533 688 586 iatus
700 534 837 597 omnibus,
856 535 944 602 ipsum
955 535 985 586 ia
1037 535 1119 589 detur
1128 542 1156 586 ct
1166 534 1264 586 iisdem
1279 537 1383 588 niorhis
1394 536 1523 589 decoctae
1535 552 1641 590 succus.

105 660 108 667 ,
183 603 375 676 primiscxirc.
412 601 563 656 Praeterea
574 602 673 655 mirum
685 605 827 656 inventum
842 611 895 667 est,
911 604 984 670 quod
1029 616 1049 648 ⁴-
1072 605 1226 657 xxxam.
1245 604 1646 658 Estalterumcentaurionco
1685 607 1776 660 omine
1794 607 1835 660 ic·

182 671 457 735 incisumioriicuiis,
478 671 653 736 uidiximus,
676 672 816 725 cribrante
836 683 985 726 cortoxre·
1037 679 1113 742 pton,
1134 671 1248 724 minutis
1269 671 1355 737 foliis,
1378 674 1452 741 quod
1474 675 1561 740 aliqui
1582 676 1639 727 liba
1660 678 1704 729 ion
1724 684 1838 737 vocant,

183 749 283 805 nranet,
305 740 359 795 hoc
376 741 519 793 iaaaiunts
538 741 660 793 medulla
670 743 754 806 cadit,
774 740 884 796 haeciu
899 743 985 796 nimia
1036 742 1167 809 quoniam
1187 744 1337 795 secundum
1351 744 1585 808 iontcsnascitur,
1605 749 1719 813 origano
1735 746 1838 807 simile,

181 813 349 882 purgatione
360 810 428 863 data
438 810 606 865 vomitiones
617 811 699 863 sistit.
836 870 839 877 .
1037 810 1246 878 angustioribus
1262 817 1291 863 et
1308 814 1481 879 longioribus
1497 813 1587 875 loliis,
1607 814 1742 880 anguloso
1757 815 1837 871 caula

215 879 317 936 XXIV.
328 879 487 933 Cauendum
500 888 544 933 cst
555 879 630 933 ielici
641 895 749 947 quoque
759 894 834 945 cura,
844 896 879 933 ne
889 880 985 933 nubilo
1037 881 1179 948 paululum
1192 880 1261 945 alto,
1281 880 1441 942 fruticante,
1454 882 1521 934 tiore
1536 881 1684 949 lychnidia,
1696 884 1788 934 radice
1799 894 1838 935 te·

183 952 227 1006 die
246 952 341 1005 detur:
362 952 465 1019 quippe
484 951 658 1017 impatibiles
677 951 815 1002 cruciatus
838 949 984 1002 exsistunt.
1037 951 1086 1001 aui
1101 957 1319 1017 etsuperracua,
1339 965 1421 1000 succo
1439 953 1543 1002 coiens.
1582 954 1644 1017 ipsa
1660 951 1837 1003 herbaautu·

182 1018 822 1088 Namaoststepotiusquamhicmedaadum,
839 1019 985 1072 nonestis
1036 1014 1231 1085 moelcgitu'r,
1254 1016 1500 1071 succuseironde.
1536 1020 1654 1083 Quidam
1665 1021 1835 1073 caulescon·

182 1091 276 1144 dubio.
313 1092 420 1158 Corpus
439 1097 545 1157 septem
567 1089 665 1142 diebus
677 1097 742 1141 ante
763 1089 984 1156 praeparandum
1037 1090 1110 1140 cisoa
1130 1087 1321 1139 nradciaciunt
1342 1087 1441 1139 diebus
1462 1088 1562 1151 xviii,
1582 1097 1666 1156 atque
1685 1090 1728 1141 ita
1748 1090 1840 1155 cupri·

184 1162 253 1214 cibis
271 1160 391 1223 acribus,
412 1158 582 1212 abstinentia
600 1161 666 1220 vini,
686 1165 785 1225 quarto
796 1165 825 1210 et
844 1159 928 1210 tertio
940 1158 985 1209 die
1038 1163 1123 1207 nsunt.
1159 1159 1222 1208 lion
1232 1157 1393 1209 centaurion
1404 1156 1491 1207 nostri
1503 1156 1541 1209 iel
1554 1166 1643 1211 terrae
1654 1164 1765 1220 vocant,
1777 1174 1840 1224 pro·
1855 1168 1877 1213 †

182 1231 397 1292 vomitionibus,
417 1226 808 1296 pridiecoenaeabstincntii'r.
844 1228 984 1279 Albumet
1038 1234 1101 1292 pter
1120 1226 1334 1278 amaritudinem
1354 1241 1499 1278 summam.
1535 1226 1610 1280 Galli
1630 1242 1751 1292 aaaron,
1773 1241 1839 1292 quo·

183 1301 210 1353 in
221 1300 298 1362 dulci
308 1300 400 1363 datur,
408 1298 553 1365 aptissime
564 1313 629 1349 rero
641 1298 669 1348 in
683 1298 757 1349 lente
767 1303 816 1350 aut
827 1299 913 1363 prilte.
929 1295 984 1347 Nu·
1037 1297 1111 1346 niam
1123 1295 1219 1347 omnia
1228 1294 1303 1348 mala
1313 1295 1514 1349 medicamenta
1523 1303 1619 1363 potum
1631 1312 1647 1350 e
1657 1311 1775 1366 corpore
1784 1295 1840 1348 cxi·

115 1421 120 1431 ,
183 1386 232 1439 per
244 1372 389 1429 invenere,
409 1368 538 1421 dmaectis
550 1366 681 1433 raphanis
692 1369 814 1419 inserere
824 1366 985 1427 elleborum,
1037 1364 1259 1431 gatperalrum.
1532 1422 1536 1429 q
1588 1410 1593 1421 ,
1854 1420 1857 1429 ,
1954 1414 1965 1423 ,,

182 1454 334 1507 rursusque
358 1437 540 1505 comprimere
560 1435 720 1505 raphanos,
738 1442 770 1488 ut
788 1443 912 1488 transeat
931 1435 986 1495 vis,
1020 1434 1242 1489 iiXXXll.21.
1260 1433 1358 1485 Tertia
1374 1438 1417 1484 est
1433 1430 1588 1503 centauris,
1610 1437 1773 1503 cognomine
1789 1434 1918 1495 tris«
2010 1444 2030 1465 ¹¹
2088 1440 2103 1455 '’

183 1515 314 1575 atqueco
330 1508 481 1560 lenimento
499 1507 576 1559 dare.
612 1506 702 1558 Reddi
723 1504 986 1573 postquatuoriere
1039 1501 1140 1569 orchis.
1177 1502 1302 1565 Quieahi
1318 1511 1406 1565 secat,
1426 1510 1582 1565 raromest,
1603 1510 1633 1554 ut
1648 1504 1840 1555 aonr'ulnerei

183 1575 268 1629 heras
279 1576 385 1644 incipit.
420 1570 985 1642 Totumopusscptenisperagiturhoris.
1037 1589 1109 1625 sese.
1144 1573 1536 1641 Haecsuccumsanguineum
1545 1572 1643 1624 mittit.
1681 1571 1840 1643 Theophra·
1873 1566 1891 1583 '⁴
1942 1568 1962 1618 ἶῖ

182 1644 316 1700 Medetur
326 1647 367 1697 ita
377 1645 481 1697 morbis
491 1643 689 1705 comitialibus,
711 1651 742 1694 ut
752 1642 882 1705 diximus,
902 1643 987 1695 serti·
1039 1649 1098 1694 stus
1110 1642 1222 1694 delendi
1234 1657 1304 1703 cunr,
1325 1642 1536 1711 impugnarique
1548 1638 1842 1709 colligentes'tradlta
1872 1655 1987 1709 (ymni,
2025 1676 2028 1685 .
2055 1662 2094 1699 a,

182 1716 254 1782 gini,
265 1712 482 1776 melancholicis,
500 1714 711 1775 insanientibus,
726 1710 914 1779 lymphaticis,
926 1712 985 1764 eie·
1039 1708 1161 1763 triorche
1172 1711 1335 1777 accipitrum
1347 1725 1459 1778 genere,
1480 1728 1497 1764 a
1509 1727 1562 1778 quo
1573 1720 1602 1764 et
1613 1726 1711 1763 nomen
1723 1707 1839 1776 accepit.

203 1781 324 1834 hantiasi
335 1783 425 1844 albae,
437 1784 532 1848 lepris,
554 1790 659 1844 tatano,
671 1782 807 1843 tremulis,
818 1782 987 1849 podagricis,
1041 1782 1168 1846 imperiti
1183 1780 1357 1832 contundunt
1371 1780 1441 1835 baec
1459 1782 1567 1843 carnia,
1589 1788 1619 1834 et
1638 1780 1728 1847 primo
1743 1778 1844 1848 generi
1930 1803 1936 1813 ι

181 1799 355 1920 hydropicis,
367 1850 617 1918 incipientibusque
627 1851 829 1919 tympanitieis,
839 1850 988 1901 stomachi·
1040 1851 1192 1917 assignant.

184 1923 237 1984 cis,
245 1920 374 1987 spasticis
385 1956 394 1982 ,
414 1921 529 1986 cynicis,
549 1919 720 1981 ischiadicis,
742 1921 896 1987 quartanis,
917 1934 987 1986 quae
1035 1928 1053 1967 4
1075 1917 1255 1969 xxiiim
1274 1912 1424 1985 Qlymends
1440 1931 1534 1986 asegc
1545 1915 1630 1970 herba
1640 1916 1782 1983 appellata
1792 1922 1843 1979 est
1854 1932 1878 1980 q-

181 1991 269 2042 aliter
279 2004 335 2041 non
344 1988 481 2053 desinant,
490 1990 563 2041 tussi
572 1988 672 2054 reteri,
681 1989 884 2052 inflationibus,
892 1987 989 2041 torani-
1040 1985 1140 2039 ederae
1152 1986 1240 2048 loliis,
1249 2000 1370 2051 ramosa,
1391 1987 1470 2039 caule
1481 1989 1565 2048 lirani,
1576 1988 1702 2039 articulis
1714 1986 1842 2053 praecin-
1875 1984 1887 1997 ⁸

181 2058 267 2113 nibus
283 2058 477 2114 redeuntibus.
1040 2063 1094 2119 cta,
1116 2056 1204 2108 odore
1219 2056 1312 2123 graui,
1329 2064 1357 2108 et
1372 2056 1477 2109 semine
1495 2057 1607 2118 ederae,
1627 2056 1803 2107 silvestribus
1815 2060 1844 2106 et

1042 2126 1196 2179 montuosis
1211 2140 1335 2177 nascens.
1371 2126 1478 2187 Quibus
1491 2125 1595 2176 niorbis
1614 2131 1679 2193 pota
1689 2124 1845 2186 medeatur,

183 2248 218 2285 ac
234 2231 347 2285 feminei
364 2232 491 2298 corporis
512 2232 640 2292 animine,
659 2220 850 2285 exilibus'aut
863 2233 987 2282 teneris:
1041 2193 1173 2316 ffloefflm‘
1209 2193 1262 2247 Μ
1281 2193 1327 2246 hic
1344 2194 1521 2291 iffdimflum
1537 2202 1591 2279 5⁵⁸⁹
1614 2194 1678 2279 ⁶⁰¹¹}
1690 2195 1843 2276 'ned‘mi'i

183 2309 213 2353 a
230 2301 341 2354 feminis
363 2301 455 2352 mlum
476 2314 557 2365 quam
578 2301 654 2352 vim.
691 2302 759 2352 mm
780 2299 894 2362 timidifl,
904 2306 953 2349 aut
966 2298 991 2349 ,i
1070 2266 1221 2317 erilitatem
1233 2272 1302 2331 pota
1316 2266 1558 2317 etramsrsrsiierr.
1578 2265 1845 2333 Graecrplantagms

182 2369 367 2423 exhuicerata
386 2371 444 2421 sint
467 2370 640 2436 praecordia,
656 2370 699 2422 vel
721 2373 860 2421 tumesatc
878 2368 991 2419 minime
1041 2334 1161 2386 'imum
1181 2348 1251 2416 9⁸⁸⁰.
1266 2334 1410 2416 ‘meruit’
1431 2334 1512 2386 cmm
1533 2335 1690 2417 quad'im'
1709 2334 1843 2386 mcum

181 2440 348 2509 sanguinem
369 2440 596 2503 exscrenntihus,
615 2441 749 2490 causariis
768 2438 813 2490 vei
836 2435 932 2499 latere,
946 2435 992 2488 rel
1042 2418 1103 2454 ⁰⁰⁰¹
1120 2418 1226 2456 ⁸²¹⁰¹¹¹⁰
1242 2410 1316 2455 ’Μ
1330 2419 1360 2455 ⁸⁰
1377 2404 1514 2468 mmm*
1536 2404 1612 2456 '⁰¹¹¹‘
1631 2421 1659 2455 ¹¹¹
1677 2403 1842 2469 pmypmum

182 2509 324 2561 lancibus.
361 2508 491 2560 Medetnr
502 2507 728 2573 citracorporis,
744 2505 937 2573 eruptionibus
948 2506 990 2571 iii-
1042 2472 1206 2608 {³5:32th
1216 2487 1314 2523 ‘'¹⁰⁰⁰‘'
1329 2477 1423 2523 “utem
1437 2473 1466 2523 5¹¹
1484 2487 1545 2535 ‘'a''
1567 2473 1594 2522 ἡ
1604 2487 1712 2522 ⁸¹¹¹¹¹¹¹¹³
1723 2475 1751 2523 ⁶¹¹
1762 2470 1844 2523 rem*

180 2575 992 2710 arnonaerescissionemiraeneo
1045 2604 1868 2745 nihilitatem,ariomanita:·

181 2712 992 2837 ᾗῗῇἑὲἔξζίἓῶθῗὲἓὲζξζῗξὲἕζξὲζζᾞεοᾳῆᾞέε
1042 2747 1253 2809 strictissimam,
1274 2743 1343 2797 lolio
1354 2746 1471 2828 fraxini:
1491 2746 1539 2798 sed
1552 2744 1845 2828 magnitudineluctu·
1869 2776 1871 2779 -

835 2820 841 2834 ⁸
1043 2832 1102 2877 cae,
1125 2815 1203 2867 caule
1214 2822 1319 2877 tenero,
1333 2816 1443 2882 pollicis
1455 2816 1648 2877 crassitudine,
1670 2829 1737 2866 caro
1749 2822 1777 2865 et
1789 2830 1846 2864 rna·

181 2868 298 2923 q⁰⁰q¹¹⁰
309 2860 442 2903 ''mnu'‘
452 2851 517 2903 anm
528 2852 606 2915 ‘rim'
619 2859 720 2904 ΜΝ
733 2852 805 2905 'm‘
815 2867 922 2920 ww·
936 2851 989 2901 ΒΨ
1044 2888 1081 2947 ni,
1092 2900 1127 2937 ox
1136 2884 1294 2937 interuallis
1305 2885 1413 2945 foliato,
1424 2884 1508 2935 trium
1521 2884 1668 2951 aliquando
1680 2883 1846 2944 cubitorum,

183 2925 251 2976 dem
265 2928 294 2974 “t
307 2921 469 2989 phthisim
480 2923 654 2975 emmam·
1044 2955 1137 3008 radice
1147 2953 1233 3015 lenta,
1242 2955 1384 3022 subnigra,
1393 2955 1453 3006 aine
1465 2953 1561 3011 odore,
1581 2952 1694 3020 aquosis
1705 2952 1845 3002 nrondbus

129 3052 135 3061 ·
171 3036 198 3063 ··’
217 3024 323 3080 XXVI.
354 3022 396 3076 15.
425 3023 482 3091 ipsi
501 3020 661 3078 Mithridati
681 3024 814 3077 Crateras
844 3023 991 3091 adscripsit
1042 3024 1204 3085 subalpinis
1215 3024 1343 3087 piurima.
1380 3023 1452 3073 Usus
1467 3020 1496 3070 in
1513 3020 1609 3073 radice
1625 3028 1756 3073 etsucco.
1793 3020 1847 3071 ila-

56 3092 135 3143 «,iu'·
176 3096 269 3149 imam
282 3091 486 3145 Mithridatiam
506 3100 642 3148 vocatam.
679 3094 754 3149 Huic
771 3094 992 3146 loliadaoars·
1044 3091 1115 3142 dicis
1135 3098 1236 3142 tratura
1258 3097 1301 3142 est
1323 3082 1533 3153 excaliamoria,
1553 3089 1603 3142 sed
1626 3091 1845 3159 praegnantibus

178 3166 247 3217 ilice
260 3160 380 3213 acantho
391 3163 508 3215 similia.
539 3165 632 3215 Cauiis
643 3164 717 3216 inter
727 3172 844 3227 utraque
854 3162 991 3211 sustinens
1044 3176 1098 3212 non
1110 3158 1238 3211 bibenda.

175 3246 295 3286 roseum
307 3231 413 3283 horem.
1053 3248 1062 3267 0
1080 3229 1194 3283 XXXV.
1206 3227 1251 3280 lsi.
1269 3227 1376 3280 iarenit
1390 3234 1419 3280 et
1428 3225 1614 3296 Lysimachus
1628 3226 1743 3285 herbam
1762 3225 1847 3295 Lysi·
1882 3256 1887 3261 ·

165 3308 197 3353 4
218 3297 390 3356 xxviiio.
407 3297 532 3352 Alteram
544 3296 990 3361 Lenaeus,seordotin,siecscor·
1045 3297 1196 3361 machiam,
1207 3313 1279 3364 quae
1290 3299 1325 3350 ab
1336 3313 1370 3350 eo
1380 3312 1481 3350 nomen
1490 3299 1606 3363 retinet,
1625 3299 1765 3351 celebrata
1776 3298 1845 3349 iira-
1879 3333 1886 3343 ,
1932 3342 1935 3349 r

178 3376 263 3434 dion,
275 3371 362 3436 ipsios
372 3382 454 3421 manu
465 3368 646 3433 adscriptam,
662 3367 855 3433 magnitudine
866 3366 991 3429 cubitali,
1045 3370 1168 3420 sistrato.
1204 3366 1608 3429 Foliahahetsalieisriridia,
1631 3368 1897 3435 noaenrpnrpnwg·
1997 3376 2001 3389 ¹

200 3439 380 3506 uadranguio
400 3438 489 3499 caule,
510 3450 647 3487 ramosam
665 3452 785 3502 quernae
802 3436 991 3497 similitudine,
1043 3452 1132 3499 reanr,
1149 3436 1296 3499 fruticosa,
1311 3436 1427 3487 ramulis
1437 3438 1547 3498 erectis,
1563 3436 1650 3489 odore
1662 3438 1733 3488 acri:
1753 3435 1842 3504 gigni·

177 3460 264 3564 doliis
285 3507 470 3575 lanuginosior
488 3505 628 3573 reperitur
649 3506 675 3555 in
688 3505 787 3567 Ponto,
807 3507 912 3572 censpin
935 3506 991 3571 pin·
1045 3516 1091 3556 tnr
1103 3509 1130 3556 ia
1143 3506 1264 3570 aquosis.
1301 3504 1351 3555 Vis
1363 3505 1423 3557 eius
1435 3511 1515 3557 tanta
1526 3511 1578 3566 est,
1602 3506 1777 3557 atiamentis
1788 3504 1843 3556 dis·

78 3592 94 3635 .·
176 3579 288 3649 guibus
303 3575 486 3643 humidisque,
506 3582 605 3641 gustus
620 3575 719 3625 amari.
756 3576 806 3625 list
824 3582 853 3626 et
874 3575 991 3626 alterius
1046 3573 1227 3628 condentibus
1237 3574 1455 3643 iugoimposita,
1477 3577 1657 3641 asperitatem
1670 3573 1809 3627 cohibeat.

180 3647 313 3718 generis,
341 3646 488 3697 latioribus
509 3644 596 3707 ioiiis,
617 3649 770 3695 mentastro
788 3643 993 3715 similiapluri·
1080 3643 1206 3695 XXXVI.
1217 3642 1260 3695 25.
1278 3644 1415 3695 Mulieres
1435 3658 1544 3710 qunque
1555 3641 1626 3695 hanc
1639 3643 1756 3711 gloriam
1779 3641 1845 3696 alie·
1909 3700 1914 3711 ,
1961 3698 1968 3709 ,

176 3731 305 3783 arcaque
317 3722 435 3784 utraque
446 3714 482 3765 ud
500 3728 567 3765 usus
585 3728 634 3781 per
648 3729 689 3775 se,
708 3717 737 3766 et
748 3715 889 3765 nataralia
901 3714 928 3764 in
941 3729 991 3765 aa·
1045 3721 1174 3766 ctarere:
1192 3714 1220 3763 in
1232 3706 1488 3779 quibusdrdemisia
1499 3727 1568 3765 uxor
1578 3713 1712 3779 Mausoli,
1731 3711 1846 3779 adopta·
1864 3722 1868 3731 '
1883 3716 1913 3751 2''

174 3786 294 3840 tidotis.
1045 3790 1075 3835 ts
1084 3782 1179 3843 herbo,
1190 3798 1261 3850 quae
1271 3789 1356 3834 antea
1365 3782 1509 3847 parthenis
1519 3782 1681 3836 recabatur.
1717 3781 1787 3834 Sunt
1798 3781 1848 3851 qui

185 3874 197 3917 ρ
217 3851 349 3907 xxviii.
361 3848 403 3905 17.
423 3850 622 3915 Polemonlam,
632 3851 681 3902 alii
692 3850 924 3914 Philetaeriam‚a
935 3868 993 3904 cer·
1045 3853 1080 3905 ab
1088 3852 1229 3906 Artemide
1240 3852 1355 3919 ilithyia
1366 3852 1588 3920 cognominatam
1602 3852 1846 3921 putant,quoniam

175 3926 291 3979 tamine
309 3936 405 4005 regum
427 3923 596 3975 inuentionis
614 3921 766 3988 appellant.
811 3921 991 3988 Cappadoces
1044 3922 1175 3990 privatim
1194 3920 1341 3974 medeatur
1361 3921 1524 3975 feminarum
1547 3923 1639 3974 malis.
1680 3923 1732 3972 Est
1752 3927 1845 3972 autem

175 4003 280 4048 autem
293 3990 535 4058 chilrodynamam,
550 3991 646 4043 radice
657 4006 760 4052 crassa,
770 3990 992 4053 esilihuaramis,
1044 3990 1175 4044 absinthii
1191 3990 1275 4043 modo
1290 3992 1440 4055 huticosa,
1459 3992 1610 4044 maioribus
1629 3989 1718 4051 loliis,
1741 3990 1846 4055 pingui·

176 4066 288 4132 quibus
297 4063 327 4114 in
337 4061 452 4113 summis
462 4061 590 4128 corymbi
601 4060 770 4126 dependent,
780 4061 860 4126 nigro
871 4064 990 4113 sentines
1044 4062 1158 4127 busque.
1194 4060 1284 4126 ipsias
1295 4061 1350 4112 duo
1359 4076 1477 4130 generm
1496 4060 1588 4114 altera
1598 4059 1746 4111 latioribus
1758 4056 1845 4117 toliis,

175 4140 282 4188 cetero
292 4138 374 4183 rutae
383 4130 492 4181 similis.
528 4129 658 4181 Nascitur
667 4129 696 4178 in
709 4129 871 4180 montuosis.
1044 4132 1134 4181 ultera
1141 4136 1236 4181 tenera
1246 4132 1429 4193 tenuioribus,
1436 4136 1527 4181 etnon
1539 4130 1592 4180 nisi
1601 4131 1628 4179 in
1641 4124 1787 4177 niaritimia
1797 4139 1845 4174 na·
1855 4148 1870 4169 ,-

197 4204 198 4209 ’
216 4201 325 4255 ΧΧΙΧ.
338 4199 378 4250 18.
389 4197 545 4262 Eupatoria
555 4211 666 4265 quoque
676 4197 782 4261 regiam
793 4196 991 4248 auctoritatem
1044 4213 1133 4250 scens.
1144 4204 1161 4229 ³
1175 4196 1246 4249 Sunt
1268 4200 1313 4264 qui
1333 4202 1363 4250 in
1380 4199 1593 4249 mediterraneis
1614 4194 1712 4246 eodem
1734 4195 1846 4245 nominc

174 4272 282 4332 hahet,
292 4268 380 4320 caulis
391 4265 505 4331 liguosi,
526 4264 696 4332 nigricantis,
717 4263 828 4325 hirsuti,
850 4263 992 4324 cubitalis,
1045 4264 1196 4332 appellent,
1203 4268 1322 4333 simplici
1335 4268 1423 4327 caule,
1435 4266 1556 4316 minimis
1567 4264 1655 4322 loliis,
1667 4263 1744 4315 lieris
1755 4262 1847 4328 capio·

175 4350 209 4396 ct
222 4334 380 4404 aliquando
391 4332 631 4399 amplioris,loliis
644 4348 693 4399 per
701 4333 850 4384 intertalla
859 4335 990 4399 quinque·
1045 4336 1079 4396 si,
1100 4335 1268 4399 erumpentis
1280 4350 1340 4387 cum
1352 4349 1407 4385 ura
1418 4334 1592 4397 maturescit,
1601 4331 1696 4394 ,odore
1707 4345 1761 4382 aon
1772 4330 1844 4381 inio-

172 4410 260 4468 iniit,
273 4405 472 4463 sutcannabis,
496 4415 545 4466 per
555 4402 689 4453 ambitum
701 4400 798 4453 inciam
809 4402 990 4468 quinquepar·
1045 4402 1152 4456 cundo:
1171 4417 1253 4469 quam
1273 4403 1388 4470 quidam
1408 4403 1521 4470 hotryn,
1541 4403 1592 4453 alii
1612 4400 1779 4453 ambrosiam
1800 4414 1847 4450 vo·

172 4481 252 4538 tito,
272 4472 361 4540 nigris
377 4482 405 4533 et
426 4470 505 4538 ipsis,
526 4471 732 4538 planetisque:
749 4471 843 4523 radice
861 4485 991 4537 superra-
1045 4480 1118 4526 cant.
1155 4471 1274 4524 Tallaia
1287 4472 1608 4540 cappadocianascitnr.

173 4563 248 4605 cua
287 4542 386 4596 Samen
400 4539 585 4609 dysentericis
600 4540 629 4591 in
643 4542 708 4592 uine
724 4545 820 4606 potum
840 4542 994 4592 auxiliatur
1080 4541 1220 4594 xxxvia
1240 4542 1284 4594 26.
1303 4541 1467 4609 Nymphaea
1488 4550 1553 4593 nats
1574 4538 1696 4593 traditur
1716 4536 1847 4605 Nympha

173 4616 279 4669 unice.
1045 4612 1186 4679 zelotypia
1197 4626 1266 4680 erga
1274 4612 1425 4664 Herculem
1437 4618 1555 4663 naertua.
1592 4610 1684 4671 Quare
1694 4606 1846 4660 heracleon

174 4684 183 4711 ²
217 4682 314 4737 XXX.
335 4677 377 4732 1o.
397 4679 670 4733 Centauriocuratus
683 4678 786 4732 dicitur
798 4676 910 4742 chiron,
931 4695 993 4732 cum
1045 4689 1146 4733 vocant
1156 4681 1254 4751 aliqui,
1274 4681 1324 4733 aiii
1341 4678 1484 4748 rhopalon,
1503 4695 1519 4732 a
1536 4679 1630 4731 radice
1641 4678 1739 4731 clavae
1749 4677 1845 4728 simili.

173 4750 322 4809 Herculis
335 4750 447 4816 excepti
457 4749 581 4817 hospitio
591 4750 774 4815 pertractanti
786 4764 872 4812 arma,
887 4751 994 4818 sagitta
1045 4752 1166 4818 ideoque
1177 4766 1234 4813 eos,
1244 4753 1289 4819 qui
1301 4752 1422 4805 biberint
1431 4766 1492 4803 eane
1506 4748 1652 4801 duodecim
1664 4746 1770 4809 diebus,
1786 4745 1845 4798 coi-

175 4820 380 4878 excitaretis
392 4817 502 4886 pedem:
521 4834 607 4887 quare
617 4820 703 4886 aliqui
715 4819 868 4871 Chironion
878 4824 991 4872 vocant.
1045 4829 1077 4874 ru
1092 4820 1277 4889 genituraque
1288 4821 1402 4888 privari.
1436 4814 1848 4871 LaudatissimniaOrchomc·

174 4890 452 4948 Foliasuntiatact
464 4889 594 4958 oblonga,
604 4897 716 4945 serrato
727 4889 844 4950 ambitu,
860 4888 948 4941 densa
957 4888 992 4940 ab
1045 4905 1082 4945 no
1093 4890 1306 4944 ctMarathone.
1343 4890 1444 4942 Boeoti
1459 4889 1559 4939 madon
1574 4895 1683 4948 vocant,
1703 4888 1750 4953 qni
1766 4894 1795 4941 et
1805 4901 1847 4938 se·

131 5013 145 5029 ,
175 4962 294 5022 radice,
306 4958 400 5011 caules
412 4962 521 5012 ternum
532 4960 701 5021 cubitorum,
710 4958 871 5027 genimina.
908 4957 993 5011 iahia
1046 4960 1216 5014 menedust.
1253 4960 1385 5013 Nascitur
1399 4961 1428 5011 in
1444 4958 1565 5025 aquosis,
1585 4956 1663 5008 loliis
1680 4956 1796 5022 magnis,
1818 4958 1847 5006 in

175 5030 283 5100 capita
292 5045 341 5082 ceu
354 5043 531 5096 papaverum.
568 5031 757 5089 liadisvaata,
775 5029 932 5092 rubescens,
950 5036 994 5081 te·
1046 5044 1250 5098 summasque,
1270 5029 1375 5082 stallis
1390 5044 1425 5081 ex
1443 5027 1537 5081 radice
1548 5026 1758 5094 prodeuntibus,
1776 5025 1845 5078 liora

174 5116 259 5156 nera
268 5098 440 5167 fragilisque,
452 5098 486 5150 ad
497 5099 565 5150 bina
573 5100 679 5161 cubita,
690 5097 803 5150 aradida
812 5113 906 5160 succo,
916 5112 992 5150 ama·
1046 5100 1211 5160 illiosimili,
1222 5106 1250 5151 et
1261 5113 1322 5150 cum
1334 5098 1473 5160 defloruit,
1492 5099 1584 5165 capite
1595 5096 1750 5164 papaveris,
1769 5094 1847 5143 tenui

125 5210 131 5218 .
174 5167 589 5236 sacumquadamdulcedisc.
625 5167 758 5221 Nascitur
767 5169 796 5218 in
807 5168 925 5220 collibus
936 5168 994 5233 pin²
1024 5168 1138 5221 caule:
1157 5174 1270 5221 secatur
1280 5173 1423 5222 autumno.
1458 5161 1848 5236 RadixnigrainSolesicca·

176 5239 328 5309 gaisola.
362 5238 572 5290 Laudatissima
589 5237 758 5299 indrcadia,
777 5237 868 5300 Elide,
887 5237 995 5290 Messe·
1046 5234 1446 5305 conmiscentur-quesivistis.
1482 5240 1534 5290 Est
1544 5244 1573 5290 et
1583 5238 1640 5290 alia
1650 5229 1808 5302 nymphaea
1817 5230 1846 5279 in

175 5311 246 5372 nia,
269 5306 383 5369 Pholoe,
396 5314 425 5358 ct
433 5306 538 5373 Lycia:
558 5314 588 5359 et
597 5308 625 5358 in
638 5307 752 5375 alpibus
761 5321 838 5367 vcro,
857 5306 995 5373 piurimis·
1045 5304 1200 5367 Thessalia,
1211 5322 1291 5359 amne
1303 5308 1404 5371 Peneo,
1415 5307 1510 5359 radice
1520 5308 1594 5368 siba,
1605 5306 1697 5371 capite
1706 5302 1792 5360 luteo,
1804 5312 1845 5349 ro·

201 5392 243 5430 ne
255 5376 321 5429 aliis
332 5375 421 5427 locis(
449 5375 480 5426 ia
494 5375 587 5443 laycis
602 5377 714 5443 quidem
732 5382 810 5429 etex
826 5389 861 5426 ea
876 5375 993 5427 Isurium
1045 5391 1093 5424 ns
1109 5376 1308 5442 magnitudine.

210 5446 306 5500 ciant.
342 5442 393 5494 Vis
412 5443 441 5494 in
455 5444 614 5497 vulneribus
631 5452 725 5509 mata,
748 5450 779 5497 at
797 5442 886 5497 cohse‘
1149 5444 1286 5499 ”uiam
1304 5445 1415 5497 Invenit
1426 5449 1575 5510 etpstrum
1586 5444 1742 5489 nostmrum
1752 5441 1848 5488 aetate

174 5517 275 5571 etiam
293 5526 391 5568 carnes
411 5511 535 5577 tradant,
555 5514 581 5567 si
596 5522 750 5583 coquantur
764 5512 846 5565 simui
1206 5530 1285 5567 mam
1305 5513 1457 5581 appellavit
1470 5508 1668 5577 suphuratam,
1688 5504 1790 5559 medici
1802 5505 1847 5557 siri

176 5586 271 5639 radix
282 5588 391 5638 tantum
404 5581 512 5635 duabus
522 5582 665 5639 drachmis
675 5583 840 5651 bibendam
1282 5585 1338 5638 ris
1353 5584 1408 5638 ioii
1417 5580 1526 5639 Musae,
1545 5590 1629 5642 aquo
1644 5574 1748 5629 Dirum
1758 5580 1847 5643 Augu·

218 2164 308 2217 XXV.
326 2160 431 2214 Vetant
450 2161 509 2212 dari
524 2161 637 2214 senibus
649 2169 678 2217 et
688 2161 795 2229 pueris:
814 2161 882 2214 item
894 2159 987 2212 mollis
