4356 6014
313 289 345 350 C.
380 288 531 349 PLiNll
566 286 778 350 SECUNDI
811 289 982 352 NATUR·
1013 289 1215 355 tiisroa.
1255 294 1338 354 ola.
1361 295 1455 354 Xll'.
1488 298 1579 359 CAP.
1603 308 1632 360 4.

149 446 325 503 messuerat,
336 445 366 493 et
374 439 436 492 ovis
447 438 652 493 veronensium
662 451 741 507 agro.
752 438 827 502 Quin
837 447 867 492 et
876 455 894 493 a
903 455 951 508 pa·

149 511 247 567 tlentia
257 524 357 563 nomen
368 511 456 562 acinis
467 508 660 575 deturpassis.
682 508 846 560 Gonduntur
855 519 884 562 et
896 526 954 561 mu·

150 589 194 635 sto
205 596 282 644 urae,
293 580 425 647 ipsaeque
437 578 502 629 rino
512 593 563 629 suo
574 578 756 630 inebriantur.
781 578 861 632 Aliae
871 579 953 632 deco·

151 660 210 705 etas
220 651 249 702 in
260 657 352 701 musto
362 648 539 700 dulcescunt:
556 647 628 699 aliae
640 662 704 699 rero
716 648 840 701 sobolem
853 663 953 701 noram

150 723 178 774 in
189 726 277 771 matre
289 720 350 785 ipsa
361 722 523 784 exspectant
544 716 731 769 translucidae
751 716 839 769 nitro:
860 718 952 770 addit·

151 805 203 860 que
212 789 298 842 acinis
310 787 435 849 eandem,
446 802 527 854 qoam
540 786 568 836 in
580 785 663 837 doliis
674 785 858 853 amphorisve,
870 788 951 840 dura-

150 861 246 913 tricem
260 856 336 909 illam
350 857 509 908 tirnritatem
520 855 674 908 austeritas
693 857 763 923 picis
772 855 868 909 infusa
879 857 955 924 pedi·

152 930 220 982 colo.
255 928 312 978 lam
337 927 450 979 inventa
470 940 520 992 per
538 940 568 977 se
582 926 611 976 in
629 925 692 977 rino
703 926 791 992 picem
807 927 954 1008 resipiens,

154 1000 334 1053 Viennensem
347 1010 443 1064 agrum
457 995 619 1056 nobilitans,
629 994 955 1064 Arverno,Sequanoque

151 1067 307 1121 etllelrieo
338 1065 466 1118 oneribus
476 1080 530 1117 non
553 1063 658 1130 pridem
680 1064 830 1118 illustrata.
864 1069 955 1135 arque

151 1137 216 1190 haec
238 1082 352 1202 vagtis
373 1137 444 1186 ratis
464 1140 557 1186 aetate
575 1134 728 1200 incognita,
749 1137 862 1187 aculus
875 1136 954 1187 obitu

151 1208 196 1259 XC
208 1213 328 1275 aguntur
339 1205 413 1255 anni.
451 1202 524 1267 Quid
537 1202 611 1269 quod
627 1203 749 1256 insertae
771 1205 872 1256 castris
883 1220 955 1256 sunr-

151 1291 220 1329 man:
238 1290 330 1327 rerum
348 1273 551 1342 imperiumque
572 1272 732 1324 continenti
755 1274 954 1326 centurionum

150 1348 176 1398 in
197 1359 282 1397 manu
297 1344 371 1406 ritis,
393 1350 422 1395 et
433 1342 527 1409 opimo
545 1343 668 1407 praemio
679 1342 778 1395 tardos
795 1344 907 1398 ordines
917 1344 954 1397 ad

150 1416 238 1469 lentas
246 1413 374 1481 perducit
385 1414 506 1480 aquilas,
527 1419 613 1479 atque
624 1412 710 1464 etiam
727 1413 755 1463 in
768 1412 880 1466 delictis
891 1430 954 1481 poe·

150 1500 210 1538 nam
222 1486 310 1551 ipsam
323 1481 450 1535 honorat.
471 1482 528 1534 Nee
540 1497 595 1532 non
605 1481 703 1534 rineae
714 1484 953 1552 oppugnationum

150 1554 249 1608 dedere
260 1553 408 1606 rationem.
444 1551 514 1604 Nam
535 1550 564 1602 in
576 1550 804 1604 medicaminibus
816 1552 886 1605 adeo
899 1568 955 1605 ma·

148 1641 232 1694 gnum
244 1623 371 1676 obtinent
381 1622 483 1684 locuni,
503 1628 533 1673 ut
543 1634 593 1687 per
608 1635 670 1673 sese
685 1621 750 1673 rino
760 1622 820 1689 ipso
830 1622 956 1676 remedia

149 1696 213 1747 sint.

182 1764 232 1818 lV.
260 1762 372 1816 Genera
393 1762 491 1815 ritium
514 1776 628 1814 numero
656 1759 852 1829 comprehendi
872 1775 955 1829 posse

1751 306 1810 367 175

1006 440 1062 493 dis:
1077 440 1209 508 humidis,
1221 460 1302 514 quam
1315 446 1483 500 sitientibus.
1521 449 1621 504 Visula
1631 454 1718 522 arogis
1728 470 1812 524 quam

1006 510 1092 562 denso
1103 528 1218 577 quarum
1231 525 1323 583 partu,
1346 516 1495 584 impatiens
1509 524 1645 573 variantis
1658 524 1742 588 caeli,
1763 529 1812 581 sed

1006 584 1106 631 contra
1132 586 1257 637 tenorem
1283 602 1366 637 unum
1394 586 1502 655 algoris
1521 598 1651 646 aestusve
1672 602 1811 651 constans.

1006 652 1085 713 Quae
1098 652 1187 702 minor
1197 660 1240 704 est
1250 669 1284 705 ea
1294 670 1327 707 oo
1338 670 1448 724 genere,
1459 659 1569 712 melior.
1590 661 1620 712 lo
1631 661 1757 731 eligendo
1769 680 1812 717 so·

1007 720 1035 770 lo
1047 732 1168 782 nrurosa,
1180 721 1277 790 pingui
1287 727 1430 789 putrescit,
1449 728 1671 794 graciliomnino
1681 746 1737 785 oon
1749 748 1811 800 pro-

1006 788 1092 841 venit.
1129 789 1252 841 Mediam
1265 795 1425 859 temperiem
1438 796 1559 851 delicate
1571 802 1690 868 quaerit,
1711 804 1746 856 ob
1758 803 1811 857 hoe

1007 858 1120 910 Sabinis
1131 859 1251 912 collibus
1262 859 1421 915 familiaris.
1457 866 1515 919 Ura
1526 869 1586 920 cius
1598 870 1731 924 indecora
1741 875 1811 937 risu,

1006 941 1107 993 sapore
1118 928 1253 981 iucunda:
1271 931 1328 981 nisi
1337 940 1446 986 matura
1457 939 1584 1001 protinus
1594 941 1714 1006 rapitur,
1725 941 1809 993 etlam

1007 1013 1062 1050 non
1073 1004 1236 1064 putrescens
1247 999 1330 1051 eadit.
1367 1005 1470 1056 eontra
1480 1006 1630 1071 grandines
1640 1024 1702 1063 eam
1714 1018 1810 1064 tuetur

1007 1065 1137 1118 loliorum
1149 1068 1303 1134 amplitudo
1315 1075 1400 1137 atque
1411 1073 1523 1126 duritia.

1042 1135 1069 1187 4.
1088 1137 1214 1206 insignes
1232 1139 1288 1190 ianr
1304 1139 1397 1193 colore
1408 1143 1480 1194 inter·
1491 1159 1643 1212 purpureas
1660 1148 1810 1217 nigrasque

1008 1205 1100 1258 medio
1112 1205 1252 1271 helvolae,
1273 1210 1384 1276 saepius
1394 1212 1526 1275 varianti,
1546 1222 1574 1266 et
1591 1217 1626 1267 oh
1636 1216 1665 1269 id
1675 1220 1808 1272 varianae

1007 1290 1024 1325 a
1036 1275 1201 1343 quibusdam
1215 1278 1381 1345 appellatae.
1418 1279 1581 1334 Praefertur
1595 1285 1624 1334 in
1636 1284 1677 1336 his
1688 1288 1808 1355 nigrior:

1007 1350 1127 1411 utraque
1137 1349 1252 1398 alternis
1264 1349 1342 1399 annis
1354 1348 1465 1412 tortilis,
1486 1350 1536 1403 sed
1545 1353 1645 1404 melior
1654 1356 1728 1419 rino,
1746 1375 1807 1411 curu

1007 1416 1126 1481 parcior.
1161 1415 1198 1466 Et
1209 1415 1324 1468 Preciae
1344 1417 1400 1470 duo
1418 1434 1522 1486 genera
1534 1424 1723 1490 magnitudine
1734 1430 1809 1480 acini

1007 1484 1210 1547 discernuntur,
1222 1487 1320 1552 quibus
1331 1491 1463 1549 materies
1473 1489 1602 1556 plurima,
1624 1506 1729 1561 uvaque
1742 1497 1808 1548 ollis

1007 1553 1167 1616 utilissima,
1178 1554 1277 1606 lolium
1289 1556 1354 1622 apio
1364 1556 1464 1609 sinrile.
1495 1559 1645 1613 Basilicam
1657 1564 1810 1631 Dyrrachi·

1006 1623 1197 1686 nicelehraot,
1218 1625 1369 1692 llispaniae
1393 1627 1539 1681 cocolohin
1561 1638 1671 1683 vocant.
1707 1634 1810 1686 liarior

1006 1709 1069 1755 ura,
1081 1700 1176 1745 aestus
1186 1703 1352 1761 austrosque
1364 1697 1479 1749 tolerat:
1500 1713 1533 1751 ca
1553 1700 1586 1750 iti
1596 1701 1717 1763 inimica,
1727 1703 1810 1770 copia

1007 1763 1094 1830 larga.
1118 1763 1272 1830 Hispaniae
1283 1763 1339 1815 duo
1349 1768 1524 1832 generosius
1534 1714 1654 1822 faciunt:
1667 1784 1750 1822 unum
1761 1773 1809 1823 ob·

149 1849 221 1885 unus
236 1831 405 1884 existimarit
421 1831 614 1895 Democritus,
635 1837 735 1884 cuneta
752 1831 955 1884 sibi'Gracciae
1001 1828 1091 1899 longo
1113 1833 1204 1895 asino,
1224 1834 1342 1886 alterum
1365 1837 1500 1889 rotundo:
1531 1840 1695 1892 novissimas
1715 1841 1810 1893 rindo-

148 1902 260 1970 cognita
272 1902 423 1969 protessus.
441 1902 535 1954 Ceteri
544 1902 689 1954 innumera
700 1908 784 1968 atque
794 1901 903 1953 inlinita
914 1916 955 1953 cs·

147 1989 177 2025 se
188 1971 380 2039 prodiderunt,
391 1972 465 2038 quod
476 1974 568 2023 varios
578 1971 724 2037 apparebit
734 1986 768 2023 ea
779 1970 860 2022 vinis.
896 1970 955 2023 Nec

148 2042 241 2094 unrnia
253 2042 391 2103 dicentur,
411 2040 460 2094 sed
480 2043 600 2093 maxime
617 2040 750 2109 insignia:
772 2040 874 2108 quippe
885 2056 955 2107 quae

147 2111 262 2164 totidem
273 2126 361 2179 paene
371 2118 447 2175 sunt,
458 2118 526 2178 quot
537 2111 608 2178 agri.
634 2110 822 2173 Quamobrem
833 2110 955 2163 celeber-

147 2180 234 2232 rimae
247 2181 361 2243 ritium,
381 2186 430 2232 aot
440 2182 537 2247 quibus
554 2185 597 2232 est
613 2180 707 2249 aliqua
716 2180 890 2248 proprietate
901 2180 953 2231 nri·

146 2250 283 2314 raculunr,
295 2249 451 2302 ostendisse
461 2250 531 2302 satis
542 2252 608 2301 erit.

180 2318 207 2370 1.
226 2319 402 2386 Principatus
415 2319 654 2373 daturhmnrineis
665 2320 954 2387 propterlirmitatem,

144 2390 279 2456 senioque
291 2390 483 2457 proficientem
495 2390 553 2440 rini
566 2391 625 2441 eius
635 2390 733 2457 utique
745 2393 839 2441 ritant.
869 2390 954 2452 Quin·

143 2472 954 2594 lliltalia?territaretur:larii:a

141 2596 214 2649 item
225 2598 324 2657 maior,
345 2595 394 2646 sed
405 2596 434 2645 in
445 2594 556 2655 arbore,
576 2610 658 2660 quom
669 2596 697 2645 in
707 2596 782 2661 iugo,
804 2596 893 2647 minus
904 2595 953 2646 oh-

141 2666 242 2718 noxia.
274 2662 473 2725 Gemellorum,
484 2660 583 2729 quihus
596 2660 648 2714 hoc
657 2678 756 2714 nomon
767 2678 837 2716 uvae
846 2679 956 2731 semper

137 2737 276 2802 geminae
287 2730 397 2793 dedere,
419 2733 590 2799 asperrimos
600 2747 693 2798 sapor,
708 2731 758 2784 sed
767 2733 840 2784 viros
852 2736 955 2800 praeci·

139 2817 229 2870 puae.
242 2804 283 2852 Ex
294 2801 329 2852 iis
341 2803 432 2853 minor
442 2807 539 2853 austro
550 2801 679 2864 laeditur,
689 2802 792 2854 ceteris
801 2805 891 2854 sentis
903 2803 954 2854 ali·

139 2880 204 2932 tur,
226 2877 258 2920 ut
278 2869 307 2919 in
323 2867 446 2923 Vesuvio
464 2879 557 2924 monte
578 2871 805 2938 Surrentinisque
825 2872 953 2925 collibus.

138 2941 172 2992 ln
184 2938 306 3005 reliquis
318 2938 416 2992 ltaliae
428 2941 555 3006 partibus
566 2956 620 3009 nor:
633 2941 684 2991 nisi
696 2941 790 2993 arbori
801 2956 954 2994 accommo-

143 3012 224 3061 data.
261 3007 394 3068 Quintum
409 3023 498 3076 genus
519 3009 640 3070 lanatae,
661 3026 695 3062 ne
708 3010 789 3062 Seres
810 3010 954 3076 miremur,

144 3085 195 3131 aut
205 3074 299 3140 ludos,
319 3075 390 3128 adeo
402 3077 504 3143 lanugo
516 3093 576 3129 ean:
587 3080 685 3129 restit:
701 3080 793 3145 prima
802 3093 837 3131 ex
847 3080 952 3132 Ammi-

144 3150 208 3199 neis
221 3145 392 3207 maturescit,
405 3148 589 3215 ocissimeque
602 3148 748 3212 putrescit.

178 3217 206 3268 2
227 3213 360 3265 Proxima
370 3215 492 3281 dignitas
502 3215 682 3268 Nomentanis
695 3219 810 3271 rubente
820 3220 952 3271 materia:

146 3289 318 3351 quapropter
330 3284 440 3351 quidam
453 3284 575 3337 rubellas
587 3286 764 3353 appellavere
776 3287 880 3339 cineas.
891 3291 953 3341 lloe

146 3354 241 3406 minus
252 3353 373 3417 fertiles,
393 3355 515 3407 vinaceis
526 3361 554 3407 et
565 3355 643 3407 iuece
655 3357 752 3414 niolio,
772 3365 869 3409 contra
880 3358 953 3425 prui-

147 3440 199 3476 nas
212 3423 397 3489 fortissimae,
419 3424 546 3476 siccitate
559 3427 648 3492 magis
659 3441 740 3493 qoam
752 3428 854 3488 imbrs,
874 3435 953 3479 aestu

149 3508 233 3560 quam
244 3493 341 3560 algore
361 3502 505 3547 velantur.
542 3494 728 3555 Quamobrem
741 3496 769 3546 in
782 3495 895 3563 frigidis
905 3495 954 3547 hu-

148 3563 284 3629 :nidisque
295 3565 480 3631 principatum
494 3564 631 3616 obtinent.
666 3565 809 3628 Fertilior,
821 3580 891 3632 quae
901 3566 951 3616 mi·

149 3646 201 3685 nor
213 3633 294 3684 acino
304 3642 333 3685 et
346 3632 417 3686 lulio
428 3634 515 3685 scissa
527 3635 624 3685 orions.

182 3701 208 3754 3.
227 3702 343 3769 Apionis
356 3718 422 3770 apes
436 3702 536 3755 dedere
551 3718 722 3771 cognomen,
743 3704 892 3769 praecipue
908 3719 953 3756 ca·

150 3784 208 3822 run:
221 3772 327 3824 aridae.
352 3772 395 3824 Es
407 3773 448 3824 eis
461 3771 516 3822 duo
526 3787 638 3839 genera,
650 3772 782 3840 lanugine
793 3779 822 3825 et
832 3772 894 3839 ipsa
904 3789 954 3840 pu·

150 3839 273 3892 hsseunt.
309 3841 436 3902 Distant,
458 3841 531 3909 quod
545 3841 635 3893 altera
651 3841 768 3894 celerius
781 3846 954 3906 maturescit,

149 3923 305 3976 quanquam
321 3916 350 3961 et
369 3910 459 3962 altera
469 3916 645 3977 properante.
682 3908 759 3961 Situs
771 3909 889 3977 frigidos
900 3926 953 3961 non

149 3985 300 4044 respuunt:
312 3987 340 4031 et
350 3986 443 4031 mmen
454 3978 546 4030 nullae
556 3978 675 4029 celerius
687 3978 775 4030 imbre
784 3986 954 4044 putrescunt

149 4043 222 4098 ilina
242 4049 332 4114 primo
353 4048 459 4108 dulcia,
490 4048 682 4099 austeritatem
704 4048 785 4099 annis
805 4049 954 4115 accipiunt.

149 4114 262 4168 Etruria
272 4117 350 4168 nulla
361 4118 449 4183 aragia
460 4118 517 4167 rite
529 4116 641 4184 gaudet.
676 4116 714 4167 Et
726 4116 859 4170 hactenus
870 4119 955 4185 potis·

149 4186 219 4236 aima
230 4186 362 4239 nobilitas
377 4186 562 4254 peculiaribus
578 4192 660 4255 atque
677 4187 833 4239 vernaculis
846 4187 954 4239 ltaliae.

184 4255 302 4307 Ceterae
320 4255 457 4308 advenere
471 4254 550 4316 Chio,
571 4254 709 4307 Thasoue.
745 4256 885 4309 Graecula
900 4272 955 4308 non

149 4322 269 4375 inferior
278 4325 427 4377 Assorineis
438 4325 574 4386 bonitate,
583 4330 750 4392 praetenera
762 4327 852 4388 acino,
863 4332 891 4378 et
901 4342 955 4377 ura

150 4398 208 4445 mm
221 4409 322 4461 parra,
341 4401 372 4444 ut
384 4395 435 4445 nisi
448 4393 629 4461 pinguissimo
646 4394 709 4446 solo
722 4394 815 4447 colere
826 4409 882 4446 non
893 4410 955 4462 pro-

150 4462 196 4514 sit.
233 4463 388 4531 Eogeaiam
400 4463 626 4516 'l'aororninitani
643 4463 730 4515 colles
747 4480 806 4515 cum
817 4464 955 4531 generosi·

149 4533 217 4584 tatis
229 4533 404 4601 cognomine,
426 4535 527 4585 misere
543 4533 650 4585 Albano
665 4539 772 4584 tantum
784 4548 866 4599 agro:
890 4548 956 4599 quo·

150 4601 223 4653 niam
238 4602 376 4654 translata
387 4603 481 4655 statim
493 4608 626 4655 mutatur.
663 4601 790 4669 Namque
805 4610 847 4654 eat
857 4602 955 4670 aliqui·

149 4671 201 4723 bos
212 4678 309 4725 tantus
319 4673 446 4725 locorum
458 4688 551 4738 amor,
572 4679 604 4725 ut
615 4688 724 4725 omnem
738 4673 768 4722 in
780 4669 824 4723 his
835 4672 955 4740 gloriam

149 4757 227 4794 asam
241 4744 411 4812 relinquant,
422 4758 473 4796 nec
483 4757 601 4812 usquam
614 4747 757 4795 transeant
767 4746 855 4795 totae.
873 4740 956 4804 Quod

150 4818 179 4864 et
188 4813 217 4865 ia
229 4811 366 4868 Rhaetica
376 4814 628 4882 Allobrogicaque,
647 4827 731 4880 quam
741 4826 825 4878 supra
837 4814 956 4879 picatam

149 4883 361 4949 appellavimus,
377 4885 478 4947 evenit,
489 4884 564 4935 domi
576 4883 729 4944 nobilibus,
746 4895 956 4950 necagnoseen·

149 4951 192 5002 dia
204 4951 284 5004 alibi.
320 4954 487 5007 Foecundae
498 4960 607 5016 tamen,
626 4951 763 5004 bonitatis
778 4951 838 5003 vice
848 4952 955 5017 copiam

148 5027 307 5086 praestant:
329 5023 449 5091 eugenia
460 5022 632 5076 terrentibus
642 5021 723 5082 locis,
744 5018 878 5073 Rhaetica
888 5025 957 5072 tem·

148 5090 385 5155 peraerumnosis
407 5094 451 5145 ica
460 5091 578 5160 frigidis,
588 5090 652 5158 gelu
664 5095 861 5153 maturescens,
873 5096 902 5141 et
912 5104 957 5141 eo-

147 5156 209 5212 lore
219 5163 310 5227 nigra.
338 5110 444 5223 liniis,
465 5158 957 5228 quasadhuodirimus,sedetiame

148 5227 238 5296 nigris
258 5231 324 5281 vina
342 5236 482 5283 vetustate
505 5230 532 5279 in
548 5229 643 5282 album
660 5229 783 5281 colorem
802 5235 956 5283 transeunt.

148 5296 285 5366 Reliquae
295 5298 445 5365 ignobiles.
481 5298 639 5367 Aliquando
652 5307 746 5353 tannen
761 5298 833 5350 caeli
845 5307 894 5352 aot
903 5298 958 5350 soli

149 5381 237 5436 opera
247 5384 302 5421 non
315 5368 415 5420 lalluat
427 5375 605 5432 vetustatem,
619 5370 705 5423 sicuti
716 5368 844 5429 Facenio,
855 5375 884 5420 et
895 5381 956 5418 eum

147 5452 183 5490 ea
192 5437 297 5492 llorans
307 5438 444 5500 Biturica,
456 5438 539 5490 acino
548 5440 649 5501 rarior,
668 5453 806 5506 nunquam
817 5435 895 5490 horis
908 5437 957 5489 oh

145 5508 233 5571 aonii,
243 5508 374 5577 quoniam
385 5506 563 5571 antecedunt,
575 5509 720 5576 ventisque
730 5517 758 5561 et
770 5506 904 5559 imbribus
915 5521 958 5557 re·

144 5576 267 5631 sistam:
285 5577 419 5649 meliores
429 5584 525 5631 tamea
535 5576 783 5644 egentissumus,
802 5590 883 5645 mam
894 5573 959 5628 cali·

1007 1902 1105 1953 noiant.
1142 1904 1203 1965 Quo
1215 1901 1324 1955 dulcior
1335 1905 1486 1970 cocolohis,
1503 1905 1556 1959 hoc
1568 1908 1676 1961 melior.
1713 1910 1767 1962 Sed
1781 1917 1810 1962 et

1007 1978 1121 2023 austera
1133 1975 1233 2023 transit
1253 1974 1282 2024 in
1303 1973 1412 2027 dulcem
1424 1982 1575 2029 vetustate:
1596 1985 1708 2046 atquae
1720 1979 1810 2032 duleis

1006 2041 1069 2103 fuit,
1080 2040 1109 2092 io
1120 2042 1326 2094 austeritatem:
1338 2049 1405 2096 tunc
1415 2045 1552 2099 Albanum
1564 2047 1658 2098 sinum
1669 2048 1811 2102 aemulan·

1007 2120 1060 2162 tur.
1098 2110 1228 2163 Tradunt
1238 2113 1348 2165 vesicae
1364 2113 1439 2165 vitiis
1454 2115 1632 2167 utilissimum
1655 2132 1690 2169 ex
1709 2116 1750 2169 his
1762 2133 1809 2185 po·
1846 2120 1850 2139 '

1006 2188 1076 2232 tum.
1103 2180 1229 2232 Albuolia
1240 2183 1356 2234 summis
1366 2183 1512 2236 arboribus
1524 2185 1648 2238 fertilior
1660 2194 1713 2250 est,
1727 2189 1810 2241 Visu-

1006 2250 1034 2301 la
1045 2250 1118 2300 irnis.
1145 2251 1332 2312 Quamobrem
1344 2252 1420 2305 circa
1430 2253 1544 2308 easdem
1556 2262 1635 2308 satae
1646 2255 1810 2311 diversitate

1008 2327 1125 2371 naturae
1137 2319 1319 2387 locupletant.
1356 2323 1535 2376 inerticulam
1553 2340 1569 2377 e
1584 2325 1672 2393 nigris
1683 2327 1809 2394 appella-

1007 2405 1085 2449 vero,
1104 2389 1206 2441 iustius
1217 2390 1341 2442 sobriam
1353 2392 1472 2455 dicturi,
1491 2394 1650 2447 inveterato
1661 2399 1810 2463 praecipue

1007 2458 1254 2511 conroaendabilem
1267 2460 1347 2522 rino,
1366 2462 1417 2514 sed
1434 2462 1541 2516 viribus
1551 2464 1708 2518 innoxiam:
1724 2467 1809 2533 siqui·

1006 2526 1070 2578 dem
1082 2527 1279 2580 temulentiam
1290 2529 1353 2580 sola
1364 2546 1420 2582 non
1432 2531 1508 2583 lacit.

1041 2592 1067 2646 h.
1086 2591 1234 2647 Fertilitas
1256 2600 1433 2652 commendat
1454 2609 1577 2665 ceteras,
1599 2603 1808 2671 principemque

1007 2662 1196 2717 helvenacam.
1215 2664 1280 2718 Duo
1293 2666 1482 2735 elongarem:
1492 2673 1590 2733 maior,
1602 2686 1684 2738 quam
1696 2672 1809 2738 quidam

1007 2733 1131 2800 longam:
1152 2734 1347 2803 minor,quam
1358 2753 1499 2791 enrarcum
1509 2740 1663 2808 appellant,
1686 2756 1739 2792 non
1751 2747 1807 2792 tam

1005 2803 1181 2865 neruoram,
1192 2803 1241 2857 sed
1251 2806 1404 2872 gratiorem
1417 2807 1528 2862 haustu.
1550 2809 1727 2862 Discernitur
1737 2809 1807 2863 lolio

1005 2873 1155 2925 circinato:
1175 2890 1271 2927 vorum
1283 2883 1402 2946 utraque
1418 2879 1539 2945 gracilis.
1575 2879 1680 2931 Furcas
1690 2879 1808 2933 subdere

1007 2942 1048 2994 his
1059 2944 1259 2996 necessarium:
1280 2945 1387 3014 alioqui
1406 2948 1563 3001 ubertatem
1584 2963 1662 2999 suam
1674 2963 1728 2999 aon
1740 2948 1810 3002 tole·

1006 3019 1083 3064 rant:
1094 3013 1237 3064 niaritimo
1249 3012 1344 3067 afflatu
1355 3018 1487 3084 gaudent,
1495 3016 1609 3070 roscido
1618 3018 1712 3070 odore.
1724 3018 1809 3070 h'ulla

1006 3081 1102 3134 vitium
1115 3082 1205 3133 minus
1216 3084 1325 3136 ltaliam
1338 3092 1424 3149 amat,
1445 3103 1519 3150 rara,
1538 3102 1632 3154 parra,
1644 3094 1808 3153 putrescens

1005 3151 1032 3202 in
1046 3166 1091 3202 ea:
1101 3151 1166 3202 rino
1178 3167 1298 3218 quoque,
1310 3154 1383 3220 qood
1394 3158 1502 3222 genuit,
1513 3163 1650 3209 aestatem
1661 3170 1716 3208 non
1728 3170 1808 3208 ersu-

1006 3235 1118 3287 perans:
1141 3234 1191 3271 nec
1202 3221 1257 3272 alia
1269 3236 1362 3274 macro
1374 3226 1436 3276 solo
1447 3224 1623 3278 familiarior.
1645 3224 1809 3287 Graecinus,

1006 3290 1052 3357 qui
1064 3289 1170 3357 alioqui
1181 3291 1342 3343 Cornelium
1354 3294 1465 3345 Celsum
1482 3295 1669 3361 transcripsit,
1690 3294 1808 3346 arbitra·

1006 3369 1051 3410 tur
1062 3373 1117 3409 non
1136 3364 1266 3411 naturam
1277 3361 1339 3413 eius
1349 3376 1507 3430 repugnare
1521 3365 1638 3422 ltaliae,
1658 3363 1706 3413 scel
1720 3362 1808 3414 cultu·

1005 3444 1074 3490 ram,
1086 3427 1166 3481 avide
1177 3428 1308 3495 palmites
1320 3433 1505 3484 evocantium.
1534 3434 1576 3483 Ob
1588 3432 1617 3481 ld
1629 3430 1804 3483 fertilitatem

1004 3512 1082 3550 suam
1094 3499 1211 3557 absumi,
1231 3501 1319 3550 sinon
1350 3499 1511 3568 raepinguis
1529 3501 1583 3551 soli
1597 3500 1808 3553 ubertaslasse·

1004 3574 1127 3619 scentem
1142 3565 1289 3618 sustineat.
1367 3569 1529 3621 chonculari
1550 3575 1684 3637 negatur:
1705 3584 1807 3636 magna

1004 3636 1078 3696 dote,
1100 3634 1227 3685 siveram
1240 3641 1292 3697 est,
1309 3637 1406 3706 aliqua
1418 3638 1445 3688 in
1457 3638 1512 3691 vite
1524 3638 1603 3689 caelo
1614 3654 1669 3688 non
1681 3653 1742 3690 esso
1753 3642 1806 3690 ius.

1038 3704 1062 3755 a.
1080 3705 1195 3755 Aestum
1207 3702 1264 3756 lert
1274 3706 1392 3772 spionia,
1409 3722 1490 3773 quam
1503 3707 1615 3773 quidam
1626 3706 1751 3774 spineam
1763 3724 1807 3760 ro·

1008 3778 1083 3837 eant,
1094 3772 1289 3840 autumnisque
1300 3784 1329 3827 et
1339 3776 1474 3827 imbribus
1484 3778 1648 3844 pinguescit.
1684 3778 1807 3840 Quinim-

1006 3859 1050 3894 mo
1061 3841 1169 3895 nebulis
1181 3857 1237 3894 una
1246 3843 1341 3907 alitur,
1357 3846 1392 3897 oh
1404 3846 1431 3897 id
1444 3847 1597 3899 Ravennati
1607 3861 1677 3915 agro
1687 3847 1807 3914 peculia·

1004 3913 1056 3965 ris.
1092 3912 1256 3965 Venieulam
1268 3914 1343 3966 inter
1358 3917 1464 3981 optime
1475 3916 1706 3980 deflorescentes,
1727 3924 1756 3967 et
1767 3915 1806 3967 ol·

1005 3983 1042 4033 lis
1065 3981 1247 4050 aptissimam,
1267 3985 1398 4051 campani
1420 3987 1525 4038 nialuot
1547 3987 1678 4040 sircalam
1697 3999 1805 4046 vocare,

1006 4050 1216 4103 aliistacolam:
1239 4054 1394 4105 Tarracina
1409 4056 1605 4114 numunianum,
1626 4053 1805 4115 nullaarires

1005 4123 1134 4187 proprias
1147 4119 1308 4185 habentem,
1328 4124 1377 4176 sed
1389 4130 1475 4175 totam
1488 4125 1603 4191 perinde
1613 4139 1645 4174 ac
1657 4122 1747 4173 solum
1760 4138 1805 4173 ra·

1007 4191 1072 4241 leat.
1098 4188 1269 4242 surrentinis
1280 4198 1372 4243 tanrrn
1385 4192 1576 4245 efficacissima
1585 4192 1673 4251 testis,
1685 4189 1805 4242 Veturia

1007 4267 1096 4309 tenus.
1106 4257 1147 4307 lhi
1157 4261 1228 4310 enim
1234 4261 1413 4328 Murgentina
1424 4277 1440 4313 e
1451 4262 1549 4312 Sicilia
1561 4260 1713 4328 potissima,
1723 4274 1805 4326 quam

1007 4326 1202 4392 Pompeianam
1214 4329 1424 4395 adquiramus,
1448 4330 1531 4382 Latio
1545 4330 1654 4381 ιιοιιιιιιιι
1668 4327 1804 4380 fencem:

1005 4396 1079 4448 sieut
1102 4393 1235 4447 horconia
1250 4398 1277 4448 in
1290 4398 1455 4465 Canrpania,
1477 4406 1585 4450 tantum
1600 4398 1719 4449 vilitatis
1731 4398 1806 4449 cibo·

1006 4466 1074 4525 riae,
1086 4463 1134 4514 aod
1145 4465 1272 4518 ubertate
1282 4469 1440 4533 praecipua.
1463 4467 1582 4520 'l'olerat
1593 4476 1622 4520 et
1632 4482 1719 4519 annos
1730 4483 1806 4520 moe·

1006 4535 1074 4595 rica,
1086 4539 1184 4584 contra
1194 4536 1363 4588 omnesidos
1374 4536 1541 4600 firmissima,
1547 4537 1628 4607 nigro
1636 4537 1806 4601 acino,rinia

1006 4605 1039 4656 in
1046 4608 1184 4655 vetustate
1195 4602 1413 4657 rubescentibus.

1041 4674 1066 4725 ⁷.
1085 4674 1122 4725 Ει
1132 4671 1265 4725 haetenus
1278 4676 1390 4741 publica
1401 4683 1465 4727 sont
1475 4690 1594 4758 genera:
1605 4684 1699 4730 cetera
1709 4677 1805 4746 regio·

1005 4758 1072 4795 noni
1094 4741 1281 4809 locorumque,
1301 4753 1350 4796 aot
1365 4761 1400 4797 er
1418 4745 1461 4797 his
1476 4753 1551 4798 :nter
1566 4763 1597 4799 se
1611 4748 1696 4798 insitu
1708 4748 1805 4799 orista.

1005 4812 1148 4881 Siquidem
1155 4813 1255 4863 Tuscis
1267 4814 1415 4880 peculiaris
1426 4822 1469 4867 est
1476 4816 1622 4879 Tudernis,
1630 4817 1805 4884 atqueetiam
1888 4864 1896 4875 ,

1005 4885 1066 4936 eius
1086 4881 1206 4933 nominis
1217 4881 1369 4936 Florentia.
1406 4885 1564 4953 Est-opima
1574 4888 1669 4940 hretia
1685 4886 1807 4953 talpona,

1006 4960 1034 5006 et
1043 4952 1178 5013 etesiaca,
1188 4957 1217 5004 et
1229 4955 1407 5007 conseminia.
1429 4955 1557 5023 'lalpana
1567 4956 1647 5022 nigra
1658 4955 1805 5008 candidam

1006 5021 1214 5075 iacitmustum.
1251 5022 1381 5076 Etesiaea
1391 5023 1492 5087 fallar,
1510 5040 1581 5092 quae
1592 5039 1646 5091 quo
1659 5026 1723 5091 plus
1731 5023 1808 5086 tulit,

1006 5107 1041 5145 eo
1052 5089 1225 5143 laudabilius
1238 5089 1346 5145 fundit:
1368 5094 1532 5161 mirumque,
1547 5093 1806 5146 foecunditatem·

1005 5168 1058 5213 sat.
1094 5159 1272 5213 Consenrinia
1291 5164 1380 5232 nigra,
1401 5163 1464 5213 rino
1480 5164 1592 5215 minime
1606 5163 1733 5223 domate,
1754 5174 1807 5211 ura

1007 5228 1139 5303 maxime:
1159 5236 1222 5293 post
1232 5230 1281 5283 XV
1288 5233 1361 5353 nias,
1371 5248 1453 5301 quom
1466 5232 1527 5285 uila
1536 5232 1600 5291 alia,
1611 5233 1741 5283 sistitur:
1753 5230 1807 5279 for·

1007 5299 1076 5360 tilis,
1086 5297 1134 5348 sed
1147 5298 1261 5351 cibaria.
1317 5306 1380 5354 aius
1389 5300 1469 5364 lolia,
1478 5302 1551 5354 sieut
1562 5300 1717 5358 labruscae,
1728 5296 1806 5369 priua

1008 5382 1088 5436 quam
1100 5365 1241 5429 decidant,
1252 5371 1404 5436 sanguineo
1415 5372 1511 5423 colore
1522 5375 1675 5422 mutantur.
1706 5366 1807 5417 littori

1008 5437 1062 5488 hoc
1073 5442 1101 5489 et
1112 5435 1277 5504 quibusdam
1290 5439 1366 5500 aliis,
1385 5439 1500 5506 pessimi
1511 5436 1623 5504 generis
1634 5438 1807 5501 argrimum.

1009 5505 1107 5558 lrtiola
1116 5505 1262 5567 Umbriae,
1282 5506 1478 5571 Morasatique
1489 5514 1517 5559 et
1527 5502 1633 5555 Piceno
1646 5515 1716 5567 agro
1727 5513 1810 5565 pesu-

1008 5575 1091 5633 liaris
1109 5582 1160 5640 est,
1179 5577 1269 5631 limit‘
1308 5577 1314 5584 ’
1439 5573 1483 5600 ··'·*
1529 5562 1636 5621 mdem
1656 5567 1810 5624 haoaouioa
