4374 6014
324 281 763 347 c.ra1Ntlsactth1)1
791 280 963 346 NATUR,
987 282 1180 347 Histoe.
1210 283 1298 347 als.
1319 282 1488 347 XXXl'l.
1523 285 1621 349 CAP.
1642 290 1719 351 Μ.
1781 290 1842 355 405

194 439 273 508 gitur
283 436 420 492 columnis
431 435 550 505 triginta
559 450 618 489 sex.
655 433 760 488 Pteron
775 450 917 488 eocarere.
955 435 994 489 Ab
1048 435 1782 506 sciculuauttrsditVnrro:adnriraturetPasitelcs,
1795 446 1843 510 qul

196 511 306 561 oriente
317 506 435 559 caelarit
445 505 564 573 Scopas,
584 520 602 557 a
616 506 817 572 septemtrione
826 505 958 574 Bryaxis,
978 521 996 559 s
1049 514 1078 560 et
1091 507 1211 574 quinque
1222 506 1363 558 volumina
1373 507 1485 573 scripsit
1497 509 1630 563 nobilium
1638 526 1752 578 operum
1763 513 1791 564 in
1803 523 1844 564 tu.

195 578 314 632 meridie
324 572 540 637 Timotheus,ab
552 586 651 627 occasu
665 573 830 627 Leochares.
858 575 995 642 Priusque
1048 576 1166 628 toorbe.
1202 575 1292 627 Natus
1303 575 1347 627 hlc
1357 575 1385 626 in
1397 575 1516 628 Graecia
1527 578 1625 630 ltaliae
1636 594 1696 645 ora,
1706 589 1734 633 et
1744 583 1841 634 cirita·

197 662 279 716 qaam
292 653 465 713 peragerent,
475 644 572 710 regina
580 644 738 707 Artemisia,
750 658 820 710 quae
830 646 925 696 mariti
936 658 994 696 ure·
1049 651 1077 697 te
1086 645 1212 696 ltonrana
1222 643 1341 696 donatus
1353 658 1414 696 cum
1425 645 1461 697 iis
1472 647 1591 713 oppidis,
1599 649 1691 700 lovem
1704 649 1842 703 fecitebo·

195 715 303 771 moriae
313 714 342 767 id
352 730 423 781 opus
433 716 538 767 exstrui
554 714 690 776 iusserat,
711 713 791 766 obiit.
828 714 993 767 Nontnmsn
1047 728 1127 767 reum
1142 714 1171 765 in
1181 713 1292 765 Metelli
1302 713 1380 777 aede,
1392 727 1446 780 qua
1455 717 1573 782 Campus
1585 719 1700 782 petitur.
1734 720 1843 772 Accidit

197 791 390 846 recesserunt,
410 783 466 834 nisi
476 783 605 841 absolute
616 783 693 845 ism,
713 782 741 833 id
751 782 859 850 gloriae
871 784 995 852 ipsorum
1048 782 1194 845 ei,cumln
1207 783 1361 847 navalibus,
1382 784 1669 839 ubiteraeAfricanae
1683 793 1773 850 erant,
1794 804 1844 856 per
1866 772 1871 789 ’

196 856 321 922 artisque
332 859 537 906 monumentum
549 851 717 904 iudicantes:
738 849 995 920 laodisqoecertant
1048 867 1160 905 caream
1183 852 1293 904 intuens
1313 851 1422 905 leonem
1444 854 1574 917 caelaret,
1594 862 1627 908 ut
1646 872 1680 909 ex
1692 858 1843 916 ellasar-ea

197 940 304 979 manus.
339 921 503 975 Accessitet
512 921 626 990 quintus
636 920 748 972 artifex.
777 920 900 991 Namque
911 936 995 989 supra
1047 921 1185 990 panthera
1197 928 1425 988 erumperet,non
1437 922 1490 975 leli
1500 924 1622 991 periculo
1632 924 1844 994 diligentissimi

197 1001 308 1063 pteron,
328 990 452 1060 pyramis
462 991 611 1044 altitudine
622 990 781 1043 inferiorern
794 992 934 1058 aequarit,
956 991 994 1041 vi·
1048 990 1175 1043 artificis.
1211 990 1322 1043 Fecisse
1335 1006 1420 1059 opera
1431 992 1575 1059 caniplura
1585 994 1699 1049 dicitur:
1712 993 1761 1049 sed
1772 1010 1843 1062 quae

198 1064 272 1133 giuti
282 1068 403 1129 metuar
415 1060 545 1129 gradibus
557 1062 587 1112 in
601 1067 694 1113 metae
704 1075 836 1112 cacumen
848 1078 877 1113 se
888 1068 996 1112 contra·
1047 1059 1157 1122 fecerit,
1168 1059 1330 1112 nourinatim
1343 1077 1396 1111 nrm
1409 1060 1536 1113 refertur.

197 1133 276 1186 heus.
312 1130 342 1182 la
352 1145 460 1183 summo
473 1138 516 1183 est
526 1129 662 1197 quadriga
673 1144 843 1192 marmorea,
864 1144 944 1196 quam
956 1128 996 1189 fe·
1084 1127 1125 1183 1³.
1142 1128 1315 1181 Arcesilaum
1328 1144 1436 1197 quoque
1449 1130 1714 1198 magnificatVarro,
1724 1132 1803 1185 euius
1812 1147 1843 1185 sa

147 1264 150 1270 ,
198 1198 995 1268 citl‘ytbis.llaecadiectacsntuhrquadragintapedum
1048 1210 1231 1251 marmoream
1252 1198 1382 1252 habuisse
1400 1200 1523 1252 leaenam
1543 1201 1644 1266 tradit,
1667 1203 1843 1269 aligerosque

197 1269 349 1327 altitudine
360 1276 450 1322 totum
462 1285 531 1337 opus
541 1269 665 1322 includit.
1048 1267 1176 1320 ludentes
1198 1282 1259 1319 eum
1277 1282 1311 1321 ea
1322 1268 1478 1336 Cupidines,
1500 1285 1616 1336 quorum
1632 1271 1684 1323 alii
1694 1271 1844 1340 religatam

233 1338 276 1393 10.
295 1338 439 1393 Timothei
458 1355 542 1392 manu
558 1340 649 1392 Diana
664 1338 770 1390 Romae
784 1339 864 1389 estin
876 1335 996 1400 Palatio,
1048 1341 1184 1399 tenerent,
1190 1336 1239 1388 alii
1250 1352 1265 1389 e
1276 1353 1360 1390 cornu
1371 1346 1501 1406 cogerent
1512 1340 1615 1404 bibere,
1625 1340 1675 1392 alii
1686 1341 1845 1393 calcearent

198 1409 336 1478 Apollinis
348 1408 475 1473 delubro,
490 1410 536 1461 cui
546 1409 629 1476 signo
637 1413 724 1474 caput
733 1405 996 1474 reposuitAulanius
1049 1405 1149 1470 soccis,
1159 1421 1254 1458 omnes
1264 1422 1296 1459 ex
1310 1422 1363 1458 uno
1375 1407 1479 1475 lapide.
1491 1408 1566 1460 idem
1578 1417 1605 1461 et
1616 1410 1766 1476 aCopooio
1778 1408 1845 1460 1111Γ

151 1490 155 1497 ’
198 1478 337 1531 Evander.
373 1479 404 1531 ln
425 1493 527 1543 magna
544 1478 731 1530 admiratione
749 1484 792 1528 est
813 1485 841 1529 et
860 1475 997 1527 Hercules
1049 1474 1186 1538 nationes,
1197 1482 1341 1542 quaesunt
1351 1476 1426 1528 circa
1436 1475 1571 1544 Pompeii,
1582 1477 1672 1531 factas
1683 1487 1783 1531 auctor
1793 1483 1845 1529 est.

144 1558 150 1571 ⁴
198 1547 382 1601 Menestratis
395 1553 425 1599 et
435 1548 543 1600 Hecate
551 1546 655 1613 Ephesi
663 1549 692 1598 iu
704 1545 806 1611 templo
814 1545 922 1596 Dianae
934 1549 997 1610 past

199 1617 307 1681 nedem,
328 1617 358 1668 in
379 1616 455 1669 cuius
476 1616 709 1682 contemplatione
725 1616 876 1668 admonent
889 1614 998 1666 aeditui

198 1687 431 1755 parcereoaulis,
453 1692 532 1737 tanta
546 1685 691 1738 marmoris
710 1685 834 1737 radiatio
844 1690 896 1735 est.
932 1682 996 1734 Non

198 1755 395 1825 postferuntur
405 1762 433 1808 et
443 1754 569 1808 Charites
580 1758 609 1807 in
619 1755 770 1823 propylaeo
780 1751 998 1812 Atheniensium,

199 1821 997 1964 1111131111’1111111111ἲέ1111111111*

199 1965 290 2028 datur,
311 1980 381 2017 nnus
402 1963 481 2015 ebria
500 1971 544 2015 est
562 1964 699 2030 Smyrnae
721 1929 751 2011 in,
766 1960 862 2027 primis
882 1957 998 2025 inclyta.

198 2033 291 2088 Pallio
303 2033 423 2095 Asinius,
436 2041 467 2084 ut
478 2032 532 2084 fuit
543 2033 615 2084 aeris
625 2029 824 2092 vehementiae,
835 2031 877 2080 sic
888 2043 997 2096 quoque

198 2104 323 2170 spectari
333 2108 513 2155 monumenta
524 2117 576 2153 sua
586 2101 683 2153 voluit.
703 2101 735 2151 ln
746 2100 780 2151 iis
791 2105 857 2151 suat
868 2096 999 2150 Centauri

197 2171 343 2240 Nymphas
355 2178 486 2239 gerentes
496 2160 672 2231 Archesitae,
690 2167 864 2236 Thespiades
875 2168 999 2220 Cleome-

199 2245 253 2306 nis,
272 2237 694 2308 Occanusetlupitcrlintochi,
715 2232 1000 2303 llippisdesStepha·

131 2366 135 2371 ,
198 2312 441 2374 ni,⁸llerrnerotes
452 2309 591 2370 Taurisci,
613 2322 667 2358 non
679 2305 829 2357 caelatoris
841 2304 927 2366 illios,
949 2301 1000 2356 sed

200 2380 349 2435 Tralliani.
395 2379 502 2445 iupiter
523 2375 671 2444 hospitalis
691 2373 829 2441 Pamphili
849 2372 999 2425 Praxitelis

155 2510 158 2517 ,
201 2450 343 2517 discipuli.
378 2449 483 2502 Zethus
501 2453 530 2500 et
543 2444 680 2512 Amphion
700 2443 833 2495 acDirce
849 2449 878 2494 et
893 2448 999 2501 taurus,

201 2519 552 2584 s·inculunrque,exeodem
563 2511 774 2581 lapide,llhndo
786 2511 904 2564 advecta
916 2524 1000 2576 opera

171 2640 175 2647 ,
201 2587 345 2654 Apollonii
356 2594 385 2637 et
396 2585 532 2638 Taurisci.
568 2583 717 2636 Parentum
734 2582 756 2634 ii
773 2587 914 2633 certamen
926 2579 1000 2631 dese

201 2657 310 2719 feceret
331 2656 521 2706 Menecraten
532 2654 622 2706 rideri
633 2651 768 2718 professi,
789 2650 839 2702 sed
851 2664 911 2701 esse
923 2655 1001 2700 natu·

202 2727 290 2779 nalem
302 2724 517 2777 Artemidorum.
554 2723 659 2775 Eodem
680 2723 742 2774 loco
759 2721 844 2773 Liber
858 2726 938 2786 pater
949 2718 1001 2769 Eu·

202 2795 325 2863 tychidis
334 2794 474 2848 laudatur.
494 2793 534 2845 Ad
548 2793 681 2845 Octaviae
691 2806 758 2845 vero
771 2788 907 2856 porticum
921 2786 1002 2853 Apol·

201 2866 231 2921 lo
243 2864 360 2917 Philisci
369 2863 472 2915 Rhodii
494 2866 521 2914 ia
544 2862 660 2916 delubro
676 2876 736 2913 siro.
771 2861 840 2912 ltem
851 2858 961 2910 Latona
972 2863 1001 2908 et

200 2934 306 2997 Diana,
316 2940 344 2987 ct
357 2936 455 2985 Musae
467 2947 573 2994 noveni,
584 2938 613 3000 et
622 2933 696 2984 alter
702 2930 801 2997 Apollo
813 2929 912 2980 nudus.
923 2928 1002 2987 Eum,

223 3005 252 3056 ui
274 3002 409 3055 citharam
430 3002 564 3054 incudem
581 3001 685 3067 templo
701 3006 787 3062 tenet,
808 2993 1001 3050 'Timarchides

200 3020 280 3129 Venit.
301 3075 378 3125 lutra
390 3073 525 3125 Octaviae
535 3085 602 3123 vero
615 3069 749 3136 porticus,
761 3070 789 3120 in
800 3068 869 3119 aede
881 3064 1001 3126 lunonis,

203 3143 296 3210 ipsam
308 3144 387 3195 deam
400 3140 564 3208 Dionysius,
573 3148 601 3192 et
613 3138 741 3206 Polycles
753 3139 852 3190 allam:
865 3137 1000 3190 Venerem

203 3212 302 3267 eodeni
313 3211 375 3265 laco
387 3208 538 3263 Philiscum
559 3218 652 3262 cetera
662 3211 743 3276 signa
753 3206 918 3259 Praxiteles.
954 3204 1002 3257 Ti·

201 3280 356 3337 marchidis
367 3280 417 3332 lilii
428 3282 530 3341 lovem,
550 3282 595 3346 qui
607 3279 688 3331 estin
701 3278 826 3345 proxima
837 3274 915 3336 aede,
931 3274 1002 3325 fece·

201 3358 279 3407 runt
314 3349 389 3403 Pana
400 3355 427 3401 et
437 3351 585 3417 Olympum
597 3349 745 3409 luctantes,
755 3348 853 3399 eodem
865 3344 930 3396 loco
943 3343 1001 3394 He·

202 3420 344 3483 liodorus,
363 3416 438 3484 quod
450 3426 494 3469 est
505 3418 661 3469 nltcrunrin
675 3418 757 3469 terris
768 3414 942 3484 symplegma
952 3426 1001 3463 no·

200 3491 269 3543 bile.
305 3490 441 3542 Venerem
462 3487 599 3539 iurantem
611 3502 687 3538 sese:
705 3485 859 3538 Daedalum
875 3489 999 3534 stantem

201 3557 416 3626 Polycharmus.
452 3557 494 3607 ila
508 3554 614 3608 honore
624 3561 738 3623 apparet
754 3557 782 3606 in
796 3568 897 3622 magna
907 3558 1002 3603 aucto-

201 3630 291 3684 ritate
310 3626 434 3680 habitum
446 3624 552 3693 Lysiae
563 3640 642 3692 opus,
665 3624 737 3692 quod
757 3626 785 3676 in
797 3623 908 3674 Palatio
919 3635 1003 3688 super

201 3714 298 3754 arcum
309 3697 397 3750 Diras
408 3702 547 3764 Augustus
567 3692 666 3746 honori
677 3693 785 3745 Octavii
806 3693 894 3759 patris
905 3691 950 3741 sui
962 3691 1003 3740 di·

202 3770 287 3832 cavit,
298 3770 324 3820 in
336 3767 464 3821 aedicula
473 3764 611 3820 columnis
622 3764 768 3816 adornata.
795 3762 827 3813 ld
838 3768 882 3815 est
893 3758 1002 3828 quadri-

251 3852 410 3906 currusque,
421 3848 450 3891 et
460 3837 559 3905 Apollo
570 3850 604 3886 ac
615 3834 705 3885 Diana
715 3846 750 3885 ex
768 3847 821 3884 uno
833 3830 935 3899 lapide.
973 3829 1003 3881 ln

201 3855 295 3965 hirtis
305 3907 467 3961 Servilianis
477 3904 588 3974 reperio
598 3903 738 3966 laudatos,
756 3901 908 3956 Calamidis
918 3898 1002 3965 Apol·

202 3979 289 4032 linem
310 3978 389 4028 illius
410 3976 568 4038 caelatoris,
588 3974 748 4042 Dercylidis
761 3979 870 4040 pyctas,
889 3968 1003 4035 Amphi-

203 4049 288 4103 strati
298 4044 494 4097 Callisthenem
507 4043 686 4096 historiarum
698 4043 873 4107 scriptorem.

240 4114 282 4167 11.
302 4116 359 4165 Nec
370 4113 457 4163 multo
471 4112 590 4178 plurium
604 4109 678 4163 fania
688 4118 745 4168 est,
766 4107 937 4173 quorundam
949 4106 1004 4157 cla·

201 4184 285 4240 nitati
296 4183 325 4232 in
336 4182 465 4249 operibus
475 4180 585 4232 eximiis
594 4179 723 4230 obstante
734 4191 849 4228 numero
857 4175 1003 4234 artificum,

204 4252 336 4324 quoniam
350 4266 399 4303 aec
410 4264 479 4300 unus
490 4255 608 4315 occupat
619 4247 748 4314 gloriam,
764 4260 815 4297 nec
824 4244 918 4311 plures
929 4243 1003 4308 pari·

201 4334 251 4377 ter
262 4319 414 4385 nuncupari
426 4325 550 4384 possunt,
561 4318 633 4369 sicin
644 4316 670 4366 in
684 4316 855 4375 Laocoonte,
867 4316 912 4378 qui
924 4311 1003 4367 estin

205 4393 266 4446 'l'iti
278 4392 457 4456 imperatoris
468 4387 561 4449 domo,
582 4401 651 4452 opus
661 4384 789 4437 omnibus
800 4390 829 4434 et
840 4381 965 4448 picturae
976 4384 1005 4432 el

205 4461 361 4515 statuariae
372 4459 441 4509 artis
452 4455 685 4524 praeponendum.
719 4455 762 4505 Ex
773 4469 827 4503 uno
839 4449 932 4517 lapide
943 4463 1003 4501 eum

205 4539 236 4586 et
246 4531 351 4584 liberos
364 4527 570 4592 draconumque
587 4524 731 4575 mirabiles
748 4537 835 4575 nexus
846 4521 881 4572 de
892 4518 1005 4572 consilii

205 4601 346 4657 sententia
358 4598 450 4649 ferere
460 4598 558 4647 somnii
570 4593 699 4655 artifices,
711 4591 875 4659 Agesander
885 4598 914 4643 et
923 4588 1004 4655 Poly·

206 4673 292 4724 dracus
315 4676 343 4721 et
360 4665 553 4719 Atherrndorus
565 4662 676 4715 Rhodii.
715 4662 850 4713 Similiter
861 4660 1005 4712 Palatinas

207 4744 305 4794 domas
316 4740 465 4791 Caesarum
479 4735 622 4801 replevere
635 4730 836 4800 probatissimis
847 4731 934 4797 signis
942 4729 1006 4778 tira-

205 4820 285 4864 terus
306 4824 366 4861 cunr
388 4803 559 4874 Pythodoro,
578 4803 747 4869 Polydecten
767 4814 827 4851 cum
847 4797 1007 4858 llermaleo,

205 4878 383 4947 l'ythodorus
395 4876 466 4927 alius
477 4890 538 4927 curn
546 4876 703 4934 Artemone,
710 4865 1006 4935 etsingularisAphro·

207 4950 296 5002 elisius
317 4945 485 4999 Trallianus.
532 4946 669 5012 Agrippae
689 4940 841 4993 Pantheum
862 4936 1006 4990 decorarit

205 5021 350 5087 Diogenes
369 5014 562 5071 Atheniensis:
588 5023 617 5066 et
635 5011 801 5080 Caryatidas
822 5010 850 5061 in
873 5007 1006 5061 columnis

207 5088 304 5156 templi
316 5091 377 5140 eius
397 5086 550 5152 probantur
560 5084 636 5135 inter
645 5097 733 5149 pauca
743 5095 874 5149 operum:
895 5080 968 5131 sicut
979 5077 1006 5127 in

206 5159 323 5227 fastigio
343 5158 438 5222 posita
455 5155 544 5223 signa,
565 5154 613 5207 sed
633 5160 748 5221 propter
758 5149 937 5204 altitudinem
948 5145 1007 5198 loci

206 5232 300 5281 nrinus
311 5227 461 5279 celebrata.

243 5299 284 5355 12.
303 5294 459 5348 lnbrrnorus
469 5300 523 5355 est,
534 5309 584 5345 nee
596 5293 621 5343 in
630 5291 738 5358 templo
749 5290 807 5341 ullo
815 5284 960 5345 Hercules,
972 5283 1006 5336 ad

206 5382 289 5434 quem
300 5363 386 5415 Poeni
409 5362 534 5414 omnibns
555 5362 634 5417 annis
649 5360 769 5413 hnmana
780 5357 1008 5410 sacrificaverunt

204 5436 328 5493 uictima,
344 5431 422 5483 humi
433 5438 519 5491 stans,
530 5438 596 5483 ante
607 5433 712 5483 aditum
725 5429 849 5497 porticus
860 5424 899 5475 Ad
912 5416 1007 5475 Natio·

205 5521 266 5558 nes.
284 5503 363 5555 Silae
373 5499 452 5552 fuere
465 5507 494 5552 et
504 5499 677 5567 'Thespiades
688 5500 723 5551 ad
734 5498 832 5551 aedem
843 5493 1008 5555 Felicitatis,

205 5588 324 5642 quarum
347 5586 428 5624 unam
448 5568 589 5623 adamavit
607 5585 692 5638 eques
703 5569 844 5622 Romanus
855 5562 1005 5634 luniusi’i·

1085 1541 1127 1595 14.
1145 1545 1257 1597 lnrenio
1274 1552 1302 1597 et
1313 1543 1468 1598 Canachum
1488 1546 1631 1599 laudatum
1652 1549 1727 1600 inter.
1741 1552 1846 1598 statua·

1049 1614 1117 1675 rios,
1137 1613 1238 1666 fecisse
1259 1628 1422 1667 marmorea.
1457 1615 1514 1667 Nec
1529 1616 1637 1669 Sauron
1656 1623 1739 1684 atque
1750 1616 1846 1667 Batra-

1051 1681 1131 1733 chum
1143 1682 1287 1736 obliterari
1297 1687 1434 1745 convenit,
1441 1684 1488 1752 qui
1496 1685 1587 1739 fecere
1599 1686 1703 1753 templa
1714 1684 1846 1737 Octaviae

1050 1753 1204 1819 porticibus
1214 1751 1329 1816 inclusa,
1341 1754 1452 1805 natione
1463 1754 1517 1820 ipsl
1528 1753 1663 1806 Lacones.
1684 1755 1804 1818 Quidam
1817 1758 1847 1805 et

1050 1821 1149 1887 opibus
1161 1828 1356 1889 praepotentes
1367 1821 1453 1874 fuisse
1465 1837 1513 1874 eos
1525 1831 1673 1890 putant,ac
1684 1839 1734 1877 sua
1742 1823 1848 1889 impen-

1050 1904 1084 1940 sa
1094 1892 1298 1953 construxisse,
1318 1891 1525 1958 inscriptionem
1536 1901 1690 1959 sperantes.
1727 1893 1844 1955 Quane·

1051 1967 1127 2024 gata,
1143 1958 1297 2011 hortamen
1307 1961 1364 2011 alio
1376 1961 1437 2013 loco
1449 1967 1478 2012 et
1490 1962 1573 2013 modo
1584 1976 1741 2029 usurpasse.
1777 1959 1848 2012 Sunt

1051 2036 1126 2080 certe
1146 2028 1297 2081 etiamnum
1313 2028 1342 2080 in
1357 2029 1546 2081 columnarum
1559 2032 1641 2096 spiris
1653 2030 1790 2097 inscalpta
1800 2042 1847 2079 na·

1052 2098 1155 2148 nriaum
1166 2111 1261 2150 eorum
1273 2103 1445 2164 argumenta,
1456 2097 1562 2150 lacerta
1572 2106 1656 2167 atque
1668 2114 1745 2152 rana.
1762 2098 1793 2147 ln
1803 2096 1846 2147 io·

1052 2167 1095 2217 vis
1117 2166 1187 2218 aede
1208 2166 1351 2217 exstitisse
1378 2166 1531 2232 picturam,
1560 2168 1704 2235 cultusque
1727 2165 1848 2234 reliquos

1052 2251 1149 2288 omnes
1162 2233 1290 2307 femineis
1302 2235 1473 2302 argumentis
1493 2243 1613 2289 constat.
1650 2236 1761 2289 illenim
1771 2235 1850 2287 facta

1051 2305 1167 2355 lunonis
1180 2303 1249 2357 aede
1260 2318 1322 2355 cum
1334 2305 1505 2358 inferrentur
1513 2306 1602 2373 signs,
1620 2314 1791 2372 permutasse
1802 2318 1849 2372 ge·

1051 2374 1108 2424 ruli
1119 2370 1278 2424 traduntur:
1290 2379 1318 2423 et
1329 2374 1358 2424 id
1367 2373 1769 2440 religionecustoditom,velut
1780 2373 1849 2440 ipsis

1053 2441 1107 2493 diis
1116 2441 1209 2492 sedem
1222 2442 1263 2492 ita
1273 2443 1394 2508 partitis.
1421 2444 1497 2509 Ergo
1507 2450 1536 2496 et
1546 2444 1576 2495 in
1586 2443 1698 2495 lunonis
1709 2442 1778 2495 aede
1790 2440 1847 2493 cul·

1052 2517 1097 2563 tus
1109 2516 1161 2575 est,
1173 2510 1221 2576 qui
1232 2509 1304 2562 lovis
1315 2525 1376 2563 esse
1388 2508 1493 2562 debuit.

1088 2593 1130 2648 15.
1150 2594 1221 2647 Sunt
1237 2601 1267 2648 et
1283 2594 1311 2646 in
1324 2597 1417 2662 parvis
1430 2596 1592 2649 marmoreis
1605 2594 1707 2648 famam
1720 2609 1850 2646 consecu-

1053 2667 1085 2727 ti,
1096 2664 1291 2732 Myrmecides,
1302 2665 1379 2716 cuius
1391 2665 1553 2734 quadrigam
1566 2681 1626 2717 curn
1639 2665 1779 2733 agitatore
1788 2679 1851 2715 coo·

1054 2738 1147 2803 per-uit
1158 2735 1211 2786 alis
1223 2747 1333 2784 nausea:
1354 2743 1382 2785 et
1394 2736 1567 2797 Callicrates,
1580 2735 1659 2787 colus
1671 2733 1850 2786 formicarum

1054 2804 1137 2874 pedes
1148 2794 1435 2871 atqueaiia‘menrbrn
1444 2804 1588 2871 pervidere
1599 2818 1654 2855 non
1666 2810 1717 2856 est.
1858 2790 1862 2803 ’

1089 2887 1124 2940 V.
1143 2889 1222 2941 Haec
1241 2890 1297 2940 sint
1319 2888 1395 2941 dicta
1416 2888 1451 2940 de
1468 2904 1636 2941 marmorum
1646 2887 1852 2955 scalptoribus,

1053 2973 1214 3025 summaque
1224 2958 1355 3011 claritate
1365 2957 1520 3010 artificum:
1540 2973 1594 3026 quo
1605 2959 1633 3010 in
1646 2963 1766 3010 tractatu
1776 2957 1853 3010 subit

1054 3038 1174 3081 mentem
1187 3043 1240 3078 non
1251 3027 1337 3080 fuisse
1349 3035 1406 3079 tum
1417 3030 1615 3081 auctoritatem
1628 3027 1770 3080 maculoso
1781 3041 1853 3079 arar·

1054 3099 1135 3150 mori.
1155 3097 1259 3149 Fecere
1271 3113 1286 3148 e
1297 3096 1411 3160 Thasio,
1423 3097 1575 3165 Cycladum
1587 3097 1752 3161 insularum,
1762 3110 1853 3165 aeque

1058 3172 1086 3221 et
1096 3184 1111 3221 e
1122 3166 1238 3219 Lesbio:
1251 3165 1362 3218 lividius
1373 3166 1426 3219 hoc
1437 3169 1527 3234 paulo.
1539 3166 1731 3221 versicolores
1740 3165 1854 3234 quidem

1057 3236 1189 3298 maculas,
1204 3243 1232 3288 et
1243 3235 1271 3287 in
1284 3243 1374 3289 totum
1387 3252 1553 3289 marmorum
1565 3243 1729 3304 apparatum
1740 3237 1855 3288 Menan·

1056 3307 1106 3358 der
1117 3307 1201 3357 etiam
1214 3304 1445 3373 diligentissimus
1456 3308 1581 3358 luxuriae
1592 3308 1738 3373 interpres,
1748 3309 1853 3371 primus

1055 3383 1084 3428 et
1095 3390 1159 3426 raro
1170 3374 1274 3441 attigit.
1311 3374 1452 3427 Columnis
1464 3375 1572 3426 demum
1584 3377 1734 3427 utebantur
1745 3376 1773 3425 in
1785 3379 1853 3424 tem·

1056 3445 1119 3512 plis,
1127 3459 1177 3497 nec
1189 3443 1317 3496 lautitiae
1327 3459 1411 3495 causa
1421 3442 1554 3509 (nondum
1565 3446 1638 3496 enim
1651 3444 1706 3495 ista
1715 3443 1853 3510 intellige·

1056 3516 1166 3577 bantur)
1177 3514 1226 3565 sed
1238 3514 1302 3579 quia
1312 3513 1448 3565 firmiores
1460 3514 1544 3564 aliter
1553 3514 1640 3565 stated
1653 3528 1706 3563 non
1714 3519 1853 3579 poterant.

1056 3583 1103 3635 Sic
1125 3589 1168 3635 est
1188 3580 1347 3634 inchoatum
1362 3581 1476 3634 Athenis
1493 3582 1624 3649 templum
1636 3582 1708 3633 lovis
1719 3581 1854 3649 Olympii,

1055 3668 1089 3706 ex
1100 3668 1155 3720 quo
1163 3651 1414 3717 SullaCapitolinis
1422 3650 1853 3704 aedibusadvexeratcolumnasr

1055 3722 1122 3773 Fuit
1133 3728 1226 3773 tamen
1238 3721 1311 3773 inter
1327 3720 1448 3788 lapidem
1463 3728 1548 3788 atque
1566 3718 1856 3773 nrarmordiffetentia

1055 3791 1109 3844 iam
1122 3799 1150 3843 et
1161 3789 1234 3857 apud
1246 3790 1408 3843 Homerum.
1445 3789 1521 3842 Dicit
1532 3791 1604 3843 enim
1620 3804 1775 3842 marmoreo
1786 3803 1856 3841 saxo

1055 3877 1230 3929 percussum:
1244 3860 1294 3913 sed
1306 3858 1446 3915 hactenus.
1457 3860 1557 3930 Regias
1568 3876 1677 3929 quoque
1686 3859 1785 3915 domos
1793 3873 1856 3909 cunr

1055 3932 1249 3984 laudatissime
1261 3938 1446 3997 praetendes,
1465 3946 1572 3990 aurum,
1593 3930 1735 3989 electrum,
1755 3943 1854 3994 angera

1056 4008 1124 4062 tum,
1136 4002 1221 4053 ebore
1231 4008 1338 4053 tanturn
1352 4000 1501 4053 adornans.
1532 3998 1652 4050 Primum
1666 4003 1710 4060 (ut
1723 3997 1855 4055 arbitror)

1056 4070 1240 4123 versicolores
1267 4071 1337 4120 istas
1369 4069 1493 4120 nraculas
1526 4066 1656 4119 Chiorum
1687 4063 1857 4131 lapicidinae

1056 4140 1247 4198 ostenderunt,
1259 4154 1318 4188 cum
1332 4144 1508 4189 exstruerent
1519 4151 1621 4197 muros,
1633 4135 1725 4186 faceto
1738 4135 1765 4183 in
1775 4130 1805 4182 id
1814 4131 1856 4184 Μ.

1057 4207 1199 4258 Ciceronis
1210 4205 1281 4257 sale:
1292 4206 1418 4256 oninibus
1430 4207 1501 4257 enim
1512 4204 1700 4262 ostentabant,
1710 4208 1743 4251 ut
1753 4199 1876 4266 magni-0

1057 4278 1152 4328 licum:
1177 4275 1278 4336 Multo,
1298 4273 1397 4340 inquit,
1413 4274 1503 4340 ansgis
1523 4273 1650 4332 mirarer,
1671 4274 1694 4321 si
1705 4269 1855 4322 Tiburtino
1907 4284 1910 4297 ·

1057 4344 1150 4413 lapide
1163 4342 1309 4395 fecissetis.
1345 4342 1380 4393 lit
1392 4340 1534 4405 hercules,
1554 4356 1609 4391 non
1619 4338 1720 4393 fuisset
1730 4339 1856 4404 picturae

1057 4415 1145 4468 honos
1157 4413 1240 4474 ullas,
1259 4428 1315 4464 noa
1326 4411 1408 4462 modo
1421 4416 1527 4472 tantus,
1542 4410 1572 4461 in
1582 4409 1677 4476 aliqua
1687 4422 1856 4461 marmorum

1057 4481 1236 4536 auctoritate.

1092 4567 1139 4620 Vl.
1159 4566 1277 4622 secandi
1299 4580 1419 4620 marmor
1439 4566 1468 4618 is
1489 4566 1745 4617 cnntasnescioan
1757 4565 1858 4617 &riae

1059 4638 1142 4692 fuerit
1154 4638 1304 4689 inventum.
1340 4636 1545 4704 Antiquissima,
1557 4633 1630 4701 quod
1641 4634 1767 4701 equidem
1781 4635 1859 4686 inre·

1058 4710 1142 4771 niam,
1154 4705 1476 4759 Halicarnassillieusoli
1488 4703 1858 4756 domusl'roconnesiomar·

1058 4794 1137 4831 more
1148 4777 1257 4830 exculta
1268 4781 1320 4837 est,
1329 4775 1462 4826 lateritiis
1473 4774 1633 4841 parietibus.
1645 4774 1670 4823 ls
1683 4773 1857 4840 obiitOlym·

1059 4849 1149 4918 piaclis
1160 4849 1181 4900 C
1191 4862 1264 4899 anno
1277 4847 1312 4910 ll,
1327 4845 1410 4896 Urbis
1420 4847 1525 4897 liomae
1536 4859 1608 4896 anno
1621 4843 1800 4896 CCCLXXV.

1095 4936 1156 4988 Vll.
1182 4932 1302 4985 Primum
1326 4934 1430 4984 Romae
1449 4929 1570 4997 parietes
1592 4932 1685 4977 crusta
1707 4925 1876 4977 merereris-

1058 5006 1202 5126 3⁹⁰'i⁵⁸⁸⁰
1212 5001 1408 5122 ‘iiiiii
1418 4996 1858 5119 ‘tarditati-lita:

1060 5090 1115 5197 iffi:
1137 5086 1300 5201 ligrhflrrnldam:
1319 5086 1489 5206 pliraefenrlrgm
1512 5136 1618 5187 fabrum
1640 5136 1669 5186 C.
1685 5076 1815 5184 Caesarii¹
1828 5130 1858 5179 in

1060 5212 1162 5266 Gallia.
1175 5211 1272 5277 Neque
1283 5209 1441 5278 indignatio
1452 5208 1499 5268 sit,
1509 5206 1560 5257 tali
1571 5211 1685 5258 auctore
1695 5203 1806 5252 inventa
1817 5214 1856 5249 rr.

1060 5283 1116 5333 llic
1137 5295 1255 5346 namque
1274 5287 1316 5332 est
1328 5281 1478 5339 Mamurra,
1501 5276 1604 5327 Catulli
1617 5267 1784 5325 Veronensis
1796 5281 1856 5319 car·

1060 5351 1180 5404 minibus
1190 5350 1352 5417 proscissus,
1364 5348 1445 5417 quem
1456 5354 1485 5401 et
1495 5361 1548 5408 res,
1560 5350 1589 5398 et
1599 5342 1696 5393 domus
1706 5335 1794 5404 ipsius
1805 5337 1858 5388 cla·

1059 5422 1128 5482 rius,
1139 5434 1220 5489 qnam
1233 5419 1369 5481 Carvilius,
1389 5419 1460 5471 dixit
1473 5415 1584 5473 habere,
1605 5404 1736 5476 quidquid
1748 5404 1859 5457 habuis·

1059 5498 1103 5543 set
1112 5494 1228 5543 Comata
1234 5488 1337 5541 Gallia.
1350 5488 1475 5539 Namuue
1485 5483 1588 5552 adiecit
1597 5478 1668 5528 idem
1681 5474 1783 5543 Nepos,
1794 5491 1856 5528 euna

1060 5561 1179 5630 pansam
1198 5559 1268 5611 totis
1290 5557 1358 5614 aedi¹
1598 5547 1605 5568 ¹
1628 5559 1856 5601 emarmereco·
