4356 6014
175 342 178 347 ,
253 299 689 373 c.ra1N118Ecuu1>1
727 305 891 368 anuuit
928 306 1115 374 diuidit.
1154 310 1238 374 ΜΒ.
1264 309 1409 377 XVIII.
1446 312 1681 397 cenaeos,
1761 324 1826 395 229

202 461 229 516 a
249 462 321 514 crta
334 456 688 527 omaoperasledsdnit:
708 456 909 522 snoeesderi,
928 474 973 514 se·
1026 462 1133 518 bestat
1150 463 1252 521 noctei
1285 464 1359 518 lledi
1374 464 1428 519 tibi
1442 464 1542 520 herbas
1556 465 1689 523 nomn
1706 468 1827 529 Indicees

170 532 288 587 suiaarIa
298 530 463 599 propagari:
481 528 511 581 io
521 528 593 582 locis
600 526 863 581 crassuetbumidis
873 527 974 595 almon
1027 539 1056 588 et
1067 539 1099 586 ut
1109 551 1144 587 ne
1154 532 1221 588 Sole
1231 533 1342 602 quidam
1352 534 1451 587 oculos
1462 542 1525 588 tuos
1535 544 1638 592 eterra
1647 554 1762 606 avoces,
1780 542 1828 615 1ῃῆ-
1842 550 1868 599 ÷

169 604 247 667 deos,
258 614 349 669 poma,
361 600 439 653 oleae
450 601 516 652 seri:
535 604 617 666 prate
626 600 777 650 stercorari
788 597 868 650 Luna
878 598 974 650 sitien
1026 602 1189 670 liotropium
1200 604 1369 672 sclopinum
1380 604 1606 674 cucanequntur
1615 623 1676 663 eum
1687 610 1749 666 illo.
1771 604 1829 667 Cur

169 681 208 736 te,
220 685 289 740 quae
300 671 382 738 rigua
391 684 446 721 stoa
456 674 551 722 eruat:
569 667 604 721 ab
615 665 712 720 adiens
721 668 839 720 Favoni
852 667 975 732 delendi,
1022 666 1111 726 ‘etiarn
1123 687 1195 724 nunc
1204 662 1291 725 altius
1302 680 1424 740 spectas,
1442 675 1587 743 ipsumque
1596 679 1706 733 caelum
1717 688 1826 737 acrum.

170 740 295 810 purgari,
315 739 416 792 herbas
426 737 516 791 maiae
526 736 663 791 radicitus
673 737 743 800 erui
758 736 827 790 ficus
837 737 975 806 interpur·
1027 741 1082 794 risi
1117 741 1213 794 lIabes
1224 750 1289 794 aste
1301 743 1386 809 pedes
1396 746 1583 799 tuosocceve
1639 750 1690 803 iae.
1724 752 1827 805 lucar.

170 810 243 881 geel,
262 807 494 872 semioarialierl,
516 807 769 861 etreterasareiri.
805 809 974 861 llaecantc·
1026 812 1064 862 tis
1072 824 1124 864 eae
1135 810 1233 863 diebus
1245 812 1418 877 proveniunt,
1438 813 1592 883 durantque
1615 817 1826 875 oederesideris

171 878 346 950 quamrinee
360 876 461 931 llorere
477 876 603 944 Incipiat.
639 876 838 945 Itemquspiro
856 875 974 929 durante
1026 878 1154 933 buluseez
1174 882 1553 947 paremqueeesitliuseese
1564 892 1669 939 certum
1682 894 1734 943 eet.
1761 890 1827 945 Pro·

172 947 487 1015 arareinpriatneacra
505 961 688 1014 muneraque.
724 945 829 999 Postea
839 948 880 1000 uti
891 960 974 1014 quae·
1026 949 1091 1001 Inde
1103 949 1228 1016 quisquis
1238 949 1361 1002 aestivos
1372 948 1480 1004 leuatus
1491 960 1558 1007 ante
1568 954 1634 1009 illas
1645 959 1757 1021 evenit,
1767 961 1827 1027 lpse

171 1031 225 1084 que
236 1017 403 1086 gratissima
412 1024 442 1071 et
457 1018 658 1084 aquosiasima,
674 1016 716 1068 ita
730 1024 872 1084 postremo
884 1023 973 1068 arato.
1027 1017 1208 1071 frustrabitur
1226 1033 1296 1072 sese.
1331 1019 1395 1071 IIoc
1404 1021 1550 1075 Intervallo
1562 1031 1590 1076 et
1601 1025 1713 1092 apicula
1733 1042 1828 1095 proee-

169 1086 247 1157 Ilrgo
258 1086 328 1140 baec
337 1087 429 1140 matio
439 1082 491 1138 bas
502 1077 615 1139 babebit
626 1092 717 1148 notas,
737 1086 846 1138 lentisci
856 1085 974 1151 primum
1028 1086 1098 1141 dens
1109 1086 1201 1141 labam
1212 1088 1315 1142 Ilomre
1332 1089 1450 1142 inditate
1470 1090 1590 1159 tabeque
1600 1093 1751 1150 florescens
1767 1112 1828 1151 mm

169 1152 482 1217 {ructumoateadeatm
502 1171 534 1207 ac
544 1156 599 1222 piri
610 1153 744 1209 florentis.
780 1154 976 1207 Eritettertia
1028 1164 1136 1213 eruut
1171 1157 1292 1211 Dabitur
1312 1164 1341 1210 et
1362 1158 1440 1212 aliud
1461 1160 1534 1212 liniti
1551 1160 1665 1230 frigoris
1685 1164 1827 1219 Inditium.

170 1227 201 1281 ia
210 1226 358 1279 bulborum
368 1234 441 1290 satu,
453 1225 560 1277 scillae.
584 1226 656 1277 item
667 1226 695 1276 in
707 1231 976 1286 coronamentorum,
1028 1229 1097 1281 cum
1107 1228 1264 1295 geroriuaro
1276 1227 1381 1281 rideris
1390 1243 1513 1292 morum,
1524 1229 1655 1285 Iniuriam
1665 1241 1765 1301 poetro
1775 1233 1827 1289 tri·

169 1295 305 1349 amussi:
324 1310 443 1362 namque
453 1300 483 1348 et
493 1293 561 1348 haec
571 1300 616 1348 ter
627 1294 740 1357 dorent,
751 1294 895 1362 prisreoque
905 1292 975 1346 tiore
1028 1300 1106 1366 goris
1116 1296 1217 1350 timere
1228 1298 1327 1351 nolito·

170 1366 291 1432 priorem
303 1366 459 1429 menonem
470 1363 630 1426 ostendunt,
640 1363 733 1417 medio
745 1363 905 1426 secundam,
916 1370 973 1416 ter·
1061 1367 1088 1419 2
1106 1368 1182 1435 Ergo
1195 1382 1302 1435 opera,
1319 1366 1409 1421 taleas
1419 1367 1556 1421 olivarum
1570 1384 1679 1436 ponere,
1699 1373 1829 1441 ipsasque

170 1434 420 1496 decorissimam,
441 1431 552 1499 quando
574 1434 648 1485 inter
660 1448 723 1487 sese
739 1435 797 1486 alia
812 1433 877 1485 alite
894 1439 975 1484 notae
1028 1436 1106 1489 oleas
1127 1436 1314 1501 intercedere,
1334 1438 1428 1506 τίςιτο
1447 1444 1529 1506 prato
1550 1441 1718 1506 aequiuootii
1730 1441 1828 1497 diebus

169 1505 316 1624 qrnobent.
351 1504 392 1555 do
410 1518 465 1555 noa
487 1502 516 1554 iu
536 1502 693 1555 novissimis
714 1510 882 1565 cavetur,ne
902 1501 975 1554 labie
1028 1507 1133 1573 primis.
1170 1509 1238 1559 cunr
1261 1505 1346 1559 herba
1365 1509 1484 1561 creuerit
1503 1510 1532 1560 Ia
1552 1507 1706 1574 festucam,
1732 1526 1829 1566 erdere

190 1575 500 1641 orsnthusattingatur
510 1570 604 1623 edera:
623 1571 653 1624 id
668 1571 864 1625 euImunnium
880 1571 976 1625 ctesi-
1027 1590 1129 1643 aquaso
1148 1577 1246 1629 uineas
1266 1572 1438 1643 pampinare.
1474 1577 1512 1629 Ilt
1531 1576 1596 1630 bule
1616 1579 1664 1631 Iex
1683 1594 1744 1643 sua,
1765 1595 1829 1633 cuer

168 1643 240 1697 tiolo
251 1643 278 1695 ei
291 1648 334 1695 eet
350 1648 468 1708 tempus.
495 1641 649 1710 ‚desedere
665 1656 731 1697 tero
747 1652 778 1694 et
792 1655 857 1694 suas
873 1640 976 1694 habent
1048 1645 1155 1712 ampiui
1175 1649 1297 1712 quatuor
1317 1645 1422 1715 digitos
1447 1645 1626 1714 longitudine
1646 1648 1831 1715 expleverint·

170 1718 263 1773 notas,
282 1711 366 1763 sicuti
385 1712 460 1763 dous.
497 1711 655 1775 cnmlolia
673 1725 763 1779 pauca
782 1711 813 1761 in
833 1712 976 1764 cacumine
1027 1659 1340 1783 I’ampInatunaopera
1350 1717 1489 1784 inguen.
1507 1718 1623 1783 degeres
1634 1716 1746 1769 iterare.
1765 1716 1831 1771 Sar·

169 1779 313 1835 ooetabuli
331 1780 414 1834 modo
430 1779 598 1847 pernicem,
617 1789 685 1833 tuno
704 1779 827 1833 medune
844 1781 976 1834 serendas
1029 1784 1103 1837 ritur
1121 1798 1188 1838 uero
1205 1784 1305 1838 diebus
1319 1785 1426 1853 vqiati.
1461 1786 1503 1838 Ab
1519 1786 1698 1853 aequioectio
1719 1794 1833 1839 sartura

170 1851 249 1903 fleus.
1028 1860 1170 1906 nocerent
1185 1853 1283 1908 tineae
1300 1860 1329 1905 et
1344 1853 1434 1922 segeti
1453 1856 1625 1909 aestimatur.
1661 1856 1700 1908 Et
1713 1855 1831 1911 ovesla·

205 1916 305 1971 LlIVl.
324 1914 350 1971 1.
367 1919 580 1986 Aequinoctium
590 1933 706 1972 reanum
722 1933 749 1974 a.
759 1918 787 1971 d.
797 1917 861 1970 vul
873 1917 977 1971 Kalen·
1028 1922 1176 1976 rmdiboe
1185 1922 1258 1976 Mem
1270 1930 1379 1991 tempus
1389 1931 1441 1977 est.

171 1989 222 2043 das
237 1987 343 2054 Aprilis
358 1989 454 2057 peragi
470 1990 591 2042 ridetur.
626 1989 669 2041 Ab
684 2003 719 2041 eo
734 1989 770 2040 ad
786 1986 829 2041 Ve
865 1987 975 2039 'liarurn
1063 1991 1089 2047 3.
1107 1992 1329 2060 Averquiarum
1349 2002 1450 2045 exortu
1468 1993 1760 2063 algnidcantcaesari‚
1783 2009 1848 2063 po-·

171 2064 299 2113 exortum
320 2058 496 2120 matutinum,
515 2060 628 2111 Caesari
649 2059 811 2127 significant
858 2055 976 2109 alendae
1029 2061 1128 2114 strldie
1143 2062 1255 2114 Arcturi
1275 2076 1391 2116 occasus
1404 2064 1572 2115 matutinus:
1590 2066 1676 2118 tertio
1685 2064 1832 2119 IdusMaii

170 2127 282 2195 Aprilis.
319 2127 461 2180 IIINuoae
471 2127 976 2196 ApriIisinntticaVergiliaevespe·
1028 2131 1173 2185 Fidiculae
1191 2137 1322 2185 eremus:
1341 2132 1546 2186 XlllIalendas
1561 2133 1633 2187 Iunii
1653 2134 1767 2202 capella
1787 2149 1831 2187 re

171 2196 399 2251 reoccultantur.
435 2197 557 2251 Eaedem
568 2197 703 2265 postridie
714 2200 743 2250 in
754 2199 886 2251 boeotia:
908 2198 975 2248 eae·
1029 2202 1105 2268 speri
1126 2200 1268 2264 occidens,
1289 2209 1319 2254 et
1337 2201 1367 2252 in
1387 2204 1481 2257 ltttIea
1501 2204 1594 2257 Canis.
1629 2205 1669 2257 XI
1686 2203 1831 2257 Kalendas

171 2265 233 2319 sari
251 2272 343 2319 autem
364 2272 394 2319 et
414 2266 564 2319 Chaldaeis
580 2268 682 2321 Nonis:
702 2267 929 2336 Aegyptoon‘on
948 2270 978 2317 et
1029 2270 1143 2323 caesari
1154 2270 1265 2322 Orionis
1275 2270 1386 2339 gladius
1402 2271 1532 2328 occidere
1542 2272 1656 2340 incipit:
1679 2273 1833 2327 tertioNo·

170 2335 282 2403 gladius
293 2335 656 2401 diutincipiunddbscondi.
694 2337 807 2388 Camari
819 2343 899 2386 sexto
911 2333 977 2384 Idus
1030 2355 1081 2392 nne
1091 2340 1163 2392 lunii
1175 2341 1291 2393 Caesari
1310 2346 1340 2395 et
1347 2343 1478 2409 myriae
1487 2341 1589 2409 Aquila
1600 2342 1710 2409 vesperi
1721 2343 1831 2395 oritur:

171 2404 350 2472 significetur
369 2403 459 2456 imber
480 2405 583 2458 Librae
606 2418 715 2456 occasu.
751 2402 817 2455 XIV
835 2399 977 2454 Kalendae
1030 2407 1208 2459 octavoldue
1219 2409 1352 2459 Arctum
1368 2411 1507 2461 matutino
1523 2409 1642 2465 occidit:
1662 2411 1833 2465 Italleesea-

171 2474 244 2526 esau
255 2474 385 2542 Aegypto
397 2472 516 2527 Suculae
527 2473 658 2527 occidunt
667 2475 787 2540 roeperI,
807 2470 885 2522 sidus
896 2468 977 2519 velie·
1031 2482 1080 2534 to,
1101 2475 1317 2539 etquartoldus
1327 2475 1542 2540 Delphinoeres
1562 2479 1754 2530 eriexoritur:
1783 2480 1830 2533 de.

172 2557 261 2606 mens,
281 2549 310 2593 et
321 2549 398 2594 terra
408 2543 536 2609 mamque
547 2542 702 2594 turbidum:
722 2541 831 2591 decimo
842 2544 921 2591 sexto
932 2537 978 2588 nt·
1032 2543 1104 2593 mmo
1115 2542 1233 2608 septimo
1249 2541 1393 2594 Kalendas
1403 2544 1465 2595 Iulli
1484 2546 1531 2611 gia
1551 2545 1595 2596 ius
1605 2545 1720 2597 Orionis
1734 2548 1832 2609 oritur,

172 2612 262 2665 tinaer
289 2610 340 2663 xv
361 2611 485 2672 commi,
504 2610 691 2676 continuoque
710 2609 804 2661 triduo
827 2605 976 2676 significat.
1048 2610 1245 2678 uoddeqypto
1262 2616 1328 2676 post
1343 2613 1532 2679 quatriduum.
1568 2612 1833 2668 UndecimolIalen·

171 2681 309 2747 Assyriae
324 2683 418 2731 autem
434 2678 488 2731 xri
506 2676 655 2729 Kalendas.
691 2677 755 2729 lloc
771 2683 814 2729 est
830 2675 914 2742 vulgo
931 2689 978 2741 ep·
1029 2626 1099 2743 das,
1120 2679 1245 2732 eiusdem
1256 2679 1369 2731 Orionis
1379 2679 1489 2799 qladias
1500 2682 1612 2734 caesari
1625 2683 1753 2735 occidere
1764 2684 1832 2736 inci·

171 2748 310 2872 bellatum
332 2746 410 2797 eidus
430 2746 605 2810 PariIIcium,
623 2746 755 2813 quoniam
773 2747 812 2799 xl
834 2743 977 2807 Kalendas

1030 2749 1080 2816 pit.
1116 2747 1181 2802 virt
1193 2746 1331 2801 Kalendae
1345 2749 1384 2801 Iol
1398 2751 1484 2802 ivero
1500 2750 1664 2820 longissima
1674 2752 1735 2804 dies
1744 2752 1832 2805 totius

207 2817 246 2869 aii
259 2816 335 2867 urbis
346 2815 451 2868 Romu
463 2815 587 2878 nuens,
605 2831 660 2882 quo
671 2814 730 2868 lere
741 2815 876 2868 menites
887 2812 977 2866 reddi·
1031 2819 1106 2881 sunl,
1127 2823 1157 2871 et
1167 2831 1222 2869 noa
1233 2816 1394 2870 brevissima
1403 2818 1557 2871 solstitium
1568 2820 1727 2873 conficiunt.

173 2894 231 2950 tur,
249 2885 408 2938 claritatem
419 2885 608 2938 observationi
619 2884 711 2937 dedit:
729 2885 885 2936 niarborum
897 2897 977 2950 argu-

173 2960 271 3009 mento
295 2953 414 3021 Hyadas
432 2954 640 3021 appellantibus
660 2954 777 3007 Graecis
798 2952 849 3006 hae
870 2952 976 3004 stellas.

175 3024 257 3088 Quod
268 3023 356 3077 nostri
371 3039 388 3076 a
404 3024 589 3075 sindlitudine
608 3024 781 3091 cognominis
793 3023 896 3075 Graeci
912 3036 976 3089 pro·

173 3100 240 3163 pter
248 3108 312 3145 sues
322 3093 484 3159 impoeItum
495 3094 682 3155 arbitrantes,
702 3092 845 3161 imperitia
856 3090 978 3158 appelln-

173 3178 243 3215 rere
252 3160 379 3213 secutae
415 3162 528 3214 caesari
548 3177 575 3214 a.
589 3163 615 3213 d.
628 3160 693 3214 VIII
706 3161 849 3215 Kalendas
865 3167 979 3213 notatur

175 3232 246 3283 dies.
284 3230 331 3282 l'll
342 3230 484 3283 Kalendas
494 3233 623 3300 Aegypto
635 3231 729 3284 lloedi
740 3231 921 3284 exoriuntur:
940 3225 978 3280 VI

175 3299 319 3353 Kalendas
330 3299 466 3353 Boeotiae
481 3306 510 3353 ot
520 3301 632 3353 Atticae
644 3302 727 3354 Canis
738 3301 848 3366 vesperi
859 3298 979 3351 occulta·

175 3375 230 3420 tur.
267 3367 395 3421 Fidicula
416 3385 495 3422 osane
514 3372 620 3422 aruer:
639 3370 665 3423 V
681 3370 825 3423 Kalendas
846 3369 979 3438 Assyriae

177 3438 266 3490 orion
286 3444 364 3489 totus
384 3438 574 3501 absconditur,
596 3439 681 3492 tertio
703 3445 796 3491 autem
807 3440 905 3509 Canis:
941 3435 979 3488 Vl

174 3505 274 3559 Nonas
291 3507 362 3559 Maii
381 3508 495 3560 Caesari
510 3508 631 3561 Suculae
650 3509 789 3563 matutino
807 3509 981 3570 eraduntur,

176 3581 206 3628 et
217 3575 357 3629 vinnom
370 3578 485 3645 capella
502 3576 645 3645 pluvialis.
679 3578 812 3647 Aegypto
831 3585 923 3629 autam
934 3590 980 3629 eo·

176 3642 242 3698 deae
265 3645 403 3699 diodonis
424 3662 471 3700 res
491 3647 531 3699 eri
553 3647 718 3701 occultatur.
755 3647 803 3702 Sic
822 3646 882 3700 iere
900 3643 981 3698 inve

176 3713 244 3834 Isque
254 3715 333 3779 Maii,
353 3716 400 3784 qui
420 3723 463 3768 est
500 3717 665 3783 srgiliarum
684 3724 810 3779 exortus,
832 3717 981 3767 decurrunt

175 3798 200 3834 es
221 3797 279 3836 ora.

212 3852 238 3903 2.
257 3852 288 3904 ln
302 3850 358 3905 boc
370 3851 503 3919 temporis
522 3852 680 3917 intervallo,
698 3851 752 3907 XV
769 3852 869 3905 diebus
883 3850 981 3920 pslmis

176 3920 468 3991 agricolaerapIeuda
478 3931 543 3976 sunt
559 3939 606 3987 ea,
626 3924 728 3992 quibus
739 3921 904 3990 peragendis
916 3928 981 3973 ante

178 3991 386 4058 aequinoctium
397 4007 452 4044 non
462 3992 605 4046 suffecerit
616 4030 625 4057 ,
646 3992 711 4044 dum
722 3993 794 4046 sedat
805 3991 872 4045 inde
887 3999 980 4043 natam

177 4059 423 4126 exprobrationem
439 4060 562 4125 reema,
582 4063 740 4129 potamium
759 4062 841 4126 vites,
861 4059 981 4128 periuri·

177 4132 314 4183 tatiooem
332 4137 432 4183 cautus
453 4130 531 4183 alitis
551 4132 730 4197 temporarii,
751 4144 833 4198 quem
853 4129 980 4182 cuculum

177 4206 291 4251 vomet.
339 4198 469 4251 Dedecus
488 4201 561 4251 enisu
581 4198 718 4261 babetur,
746 4199 981 4265 opprobriumque

176 4268 308 4320 neritum
320 4303 329 4330 ,
356 4267 458 4319 falcem
469 4267 504 4318 ab
515 4269 566 4319 illa
574 4267 688 4319 volucre
697 4271 725 4321 in
734 4267 792 4318 site
802 4264 981 4333 deprehendi,

177 4342 209 4389 ut
219 4337 256 4391 eb
267 4335 299 4386 id
309 4333 480 4402 petulantiae
490 4336 563 4403 eqles
578 4336 664 4387 etiarn
681 4351 743 4387 cum
759 4336 849 4401 primo
865 4348 929 4386 rere
941 4332 981 4384 Iu·

178 4404 291 4458 dantur.
326 4403 455 4469 Auspicio
469 4409 560 4456 umen
572 4403 753 4456 detestabiles
765 4402 903 4455 videntur.
926 4400 980 4453 Ad·

176 4488 213 4528 eo
234 4469 353 4523 mInIma
373 4485 501 4539 quaeque
516 4474 545 4524 in
560 4482 629 4539 agen
645 4470 819 4525 mmaiibus
834 4468 983 4523 trahuntur

177 4556 211 4595 ar
251 4542 361 4594 arentis.
399 4542 538 4595 [Ismaro
555 4550 649 4595 autem
673 4541 726 4595 boo
745 4549 871 4606 tempore
891 4540 982 4607 panici

177 4613 216 4665 m·
230 4613 307 4679 iique
325 4609 401 4663 satio
419 4615 473 4663 est.
507 4611 614 4664 lustum
630 4618 674 4665 oet
693 4611 750 4665 ltoe
766 4613 821 4662 seri
842 4616 982 4661 maturato

178 4679 296 4734 hordeo.
331 4682 422 4747 etque
438 4681 521 4733 etiam
537 4683 568 4734 io
583 4681 680 4734 eodem
692 4697 760 4734 areo
771 4687 815 4733 est
831 4683 940 4748 mgnum
951 4678 983 4731 il·

179 4750 237 4803 lius
245 4751 412 4813 maturitati
423 4757 453 4802 et
464 4747 562 4803 borum
574 4751 678 4804 sationi
689 4766 842 4813 commune,
858 4750 983 4801 lucentes

179 4832 298 4886 vespere
316 4833 366 4886 per
381 4834 449 4871 arsa
463 4819 626 4874 densetae.
663 4822 708 4873 Ita
722 4820 866 4888 appellant
883 4818 983 4871 metiri

180 4888 458 4951 udlaorsevotetne,
477 4889 582 4943 Graeci
591 4905 659 4944 aero
669 4890 852 4959 lampyridas,
861 4887 982 4941 incredi-

180 4955 231 5011 bili
243 4957 415 5025 benignitate
423 4964 555 5013 naturae.

217 5024 329 5079 exva
348 5024 373 5080 1.
384 5029 442 5081 lam
452 5027 594 5097 Vergdias
609 5029 638 5080 io
654 5029 732 5082 caelo
743 5026 882 5081 notabiles
891 5032 981 5080 cater-

181 5110 219 5148 ra
230 5095 352 5150 lecerat:
370 5113 424 5149 noo
435 5103 528 5152 mosen
539 5095 582 5149 bis
591 5104 731 5162 contenta,
752 5105 901 5150 terrestres
917 5096 984 5149 iecit

182 5166 267 5228 alias,
285 5165 375 5219 veluti
385 5166 560 5222 meliorans:
577 5168 634 5221 Gur
645 5168 751 5220 caelum
763 5167 900 5220 intuearis
911 5166 983 5234 agri·

182 5233 263 5288 colai
280 5249 334 5287 eur
348 5235 443 5289 sidera
458 5253 579 5306 quaeras
596 5237 720 5291 rusticei
738 5239 794 5288 iem
810 5243 839 5288 te
855 5236 984 5289 breviore

182 5302 395 5357 somnolentum
407 5314 536 5373 premunt
552 5314 657 5359 noctes.
693 5308 766 5359 llere
776 5305 829 5359 tibi
840 5307 913 5357 iuter
923 5303 984 5357 ber·

181 5369 232 5425 bar
242 5378 306 5427 tuas
316 5388 419 5442 spargo
432 5376 588 5443 peculiares
599 5375 707 5440 stellas,
718 5389 820 5443 easque
830 5387 943 5440 vespere
955 5379 983 5426 ct

182 5441 216 5497 ab
227 5455 311 5509 opere
322 5442 376 5495 diei
435 5446 496 5497 enti
512 5444 644 5499 ostendor
663 5461 697 5498 ac
715 5459 749 5497 os
797 5444 984 5509 ssisprseter·

180 5502 230 5577 bt,
239 5512 376 5566 nemesio
387 5528 420 5566 so
433 5513 522 5569 licito.
558 5504 681 5569 Videsne
691 5520 722 5567 ut
733 5459 895 5581 leIgorigni
904 5510 982 5564 einri-

180 5574 335 5638 llsalasom
345 5598 506 5651 compressu
516 5588 650 5654 tegam,
667 5598 818 5654 secumque
832 5581 924 5636 lucem
934 5580 981 5635 ba·

1064 2888 1090 2940 4.
1109 2886 1140 2938 ln
1150 2885 1347 2953 bootemporis
1358 2886 1507 2941 intervallo
1519 2888 1617 2941 vineae
1626 2891 1831 2956 pampinanter,
1890 2928 1899 2937 .

1031 2955 1200 3023 curaturque
1210 2958 1332 3009 utvlnea
1341 2961 1421 3009 retus
1431 2956 1519 3010 semel
1528 2956 1605 3011 fossa
1615 2959 1661 3021 sit,
1680 2959 1724 3012 bie
1735 2959 1831 3013 norel-

1030 3026 1069 3078 Ia.
1116 3027 1190 3079 Ores
1209 3023 1375 3079 tondenturr
1403 3026 1528 3093 lupInum
1551 3027 1728 3080 stercorandi
1748 3043 1832 3080 causa

1030 3094 1161 3148 vertitur:
1178 3094 1466 3162 terraproscirrditur:
1484 3096 1557 3147 vIcIa
1567 3097 1595 3147 ier
1606 3094 1831 3165 pabulum‘eeca-

1031 3172 1091 3217 tur:
1109 3164 1175 3217 laba
1184 3164 1310 3225 metitur,
1321 3163 1386 3216 dein
1398 3164 1564 3217 meratitae.

1066 3233 1152 3285 Prata
1163 3237 1238 3285 cirea
1248 3231 1391 3286 Kalendas
1403 3233 1474 3285 Iunii
1486 3233 1648 3295 caeduntur,
1682 3247 1780 3286 aarum
1792 3233 1832 3287 ia·

1032 3303 1138 3356 oilIIme
1149 3302 1282 3369 agricolis
1293 3317 1362 3354 cura
1370 3316 1403 3353 ao
1413 3302 1521 3354 minimi
1531 3302 1672 3369 impendit,
1696 3318 1746 3355 aec
1758 3302 1792 3355 de
1801 3318 1832 3355 se

1033 3371 1159 3439 postulat
1177 3371 1241 3424 dici.
1272 3370 1404 3441 Relinqui
1416 3371 1520 3423 debent
1530 3370 1559 3423 in
1568 3371 1646 3423 laeto
1657 3370 1719 3424 eolo
1729 3370 1774 3424 vel
1784 3369 1832 3422 hu·

1034 3441 1117 3502 mido,
1137 3442 1284 3508 scirique,
1302 3455 1474 3508 mqueaqua
1533 3441 1580 3491 sia
1591 3439 1833 3509 etgariviapubli·

1033 3526 1074 3564 ca.
1109 3509 1292 3561 Utilissimum
1302 3509 1386 3561 slmul
1395 3516 1426 3562 et
1436 3509 1486 3563 her
1549 3524 1640 3571 arare,
1661 3509 1833 3564 deindecra·

1034 3581 1097 3642 tire,
1115 3594 1210 3633 serere
1220 3576 1318 3631 liorem
1330 3594 1365 3631 ex
1377 3577 1537 3641 foenilibus,
1552 3586 1637 3647 atque
1647 3592 1682 3633 ex
1691 3581 1831 3645 praesepi-

1033 3649 1084 3701 bus
1096 3647 1179 3702 teneo
1190 3646 1328 3714 dilapsum
1339 3661 1479 3716 spargere,
1495 3650 1658 3713 priusquam
1668 3648 1830 3699 cratianbsr.

1033 3718 1189 3784 Necprimo
1210 3730 1283 3769 aeno
1297 3716 1395 3784 rigari,
1414 3717 1551 3785 neopasoi
1561 3726 1628 3768 ante
1640 3715 1761 3767 seonada
1771 3716 1832 3768 Ine·

1033 3786 1147 3849 meria,
1166 3801 1201 3839 oe
1210 3784 1315 3840 berbae
1323 3786 1471 3849 vellantur,
1483 3786 1645 3852 obtrituque
1655 3782 1832 3837 hebetantur.

1034 3856 1188 3909 Senesount
1198 3861 1289 3923 prata,
1300 3855 1466 3922 restitquue
1478 3854 1581 3911 debent
1593 3854 1661 3907 laba
1670 3854 1699 3905 In
1709 3852 1752 3906 bis
1762 3860 1834 3917 sata,

1035 3925 1078 3978 rei
1089 3924 1174 3991 rapis,
1184 3925 1231 4007 rel
1240 3925 1330 3977 milio.
1348 3924 1417 4008 M⁰.¹
1427 3925 1589 3992 insequente
1599 3938 1672 3976 anno
1683 3920 1834 3985 frumento,

1033 3993 1833 4141 dilatatidi'ttdrit,,initialia

1034 4135 1180 4193 terberont,
1188 4132 1287 4183 secari.
1316 4131 1368 4183 Est
1380 4132 1454 4184 enirn
1467 4131 1496 4182 in
1509 4130 1606 4198 primis
1616 4127 1727 4188 matth,
1739 4140 1833 4178 eumer

1034 4199 1134 4252 herbae
1151 4196 1365 4253 sementataras.
1394 4200 1491 4252 Herba
1503 4199 1608 4265 optima
1618 4198 1647 4246 in
1659 4202 1740 4261 prato
1751 4193 1834 4247 trilo-

1034 4268 1076 4329 Iii,
1096 4269 1225 4334 proxima
1241 4269 1387 4335 genetiuis,
1407 4270 1528 4334 pessima
1549 4263 1694 4325 nsimmuli,
1714 4262 1833 4346 siliquas

1035 4337 1119 4387 etiem
1131 4334 1207 4387 dirae
1218 4334 1344 4389 ferentis.
1379 4335 1470 4386 Invisa
1481 4343 1509 4386 ct
1521 4332 1654 4400 equisetis
1665 4337 1720 4393 est,
1730 4349 1747 4384 a
1756 4332 1833 4387 nni-
1853 4360 1867 4373 -·

1034 4403 1155 4458 litedIne
1164 4404 1285 4470 equnae
1294 4410 1381 4457 setae.
1417 4401 1536 4456 &ansel
1547 4410 1666 4467 tempus,
1682 4415 1743 4452 curn
1755 4402 1834 4470 spica

1035 4473 1335 4541 deflorescerecoepit,
1346 4478 1430 4539 atque
1440 4472 1584 4524 roboraris
1605 4468 1765 4535 erundum,
1783 4486 1831 4522 aa·

1035 4552 1147 4611 tequam
1159 4542 1307 4594 huescat
1344 4543 1414 4593 cato
1426 4541 1549 4604 foenum,
1561 4539 1705 4608 inquitas
1715 4554 1779 4593 sero
1789 4555 1833 4592 sa·

1035 4628 1094 4667 ces:
1113 4615 1190 4680 prius
1201 4627 1283 4680 quam
1294 4625 1388 4663 semea
1400 4618 1536 4663 maturisue
1552 4612 1603 4673 eit,
1621 4616 1726 4665 meato.
1763 4609 1833 4673 Qui·

1036 4684 1099 4736 dem
1111 4681 1199 4749 pridie
1210 4681 1311 4748 rigant,
1322 4681 1368 4732 ubi
1380 4687 1444 4732 aunt
1453 4682 1541 4749 mque.
1567 4679 1704 4733 Noctibus
1715 4678 1833 4731 roscidis

1034 4753 1126 4806 secari
1136 4750 1247 4805 radius.
1273 4749 1415 4813 Quaedam
1426 4757 1524 4821 partes
1531 4749 1631 4805 Italiae
1641 4755 1705 4818 post
1714 4763 1833 4802 messem

1034 4827 1140 4877 temni.

1069 4890 1097 4945 5.
1111 4889 1180 4942 Fsit
1200 4884 1256 4941 boc
1273 4902 1384 4956 quoque
1399 4888 1517 4942 nraiorls
1529 4886 1664 4955 impeedti
1675 4884 1750 4955 apud
1761 4885 1834 4955 prio·

1034 4976 1091 5013 res.
1125 4954 1833 5025 creticietantumtransmarinIsqoecotibusootis,

1035 5044 1087 5083 nec
1098 5029 1152 5081 nisi
1163 5028 1226 5082 eleo
1236 5026 1318 5079 lalcis
1330 5030 1417 5080 aciem
1429 5026 1627 5081 escitaatibus.
1645 5028 1735 5095 Igitur
1746 5038 1833 5077 mena

1034 5104 1149 5167 propter
1157 5098 1248 5151 oleon
1260 5096 1296 5149 ad
1307 5112 1369 5150 crus
1380 5098 1469 5166 Itgato
1481 5095 1604 5151 Ioeniles
1612 5096 1767 5148 Incedebat.
1777 5095 1834 5145 lta·

1035 5170 1075 5221 lia
1090 5169 1219 5236 aquaria
1230 5172 1308 5219 entes
1319 5166 1409 5228 dedit,
1431 5167 1517 5219 lineae
1528 5168 1588 5219 vioe
1596 5165 1634 5217 im
1656 5170 1766 5219 erantm
1776 5159 1831 5212 Ier-

1035 5253 1078 5291 ro.
1114 5237 1170 5291 sed
1188 5236 1321 5305 squamae
1340 5236 1470 5303 pretim
1485 5235 1584 5289 urent.
1619 5232 1745 5287 baldum
1758 5230 1831 5295 ipsa·

1036 5321 1097 5359 rum
1107 5306 1163 5359 duo
1173 5320 1288 5374 genera:
1298 5305 1425 5359 ltaIIcom
1436 5305 1595 5365 bresiuaac
1603 5302 1647 5354 rel
1657 5301 1833 5363 reurrepeee

1036 5389 1146 5445 quoque
1171 5373 1331 5427 tractabile.
1367 5374 1521 5427 Galliarum
1543 5370 1695 5427 Iatilisndia
1715 5363 1832 5418 malorls

1036 5443 1175 5512 compeod'
1379 5433 1831 5499 ''·scaeduntlrerbas,brcvlorce·

1035 5530 1090 5581 que
1098 5529 1139 5582 prs
1431 5508 1554 5561 “enlm
1574 5507 1832 5560 dextrauoamasu

1034 5590 1119 5641 emet*
1488 5568 1833 5631 'ererumiadiedesecm
