4368 6008
317 325 536 390 C.·PL1N11
569 326 777 389 SECUNDl
812 325 981 389 Naana.
1016 326 1210 399 taisson.
1244 330 1330 393 [ΑΒ.
1352 329 1451 390 xxi.
1480 330 1574 393 cnt’.
1598 330 1696 392 7-13.
1767 335 1832 396 259

116 487 123 495 '
180 478 337 551 appellavit
348 478 475 532 tribunos
486 477 588 546 plebis.
603 477 662 532 Nec
672 478 856 533 intercessere
866 479 922 531 illi:
935 478 983 531 all·

180 560 226 606 tcr
247 566 328 619 quam
348 546 473 611 Athenis,
494 549 541 601 ubi
561 548 774 602 consessabundi
788 549 902 602 iuvenes
920 556 984 602 ante

181 620 325 675 meridiem
347 626 500 671 conventus
522 619 692 685 sapientium
710 633 819 686 quoque
838 619 985 670 doctrinae

182 689 407 759 frequentabant.
444 687 522 755 Apud
535 703 584 738 nos
595 687 749 756 esensplum
762 688 893 741 licentiae
904 686 984 739 huius

182 775 237 812 non
250 765 291 810 est
303 756 378 810 aliud
391 772 472 824 quarn
486 757 545 807 tilia
557 757 622 808 Diri
633 757 765 825 Augusti,
786 759 863 809 cuius
875 758 986 809 luxuria

182 829 311 881 noctibus
322 834 488 881 coronatum
499 827 658 894 Marsyam,
679 826 780 880 literae
790 827 868 879 illius
878 826 924 880 dei
936 843 984 895 ge·

181 904 268 950 munt.

218 968 279 1023 Vll.
298 962 413 1018 Florum
434 963 545 1032 quidem
560 978 595 1032 po
616 964 831 1019 ulusllomanus
850 962 984 1017 honorem

183 1034 307 1103 Scipioni
323 1042 431 1087 tantum
449 1034 555 1086 habuit.
591 979 708 1101 genapia
726 1035 985 1103 cognominabatur,

183 1114 299 1175 propter
308 1103 519 1157 similitudinem
534 1100 622 1155 suarii
632 1103 777 1156 cuiusdam
790 1104 984 1170 negotiatoris.

184 1177 227 1228 Ob
238 1175 266 1227 id
285 1180 346 1227 erat
358 1175 386 1226 in
400 1174 540 1225 tribunatu
552 1174 628 1239 plebi
647 1173 799 1225 admodum
810 1179 922 1241 gratus,
942 1172 983 1223 di-

183 1259 308 1312 gnusque
320 1243 514 1296 hirimannum
526 1242 641 1296 fanrilia.
660 1242 730 1297 dies
741 1251 801 1296 erat
812 1243 933 1294 inbonis
944 1243 985 1292 l'u·

182 1317 258 1367 neris
269 1315 403 1383 impensa.
442 1314 525 1365 Asses
537 1328 604 1381 ergo
617 1313 738 1365 contulit
748 1312 876 1379 populus,
897 1327 929 1364 ac
940 1311 984 1362 fu·

182 1399 234 1436 nus
247 1384 381 1437 elocarit:
399 1398 507 1451 quaque
518 1382 740 1451 praeferebatur,
751 1382 835 1435 flores
847 1396 862 1435 e
872 1395 986 1461 prospe·

183 1454 437 1521 ctuomoisparsit.
480 1459 486 1465 ’

217 1523 291 1578 vill.
308 1526 346 1578 Iit
357 1524 413 1575 iam
424 1529 489 1575 tunc
499 1536 620 1575 cornuae
630 1521 745 1575 deornm
757 1520 846 1575 bonos
858 1526 945 1584 erant,
957 1527 986 1574 et

182 1591 298 1645 Larium
307 1593 480 1660 publicorum
493 1593 730 1659 privatorumque,
741 1608 774 1644 ac
785 1592 985 1660 sepulcrorum,

182 1669 213 1713 et
230 1662 370 1714 Manium:
389 1677 551 1728 summaque
571 1662 726 1714 auctoritas
739 1663 838 1729 pactili
855 1674 985 1715 coronae.

183 1729 287 1783 Sutiles
298 1730 436 1782 Saliorum
448 1732 536 1783 sacris
546 1731 712 1799 invenimur,
728 1739 758 1784 et
768 1732 909 1784 solemnes
921 1745 983 1782 coo·

183 1801 239 1852 nis.
250 1801 400 1852 Transiere
411 1799 510 1853 deinde
523 1799 558 1851 ad
570 1802 692 1854 rosaria:
704 1815 793 1868 eoque
803 1801 984 1867 luxuriapro·

185 1869 281 1933 cessit,
295 1875 328 1920 ut
341 1884 395 1920 non
407 1875 480 1922 esset
491 1872 586 1939 gratia
596 1872 652 1925 nisi
662 1886 739 1924 mero
750 1869 835 1923 folio:
854 1870 985 1923 sutilibus

184 1953 251 1992 mox
261 1939 357 2007 petitis
369 1941 403 1991 ab
414 1939 501 2003 lndia,
510 1945 559 1990 aut
570 1942 645 1993 ultra
654 1941 747 1993 Indos.
783 1939 985 1993 Lautissimum

185 2009 286 2077 quippe
297 2008 423 2070 habetur,
443 2010 549 2062 enardi
562 2008 632 2062 folio
644 2026 691 2064 eas
704 2009 776 2075 dari,
796 2016 845 2062 aut
855 2015 934 2077 reste
944 2024 986 2061 se·

185 2080 244 2131 rica
254 2079 438 2132 versicolores
458 2080 607 2147 unguentis
627 2078 762 2133 madidas.
798 2080 882 2133 fiune
900 2074 986 2133 habet

184 2149 335 2201 norissima
347 2149 450 2201 exitum
460 2148 572 2201 luxuria
582 2149 758 2203 feminarum.

220 2217 268 2271 tx.
286 2220 322 2270 Et
333 2217 405 2286 apud
416 2217 539 2271 Graecos
558 2220 667 2287 quidem
687 2220 722 2273 de
734 2219 846 2272 coronis
857 2219 985 2286 privatim

186 2287 502 2353 scripserelilnesitheus
513 2287 790 2358 atqueCallimachus
801 2288 910 2352 medici,
916 2303 987 2357 quae

186 2364 320 2410 nocerent
329 2359 429 2426 capiti:
440 2360 569 2426 quoniam
579 2368 607 2412 et
618 2356 646 2411 in
659 2359 712 2412 hoc
722 2366 765 2412 est
777 2360 873 2427 aliqua
881 2359 988 2410 valetu-

187 2425 260 2478 dinis
270 2427 372 2495 portio,
387 2430 416 2480 in
428 2435 496 2495 potu
508 2435 591 2497 atque
600 2428 745 2482 hilaritate
755 2429 905 2495 praecipue
918 2427 987 2479 odo-

79 2508 84 2518 ·
186 2509 249 2547 rum
271 2500 298 2548 vi
316 2504 479 2565 surrepente
496 2497 644 2560 fallaciter,
665 2498 805 2550 scelerata
819 2497 987 2564 Cleopatrae

187 2565 315 2617 solertia.
352 2567 477 2633 Namque
491 2567 521 2616 in
540 2574 675 2633 apparatu
685 2566 759 2618 belli
763 2566 870 2619 Actiaci
881 2565 988 2634 gratill-

187 2635 327 2688 cationem
350 2634 436 2699 ipsius
452 2635 566 2700 reginae
584 2637 704 2687 Antonio
722 2638 849 2697 timente,
870 2646 921 2687 nec
932 2634 988 2686 nisi

186 2708 388 2771 praegustatos
403 2703 479 2754 cibos
493 2710 634 2765 sumente,
655 2704 745 2756 fertur
760 2719 862 2772 pavore
878 2706 937 2756 eius
947 2703 988 2754 lu·

145 2820 153 2833 ,
187 2775 268 2834 sisse,
282 2771 415 2825 extremis
426 2786 545 2827 coronae
557 2773 673 2826 floribus
684 2789 789 2827 veneno
801 2773 893 2834 illitis,
915 2774 987 2840 ipsa·

187 2857 241 2910 que
252 2841 336 2906 capiti
346 2841 489 2908 imposita,
509 2858 576 2895 mox
585 2843 754 2911 procedente
764 2841 908 2895 hilaritate
919 2844 987 2893 invi·

187 2911 260 2963 tavit
268 2909 425 2973 Antonium,
437 2917 468 2963 ut
480 2926 597 2964 coronas
608 2911 742 2964 biberent.
775 2913 845 2976 Quis
855 2912 898 2964 ita
909 2913 987 2964 time·

185 2986 231 3034 ret
242 2979 377 3032 insidiasl
400 2979 474 3048 Ergo
487 2989 639 3049 concerpta
648 2982 677 3032 in
687 2979 823 3050 scyphum
838 2981 989 3050 incipienti

186 3046 301 3102 haurire
318 3051 446 3116 opposita
466 3065 562 3102 manu:
584 3053 626 3103 En
638 3065 690 3119 ego
707 3066 782 3115 sum,
803 3052 908 3118 inquit,
928 3051 988 3114 iila,

186 3118 284 3171 Marce
301 3119 411 3182 Antoni,
431 3134 512 3185 quam
534 3126 565 3173 tu
581 3135 652 3173 nova
668 3123 908 3188 praegustantium
926 3120 989 3171 dili·

133 3207 141 3217 ·
185 3192 284 3257 gentio
294 3202 388 3241 cares:
400 3187 470 3240 adeo
483 3186 560 3250 mihi,
569 3190 594 3240 si
606 3190 708 3255 possins
721 3191 780 3241 sine
791 3198 818 3241 te
829 3190 932 3249 ninere,
944 3202 988 3261 oc·

187 3258 264 3309 casio
276 3264 325 3308 aut
336 3259 407 3309 ratio
419 3256 506 3310 deest.
536 3256 603 3307 lnda
614 3257 743 3310 eductum
755 3257 883 3309 custodia
892 3256 989 3309 bibere

186 3326 279 3389 iussit,
298 3327 377 3378 illico
390 3327 587 3393 exspirantem.
624 3327 666 3380 ne
677 3327 792 3379 floribus
803 3341 888 3393 supra
898 3327 988 3379 dictos

186 3395 301 3464 scripsit
311 3395 522 3462 Theophrastus
532 3395 607 3463 apud
618 3395 750 3448 Graecos.
771 3399 813 3449 Ex
824 3397 927 3449 nostris
939 3411 988 3446 au·

188 3473 247 3518 tem
268 3466 435 3533 inscripsere
454 3466 540 3532 aliqui
561 3464 648 3518 libros
665 3464 883 3533 Anthologicon:
905 3465 989 3517 flores

188 3549 255 3587 vero
266 3542 429 3601 persecutus
439 3540 483 3587 est
494 3549 589 3597 nemo,
611 3533 684 3603 quod
701 3528 988 3602 equidenhinreniam.

186 3603 247 3657 Nec
258 3619 307 3655 nos
319 3620 391 3656 nuuc
401 3604 510 3658 scilicet
521 3619 639 3656 coronas
648 3613 804 3667 nectemus,
815 3605 844 3657 id
855 3605 927 3658 enim
941 3604 990 3657 fri·

187 3673 280 3725 solum
291 3679 346 3726 cst:
368 3673 418 3727 sed
434 3673 469 3726 de
480 3672 609 3737 floribus,
631 3689 702 3744 quae
717 3674 885 3728 ridebuntur
896 3674 989 3743 digna,

186 3743 411 3795 memorabimus.
606 3788 610 3799 .

223 3812 259 3863 X.
277 3812 448 3864 Paneissima
458 3813 549 3864 nostri
560 3826 663 3880 genera
674 3819 934 3869 coronamentorum
946 3814 987 3866 in·

186 3889 232 3935 ter
241 3880 386 3935 hortensia
395 3898 511 3947 novere,
532 3897 565 3934 ac
576 3899 662 3950 paene
678 3885 769 3938 riolas
782 3900 914 3952 rosasque
926 3892 987 3936 tan·

187 3958 257 4004 tum.
292 3952 593 4019 Rosannsciturspina
609 3957 714 4018 serius,
735 3970 815 4021 quam
828 3954 939 4016 frutice,
959 3955 988 4006 in

142 4068 147 4077 .
186 4021 258 4074 rubo
270 4037 379 4092 quoque
391 4022 567 4090 proveniens,
588 4023 648 4076 illic
659 4024 743 4076 etiam
758 4024 873 4076 iucundi
885 4023 989 4088 odoris,

188 4092 313 4158 quamvis
335 4093 455 4161 angusti.
492 4091 640 4146 Germinat
660 4094 750 4145 omnis
771 4097 862 4159 primo
881 4094 989 4146 inclusa

186 4174 309 4230 granoso
321 4164 436 4216 cortice.
474 4164 535 4226 Quo
545 4176 610 4214 mox
620 4164 831 4227 intumescente,
842 4170 871 4215 et
881 4163 910 4214 in
919 4162 990 4214 niri-

188 4230 238 4283 des
258 4231 414 4285 alabastros
429 4230 573 4297 fastigato,
595 4231 731 4296 paulatim
749 4231 898 4285 rubescens
914 4230 989 4284 dehi-

186 4300 248 4363 scit,
261 4316 294 4352 ac
305 4316 366 4353 sese
377 4301 483 4367 pandit,
494 4301 523 4351 in
534 4298 638 4364 calycis
646 4299 737 4351 medio
748 4301 791 4351 sui
800 4301 903 4351 emotis
917 4315 989 4350 com·

185 4369 273 4436 plexa
283 4369 375 4419 luteos
384 4369 486 4434 apices.
523 4369 594 4419 Usus
604 4368 664 4420 eius
675 4372 702 4419 in
716 4371 824 4419 coronis
836 4382 923 4435 prope
934 4369 988 4419 mi-

126 4486 130 4495 ,
186 4439 280 4489 ninius
299 4444 351 4488 est.
388 4436 459 4488 Olea
481 4442 648 4499 maceratur,
668 4438 751 4504 idque
763 4440 817 4489 ianr
830 4437 988 4489 aTroianis

134 4506 139 4515 '
187 4507 370 4573 temporibus,
391 4508 514 4558 Homero
527 4512 610 4571 teste,
645 4506 797 4559 Praeterea
806 4509 835 4558 in
846 4514 989 4575 unguenta

186 4576 300 4638 hausit,
324 4584 355 4627 ut
373 4576 505 4628 diximus.
542 4575 636 4629 Perse
646 4576 852 4629 medicasartes
862 4578 988 4644 praebet.

187 4646 355 4711 Emplastris
365 4655 450 4712 atque
460 4642 586 4712 collyriis
598 4647 729 4697 inseritur
743 4645 867 4698 mordaci
878 4646 987 4699 subtili-

187 4722 256 4767 tate.
291 4714 453 4768 Mensarum
465 4717 550 4768 etiam
563 4714 671 4768 deliciis
683 4715 865 4786 perungendis
877 4715 988 4771 minime

186 4800 280 4840 nossa

224 4856 336 4909 Genera
347 4855 407 4909 eius
418 4855 508 4908 nostri
519 4857 612 4909 fecere
624 4854 814 4919 celeberrima,
831 4856 989 4923 Praenesti·

187 4940 251 4989 nam
262 4932 290 4977 et
301 4927 478 4993 Campanam.
514 4925 655 4978 addidere
666 4926 714 4976 alii
728 4925 876 4988 Milesiam,
897 4927 940 4977 cui
952 4926 989 4978 sit

188 4994 398 5047 ardentissimus
414 4994 506 5056 culos,
527 5011 582 5047 non
598 4995 745 5048 excedenti
762 4995 891 5048 duodena
909 4995 987 5048 folia.

187 5064 347 5117 Proximam
359 5067 384 5116 ei
393 5063 571 5116 Trachiniam
584 5066 673 5116 nrinus
685 5065 837 5119 rubentem.
849 5062 989 5118 Moxihla·

129 5132 179 5209 ,Ji
187 5133 333 5197 bandlcam
344 5133 484 5197 viliorem,
496 5133 681 5186 albicantibus
694 5133 781 5186 foliis.
816 5130 988 5186 Vilissiniam

188 5219 254 5257 seru
266 5203 403 5271 plurimis,
422 5203 471 5257 sed
482 5200 696 5268 minutissimis?
702 5204 865 5273 spineolam.
903 5203 989 5255 Diffe-

187 5280 253 5325 runt
264 5274 337 5327 eninr
346 5270 525 5325 multitudine
537 5272 680 5337 foliorum,
696 5274 855 5341 asperitate,
866 5272 988 5333 laevore,

188 5342 293 5404 colore,
304 5342 399 5396 odore.
417 5341 589 5395 Paucissima
600 5345 684 5412 quina
696 5344 773 5406 folia,
784 5360 817 5395 ae
828 5342 928 5395 deinde
939 5356 988 5391 nu·

189 5413 357 5466 onerosiora:
367 5426 429 5464 rnna
441 5413 479 5463 sit
488 5425 575 5479 genus
585 5413 656 5475 eius,
668 5428 749 5479 quam
760 5411 930 5464 centifoliam
943 5424 989 5460 ro·

188 5488 263 5533 cant:
304 5496 356 5532 uae
368 5486 412 5533 est
426 5480 455 5531 in
466 5480 616 5547 Campania
634 5482 747 5543 ltaliae,
769 5476 793 5528 Γ

187 5550 259 5603 circa
271 5496 428 5618 Philippos:
448 5549 498 5600 sed
518 5548 558 5599 ibi
577 5565 633 5600 non
651 5565 719 5603 suae
737 5556 762 5601 tr

185 5615 329 5691 Pangaeus
349 5632 431 5674 mons
445 5617 476 5671 in
489 5617 580 5671 vicmo
595 5616 661 5683 fert,
681 5633 753 5681 cumr

1033 480 1141 548 parvis:
1161 479 1234 533 ande
1245 482 1357 534 accolae
1368 479 1569 536 transferentes
1578 490 1737 551 conserunt,
1757 485 1832 554 ipsa·

1035 566 1089 617 que
1102 550 1273 616 plantatione
1284 552 1441 618 proficiunt.
1476 552 1538 604 Non
1549 558 1641 605 autem
1653 555 1723 606 talis
1735 555 1834 607 odora·

1034 620 1142 670 tissisna
1152 626 1204 680 est,
1218 634 1268 671 nec
1278 621 1323 671 cui
1334 621 1498 674 latissimum
1511 624 1715 690 maximumque
1725 625 1833 678 folium.

1035 688 1219 753 firmiterque
1240 689 1371 740 indicium
1388 698 1431 742 est
1447 690 1550 753 odoris,
1568 692 1702 744 scabritia
1712 694 1833 746 corticis.

1036 757 1139 822 Caepio
1149 757 1257 809 Tiberii
1269 762 1395 825 Caesaris
1406 759 1573 826 principatu,
1594 763 1706 829 negarit
1712 765 1834 819 ,centifo-

1035 826 1102 878 liam
1114 828 1141 876 in
1154 840 1273 879 coronas
1284 826 1557 895 addi,praeterquam
1566 835 1707 883 extremos
1714 833 1833 884 velutad

1036 895 1173 947 cardines.
1201 893 1260 946 Nec
1270 894 1363 956 odore,
1375 911 1426 947 nec
1436 898 1527 965 specie
1538 898 1689 963 probabilis
1701 907 1753 964 est,
1762 916 1833 969 quac

1036 964 1145 1017 Graeca
1155 963 1314 1031 appellatur
1324 980 1341 1015 a
1352 966 1463 1029 nostris,
1484 981 1501 1016 a
1512 964 1629 1019 Graecis
1637 967 1756 1035 lychnis,
1778 985 1833 1024 non

1035 1036 1089 1085 nisi
1099 1036 1126 1085 in
1138 1031 1257 1085 humidis
1276 1034 1347 1085 locis
1359 1036 1537 1101 proveniens,
1558 1051 1739 1105 necunquam
1751 1053 1832 1093 exce·
1931 1056 1937 1065 '

1035 1103 1234 1172 densquinque
1252 1101 1338 1165 folia,
1360 1104 1504 1172 violaeque
1520 1107 1725 1175 magnitudine,
1748 1110 1834 1164 odore

1036 1173 1123 1225 nullo.
1149 1173 1200 1224 list
1211 1179 1239 1224 et
1248 1173 1304 1225 alia
1315 1173 1455 1226 Graecula
1464 1175 1612 1241 appellata,
1625 1180 1780 1231 consolatis
1789 1180 1832 1232 fo·

1035 1243 1136 1294 lienum
1156 1242 1302 1310 paniculis,
1321 1258 1374 1296 nec
1394 1243 1538 1296 dehiscens
1559 1245 1614 1296 nisi
1631 1262 1712 1299 nsanu
1728 1255 1834 1314 coacta,

1034 1326 1200 1380 semperque
1216 1312 1343 1366 nascenti
1359 1312 1472 1374 sinaitis,
1492 1314 1636 1366 latissimis
1652 1316 1737 1370 foliis.
1772 1319 1834 1371 Alia

1035 1380 1163 1434 funditur
1174 1398 1189 1434 e
1199 1382 1279 1434 caule
1290 1382 1443 1446 malvaceo,
1464 1383 1534 1435 folia
1544 1383 1621 1436 oleae
1633 1383 1761 1451 habente,
1777 1403 1835 1440 mo·

1036 1457 1152 1503 sceuton
1161 1458 1272 1503 vocant.
1295 1454 1385 1520 Atque
1396 1452 1469 1504 inter
1480 1450 1530 1506 has
1540 1452 1633 1504 nredia
1642 1457 1833 1523 magnitudine

1036 1522 1215 1584 autumnalis,
1233 1522 1623 1591 quamcoroneolamrocant.
1659 1526 1761 1578 Omnes
1772 1529 1834 1580 sine
1959 1524 1991 1553 ·“
2072 1524 2076 1533 ’
2174 1522 2175 1529 ’

1036 1591 1131 1653 odore,
1143 1597 1254 1657 praeter
1261 1592 1439 1663 coroneolam
1450 1599 1480 1646 et
1490 1595 1518 1644 in
1528 1593 1598 1646 rubo
1607 1598 1716 1645 naum:
1727 1601 1770 1646 tot
1778 1610 1835 1646 mo·

1036 1660 1079 1712 dis
1090 1660 1292 1714 adulterantur.
1307 1661 1344 1714 Et
1353 1662 1424 1714 alias
1436 1677 1503 1715 vera
1515 1678 1624 1731 quoque
1635 1663 1783 1730 plurimum
1793 1678 1836 1714 so·

1035 1732 1063 1783 lo
1074 1731 1224 1798 praevalet.
1261 1731 1376 1799 Cyrenis
1387 1730 1584 1785 odoratissima
1595 1739 1650 1785 est:
1667 1733 1787 1801 ideoque
1797 1732 1838 1784 ibi

1036 1807 1208 1869 unguentum
1229 1798 1455 1867 pulcherrimum.
1491 1800 1658 1869 Carthagine
1672 1803 1837 1870 Hispaniae,

1037 1869 1127 1922 hieme
1139 1876 1200 1922 tota
1212 1885 1343 1937 praecox.
1362 1870 1461 1925 Refert
1472 1877 1502 1925 et
1513 1871 1583 1924 caeli
1593 1873 1750 1938 temperies.
1769 1868 1838 1936 Quiss

1036 1938 1152 1991 busdam
1164 1940 1237 1992 enim
1248 1940 1327 1992 annis
1336 1943 1426 1993 minus
1436 1940 1554 1993 odorata
1564 1942 1700 2008 provenit.
1712 1942 1839 1995 Praeter·

1036 2024 1070 2061 ea
1089 2009 1179 2061 omnis
1199 2009 1281 2061 siccis
1299 2024 1381 2078 quam
1393 2008 1513 2062 humidis
1525 2010 1676 2063 odoratior.
1714 2011 1774 2065 Seri
1786 2028 1837 2065 nec

1037 2080 1187 2147 pinguibus
1196 2079 1264 2142 vult,
1284 2094 1336 2133 nec
1345 2079 1488 2148 argillosis
1500 2080 1576 2143 locis,
1596 2095 1647 2133 nec
1658 2081 1754 2150 riguis,
1774 2096 1839 2135 con·

1037 2156 1114 2202 tenta
1123 2148 1206 2212 raris,
1213 2149 1379 2218 proprieque
1390 2151 1549 2203 ruderatum
1556 2164 1651 2218 agrum
1660 2158 1744 2203 amat.
1756 2151 1838 2204 Prae·

1038 2234 1091 2271 cox
1102 2221 1242 2285 Campana
1261 2223 1314 2281 est,
1333 2234 1397 2272 sera
1412 2220 1533 2273 Milesia.
1570 2220 1728 2273 Novissime
1743 2226 1838 2275 tamen

1038 2287 1139 2341 desinit
1149 2288 1339 2359 Praenestina.
1375 2287 1533 2342 Podiuntur
1544 2280 1629 2342 altius
1638 2304 1721 2358 quarn
1733 2290 1839 2373 fruges,

1037 2358 1125 2410 lerius
1137 2359 1311 2426 quamtitas.
1347 2357 1520 2413 Tardissime
1539 2361 1704 2426 proveniunt
1721 2375 1839 2426 semine,

1038 2428 1111 2494 quod
1121 2429 1149 2478 in
1161 2429 1222 2493 ipso
1233 2428 1338 2481 cortice
1350 2435 1400 2491 est,
1420 2430 1472 2482 sub
1482 2430 1544 2495 ipso
1555 2428 1639 2494 tiore,
1659 2436 1788 2498 opertum
1799 2432 1840 2484 la·

1039 2499 1155 2563 nugine;
1176 2496 1212 2547 ob
1231 2495 1260 2547 id
1279 2497 1372 2563 potius
1393 2498 1471 2551 caule
1490 2500 1601 2551 conciso
1617 2499 1790 2551 inseruntur:
1810 2508 1840 2552 et

1038 2567 1136 2618 ocellis
1146 2565 1259 2627 radicis,
1270 2572 1302 2616 ut
1314 2564 1429 2629 munda,
1440 2582 1524 2619 unum
1535 2581 1623 2635 genus
1635 2568 1768 2620 inseritur
1780 2568 1839 2634 pai·

1038 2633 1123 2697 lidae,
1144 2634 1288 2702 spinosae,
1307 2634 1481 2704 longissimis
1501 2637 1602 2704 virgis,
1621 2636 1839 2703 quinquefoliae,

1039 2719 1108 2770 quae
1120 2720 1135 2756 e
1147 2703 1261 2756 Graecis
1272 2704 1363 2758 altera
1373 2712 1426 2758 est.
1437 2705 1533 2761 Omnis
1545 2712 1637 2757 autem
1649 2706 1787 2757 recisione
1798 2713 1840 2758 nt·

1039 2789 1091 2841 que
1103 2773 1212 2826 ustione
1224 2773 1350 2840 proficit:
1372 2775 1558 2827 translatione
1578 2789 1703 2842 quoqne,
1725 2776 1839 2839 atritis,

1038 2844 1142 2911 optime
1162 2844 1347 2911 ocissimeque
1367 2844 1514 2912 provenit,
1537 2843 1655 2896 surculis
1673 2849 1840 2911 quaterndm

1038 2913 1189 2979 digitorum
1201 2912 1385 2981 longitudine,
1406 2921 1455 2966 aut
1466 2912 1610 2980 ampliore,
1626 2919 1690 2980 post
1702 2914 1839 2981 Vergilia·

1038 2998 1097 3034 rum
1110 2996 1236 3035 occasum
1248 2989 1322 3034 sata:
1333 2982 1397 3034 dein
1407 2996 1458 3049 per
1469 2982 1623 3035 Favonium
1633 2982 1779 3045 translata,
1790 2998 1838 3050 pc·

1039 3051 1148 3103 dalibus
1159 3051 1314 3104 intervallis
1325 3053 1479 3119 crebraque
1490 3051 1680 3104 circumfossa.
1696 3051 1753 3113 Qui
1762 3067 1839 3119 prae·

1039 3135 1131 3171 eorem
1144 3118 1264 3180 faciunt,
1283 3120 1378 3187 pedali
1401 3122 1476 3173 circa
1491 3121 1613 3172 radicem
1626 3122 1726 3173 scrobe
1737 3136 1839 3189 aquam

1039 3187 1156 3240 calidam
1169 3187 1327 3252 infundunt,
1338 3191 1493 3258 germinare
1503 3189 1651 3256 incipiente
1661 3190 1767 3258 calyce.

1074 3256 1122 3308 Xl.
1141 3255 1245 3309 lilium
1257 3272 1338 3311 rosae
1350 3258 1499 3310 nobilitate
1509 3258 1663 3325 proximum
1673 3268 1724 3321 est,
1734 3267 1763 3310 et
1773 3274 1841 3327 qua·

1040 3324 1102 3377 dam
1116 3327 1279 3394 cognatione
1299 3328 1431 3396 unguenti
1450 3327 1571 3395 oleique,
1593 3327 1667 3394 qaod
1678 3328 1780 3380 lirinon
1792 3344 1838 3397 ap.

1040 3395 1170 3462 pellatur.
1207 3397 1244 3448 Et
1253 3396 1414 3464 impositum
1427 3399 1510 3448 etiam
1523 3398 1644 3448 maxime
1659 3412 1738 3449 rosas
1749 3398 1840 3460 decet,

1042 3464 1133 3516 medio
1149 3472 1287 3531 proventu
1303 3481 1397 3519 earum
1414 3466 1559 3533 incipiens.
1596 3463 1654 3517 Nec
1668 3466 1722 3519 ulli
1739 3466 1839 3518 hurum

1041 3532 1189 3585 excelsitas
1201 3535 1299 3598 maior,
1308 3534 1449 3587 interdurn
1460 3536 1615 3588 cubitorum
1626 3534 1722 3598 trium,
1732 3535 1840 3603 langui·
1911 3536 1915 3547 ’
1946 3544 1951 3555 ·
1996 3600 2003 3607 .

1041 3601 1077 3655 do
1089 3618 1199 3670 semper
1209 3604 1291 3666 collo,
1298 3612 1326 3657 et
1335 3620 1389 3657 non
1400 3605 1557 3658 sufficiente
1564 3604 1664 3670 capitis
1673 3608 1758 3657 oneri.
1770 3606 1840 3659 Can-

1042 3672 1093 3725 dor
1104 3674 1164 3724 eius
1176 3674 1300 3737 eximius,
1311 3673 1382 3725 foris
1391 3677 1494 3737 striati,
1504 3682 1534 3728 et
1544 3676 1578 3728 ab
1590 3675 1727 3743 angustiis
1739 3675 1767 3726 in
1779 3675 1841 3726 lati·

1040 3741 1165 3795 tudinem
1177 3744 1309 3809 paulatim
1321 3760 1384 3796 sese
1395 3744 1517 3796 laxantis
1527 3744 1619 3813 effigie
1631 3742 1748 3807 calathi,
1766 3758 1842 3798 resu-

1041 3810 1113 3879 pinis
1126 3826 1174 3879 per
1185 3813 1319 3865 ambitum
1330 3814 1432 3877 labris,
1452 3815 1585 3882 tenuique
1599 3814 1658 3877 filo,
1680 3821 1708 3866 et
1724 3815 1840 3877 semine,

1040 3882 1179 3934 stantibus
1190 3883 1217 3933 in
1231 3883 1323 3937 medio
1334 3885 1431 3935 crocis.
1452 3884 1496 3936 lta
1506 3884 1576 3937 odor
1586 3885 1716 3952 colorque
1729 3884 1840 3952 duplex,

1043 3951 1278 4020 etalinscalycis,
1299 3953 1525 4018 aliusstaminis,
1546 3954 1704 4007 differentia
1713 3961 1840 4021 angusta.
1887 4006 1893 4019 „

1041 4021 1072 4075 ln
1080 4023 1213 4089 unguenti
1221 4038 1288 4075 sero
1300 4023 1411 4091 oleique
1419 4040 1478 4086 usu,
1488 4032 1516 4077 et
1523 4022 1656 4076 folianon
1663 4030 1838 4089 spernuntur.

1077 4092 1129 4143 Est
1139 4091 1191 4143 flos
1202 4106 1257 4143 non
1269 4092 1412 4145 dissimilis
1423 4093 1466 4145 illi
1477 4093 1504 4145 in
1517 4092 1611 4154 herba,
1632 4106 1713 4158 quam
1725 4091 1839 4143 consol·
1857 4106 1868 4133 .·

1041 4160 1135 4212 sulum
1146 4167 1254 4224 vorant,
1264 4177 1380 4215 nascens
1390 4176 1442 4229 per
1451 4160 1581 4222 frutecta,
1592 4160 1670 4211 nullo
1682 4158 1777 4221 odore,
1789 4175 1841 4212 nec

1042 4229 1230 4281 crocisintus:
1251 4230 1401 4284 eandorem
1422 4238 1531 4282 tanmm
1551 4228 1686 4289 referens,
1708 4242 1741 4279 ac
1753 4228 1840 4280 veluti

1041 4303 1158 4348 naturae
1170 4297 1355 4351 rudimentum
1369 4298 1428 4350 lilia
1437 4299 1529 4351 facere
1539 4296 1733 4350 condiscentis.
1769 4296 1840 4349 Alba

1041 4365 1105 4418 lilia
1115 4364 1213 4417 iisdem
1233 4368 1361 4419 omnibus
1376 4368 1467 4419 modis
1484 4371 1623 4427 seruntur,
1647 4367 1839 4433 quibusrnsa:

1041 4440 1071 4488 et
1081 4433 1260 4502 hocamplius
1270 4436 1386 4488 lacrima
1398 4452 1458 4498 sua,
1473 4442 1506 4488 ut
1515 4435 1731 4504 hipposelinum:
1753 4435 1839 4488 nihil·

1041 4520 1095 4573 que
1106 4511 1149 4557 est
1160 4503 1334 4569 foecundius,
1355 4521 1411 4557 una
1421 4505 1515 4561 radice
1537 4505 1746 4574 quinquagenos
1756 4520 1840 4573 saepe

1041 4577 1187 4628 emittente
1199 4574 1308 4628 bulbos.
1331 4575 1531 4629 Estetrubeos
1543 4574 1642 4639 lilium,
1652 4574 1723 4642 quod
1738 4575 1841 4628 Graeci
1859 4580 1876 4611 ⁴

1041 4645 1141 4697 crinon
1152 4656 1262 4697 vocant.
1297 4644 1353 4697 alii
1363 4646 1460 4699 florem
1473 4646 1533 4696 cias
1544 4644 1749 4711 cynorrhodon.
1769 4645 1840 4696 Lau·

1042 4714 1218 4767 (latissimum
1230 4716 1258 4767 in
1268 4714 1428 4778 Antiochia,
1448 4723 1478 4769 et
1488 4713 1632 4768 Laodicea
1641 4714 1754 4783 Syriae,
1776 4730 1841 4767 nsua

1040 4785 1069 4837 in
1080 4783 1236 4838 Phaselide.
1274 4786 1409 4850 Quartum
1420 4787 1510 4839 locum
1529 4785 1639 4838 obtinet
1653 4787 1682 4836 in
1698 4784 1783 4837 italia
1793 4798 1841 4838 na·

1041 4870 1131 4909 scens.

1074 4925 1135 4978 xil.
1146 4922 1216 4978 Sunt
1227 4930 1255 4978 et
1265 4939 1405 4994 purpurea
1416 4927 1484 4990 lilia,
1494 4924 1644 4994 aliqnando
1654 4924 1764 4993 gemino
1774 4939 1839 4978 cau·

1039 4995 1076 5058 le,
1096 4995 1373 5050 carnosioretantum
1385 4998 1488 5058 radice,
1507 4996 1677 5063 maiorisque
1687 4994 1773 5058 bulbi,
1791 4993 1841 5047 sed

1039 5065 1132 5116 unius:
1148 5067 1302 5117 narcissum
1313 5074 1424 5118 nocant.
1460 5067 1552 5119 liuius
1562 5064 1779 5134 alterumgenus
1791 5064 1842 5115 ilo·

1039 5150 1070 5186 re
1082 5134 1210 5196 candido,
1221 5137 1318 5203 calyce
1330 5150 1479 5203 purpureo.
1511 5136 1681 5190 Differentia
1691 5133 1786 5270 viliis
1797 5136 1842 5183 est

1041 5213 1068 5256 et
1080 5202 1157 5265 hacc,
1165 5205 1237 5270 qnod
1249 5204 1381 5257 narcissis
1392 5203 1464 5257 folia
1473 5207 1502 5257 in
1513 5206 1609 5258 radice
1619 5210 1693 5265 sunt,
1721 5199 1840 5254 robatis·

1039 5273 1118 5324 simis
1129 5272 1158 5324 in
1168 5272 1274 5338 Lyciae
1285 5274 1432 5339 mqntibus.
1470 5276 1568 5328 Tertio
1583 5272 1679 5343 generi
1692 5277 1785 5324 cetera
1795 5282 1841 5320 ea·
1864 5332 1873 5349 ι

1040 5341 1113 5404 dens,
1134 5341 1216 5407 calyx
1234 5341 1396 5396 herbaceus.
1433 5344 1536 5398 Omnes
1551 5344 1677 5395 serotini.
1712 5338 1780 5389 Post
1792 5337 1842 5387 Ar·

1040 5411 1839 5480 cturumenimflorent,acperaequinoctiumautumnum.

1073 5480 1145 5533 xltl.
1165 5480 1280 5533 lnrenta
1300 5489 1343 5534 est
1357 5490 1386 5535 et
1401 5483 1431 5533 in
1446 5481 1489 5535 his
1500 5481 1574 5533 ratio
1585 5474 1738 5539 inserendi,
1760 5489 1839 5528 mon·

1081 5550 1150 5609 ‘leis
1162 5548 1301 5603 hominum
1313 5551 1439 5619 ingeniis.
1451 5551 1626 5616 Colliguntur
1635 5558 1756 5612 namque
1765 5559 1841 5597 uren·

1200 5622 1245 5673 nni
1261 5627 1433 5681 arescentes,
1453 5617 1569 5684 liliaque
1587 5612 1797 5684 suspendantur
1812 5615 1841 5667 in

1449 5690 1506 5747 ὢν

1285 5944 1470 5987 [Α
