4340 6018
312 330 319 339 ·
365 335 422 399 1¹2
491 327 523 385 c.
558 322 712 387 rainu
747 313 950 380 sacuam
984 311 1150 372 uaros.
1184 306 1372 369 ursana.
1416 305 1505 369 ιιι.
1528 301 1621 365 ιιι.
1650 300 1741 363 car.
1762 302 1893 365 ιιι.

366 478 440 532 haud
450 477 508 528 alia
517 475 552 526 ds
560 488 655 535 causa,
666 471 758 530 credo,
769 480 850 533 qaam
861 464 927 531 qaia
937 461 1028 530 ipsum
1039 462 1107 514 ebur
1112 460 1167 541 sibi

366 549 497 601 mandere
508 544 627 596 videtur.
663 534 828 605 Magnitudo
844 533 967 586 dentium
984 531 1094 582 ridetur
1104 544 1164 597 qur·

368 618 474 670 demin
490 614 598 679 templis
614 607 772 675 praecipua.
808 602 863 656 Sed
879 611 971 654 ιιιιιι
990 602 1020 650 ιι
1031 602 1166 652 estrerrris

369 687 485 747 Africae,
507 676 688 749 qaaconfinis
699 671 925 740 Aethiopiaeest,
943 668 1164 736 postiumricem

367 763 396 812 in
415 750 562 808 domiciliis
582 746 731 813 praehere:
751 758 884 810 sepesque
901 740 977 791 iniis
994 747 1023 791 et
1035 753 1165 804 pecorum

368 824 493 881 stabulis,
505 832 555 885 pro
567 815 646 881 palis,
665 812 876 880 elephantorum
888 809 1018 862 dentibus
1027 808 1098 869 lieri,
1111 806 1164 858 Po·

366 894 457 960 lybias
469 884 594 945 tradidit,
608 891 722 935 auctore
734 882 854 934 Gulussa
864 879 972 947 regulo.

398 959 446 1013 Xl.
464 953 638 1021 Elephanton
652 951 708 1005 fert
718 951 812 1003 Africa
827 951 902 1001 ultra
918 948 1046 1015 syrticas
1065 945 1165 999 solitu·

363 1030 453 1089 diaes,
464 1032 492 1077 et
503 1025 532 1075 in
543 1021 731 1074 Mauritania:
744 1021 837 1072 ferunt
847 1018 998 1083 Aethiopes
1008 1025 1036 1068 et
1046 1016 1166 1082 Troglo-

364 1098 459 1163 dytae,
470 1102 502 1145 ut
513 1093 618 1144 dictum
629 1098 686 1144 est:
708 1089 757 1141 scd
769 1091 904 1141 maximos
915 1087 1001 1149 india,
1011 1086 1164 1139 bellantes·

363 1182 416 1236 que
426 1179 488 1216 cunr
498 1163 533 1213 iis
542 1168 675 1229 perpetua
686 1158 825 1210 discordia
835 1161 978 1220 dracones,
999 1163 1095 1208 tantae
1107 1169 1164 1206 ma·

363 1233 516 1307 gnitudinis
533 1239 562 1282 et
580 1231 672 1298 ipsos,
692 1240 724 1280 ut
737 1230 928 1296 circumplexu
941 1226 1019 1278 facili
1032 1224 1166 1286 ambiant,

364 1318 490 1370 nexuque
506 1299 573 1351 nodi
588 1299 801 1367 praestringant.
838 1298 1025 1350 commoritur
1042 1310 1076 1346 ea
1086 1294 1172 1357 dimi,

363 1373 453 1435 catio;
464 1372 755 1436 rictusquecorruens,
766 1368 940 1435 complexum
947 1363 1165 1431 eliditpnndere.

396 1441 457 1494 xil.
476 1440 551 1491 Mira
561 1437 722 1490 animalium
734 1453 783 1504 pro
793 1452 823 1488 se
835 1439 933 1505 cuique
943 1435 1061 1487 solertia
1072 1441 1123 1497 est,
1134 1440 1166 1485 ιι

361 1510 405 1563 his
415 1524 482 1561 unat
492 1505 668 1560 Ascendendi
678 1508 707 1557 in
719 1514 824 1558 tantam
833 1505 1008 1559 altitudinem
1015 1503 1165 1555 diliicultas

364 1578 491 1632 draconi:
501 1579 596 1642 itaque
607 1576 663 1628 iter
673 1575 708 1627 ad
721 1576 822 1644 pabula
832 1575 1003 1644 speculatus,
1014 1574 1048 1625 ab
1054 1573 1166 1625 excelsa

363 1664 394 1700 se
413 1649 514 1699 arbore
536 1646 636 1697 iniicit.
671 1643 730 1697 Scit
744 1646 791 1697 ille
807 1648 940 1712 imparem
956 1644 1012 1696 sibi
1027 1643 1165 1695 luctatum

363 1725 570 1770 contraneaus:
592 1715 689 1781 itaque
703 1715 833 1766 arborum
850 1721 900 1768 aut
916 1714 1025 1780 rupium
1036 1712 1164 1764 attritum

362 1788 480 1853 quaerit.
512 1786 617 1837 Carent
628 1783 681 1837 hoe
692 1784 837 1847 dracones,
848 1785 884 1837 oh
894 1784 978 1850 idque
988 1796 1100 1851 gressus
1111 1781 1165 1848 pri·

361 1870 436 1909 mum
445 1854 564 1921 alligant
574 1853 672 1906 canda.
698 1853 854 1906 Resolvunt
865 1852 908 1904 illi
918 1853 1007 1904 nodos
1018 1866 1109 1903 aranu.
1129 1851 1165 1901 At

362 1925 392 1980 hi
403 1928 431 1976 in
443 1925 521 1991 ipsas
531 1938 613 1976 nares
623 1929 706 1989 caput
717 1922 847 1984 condunt,
864 1924 1023 1989 pariterque
1034 1920 1164 1988 spiritum

361 1994 552 2063 praecludunt,
567 1999 595 2045 et
605 1993 785 2044 mollissimas
796 1992 939 2044 lancinant
950 1998 1056 2059 partes:
1077 1989 1163 2041 iidem

363 2066 437 2119 obvii
448 2061 621 2131 deprehensi,
641 2062 670 2112 in
681 2062 815 2114 adversos
826 2062 936 2127 erigunt
947 2076 991 2123 se,
1012 2058 1165 2125 oculosque

361 2134 482 2188 maxime
492 2139 598 2200 petunt.
634 2134 678 2185 lta
689 2135 722 2181 tit
732 2138 763 2182 ut
773 2132 938 2199 plerumque
949 2131 1034 2191 caeci,
1043 2145 1077 2180 ac
1088 2127 1164 2179 fante

362 2213 391 2257 et
407 2203 542 2256 nroernris
559 2204 623 2254 tabe
638 2200 758 2254 confecti
772 2201 959 2267 reperiantur.
996 2201 1085 2262 Quam
1101 2198 1163 2265 quis

362 2274 446 2327 aliam
457 2280 551 2325 tantae
560 2269 718 2323 discordiae
730 2286 842 2322 ιιιιιιι
858 2271 999 2332 attulerit,
1020 2268 1073 2318 nisi
1086 2275 1166 2319 natu·

361 2358 431 2404 rain,
440 2341 629 2409 spectaculum
640 2340 694 2391 sibi
703 2354 736 2392 ac
747 2340 825 2407 paria
835 2337 1063 2406 componentem!
1075 2338 1165 2389 Estet

321 2420 324 2427 '
362 2413 420 2465 alia
431 2411 618 2463 dimicationis
629 2408 709 2460 huius
720 2410 804 2466 fania.
841 2408 1007 2475 Elephantis
1015 2406 1165 2475 frigidissi-

361 2497 436 2532 mum
447 2496 507 2533 esse
519 2483 694 2547 sanguinem:
706 2479 741 2530 ob
753 2478 780 2529 id
791 2485 872 2531 aestu
883 2485 1006 2530 torrente
1017 2476 1165 2543 praecipue

363 2566 381 2602 a
392 2549 560 2601 draconibus
572 2548 673 2614 expeti.
709 2548 897 2609 Quamobrem
913 2551 941 2598 in
951 2547 1079 2599 amnibus
1091 2560 1164 2598 nter-

362 2633 409 2671 ιιι
420 2619 549 2671 insidiari
558 2616 730 2669 bibentibus:
742 2617 914 2684 arctatisque
924 2617 1038 2684 illigata
1047 2630 1130 2668 manu
1138 2615 1165 2665 in

363 2703 459 2741 aurern
480 2701 601 2739 morsum
620 2684 755 2751 deligere:
778 2686 910 2752 quoniam
926 2687 952 2737 is
968 2693 1075 2737 tantum
1086 2686 1165 2737 loeus

364 2757 476 2811 defendi
487 2772 542 2809 non
551 2757 742 2822 possitmanu.
777 2755 922 2808 Dracones
932 2770 993 2809 esse
1004 2762 1113 2815 ιιιιοι,
1133 2761 1166 2805 ιιι

365 2834 453 2880 totum
464 2825 625 2893 sanguinem
641 2824 761 2890 capiant.
797 2825 894 2892 ltaque
905 2824 1069 2891 elephantos
1084 2825 1119 2877 ab
1129 2823 1165 2875 iis

363 2898 446 2959 ebibi,
461 2898 635 2964 siccataeque
646 2894 807 2946 concidere:
829 2901 858 2947 et
869 2894 1004 2948 dracones
1013 2894 1165 2948 inebriatos

364 2978 980 3100 ⁰¹'lviiilngih’shle'ilgtnrrhlheetAethiopiainclinis
999 3047 1100 3098 pares,
1120 3031 1162 3082 ιι·

363 3107 461 3154 cenam
472 3100 637 3152 cubitorum.
672 3100 703 3151 ld
716 3101 799 3153 modo
816 3103 931 3165 mirum,
950 3101 1023 3154 ande
1034 3101 1165 3152 cristatos

363 3171 433 3222 iuba
443 3167 598 3220 crediderit.
627 3168 764 3224 Asachaei
775 3178 911 3223 vocantur
920 3168 1080 3234 Aethiopes,
1091 3165 1165 3233 apud

363 3255 433 3308 quos
447 3238 565 3291 rrraaime
576 3246 733 3291 nascuntur.
762 3238 909 3300 Narratur,
920 3238 949 3288 in
960 3237 1107 3289 maritimis
1118 3251 1164 3288 en·

365 3324 425 3361 rum
437 3315 585 3375 quaternos
597 3308 759 3377 quinosque,
768 3309 841 3361 inter
852 3324 883 3361 se
894 3309 1011 3359 cratium
1021 3304 1103 3357 niodo
1115 3306 1166 3357 inr-

364 3378 477 3447 plesos,
499 3379 600 3431 erectis
611 3378 748 3445 capitibus
759 3378 931 3432 velificantes
942 3376 979 3429 ad
990 3376 1109 3428 meliora
1120 3390 1167 3443 pa·

363 3449 429 3501 bula
439 3448 558 3501 Arabiae
569 3448 632 3499 vehi
642 3447 783 3502 fluctibus.

400 3519 473 3571 xlv.
491 3516 687 3586 Megasthenes
708 3516 820 3581 scribit,
839 3517 869 3568 in
885 3515 967 3569 ladia
984 3531 1031 3568 ser
1050 3521 1128 3571 entes
1139 3515 1166 3567 in

364 3596 469 3639 tantam
479 3586 696 3655 magnitudinem
704 3584 910 3650 adolescerent
920 3530 1167 3638 solidnshauriant

365 3672 461 3709 certos
480 3664 641 3723 taurosque.
676 3654 871 3719 Metrodorus,
889 3657 964 3708 circa
984 3653 1166 3722 Rhyndacum

366 3740 472 3778 amnem
484 3724 512 3776 in
521 3723 622 3788 Ponto,
632 3732 664 3776 ut
674 3726 889 3790 supervolantes
899 3725 1025 3794 quamvis
1035 3725 1092 3776 alte
1102 3738 1165 3790 per·

364 3798 515 3861 niciterque
524 3794 607 3847 alites
617 3792 718 3845 haustu
728 3801 825 3859 raptas
835 3796 1011 3848 absorbeant.
1039 3793 1167 3846 Notaest

363 3865 393 3916 in
402 3864 512 3916 Punicis
528 3863 610 3916 bellis
628 3862 664 3914 ad
676 3861 778 3915 ssunren
789 3861 947 3931 Bagradam
963 3879 981 3915 a
991 3861 1100 3930 Regulo
1112 3862 1165 3913 lm·

365 3940 493 4000 peratore
504 3932 623 3984 ballistis
633 3932 844 3998 tormentisque,
853 3940 885 3983 ut
897 3930 1030 3998 oppidum
1042 3930 1081 3984 ali
1101 3929 1168 3992 uod,

365 4009 523 4071 expugnata
531 4016 646 4068 serpens
658 4000 733 4052 CXX
745 3999 844 4068 pedum
855 4001 1050 4068 longitudinis.
1079 3947 1167 4053 βιιιιι

364 4074 424 4126 ιιιι
434 4072 619 4139 maxillaeque
635 4085 721 4137 usque
738 4069 774 4123 ad
788 4069 891 4122 bellum
902 4070 1102 4123 Numantinum
1118 4069 1167 4121 du·

362 4158 460 4196 sarcre
470 4143 574 4194 Romae
584 4140 736 4207 intemplo.
772 4139 890 4191 Faciunt
902 4138 944 4191 ιιι
955 4138 1037 4191 fldem
1048 4138 1167 4190 initalia

362 4213 521 4280 appellatae
533 4211 622 4273 boae,
642 4211 671 4262 in
681 4214 787 4262 tantam
799 4209 1008 4276 amplitudinem
1023 4216 1167 4271 exeuntes,

363 4288 403 4343 ut,
422 4283 495 4335 Divo
505 4281 622 4336 Claudio
634 4279 771 4348 principe,
792 4281 901 4332 occisae
910 4279 939 4329 in
951 4276 1090 4331 Vaticano
1101 4278 1167 4330 soli-

363 4349 414 4400 dus
430 4350 459 4400 in
470 4351 533 4404 alvo
547 4357 688 4419 spectatus
699 4350 738 4401 ait
754 4346 854 4401 infans.
890 4349 1007 4401 Aluntur
1018 4348 1106 4418 primo
1117 4347 1167 4397 bu·

1216 459 1444 510 tismesssoratac.
1475 455 1598 508 Labram
1608 453 1635 507 ιι
1644 453 1773 521 superios
1784 453 2023 521 praegrandetoh
2075 508 2081 518 ,

1216 527 1247 580 ιιι
1258 525 1463 595 retrograditur
1473 525 1501 576 in
1512 523 1702 592 pascendo‚ne
1713 524 1742 573 in
1753 523 2021 590 prioratendensin·
2107 545 2114 552 ·

1216 599 1355 649 volvatur.
1392 594 1520 647 'l'radunt
1531 596 1559 645 in
1571 593 1695 646 Paeonia
1704 590 1803 654 feram,
1814 608 1887 659 quae
1899 594 2021 647 bonasus

1217 674 1341 728 uocetur,
1352 665 1455 733 equina
1465 664 1538 726 iuba,
1552 671 1647 719 cetera
1656 674 1737 715 ιιιιι
1748 662 1881 725 ιιιιιιιιι,
1893 664 2022 717 cornibus

1216 736 1261 787 ita
1271 738 1298 787 io
1310 750 1340 786 se
1350 735 1437 795 ilenia
1448 742 1479 785 ιι
1490 749 1544 785 ιιι
1554 734 1611 785 sint
1622 732 1704 784 utilia
1715 746 1837 800 pugnae:
1852 741 2024 800 quapropter

1216 804 1283 875 fuga
1293 804 1346 856 sibi
1357 804 1498 866 auxiliari,
1509 803 1674 857 reddentem
1684 802 1715 853 in
1726 817 1760 855 ea
1769 803 1874 864 ιιιιιι,
1883 803 2022 856 interdum

1217 883 1247 927 et
1266 877 1351 925 trium
1370 876 1498 942 iugerum
1516 870 1704 939 longitudine:
1725 872 1805 924 cuius
1819 878 1966 926 contactus
1980 888 2023 927 se·

1217 950 1380 1011 quentes,ut
1391 944 1465 1009 ignis
1476 944 1585 1010 aliquis,
1596 943 1734 994 amburat.

1250 1012 1336 1065 XVll.
1355 1013 1460 1065 Mirum
1470 1014 1581 1080 pardos,
1600 1009 1760 1079 pantheras,
1779 1012 1886 1077 leones,
1906 1015 2022 1067 sisimi-

1209 1078 1273 1146 'lia,
1294 1083 1407 1134 condito
1422 1083 1450 1132 in
1466 1084 1592 1148 corporis
1608 1081 1723 1149 vaginas
1734 1083 1869 1151 unguium
1882 1097 2021 1148 asamona

1217 1168 1251 1204 ne
1263 1151 1432 1219 refringatur
1444 1150 1634 1214 hebeteturse,
1650 1150 1772 1273 ingredi:
1794 1153 1955 1220 aversisque
1965 1152 2020 1206 fal·

1216 1223 1289 1274 culis
1300 1237 1421 1284 currere,
1431 1237 1482 1274 nec
1492 1222 1545 1273 nisi
1555 1227 1674 1289 appeten
1695 1221 1903 1289 nprotendere.
1933 1224 2022 1276 Leoni

1217 1291 1366 1359 praecipua
1375 1295 1566 1359 generositas,
1587 1298 1652 1342 tunc
1663 1306 1724 1343 cunr
1737 1292 1810 1344 colla
1821 1308 1968 1361 armosque
1977 1309 2022 1346 re

1216 1363 1305 1413 stiunt
1316 1361 1406 1413 iubae.
1442 1361 1475 1412 ld
1486 1362 1558 1412 eninr
1570 1367 1665 1413 aetate
1680 1362 1819 1430 contingit
1835 1362 1916 1415 leone
1926 1377 2021 1416 conce·

1217 1432 1281 1498 ptis.
1317 1430 1396 1491 Quos
1415 1444 1481 1481 vero
1493 1429 1574 1497 pardi
1587 1444 1759 1497 generarere
1768 1467 1777 1493 ,
1796 1446 1906 1497 semper
1919 1432 2022 1500 insigni

1217 1501 1271 1553 hoc
1280 1506 1390 1552 emeat:
1412 1500 1498 1552 simili
1508 1499 1592 1552 modo
1602 1497 1732 1553 festinae.
1768 1499 1817 1552 Ma
1857 1501 2021 1556 aiislibido

1217 1570 1318 1632 celtus,
1338 1568 1474 1621 etobhoc
1494 1568 1617 1621 maribus
1626 1571 1678 1622 ira.
1714 1569 1810 1623 africa
1840 1575 2022 1625 secaruime

1217 1640 1436 1707 spectatinnpia
1446 1653 1579 1706 aquarum
1590 1640 1625 1690 ad
1633 1653 1736 1706 paucos
1747 1655 1842 1691 amnes
1850 1655 2021 1709 congregari·

1216 1711 1291 1761 tibus
1301 1725 1331 1761 se
1343 1708 1420 1760 feris.
1455 1709 1522 1761 ldeo
1533 1708 1719 1761 multiformes
1735 1709 1773 1760 ihi
1785 1710 1947 1761 animalium
1960 1726 2022 1778 par·

1216 1787 1276 1831 tus:
1297 1779 1374 1831 varie
1384 1777 1497 1829 sentinis
1509 1778 1642 1845 cuiusque
1653 1779 1764 1847 generis
1774 1793 1864 1831 nrares
1875 1787 1924 1831 aut
1934 1781 1961 1832 ιι
1972 1789 2023 1832 ιιι

1217 1849 1360 1915 voluptate
1382 1847 1527 1900 miscente.
1564 1848 1641 1900 Unde
1659 1853 1744 1900 etiarn
1758 1848 1871 1915 vulgare
1882 1847 2023 1903 Graeciae

1217 1918 1336 1970 dictum:
1349 1916 1465 1984 Semper
1475 1917 1581 1985 aliquid
1591 1917 1656 1969 nori
1666 1918 1788 1970 Africam
1799 1917 1908 1970 afferre.
1926 1917 2022 1972 Odore

1218 1987 1298 2056 pardi
1309 1989 1411 2039 coitum
1431 1987 1519 2040 sentit
1537 1988 1566 2039 in
1579 1987 1705 2041 adultera
1716 1989 1769 2050 leo,
1790 1992 1905 2054 totaque
1915 1988 1943 2038 ri
1955 2003 2019 2039 coa·

1216 2057 1343 2125 surgitin
1355 2071 1481 2123 poenam.
1516 2057 1622 2109 idcirco
1633 2059 1758 2124 caculpa
1768 2055 1881 2109 ίιιιιιιι
1891 2056 2023 2119 ιιιιιιιι,

1217 2136 1266 2180 ιιι
1276 2128 1387 2194 longius
1398 2128 1555 2178 comitatur.
1586 2126 1678 2180 Semel
1689 2136 1782 2180 autem
1794 2126 1842 2179 edi
1853 2135 1971 2193 partum,
1981 2127 2022 2178 la-

1217 2204 1313 2249 cerato
1324 2196 1456 2263 unguium
1475 2196 1536 2251 acie
1556 2204 1636 2248 utero
1648 2199 1679 2248 in
1689 2200 1785 2259 enisu,
1806 2199 1918 2264 vulgum
1929 2195 2020 2249 credi·

1217 2265 1292 2317 disse
1305 2265 1395 2317 rideo.
1431 2264 1597 2318 Aristoteles
1607 2266 1716 2319 diversa
1727 2266 1822 2329 tradit,
1839 2268 1891 2329 sir,
1900 2282 1983 2335 quem
1992 2266 2021 2317 ιι

1216 2336 1254 2386 iis
1264 2349 1366 2402 magna
1374 2341 1659 2401 secuturusexparte,
1667 2335 1927 2402 praefandumreor.
1938 2337 2021 2388 Alea·
2079 2392 2083 2401 ,

1217 2405 1305 2457 andro
1316 2405 1421 2472 Magno
1437 2419 1503 2471 rege
1520 2402 1692 2457 inflammato
1709 2406 1840 2473 cupidine
1858 2405 2022 2457 animalium

1217 2482 1331 2526 naturas
1343 2473 1489 2535 noscendi,
1512 2472 1698 2543 delegataque
1718 2474 1771 2527 hac
1787 2475 2022 2527 concrematione

1215 2544 1371 2605 Aristoteli,
1380 2557 1488 2595 sunrmn
1499 2541 1527 2593 in
1539 2544 1613 2597 omni
1626 2544 1754 2597 doctrina
1763 2545 1834 2607 siro,
1845 2543 1951 2609 aliquot
1957 2542 2022 2596 mil·

1215 2614 1257 2666 lia
1266 2613 1409 2666 hominum
1428 2612 1457 2664 in
1474 2612 1562 2665 totius
1574 2614 1657 2667 Asiae
1669 2615 1857 2683 Graeciaeque
1868 2618 1960 2666 tractu
1970 2627 2021 2679 pa-

1216 2699 1278 2736 rere
1287 2683 1371 2745 iussa,
1382 2682 1514 2744 omniurn,
1524 2698 1594 2750 quos
1606 2692 1730 2748 venatus,
1741 2683 1869 2753 aucupia,
1885 2684 2021 2750 piscatus·

1217 2768 1270 2822 que
1292 2752 1412 2814 alebant,
1433 2752 1586 2819 quibusque
1597 2753 1712 2817 rivaria,
1734 2761 1870 2816 ararenta,
1888 2752 2023 2815 alvearia,

1216 2821 1350 2890 piscinae,
1361 2822 1469 2874 aviaria
1478 2822 1506 2873 in
1518 2836 1584 2874 eura
1594 2829 1690 2887 erant;
1711 2838 1746 2875 ne
1757 2824 1824 2890 quid
1833 2837 1949 2891 usquam
1955 2836 2023 2888 gen·

1216 2893 1284 2943 tium
1297 2894 1475 2957 ignoraretur
1485 2890 1520 2942 ab
1530 2906 1577 2943 eo:
1594 2906 1663 2957 quos
1674 2891 1874 2959 percontando,
1886 2892 2021 2960 quinqua·

1216 2962 1296 3029 ginta
1307 2959 1396 3011 fernre
1416 2958 1559 3010 volumina
1577 2960 1626 3010 illa
1638 2960 1782 3026 praeclara
1797 2960 1834 3013 de
1853 2961 2023 3013 animalibus

1218 3028 1355 3081 condiditz
1377 3042 1448 3092 quae
1458 3042 1475 3077 a
1485 3041 1529 3079 me
1539 3026 1659 3078 collecta
1668 3030 1697 3079 in
1705 3034 1822 3089 metunt,
1833 3042 1895 3079 cum
1905 3031 1940 3080 iis
1950 3044 2024 3096 quas

1218 3100 1404 3164 ignoraverat,
1424 3109 1528 3160 quaeso
1543 3102 1574 3146 ιι
1584 3096 1708 3163 legentes
1729 3095 1797 3147 boui
1816 3097 1972 3157 consulant,
1993 3102 2025 3149 in

1217 3165 1351 3218 universis
1362 3177 1452 3215 rerum
1465 3169 1580 3215 naturae
1591 3166 1729 3230 operibus,
1742 3165 1888 3232 medioque
1901 3165 2025 3219 clarissi-

1218 3238 1255 3287 mi
1266 3248 1364 3301 regum
1375 3233 1497 3284 omnium
1508 3231 1728 3297 desiderio,cura
1738 3236 1963 3288 anstrsbreriter
1973 3250 2024 3302 pe·

1217 3304 1400 3372 regriuantes.
1429 3304 1456 3355 is
1467 3316 1534 3369 ergo
1545 3302 1632 3356 tradit
1644 3304 1768 3357 leaenam
1779 3306 1871 3373 primo
1881 3304 1961 3357 foetu
1971 3319 2023 3371 pa·

1218 3389 1279 3427 rere
1291 3373 1410 3440 quinque
1422 3372 1544 3434 catulos,
1563 3388 1597 3425 ac
1610 3389 1659 3441 per
1669 3390 1756 3427 aanor
1765 3377 1889 3443 singulos
1899 3390 1954 3427 uno
1973 3375 2024 3427 ιιι·

1217 3460 1284 3496 nus:
1297 3443 1332 3495 ab
1344 3457 1398 3494 uno
1408 3442 1593 3496 sterilescere.
1620 3443 1757 3497 informes
1767 3445 1950 3512 nrininmsqae
1961 3458 2022 3496 car·

1219 3529 1268 3568 nes
1278 3511 1470 3580 magnitudine
1491 3514 1673 3567 mustelarum
1685 3529 1746 3567 esse
1760 3514 1851 3576 initio,
1872 3520 2023 3567 semestres

1217 3586 1265 3636 rix
1274 3582 1386 3650 ingredi
1398 3597 1490 3648 posse,
1501 3583 1611 3634 necnisi
1621 3584 1767 3636 bimestres
1778 3585 1894 3635 nroreri.
1929 3583 1960 3634 ln
1968 3585 2022 3635 Eu·

1217 3650 2023 3719 ropaauteminterAcheloumtantumNestumqueamnes

1217 3723 1313 3775 leones
1323 3735 1398 3772 esse:
1409 3719 1457 3772 sed
1468 3720 1551 3788 longe
1562 3722 1666 3774 viribus
1672 3725 1891 3789 praestantiores
1902 3722 1945 3789 ils,
1952 3735 2023 3788 quos

1217 3790 1313 3844 Africa
1323 3796 1373 3840 aut
1384 3788 1468 3856 Syria
1478 3792 1505 3857 gl
1526 3796 1602 3842 nant.

1251 3858 1352 3913 xvur.
1370 3857 1495 3911 Leonum
1506 3806 1562 3911 huo
1573 3875 1689 3929 genera:
1712 3859 1880 3929 compactile
1890 3867 1919 3912 et
1928 3861 2022 3920 breve,

1218 3928 1402 3996 crispioribus
1412 3928 1493 3981 iubis.
1528 3929 1590 3983 llos
1602 3930 1760 3996 pavidiores
1771 3938 1845 3994 esse,
1867 3944 1949 3996 quarn
1961 3929 2022 3980 loa·

1218 4014 1269 4066 gos
1289 3997 1462 4065 simplicique
1484 3998 1566 4050 rilln:
1588 4014 1636 4051 eos
1657 4007 1846 4053 contemtores
1867 4000 2021 4051 vulnerum.

1218 4067 1329 4121 Urinam
1341 4080 1432 4119 mares
1443 4081 1523 4121 crure
1534 4067 1645 4121 sublato
1657 4068 1786 4133 reddere,
1804 4076 1837 4121 ιι
1847 4083 1940 4131 canes,
1958 4081 2023 4133 gra·

1217 4153 1280 4190 vern
1292 4136 1389 4201 odore,
1412 4151 1463 4188 nec
1474 4138 1562 4188 asinus
1573 4136 1705 4191 halitum:
1722 4153 1801 4190 raros
1812 4140 1840 4190 in
1851 4146 1933 4205 potu:
1946 4137 2023 4189 vesci

1218 4206 1335 4261 alternis
1346 4206 1457 4259 diebus:
1478 4207 1657 4261 asatoritate
1672 4208 1783 4261 interim
1795 4207 1889 4261 triduo
1900 4206 1967 4259 cibis
1977 4222 2023 4259 ca·

1218 4292 1288 4330 rere.
1325 4277 1403 4340 Quae
1413 4275 1535 4343 possint,
1555 4278 1583 4328 ia
1596 4278 1753 4331 mandendo
1769 4276 1861 4330 solida
1872 4277 2022 4329 devorarer

1217 4362 1269 4399 nec
1279 4346 1407 4413 capiente
1418 4346 1579 4399 ariditatem
1589 4347 1664 4409 also,
1684 4349 1819 4400 coniectis
1829 4348 1857 4398 in
1869 4347 1962 4399 fauces
1972 4360 2022 4395 un-

266 4658 273 4671 .
367 4618 450 4675 ferre.

362 4416 421 4468 buli
431 4416 619 4482 laetissuccn,
639 4421 712 4473 unde
728 4434 827 4471 nomen
846 4426 966 4471 traxere.
1003 4419 1166 4471 ceterorum
1218 4418 1321 4485 guibus
1332 4415 1495 4469 extraheres
1515 4424 1556 4479 ut,
1572 4418 1596 4468 ιι
1608 4417 1769 4487 fugiendum
1780 4418 1808 4468 in
1821 4417 1964 4477 satietate,
1975 4415 2023 4465 ab·

365 4485 535 4547 animalium,
545 4503 616 4554 quae
628 4487 1167 4556 modoconvectaundiqueltaliamcon·
1218 4494 1292 4540 eant.
1323 4484 1419 4538 Vitam
1430 4486 1466 4538 iis
1477 4487 1587 4555 longam
1600 4487 1683 4540 docet
1692 4491 1866 4555 argumento,
1878 4483 1952 4548 quod
1962 4483 2023 4546 ple·

367 4554 457 4620 sigere
476 4556 599 4619 saepius,
620 4557 724 4611 formas
739 4558 808 4611 nihil
825 4560 927 4611 attinet
941 4558 1104 4624 scrupulose
1123 4570 1167 4610 re·
1217 4557 1298 4624 rique
1309 4556 1439 4608 dentibus
1450 4556 1554 4609 defecti
1568 4560 1749 4622 reperiantur.
1785 4550 1919 4616 Polybius
1929 4552 2023 4601 Aemi-

1217 4627 1286 4678 liani
1297 4640 1398 4686 euntes,
1415 4625 1444 4675 in
1455 4632 1567 4677 senecta
1578 4624 1715 4675 huminem
1727 4620 1821 4691 appeti
1832 4618 1867 4668 ab
1878 4618 1912 4668 iis
1923 4617 2023 4681 refert,

401 4690 463 4745 XV.
482 4689 655 4742 Paucissimn
666 4692 782 4759 Scythia
791 4698 896 4766 gignit,
917 4697 1165 4763 inopiafruticurnr
1218 4696 1348 4762 quoniam
1366 4692 1401 4744 ad
1418 4692 1622 4758 persequendas
1640 4691 1714 4744 feras
1727 4691 1801 4742 vires
1812 4702 1867 4739 non
1877 4697 2021 4754 superant.

367 4774 456 4828 pauca
476 4758 651 4811 contermina
671 4760 713 4811 illi
734 4762 900 4818 Germania:
931 4766 1051 4833 insignia
1072 4772 1165 4816 tamen
1217 4766 1297 4815 Tune
1307 4761 1437 4814 obsidere
1447 4760 1659 4814 Africacurbcs:
1680 4773 1768 4825 eaque
1784 4757 1819 4809 de
1834 4759 2020 4810 causacruci·

308 4828 314 4841 '
367 4831 452 4882 boum
464 4826 1165 4899 ferorumgenera,iubatosbisontes,e1cellentique
1218 4834 1288 4884 linos
1298 4830 1402 4883 vidisse
1412 4845 1442 4882 se
1453 4843 1513 4879 cunr
1526 4828 1671 4894 Scipione,
1694 4828 1760 4895 quia
1769 4826 1856 4880 ceteri
1865 4835 1944 4880 metu
1955 4841 2021 4893 poe·

366 4899 395 4948 ιι
407 4906 435 4951 ιι
447 4896 596 4949 ιιιιιιιιιι
608 4911 682 4958 uros,
693 4899 791 4965 quibus
802 4900 961 4965 imperitum
973 4904 1073 4970 vulgus
1082 4903 1167 4957 buba-
1217 4914 1270 4952 nae
1281 4898 1384 4950 similis
1394 4897 1618 4950 absterrerentur
1627 4897 1726 4949 eedem
1737 4910 1820 4948 nere·

367 4966 457 5033 iprum
467 4980 567 5021 nomen
578 4966 711 5033 imponit,
733 4981 793 5018 cam
804 4967 834 5017 id
848 4972 944 5036 gignat
954 4970 1065 5041 Africa,
1084 4964 1167 5024 vituli
1251 4968 1326 5021 xlx.
1346 4966 1435 5018 Lenm
1445 4972 1553 5019 tanturn
1564 4963 2019 5032 eaferisclementiainsupplices:

367 5037 459 5103 potius
470 5036 597 5101 cervique
607 5036 727 5101 quadam
737 5036 927 5090 similitudine.
1030 5034 1040 5041 ’
1217 5037 1367 5105 prostratis
1380 5035 1480 5101 parcit:
1494 5044 1523 5088 et
1534 5036 1580 5087 ubi
1591 5038 1690 5097 saevit,
1700 5037 1728 5086 in
1738 5035 1925 5102 virospotius,
1937 5050 2019 5102 quam

401 5104 473 5158 xvi.
492 5103 660 5169 Septentrio
670 5102 727 5157 fert
737 5111 765 5156 et
776 5118 909 5177 equorum
921 5121 1023 5175 greges
1035 5109 1167 5172 ferorum,
1217 5110 1246 5160 in
1256 5105 1374 5158 feminas
1386 5104 1493 5156 frenritz
1517 5106 1545 5155 ιι
1561 5105 1681 5159 infantes
1693 5120 1749 5158 non
1760 5106 1815 5157 nisi
1827 5119 1929 5172 magna
1938 5104 2022 5156 fame.

366 5178 439 5228 sicut
448 5174 592 5227 asinorum
601 5174 667 5224 Asia
685 5173 828 5227 etAfriea:
848 5181 995 5240 praeterea
1012 5178 1116 5242 sicem,
1136 5180 1166 5229 ni
1218 5175 1311 5229 credit
1322 5174 1429 5243 Libya,
1448 5172 1618 5226 intellectum
1628 5175 1775 5243 pervenire
1790 5175 1825 5227 ad
1839 5189 1887 5226 eos
1900 5189 2020 5242 precum.

368 5244 521 5313 proceritas
531 5244 640 5293 aurium
651 5249 679 5294 ιι
689 5243 804 5295 cervicis
813 5243 975 5310 distinguat,
995 5246 1118 5300 iumento
1128 5248 1165 5299 si·
1219 5246 1362 5312 Captivam
1374 5242 1604 5297 eerthaetuliae
1613 5244 1743 5298 reducem
1755 5244 1857 5307 audiri,
1868 5244 2022 5297 multorum

367 5315 470 5367 milern.
505 5313 573 5364 item
586 5319 679 5365 natam
691 5315 718 5369 in
730 5310 915 5364 Scaudinaria
924 5313 1032 5378 insula,
1053 5332 1104 5367 nec
1114 5333 1164 5368 ua·
1219 5315 1246 5367 in
1257 5314 1336 5365 silris
1347 5317 1479 5379 impetum
1490 5328 1508 5365 a
1518 5328 1548 5365 se
1560 5314 1716 5383 mitigatum
1725 5313 1861 5382 alloquio,
1872 5327 1967 5365 ιιιιιιι
1977 5311 2020 5363 di·

366 5399 448 5452 quarn
469 5385 554 5433 risam
576 5381 606 5432 in
625 5378 679 5435 hnc
697 5381 774 5441 orbe,
794 5379 889 5432 multis
906 5388 998 5434 tamen
1014 5393 1166 5448 narratam,
1218 5399 1323 5437 cereae
1335 5382 1482 5445 feminam,
1504 5382 1669 5451 profugam,
1690 5386 1846 5446 infirmam,
1866 5381 2020 5449 supplicem

366 5453 471 5517 achlin,
492 5450 564 5504 haud
574 5450 738 5503 dissimilem
749 5450 807 5513 illi,
828 5448 877 5503 sed
889 5449 966 5501 nullo
983 5452 1166 5520 suffraginmn
1219 5453 1348 5506 aninralis
1359 5453 1480 5502 omniurn
1498 5452 1717 5519 generosissimi,
1736 5453 1894 5519 ceterisque
1909 5451 2022 5517 imperi-

367 5521 456 5576 llexa:
467 5522 585 5590 ideoque
597 5535 652 5573 non
663 5522 817 5582 cubantem,
826 5518 876 5573 sed
888 5519 1022 5572 acclinem
1032 5524 1127 5576 arbori
1138 5527 1166 5575 in
1218 5523 1321 5583 tantis,
1341 5521 1484 5586 indignam
1501 5521 1559 5574 eius
1575 5522 1665 5588 gloria
1674 5526 1813 5590 praedam.
1852 5520 1937 5572 Varia
1946 5520 2022 5572 cirea

366 5605 474 5655 mnino,
486 5606 573 5660 eaque
582 5590 673 5645 incisa
682 5588 718 5644 ad
728 5588 852 5653 insidias,
871 5588 1025 5657 caphaliam
1036 5591 1166 5646 relocita·
1218 5591 1270 5645 boc
1280 5589 1386 5658 opinio,
1397 5603 1432 5642 ex
1443 5590 1557 5659 ingenio
1569 5591 1709 5661 cuiusque,
1719 5594 1763 5648 ιιι
1773 5606 1849 5654 casu,
1857 5592 1969 5643 nrulceri
1981 5588 2022 5641 al·
