4368 6008
350 289 413 351 324
498 281 530 344 (i.
552 283 653 343 PLIN.
675 280 758 340 SEC.
779 276 869 340 Nar.
890 275 995 340 trist.
1017 277 1089 338 liu.
1111 275 1244 337 xxvii.
1268 276 1346 338 CAP.
1368 283 1429 340 114
1451 311 1494 326 -
1518 277 1665 340 xxviii.
1687 277 1773 343 CAP.
1800 286 1826 345 1.
1847 287 1877 345 2.

353 433 483 505 guinibus
494 435 650 497 utrumque.
686 427 870 496 Praecipites,
887 426 976 495 utqui
986 428 1105 498 colligit,
1114 427 1155 480 di·

353 512 400 557 cat
408 515 517 554 sumere
528 515 560 553 se
572 507 670 551 cuntm
680 498 804 566 inguina,
815 505 844 550 et
855 505 955 551 contra
965 512 1061 551 omnes
1071 499 1156 553 colle·

356 573 473 633 cuono,
484 576 513 623 et
523 575 623 622 eontra
632 568 756 629 vulnera,
769 582 879 634 unaque
889 582 974 619 manu
984 568 1076 622 tollat.

389 639 487 695 cxlv.
505 636 654 703 Trachinia
671 635 757 690 herba
774 637 864 705 qualis
885 638 931 701 sit,
952 652 1007 688 nun
1022 637 1154 694 traditur.

355 712 446 767 Credo
458 717 487 763 et
496 708 595 761 imaum
608 723 669 759 esse
680 708 844 773 promissum
858 707 1022 759 Democriti.
1040 708 1154 761 Porten-

354 790 446 837 tosum
459 779 530 833 euim
540 784 584 830 eat
595 775 778 844 adalligatam
795 777 887 828 triduo
899 777 1045 829 absumere
1056 779 1154 830 lienes.

390 850 473 902 CXV.
492 847 644 914 Teagenis,
666 849 725 898 sive
736 846 861 913 tragion,
881 846 1046 898 nascituris
1057 850 1155 900 Cretae

355 925 464 973 mutum
475 917 582 969 insulae
592 915 750 977 maritimis,
770 916 896 982 iunipero
907 915 1021 978 sinrilis,
1036 923 1065 968 et
1075 917 1155 969 semi·

354 1005 401 1051 ae,
412 995 440 1041 et
451 986 529 1049 folio,
543 992 572 1040 et
582 987 677 1037 rantis.
708 984 812 1037 Soccus
823 985 882 1038 eius
895 985 1001 1037 lacteus
1010 988 1038 1037 iu
1048 985 1155 1054 gummi

354 1058 502 1125 spissatus,
524 1056 568 1109 rel
578 1071 682 1116 senten,
701 1055 883 1121 impositione
893 1054 1154 1123 spiculaecorpore

354 1128 445 1181 eiicit:
459 1126 588 1177 tunditur
598 1140 704 1187 recens,
716 1132 816 1176 etcum
829 1125 892 1175 riso
903 1124 1033 1188 illinitur,
1043 1134 1092 1179 eut
1102 1129 1154 1181 ale·

354 1212 404 1249 cae
416 1195 509 1248 farina
525 1210 586 1246 eum
603 1194 694 1246 melle.
729 1194 835 1245 Eadem
854 1195 938 1246 lactis
954 1196 1154 1249 abundantiam

353 1265 438 1319 facit:
449 1265 633 1331 mammisque
643 1263 723 1315 unice
734 1265 867 1315 medetur.

325 1344 338 1371 ὲ
390 1335 485 1389 cxvi.
504 1335 558 1386 Est
567 1339 596 1385 et
608 1333 666 1384 alia
676 1331 762 1385 herbo
772 1342 879 1398 tragos,
890 1348 971 1400 quam
983 1332 1070 1402 aliqui
1080 1349 1153 1395 scor·

352 1405 420 1473 pion
431 1410 543 1464 vocant,
558 1402 727 1469 semipedem
741 1404 807 1464 alta,
828 1401 975 1466 fruticosa,
994 1403 1053 1454 siue
1065 1403 1153 1466 foliis,

352 1474 465 1543 pusillis
476 1472 595 1524 racemis
608 1473 779 1533 rubentibus,
799 1486 886 1539 grano
897 1471 995 1534 tritici,
1012 1481 1094 1524 acuto
1106 1490 1152 1525 ca·

354 1544 471 1605 cumino,
488 1548 516 1594 et
526 1542 588 1608 ipsa
599 1542 627 1592 in
638 1541 787 1592 maritimis
799 1557 925 1593 amoene.
961 1541 1052 1593 iluius
1064 1558 1153 1595 ramo·

351 1627 413 1664 rum
423 1611 450 1661 X
460 1610 567 1663 autllll
579 1612 722 1663 cacumine
732 1614 801 1662 trita
812 1625 845 1662 ex
857 1611 923 1661 rino
933 1617 1000 1678 pota
1011 1613 1153 1671 coeliacis,

353 1680 548 1803 dgsentericis,
558 1680 721 1747 sanguinem
734 1672 953 1744 exscreantibos,
964 1683 1153 1751 mensiumque

352 1764 370 1803 a
389 1749 538 1801 audentiae
552 1750 732 1801 auxiliantur.

352 1817 495 1875 ÷CXVlb
513 1819 565 1871 mc
581 1824 611 1870 et
626 1826 814 1887 tragopogon,
837 1833 919 1886 quem
935 1818 982 1870 alii
1000 1834 1095 1870 comen
1106 1836 1153 1871 ro·

353 1896 426 1950 eant,
445 1890 629 1956 cauleparro,
648 1888 826 1951 foliiscroci,
846 1887 941 1940 radice
951 1888 1046 1955 longa,
1067 1889 1152 1954 dulci,

351 1972 435 2040 spper
445 1959 552 2011 caulem
563 1959 659 2028 calyce
669 1959 742 2024 lato,
763 1958 854 2024 nigro.
889 1957 1020 2010 Nascitur
1031 1959 1058 2010 ln
1072 1974 1152 2028 aspe-

171 2040 193 2069 '·
266 2036 270 2043 '
324 2070 329 2081 ,
351 2042 401 2089 rts,
414 2028 474 2078 aino
486 2043 548 2078 usu.

391 2088 511 2148 exlio.
523 2098 561 2149 Et
571 2097 606 2149 de
618 2096 713 2149 herbis
724 2094 835 2163 quidem
849 2095 1151 2164 memoriadignalrac·

351 2174 434 2217 tenua
449 2173 499 2218 aut
515 2169 680 2233 accepimus,
700 2174 748 2217 aut
768 2167 962 2231 comperimus.
999 2168 1028 2219 ln
1040 2167 1094 2218 tine
1105 2183 1150 2219 eo·

351 2249 413 2286 runt
425 2236 574 2288 edomuere
586 2252 639 2287 non
651 2237 685 2287 ab
698 2234 1154 2298 reiudicamus,aliisaliasririum-

351 2311 459 2357 aetates
470 2320 542 2358 esse
578 2305 755 2371 Longissima
766 2311 892 2372 tempore
902 2306 985 2357 durat
995 2306 1151 2370 elaterium,

351 2380 385 2425 ut
405 2373 540 2427 diximus:
561 2374 746 2449 chontaeleun
757 2375 839 2443 niger
852 2376 903 2428 xl.
915 2378 1016 2428 ansus:
1038 2382 1151 2429 centau-

1203 440 1284 482 reum
1295 444 1350 480 non
1361 428 1437 481 ultra
1446 427 1508 481 xil.
1542 427 1737 483 Peucedanum
1750 445 1817 485 sex:
1835 439 1864 487 ct
1873 435 2003 490 aristolo-

1205 499 1268 569 chia
1278 514 1312 550 ec
1322 499 1386 551 ritis
1397 498 1535 557 silvestris
1545 514 1618 551 anno
1631 500 1660 550 iu
1671 501 1771 552 umbra
1781 513 1936 556 serrantur.
1970 507 2008 559 iit

1206 566 1369 621 animalium
1382 567 1668 636 quidem-exterorum
1687 570 1792 622 nullum
1810 572 1886 624 aliud
1898 574 2006 628 radices

1205 653 1223 690 a
1232 638 1313 690 nubis
1325 635 1415 690 dictes
1427 637 1549 706 attingit,
1557 640 2006 710 exceptaspoudyle,quaeunmes

1206 722 1269 775 pers
1306 709 1391 759 uitur.
1428 706 1774 774 Genuaidserpentiscst.

1241 777 1289 828 cx
1306 778 1339 831 X.
1358 777 1483 831 Neillud
1494 776 1607 849 quidem
1626 778 1779 841 dubitatur,
1801 780 1923 832 omnium
1934 783 2009 834 radi·

1206 859 1271 898 eum
1283 847 1339 898 rim
1349 846 1524 914 effectusque
1535 846 1632 907 minui,
1646 847 1672 897 si
1684 846 1789 899 tructus
1799 852 1873 916 prius
1883 857 2008 904 mature·

1206 921 1300 967 scam:
1319 919 1388 968 item
1408 918 1556 980 seminum,
1573 922 1638 968 autc
1657 915 1752 969 radice
1769 925 2010 985 prepterauccurn

1205 985 1307 1036 incisa.
1327 986 1487 1038 Resolvitur
1498 993 1590 1039 autem
1602 985 1726 1037 omnium
1738 988 1779 1037 ris
1790 989 2008 1043 consuetudine:

1206 1060 1235 1106 et
1247 1053 1377 1107 desinunt
1389 1055 1532 1123 prodesse,
1543 1070 1604 1106 eum
1616 1069 1685 1122 opus
1696 1063 1747 1117 est,
1759 1070 1830 1123 quae
1839 1058 1967 1124 quotidie
1978 1060 2007 1109 in

1204 1138 1258 1175 usu
1271 1124 1359 1187 fuere,
1376 1140 1555 1192 nequequam
1567 1138 1677 1176 nocere.
1714 1125 1816 1177 Omnes
1826 1141 1894 1178 rero
1905 1125 2006 1179 herbae

1206 1191 1429 1247 vehementiores
1439 1194 1541 1246 ellectu
1551 1196 1710 1260 viribusque
1728 1201 1794 1246 sunt
1803 1195 1833 1247 iu
1844 1193 1956 1265 frigidis
1966 1196 2006 1249 lo·

1205 1262 1256 1326 cis,
1265 1270 1293 1314 et
1305 1264 1332 1315 in
1344 1265 1507 1331 aquitaniis:
1518 1264 1586 1316 item
1597 1263 1688 1314 siccis.

1241 1333 1324 1385 CXX.
1336 1333 1406 1386 Sunt
1417 1340 1446 1385 et
1456 1334 1581 1401 gentium
1591 1332 1771 1386 differentiae
1777 1348 1834 1386 non
1840 1332 2003 1388 mediocres:
2018 1394 2023 1401 ‚

1205 1400 1277 1453 sicut
1288 1405 1447 1470 accepimus
1458 1406 1492 1457 de
1503 1404 1586 1456 tineis
1596 1402 1807 1471 lumbricisque,
1818 1406 1909 1457 inesse
1919 1406 2003 1473 Aegy·

1204 1470 1390 1539 pti,ltrabiae,
1398 1473 1627 1541 Syriae,Cilicioe
1639 1471 1790 1540 populis:e
1801 1473 2001 1527 dirersoGrae·

1206 1540 1285 1604 ciae,
1305 1542 1445 1611 Phrygiae
1457 1543 1569 1595 omnino
1585 1558 1640 1594 non
1657 1542 1774 1594 innasci.
1810 1542 1904 1595 Minus
1917 1543 1945 1594 id
1956 1547 2002 1595 mi·

1204 1623 1276 1672 runs,
1296 1627 1378 1678 quam
1400 1612 1474 1680 quod
1496 1613 1524 1663 in
1545 1613 1664 1666 continio
1686 1615 1795 1664 Atticae
1812 1612 2001 1679 Boeotiaeque

1206 1677 1347 1731 Thebanis
1367 1681 1560 1742 innascuntur,
1587 1697 1649 1735 cum
1670 1682 1761 1733 absint
1782 1680 2001 1733 Atheniensibus.

1205 1747 1283 1809 Quae
1294 1751 1493 1816 contemplatio
1505 1750 1598 1802 aufert
1607 1765 1704 1803 rursus
1713 1766 1764 1803 nos
1772 1752 1806 1802 ad
1817 1752 1941 1818 ipsorum
1949 1751 2003 1801 aul·

1204 1819 1316 1873 melium
1328 1826 1444 1870 naturas
1451 1855 1459 1882 ,
1481 1820 1677 1900 ingenitasque
1688 1820 1723 1872 iis
1734 1822 1778 1873 rel
1789 1821 1925 1873 certiores
1935 1834 2005 1871 mor·

1204 1891 1302 1942 borum
1315 1889 1437 1939 omnium
1448 1888 1612 1940 medicinas.
1624 1892 1773 1942 Enimrere
1781 1905 1874 1943 rerum
1882 1890 2002 1941 omnium

1203 1974 1313 2027 parens,
1326 1957 1432 2008 nudum
1443 1956 1595 2009 animated
1607 1955 1659 2011 hoc
1670 1967 1778 2011 tantum
1790 1970 1820 2011 ut
1832 1965 2004 2026 pasceretur,

1203 2037 1252 2081 aut
1263 2028 1319 2079 alin
1329 2029 1455 2088 satiaret,
1467 2030 1543 2078 nasci
1553 2028 1646 2081 noluit
1656 2046 1663 2080 r
1675 2036 1806 2096 artesque
1816 2029 1956 2082 salutares
1966 2028 2005 2078 in·

1203 2101 1292 2151 seruit
1302 2105 1330 2149 et
1342 2096 1508 2160 visceribus,
1529 2098 1631 2165 quippe
1649 2114 1710 2150 cum
1723 2098 1815 2151 surdis
1825 2099 1911 2150 etiam
1923 2097 2005 2150 rebus

1203 2166 1363 2221 inseruerit.
1398 2168 1469 2217 'l'um
1482 2181 1548 2219 roro
1561 2168 1612 2218 illa
1623 2171 1732 2220 animae
1743 2167 1846 2220 auxilia
1858 2174 2004 2234 praestan·

1203 2240 1313 2290 tissima
1334 2250 1368 2289 ex
1389 2238 1482 2287 anima
1497 2236 1555 2289 alia
1571 2251 1634 2290 esse
1650 2237 1747 2299 soluit,
1766 2236 2007 2302 contemplatione

1201 2314 1267 2362 aute
1279 2312 1378 2359 cuncta
1386 2305 1518 2358 mirabili.

418 2566 474 2573 -—-
498 2569 508 2572 e
578 2555 1928 2588 -—-—————--——==-·——------0····<m
1951 2562 1988 2568 =

802 2698 851 2783 C.
908 2697 1166 2787 PLINII
1219 2700 1552 2788 SECUNDI

264 2834 270 2843 ’
416 2876 1141 3003 Neroassos
1235 2873 1939 2982 ursroarss

834 3082 1181 3159 LIBER
1255 3082 1507 3158 xxviii

346 3352 370 3405 1.
384 3316 512 3405 Diome
522 3356 605 3404 erent
615 3351 735 3404 omnium
746 3363 839 3404 rerum
851 3357 982 3416 naturae,
1002 3351 1079 3407 inter
1089 3366 1150 3406 cae-

346 3422 406 3473 lum
419 3437 451 3472 ac
461 3427 564 3472 terram
576 3421 961 3490 nascentium,restabantque
972 3424 1151 3490 quaeerlpsa

347 3488 451 3541 tellure
462 3490 622 3550 fodiuntur,
643 3490 732 3541 sinon
745 3490 891 3544 barbarum
907 3508 940 3545 ec
950 3491 1083 3545 fruticum
1095 3501 1151 3544 tra·

348 3562 428 3609 cteta
437 3559 560 3608 remedia
573 3556 716 3611 auferrent
727 3565 907 3625 transversos,
918 3577 954 3615 ex
965 3563 1032 3630 ipsis
1044 3562 1149 3614 anima·

347 3626 424 3678 libus
436 3639 507 3691 quae
519 3631 661 3688 sanantur,
672 3636 785 3694 reperta
794 3633 901 3683 maiore
911 3634 1059 3685 medicina.
1094 3631 1152 3696 Qui

350 3707 420 3760 ergo
432 3691 584 3743 dixerimus
596 3692 709 3758 herbas,
731 3703 759 3748 et
769 3699 867 3750 florum
881 3702 1026 3769 imagines,
1046 3716 1080 3753 ac
1090 3701 1162 3767 ple·›

312 3777 316 3785 ’
347 3777 436 3883 reque
447 3762 560 3812 inventu
571 3777 635 3814 rara
645 3778 678 3815 ac
689 3763 821 3831 difficilia,
829 3768 913 3820 iidem
924 3771 1078 3822 tacebimus
1086 3770 1151 3837 quid

347 3832 379 3885 in
400 3848 450 3899 pso
462 3828 573 3884 homine
584 3833 675 3899 prosit
689 3833 809 3899 bomini,
829 3844 978 3906 ceteraque
994 3854 1150 3907 generare-

347 3903 506 3956 mediorum
518 3902 590 3955 inter
603 3918 653 3954 nos
663 3904 803 3956 virentia!
825 3922 886 3959 cum
898 3908 1077 3974 praesertim,
1097 3908 1153 3961 nisi

351 3973 458 4026 carenti
477 3971 622 4025 doloribus
643 3973 813 4040 morbisque,
833 3977 892 4028 rita
910 3978 972 4044 ipsa
988 3993 1077 4044 poena
1094 3980 1152 4029 liat.

346 4043 557 4096 Minimeveru:
582 4045 1062 4115 omnemqueinsumemusoperam,
1084 4047 1153 4100 licet

348 4112 457 4166 fastidii
469 4115 622 4181 periculum
634 4122 748 4182 urgeat:
769 4117 879 4182 quando
889 4117 932 4169 ita
942 4118 1086 4170 decretum
1100 4124 1152 4179 est,

347 4185 485 4236 minorem
497 4185 617 4250 gratioe,
637 4199 717 4251 quam
731 4184 882 4239 utilitatum
893 4188 977 4251 ritae,
994 4195 1150 4255 respectum

348 4250 461 4306 babere.
498 4254 572 4315 Quin
597 4255 682 4305 immo
695 4261 811 4307 externa
826 4272 950 4325 quoque,
972 4265 1000 4311 et
1015 4258 1151 4311 barbaros

349 4322 434 4372 etiam
445 4324 520 4374 ritus
528 4324 730 4392 indagabimus.
750 4325 831 4377 Fides
844 4335 953 4378 tantum
965 4335 1092 4380 auctores
1102 4343 1150 4395 ap·

349 4388 446 4454 pellet.
484 4391 649 4459 Quanquam
671 4400 699 4444 et
710 4395 762 4458 ipsi
783 4412 915 4448 consensu
928 4411 1015 4463 prope
1026 4398 1152 4449 iudicata

351 4457 458 4523 eligere
470 4457 672 4524 laboravimus,
689 4463 837 4529 potiusque
853 4480 937 4515 curae
947 4480 1048 4525 rerum.
1069 4482 1150 4533 quam

350 4527 450 4591 copiae
472 4525 633 4603 institinrus.
670 4531 741 4582 iliud
764 4532 944 4583 admonuisse
960 4549 1151 4599 perquamne·

350 4595 502 4645 cessarium
514 4599 661 4658 est,dictas
673 4600 728 4650 iam
740 4614 756 4650 a
768 4602 847 4651 nobis
860 4606 972 4650 naturas
980 4603 1151 4664 animalium,

351 4671 382 4715 et
392 4677 462 4729 quae
473 4665 607 4733 cuiusque
617 4676 710 4720 essent
721 4670 847 4719 inventa:
864 4674 964 4733 (neque
976 4670 1048 4720 enim
1062 4672 1153 4724 minus

315 4762 321 4771 ι
352 4731 486 4797 profuere
496 4736 649 4789 medicinas
661 4736 837 4802 reperiendo,
847 4752 927 4803 quam
941 4747 1058 4804 prosunt
1070 4757 1150 4809 prae·

350 4801 442 4852 bando
451 4802 470 4866 :)
488 4818 560 4855 nuno
570 4806 677 4871 quaein
689 4807 756 4872 ipsis
768 4805 939 4858 auxilientur
950 4808 1078 4871 indicari,
1104 4828 1152 4864 ne-

351 4885 404 4938 que
416 4871 475 4921 illic
486 4872 513 4922 in
526 4879 614 4925 totum
627 4876 739 4927 ausisse.
775 4876 875 4942 ltaque
889 4874 957 4930 baec
968 4894 1029 4931 esse
1039 4880 1149 4947 quidem

350 4940 417 5004 alia,
428 4939 487 4992 illis
498 4949 590 4993 tanuen
603 4959 735 4995 connexa.

387 5010 423 5062 ll.
442 5010 607 5077 incipiemus
623 5020 715 5064 autem
731 5014 767 5066 ab
782 5011 909 5079 homine,
931 5016 1020 5085 ipsum
1036 5016 1090 5071 sibi
1106 5034 1152 5072 ex·

351 5083 505 5150 quirentes‚
526 5080 660 5133 irumensa
671 5083 767 5135 statim
779 5083 944 5140 difficultate
955 5088 1046 5140 ebria.
1082 5087 1151 5142 San·

351 5151 463 5221 guinem
485 5165 596 5218 quoque
608 5151 798 5219 gladiatorum
817 5156 925 5221 bibunt,
947 5163 981 5210 ut
992 5158 1150 5211 virentibus

349 5221 476 5289 poculis,
498 5221 652 5277 comitiales
664 5222 765 5275 morbi:
785 5227 858 5292 quod
869 5233 997 5294 spectare
1014 5226 1151 5282 facientes

349 5292 379 5342 in
390 5290 487 5344 eadem
500 5306 586 5343 arena
596 5290 672 5345 feras
684 5307 792 5361 quoque
804 5292 903 5347 horror
913 5303 964 5348 est.
991 5296 1150 5352 tltbercule

350 5359 394 5411 illi
406 5376 439 5414 er
451 5359 563 5414 bomine
575 5361 635 5429 ipso
647 5362 755 5414 sorberi
767 5362 987 5416 efficacissimum
1001 5374 1149 5432 putantca-

351 5428 436 5481 lidum
448 5433 700 5499 spirantemque,et
711 5448 764 5485 una
775 5433 861 5498 ipsam
873 5435 992 5485 animam
1005 5450 1040 5487 ex
1051 5437 1147 5491 osculo

350 5497 509 5552 vulnerum:
532 5514 591 5552 cum
604 5500 693 5571 plagis
709 5519 742 5557 ne
752 5500 874 5554 ferarum
887 5502 995 5570 quidem
1005 5503 1149 5559 admoneri

350 5578 402 5620 ese
413 5566 456 5623 las
467 5570 503 5626 sit
513 5568 642 5628 bumana.
664 5571 866 5631 tliimedullas
877 5586 990 5632 crurum
1003 5587 1147 5646 quaerunt,

1203 3358 1233 3406 ei
1253 3354 1398 3407 cerebrum
1420 3351 1578 3407 infantium.
1616 3350 1676 3404 Nee
1691 3350 1771 3420 pauci
1789 3346 2007 3417 apudGraecos‚

1204 3422 1376 3490 singulorum
1387 3422 1524 3474 viscerum
1537 3420 1780 3486 membrorumque
1795 3421 1879 3471 etiam
1892 3430 2009 3482 sapores

1204 3485 2007 3565 disere,omniapersecutiusqueadresegminaunguium·

1205 3562 1360 3629 quasivero
1372 3563 1479 3613 sanitas
1490 3560 1579 3612 rideri
1591 3560 1687 3630 possit,
1695 3557 1780 3608 teram
1793 3570 1825 3606 ex
1836 3552 1948 3603 bonisne
1960 3554 2008 3605 tie·

1205 3633 1237 3695 ri,
1249 3633 1400 3700 morboque
1412 3631 1525 3700 dignum
1538 3632 1567 3682 in
1578 3633 1638 3699 ipss
1649 3626 1798 3706 mediclno:
1821 3624 1936 3690 egregia
1947 3623 2008 3676 her·

1206 3701 1268 3753 cule
1280 3700 1472 3761 frustratione,
1483 3702 1507 3752 si
1518 3717 1571 3752 non
1582 3700 1678 3767 prosit.
1698 3695 1793 3762 elspics
1804 3691 1928 3746 hunuano
1939 3701 2007 3745 exta

1206 3770 1284 3823 nefas
1295 3767 1422 3833 habetur,
1440 3771 1505 3838 quid
1516 3768 1625 3822 mandit
1646 3765 1716 3828 Quis
1727 3764 1782 3815 ista
1792 3762 1902 3815 invenit
1913 3768 2005 3814 usten-

1205 3839 1252 3892 tal
1264 3841 1368 3891 Tecum
1381 3841 1453 3894 enim
1465 3854 1512 3893 res
1524 3841 1587 3901 crit,
1595 3851 1708 3891 eversor
1718 3834 1790 3887 iuris
1801 3832 2006 3895 humanimon·

1205 3919 1381 3975 utrorumque
1393 3909 1508 3972 artifex,
1519 3909 1568 3977 qui
1581 3907 1685 3977 primus
1697 3921 1731 3958 ea
1740 3902 1902 3957 condidisti:
1914 3901 2006 3965 credo,

1206 3995 1240 4031 ne
1250 3977 1308 4029 rita
1319 3982 1359 4029 tui
1371 3980 1592 4032 oblivisceretur.
1610 3977 1679 4040 Quis
1689 3975 1793 4028 invenit
1804 3973 1913 4041 singilio
1924 3987 2008 4023 menr-

1205 4049 1256 4100 bra
1276 4045 1397 4099 hunuano
1420 4047 1572 4102 manderet
1602 4063 1657 4115 quo
1683 4047 1842 4101 coniectura
1862 4040 2007 4093 inductusl

1206 4120 1294 4182 Quam
1306 4124 1402 4201 potest
1413 4119 1550 4172 medicina
1561 4118 1617 4169 istu
1629 4117 1766 4185 originem
1778 4111 1923 4166 habuisset
1939 4110 2007 4172 Quis

1205 4188 1339 4240 renetlcm
1349 4189 1546 4241 innocentiora
1557 4187 1661 4250 effecit,
1674 4200 1754 4253 quam
1767 4181 1906 4236 morediai
1927 4180 2006 4241 Esto,

1204 4258 1319 4312 barbari
1331 4260 1496 4328 externique
1506 4259 1579 4310 ritus
1589 4257 1758 4318 inuenerint,
1775 4253 1895 4306 etiamne
1905 4250 2007 4302 Graeci

1205 4343 1271 4379 suas
1282 4327 1375 4380 fecere
1386 4328 1436 4379 bas
1446 4327 1541 4380 arteni
1562 4327 1682 4379 Exstant
1693 4322 1940 4378 commentationes
1951 4318 2005 4370 De·

1205 4399 1324 4459 mocriti,
1347 4398 1382 4449 ad
1405 4397 1462 4449 alia
1483 4397 1559 4449 noxii
1578 4395 1700 4448 hominis
1722 4411 1737 4447 e
1757 4393 1850 4459 capite
1866 4405 1930 4443 ossa
1945 4388 2007 4469 plus

1205 4467 1350 4533 prodesse:
1362 4467 1397 4519 ad
1409 4468 1476 4530 alia,
1488 4466 1611 4519 amiciet
1621 4464 1750 4532 hospitis.
1784 4464 1841 4515 lam
1852 4474 1918 4514 vero
1928 4473 1957 4508 rt
1966 4472 2008 4507 tn·

1205 4538 1316 4588 terenrti
1329 4535 1412 4590 dente
1424 4538 1550 4606 gingivas
1560 4536 1589 4587 in
1601 4535 1699 4587 dolore
1711 4530 1875 4592 scarificari,
1891 4525 2004 4594 Apollo·

1205 4607 1267 4659 nius
1279 4605 1499 4659 efficacissimum
1512 4607 1637 4674 scripsit:
1657 4604 1781 4660 Miletus,
1794 4597 1939 4678 oculorum
1951 4592 2009 4677 sof-

1205 4674 1327 4727 fusiones
1339 4675 1406 4728 felle
1417 4676 1538 4729 hominis
1550 4673 1652 4726 sanari.
1690 4672 1821 4720 Artemon
1833 4663 1958 4715 calearia
1968 4680 2008 4715 tn·

1204 4744 1329 4807 terfecti,
1349 4761 1437 4813 neque
1458 4747 1583 4805 cremati,
1604 4736 1760 4809 propinarit
1780 4746 1878 4798 aquam
1897 4731 2009 4815 ciente

1206 4822 1290 4866 noctu
1313 4815 1500 4867 comitialibus
1523 4813 1634 4864 morbis.
1670 4801 1830 4884 Excedam
1853 4802 2007 4886 suspendio

1204 4884 1343 4935 interemti
1355 4885 1497 4952 catapotia
1509 4880 1585 4942 fecit,
1607 4882 1708 4932 contra
1717 4886 1795 4924 cansa
1816 4872 1921 4924 rabiosi
1932 4886 2007 4923 ntor·

1204 4968 1252 5004 sus
1264 4955 1395 5006 Antaeus.
1418 4957 1508 5020 Atque
1520 4951 1604 5004 etiam
1617 4940 1813 5015 quadrupedes
1823 4939 1951 5025 homines
1962 4957 2006 4993 aa·

1204 5036 1315 5085 serere,
1327 5030 1424 5075 contro
1435 5021 1594 5075 inflationes
1605 5019 1697 5076 boum,
1708 5010 1863 5092 perforatis
1874 5011 2006 5063 cornibus

1203 5091 1356 5146 inserentes
1369 5109 1434 5145 ossa
1445 5088 1576 5143 bumana:
1588 5086 1636 5138 ubi
1647 5082 1731 5134 bomo
1743 5095 1852 5133 ocnsus
1864 5087 1946 5139 esset,
1956 5087 2007 5161 aot

1204 5168 1352 5223 crematus,
1363 5162 1499 5231 siliginem
1513 5173 1584 5227 quae
1595 5157 1798 5223 pernoctasset,
1808 5150 2005 5233 suum-morbis

1204 5229 1306 5283 dando.
1339 5231 1439 5283 Procul
1449 5246 1466 5281 a
1477 5230 1556 5281 nobis
1567 5224 1724 5289 nosuisque
1734 5220 1826 5273 literis
1837 5221 1928 5272 absunt
1938 5226 2004 5269 rste.

1203 5299 1262 5350 Nos
1273 5299 1379 5351 auxilia
1391 5298 1520 5359 dicemus,
1526 5312 1580 5349 non
1592 5293 1718 5363 piacula:
1730 5290 1820 5344 sicubi
1833 5290 1914 5341 lactis
1925 5301 2005 5354 puer·

1203 5382 1330 5435 perarum
1342 5382 1408 5419 usus
1420 5366 1524 5419 mederi
1534 5366 1635 5433 potuit,
1656 5360 1748 5414 sicubi
1759 5360 1859 5422 salire,
1878 5365 2003 5411 tactusve

1202 5438 1337 5505 corporis,
1348 5444 1496 5505 ceteraque
1507 5435 1618 5487 similia.
1637 5433 1731 5485 i'itam
1743 5431 1853 5498 quidem
1865 5442 1918 5479 uon
1931 5424 2002 5475 adeo

1202 5506 1382 5573 expetendam
1395 5512 1583 5568 censemus,ut
1595 5518 1707 5572 quoquo
1719 5499 1802 5553 modo
1810 5493 1945 5551 nubendo
1956 5493 2003 5544 sit.

1201 5575 1332 5646 Quisquis
1343 5591 1373 5631 es
1385 5574 1460 5641 telis,
1480 5590 1568 5647 aeque
1578 5573 1711 5640 mouere,
1722 5571 1806 5627 ettam
1817 5581 1878 5621 cura
1890 5564 2002 5620 obscoe-
