4356 6014
306 322 337 383 C.
372 319 525 383 PLlNll
559 317 775 381 SECUNDl
807 318 980 381 NATUR.
1011 321 1209 385 Histoe.
1248 323 1331 384 ΗΒ.
1354 322 1452 384 XIX.
1475 323 1565 385 CAP.
1593 329 1709 386 1149.
1774 327 1834 388 237

173 475 270 537 tieem,
291 485 409 544 eamque
425 475 534 539 partem
549 484 604 539 qua
622 474 779 534 vescuntur,
797 471 979 526 esselaneuia

173 552 314 607 annuam,
333 556 435 610 exque
452 540 562 609 impilia
572 546 719 609 vestesque
740 540 876 609 quaedam
895 543 980 594 cond·

173 618 258 670 ciant.
294 612 350 666 Sed
360 626 450 680 neque
460 612 614 680 regionem,
631 611 658 661 in
671 610 793 677 quatiat,
804 627 894 678 neque
903 611 981 678 quisl-

173 700 258 754 qoam
268 681 445 751 diligentius,
465 674 659 748 praeterqubm
670 678 838 747 eriophoron
848 681 878 733 id
889 681 981 748 appel·

173 755 239 818 lari,
258 754 288 805 in
298 751 515 820 exemplaribus,
535 764 606 818 quae
618 749 731 816 quidem
742 750 905 814 iurenerim,
925 758 981 802 tra·

174 825 231 877 dit:
253 822 466 891 nequeomnino
478 819 563 871 ullam
586 819 756 872 mentionem
768 819 862 884 habet,
882 827 982 872 cuncta

174 908 242 947 cura
262 906 366 960 magma
385 889 766 958 persecutusCCCllCannis
785 897 851 942 ante
870 905 929 952 nos,
948 896 980 942 ut

174 965 229 1017 ianr
242 971 272 1017 et
282 962 340 1015 alio
350 960 414 1013 loco
428 959 560 1011 dirimunt
580 973 636 1026 quo
648 966 774 1026 apparet,
793 966 858 1027 post
867 960 898 1012 id
909 966 978 1012 tem·

137 1028 156 1073 4
175 1031 250 1102 poris
261 1031 382 1100 spatium
394 1031 423 1081 in
433 1043 513 1081 usum
524 1028 635 1081 venisse
645 1036 779 1095 spartum.

208 1103 257 1155 Xl.
275 1104 312 1155 lit
323 1100 454 1168 quoniam
465 1111 483 1148 a
493 1096 636 1150 miraculis
651 1112 743 1150 rernm
755 1097 916 1167 coepimus,
935 1088 979 1150 se·

175 1186 294 1241 quemor
303 1185 401 1225 eorum
412 1168 549 1230 ordinem,
558 1167 588 1219 in
600 1166 698 1235 quibus
708 1167 752 1220 vel
765 1169 915 1220 maximum
928 1174 979 1231 est,

174 1238 284 1310 aliquid
305 1242 383 1293 nasci
405 1244 454 1292 aut
472 1237 707 1290 viveresineuila
728 1236 833 1291 radice.
868 1238 981 1289 Tubero

174 1308 245 1364 baec
255 1315 400 1372 vocantur,
421 1307 543 1376 undique
554 1312 631 1359 terra
642 1306 823 1372 circumdata,
841 1298 980 1374 nullisque

175 1380 253 1433 libris
265 1380 342 1444 nisa,
362 1384 411 1431 aut
422 1377 521 1430 saltem
532 1376 745 1444 capillamentis,
767 1393 819 1429 nec
829 1380 924 1445 utique
934 1393 980 1429 ex·

174 1451 324 1503 tuberante
341 1450 405 1501 loeo
417 1451 446 1500 in
457 1462 512 1513 quo
523 1446 685 1515 gignuntur,
704 1455 754 1499 aut
769 1447 854 1499 rimas
865 1453 979 1514 agente:

173 1535 266 1588 neque
281 1519 344 1587 ipsa
360 1524 456 1570 terrae
472 1515 630 1569 cohaerent
667 1516 779 1569 Cortice
790 1516 875 1570 etiam
894 1516 981 1569 inelu-

172 1588 289 1650 tluntur,
309 1596 341 1639 ut
355 1587 438 1655 plane
458 1602 509 1639 nec
526 1593 630 1640 terram
645 1600 707 1637 esse
720 1589 859 1654 possimus
876 1586 980 1650 dicere,

172 1671 224 1711 nec
241 1657 319 1709 aliod
335 1672 417 1724 quam
431 1664 524 1709 terrae
541 1655 651 1709 callum.
690 1654 778 1708 Siccis
794 1655 863 1709 haee
877 1654 936 1709 fere
951 1663 980 1708 et

173 1726 313 1779 sabulosis
325 1726 406 1789 locis,
414 1724 633 1793 frutectosisque
645 1734 804 1778 nascuntur·
832 1724 980 1779 Excedunt

173 1811 259 1864 saepe
281 1795 502 1863 magnitudinem
527 1794 596 1846 mali
617 1794 746 1857 cotonei,
775 1793 862 1848 etism
884 1795 979 1847 librali

175 1865 307 1932 pondere.
342 1864 407 1916 Duo
417 1877 514 1917 eorum
524 1878 637 1931 genera,
658 1878 777 1918 arenosa
788 1865 918 1918 dentibus
930 1866 980 1916 ini·

174 1936 256 1998 urica,
276 1940 305 1986 et
324 1935 413 1999 altera
431 1934 549 1986 sincera.
585 1934 803 2003 Distinguuntur
823 1942 851 1987 et
873 1936 981 1999 colore,

173 2003 405 2072 rufo,nigroque,
426 2009 455 2056 et
464 2003 540 2057 intus
549 2002 684 2055 candido:
703 2002 981 2058 laudatissimarlfri·

176 2090 236 2127 cae.
273 2076 416 2135 crescant,
438 2088 509 2126 anne
525 2073 624 2125 vitium
640 2073 670 2125 id
685 2079 779 2128 terrae
791 2074 980 2146 (nequeenim

176 2141 255 2196 alind
264 2143 384 2211 intelligi
397 2148 502 2210 potest)
513 2158 546 2195 ea
557 2143 684 2211 protinus
698 2144 831 2212 globetur
840 2145 982 2212 magnitu-

176 2212 253 2275 dine,
274 2229 328 2280 qua
345 2212 470 2266 futurum
486 2220 543 2265 est:
563 2219 593 2264 et
608 2213 749 2277 niventon,
771 2230 806 2267 aa
817 2229 883 2275 noo,
906 2212 982 2265 baud

176 2283 262 2336 facile
281 2283 404 2335 arbitror
424 2282 549 2351 intelligi
568 2296 660 2348 posse.
701 2281 886 2337 Putrescendi
906 2283 980 2335 enirn

175 2352 414 2406 ratioeommunis
435 2351 535 2405 estiis
555 2366 617 2403 oum
634 2352 722 2419 ligno.
758 2352 858 2406 Lartio
870 2352 981 2404 licinio

176 2425 320 2490 praetorio
332 2423 395 2475 viro
404 2422 465 2473 iura
475 2421 605 2483 reddenti
616 2421 646 2473 in
657 2423 794 2488 Hispania
805 2419 983 2488 carthagine,

176 2493 273 2559 paucis
284 2490 327 2543 Ιιιι
337 2491 418 2544 annis
428 2494 531 2543 scimus
541 2491 685 2553 accidisse,
695 2492 837 2543 mordenti
846 2493 939 2552 tuber,
951 2498 983 2542 ut

176 2560 367 2627 deprehensus
377 2561 454 2611 intus
471 2559 603 2613 denarius
624 2560 728 2624 primos
746 2559 845 2613 dentes
861 2559 983 2614 inflecte·

175 2637 233 2683 ret:
254 2644 309 2697 quo
322 2625 503 2679 manifestum
513 2629 581 2686 erit,
600 2634 694 2680 terrae
705 2633 832 2680 naturam
843 2629 872 2680 in
883 2644 914 2680 se
923 2629 984 2696 glo·

174 2699 248 2753 bari.
283 2694 367 2760 Quod
376 2703 484 2749 eertum
494 2707 548 2761 est,
559 2711 594 2749 ex
603 2696 639 2748 iis
649 2702 731 2751 erunt
741 2712 811 2764 quae
823 2706 984 2760 nascantur,

174 2775 205 2821 et
213 2766 271 2819 seri
283 2782 337 2817 non
350 2765 467 2833 possint.

212 2836 275 2887 Xll.
295 2836 396 2889 Simile
417 2840 461 2887 ιιι
481 2839 511 2887 ιι
529 2833 604 2902 quoti
623 2834 651 2886 in
664 2834 819 2902 Cyrenaica
838 2835 984 2903 provincia

175 2911 278 2959 rocam
289 2905 371 2971 anisy,
394 2904 573 2971 praecipuum
588 2905 730 2958 suavitate
746 2905 842 2958 odoris
859 2921 892 2957 ac
903 2921 983 2973 sapa·

175 2978 226 3039 ris,
239 2973 289 3028 sed
300 2976 456 3027 carnosior:
476 2982 505 3026 ιι
516 2974 591 3040 quod
601 2974 632 3026 iu
647 2973 768 3041 'i'lrracia
778 2976 849 3043 iton,
870 2982 899 3028 et
909 2975 983 3043 quod

139 3052 152 3099 ·:
178 3046 206 3097 ln
220 3044 338 3097 Graecia
347 3044 495 3113 geranion.

212 3113 288 3166 Xlll.
307 3113 350 3166 De
371 3114 513 3166 tuberibus
535 3111 768 3166 baectraduntnr
788 3111 986 3181 peculiaritert

177 3185 246 3235 carm
257 3183 364 3235 fuerint
375 3183 480 3235 imbres
491 3183 676 3243 autumnales,
696 3196 730 3232 ac
741 3186 867 3233 tonitrus
878 3180 984 3243 erebra,

176 3255 341 3314 tuncnasci,
363 3257 393 3304 et
410 3253 532 3303 maxime
553 3266 569 3303 e
589 3250 755 3303 tonitribus:
776 3266 828 3302 nec
847 3250 925 3303 ultra
938 3266 985 3303 ιιι·

176 3337 242 3373 num
254 3322 368 3375 durare:
387 3320 538 3373 tenerrima
555 3326 649 3371 autem
661 3334 746 3372 verno
757 3334 828 3371 esse.
864 3320 985 3382 Quibus·

177 3391 241 3445 darn
258 3391 331 3443 locis
348 3398 464 3470 accepta
480 3388 568 3457 riguis
584 3389 724 3441 ferunturs
742 3388 816 3441 sicut
837 3388 984 3455 Mitylenis

178 3461 379 3527 argentonem,
398 3459 453 3510 msi
464 3458 651 3511 exundatione
667 3456 809 3510 ilunnnnm
820 3456 932 3510 invecto
943 3473 985 3509 se·

178 3530 254 3581 mine
264 3529 299 3582 ab
310 3529 413 3581 Tiaris.
449 3530 501 3581 Est
513 3534 608 3580 nutem
618 3528 644 3579 is
655 3526 743 3588 locus,
759 3526 790 3578 in
802 3542 855 3594 quo
865 3528 985 3595 plurima

177 3604 338 3651 nascamur.
374 3598 456 3650 Asiae
468 3597 644 3650 nobilissima
655 3596 730 3649 circa
739 3595 935 3663 Lampsacum,
955 3602 985 3649 ιι

177 3669 433 3735 Alopeconnesum:
452 3664 587 3719 Graeciae
599 3681 675 3729 vero,
687 3667 763 3718 circa
772 3665 846 3717 Elin.

179 3736 290 3799 rxtv.
308 3737 380 3791 Sunt
398 3744 427 3789 et
448 3737 476 3787 in
497 3736 647 3807 fungorum
667 3735 896 3803 genereGraecis
916 3735 986 3788 dicti

179 3807 303 3876 pezicae,
323 3807 371 3875 qui
384 3808 445 3860 sine
458 3806 551 3858 radice
561 3813 610 3858 aut
622 3805 752 3872 pediculo
763 3814 923 3857 nascuntur.

215 3877 278 3930 XV.
295 3877 336 3929 Ab
347 3876 390 3928 bis
406 3877 563 3942 proximum
578 3876 689 3929 dicetur
706 3875 875 3928 auctoritate
886 3876 984 3927 claris·

179 3948 280 4000 simum
291 3947 479 4014 laserpitium,
491 3945 565 4011 quod
576 3944 676 3998 Graeci
687 3944 810 4013 silphion
822 3952 935 4006 vocant,
955 3945 983 3995 in

181 4018 338 4085 Cyrenaica
349 4016 491 4083 provincia
500 4022 656 4082 repertum:
670 4017 747 4067 euius
757 4030 870 4068 succum
883 4021 985 4067 vocant

1030 474 1176 541 coepitium
1187 476 1266 544 gigni
1276 475 1400 537 solitum,
1420 492 1477 528 rem
1492 475 1577 528 feram
1589 492 1623 530 ac
1635 482 1835 538 contumacem,

1031 551 1060 597 et
1072 545 1097 595 si
1108 544 1257 606 coleretur,
1267 544 1295 596 in
1307 546 1420 597 deserta
1435 545 1600 613 fugientem:
1632 546 1727 599 radice
1747 548 1837 599 muita

1032 627 1126 665 crassa
1146 628 1195 674 ue,
1216 614 1295 667 caule
1313 614 1466 677 ferulaceo,
1482 623 1532 667 aut
1542 616 1626 668 sinriii
1639 615 1834 668 crassitudine.

1031 631 1208 734 lluiusqloliu
1224 690 1380 750 nraspctum
1390 687 1537 747 vocabant,
1552 686 1616 752 apio
1629 676 1834 737 maximesimi‘-

1031 752 1080 804 lia.
1117 750 1218 804 Semen
1230 761 1289 803 erat
1301 752 1461 818 foliaceum,
1473 754 1570 806 folium
1583 757 1671 821 ipsum
1683 770 1749 807 rere
1760 754 1837 806 deci·

1031 821 1128 873 duum.
1165 819 1247 873 Vesci
1260 836 1361 888 pecora
1371 824 1468 887 solita,
1480 826 1625 892 primoque
1638 823 1758 892 purgari,
1770 838 1835 875 mox

1030 891 1224 959 pinguescere,
1244 906 1326 943 cartre
1346 894 1498 946 mirabilem
1522 895 1550 944 in
1571 893 1682 946 modum
1705 893 1835 945 incunda.

1030 961 1100 1014 Post
1111 960 1181 1014 folia
1192 961 1303 1024 amissa,
1314 961 1393 1013 caule
1403 963 1465 1029 ipso
1476 970 1505 1015 et
1516 961 1641 1031 homines
1652 963 1836 1031 vescebantur

1032 1031 1159 1094 decocto,
1170 1044 1246 1093 asso,
1259 1030 1404 1097 elisoque:
1425 1047 1520 1101 eqrum
1532 1026 1641 1099 qu'oque
1652 1046 1772 1099 corpora
1783 1032 1835 1084 Xl.

1033 1101 1132 1170 primis
1152 1099 1250 1151 diebus
1269 1106 1407 1167 purgante
1428 1117 1445 1153 a
1465 1104 1541 1152 vitiis
1561 1102 1697 1155 omnibus.
1733 1100 1837 1153 Saccus

1032 1172 1142 1223 dnobus
1155 1169 1247 1222 modis
1259 1171 1434 1237 capiebatur:
1454 1170 1583 1234 eradico,
1595 1178 1679 1239 atque
1691 1171 1781 1223 caule.
1798 1170 1836 1221 Et

1032 1240 1102 1293 baec
1112 1239 1167 1291 duo
1178 1248 1260 1291 erant
1272 1242 1396 1291 nomina:
1415 1239 1622 1309 misissetque
1634 1241 1742 1295 cnuiies
1751 1239 1837 1291 riiior

1031 1310 1083 1362 illo
1096 1326 1129 1362 ac
1140 1316 1309 1377 putrescens.
1345 1308 1443 1361 ltadioi
1452 1323 1549 1362 cortes
1559 1312 1646 1377 niger.
1683 1310 1724 1363 Ad
1734 1310 1836 1362 mercis

1031 1379 1183 1442 adulteria,
1191 1393 1305 1431 succum
1317 1380 1406 1447 ipsum
1418 1379 1446 1431 ia
1460 1395 1527 1431 rasa
1538 1380 1701 1442 coniectum,
1712 1379 1836 1431 admixto

1031 1448 1151 1512 furfure,
1171 1449 1291 1502 subinde
1308 1449 1496 1501 concutiendo
1513 1448 1549 1501 ad
1565 1450 1757 1502 maturitatem
1775 1463 1837 1516 per·

1033 1520 1183 1572 ducebant:
1202 1519 1233 1571 ni
1253 1520 1296 1571 ita
1316 1519 1467 1581 fecissent,
1499 1525 1712 1586 putrescentem.
1748 1519 1837 1585 Argu·

1033 1596 1157 1642 mentum
1168 1596 1229 1640 erat
1240 1589 1427 1645 maturitatis.
1450 1589 1536 1650 color,
1556 1588 1724 1653 siccitasque
1734 1586 1838 1639 sudore

1033 1660 1122 1712 tinito.
1157 1657 1216 1712 Alii
1225 1658 1343 1711 tradunt
1360 1658 1500 1732 Qll'illl
1513 1657 1635 1711 radicem
1652 1657 1739 1709 fuisse
1754 1655 1839 1706 maio·

1032 1745 1092 1783 rem
1103 1728 1230 1793 cubitali,
1241 1730 1380 1797 tuberque
1390 1728 1419 1779 in
1432 1744 1466 1781 ea
1476 1744 1561 1796 supra
1571 1735 1683 1781 terram.
1722 1727 1784 1777 iioc
1795 1724 1839 1775 in·

1033 1799 1101 1862 ciso,
1122 1798 1264 1866 profluere
1275 1799 1391 1851 solitum
1407 1813 1530 1860 succum,
1550 1812 1601 1850 eeu
1612 1797 1704 1859 lactis,
1724 1808 1839 1861 supere·

1032 1876 1101 1922 nato
1113 1868 1201 1931 caule,
1217 1883 1298 1935 quem
1310 1883 1354 1935 ιιιιΙ
1397 1868 1477 1935 daria
1487 1873 1631 1919 vocarunt.
1668 1866 1750 1917 Folia
1761 1863 1842 1915 aurei
1857 1892 1876 1907 ..
1886 1888 1902 1903 ·-
1913 1884 1934 1939 i'
1947 1860 1954 1883 ³

1034 1938 1138 1997 coloris
1159 1952 1209 2005 pro
1231 1926 1342 1992 semine
1372 1930 1608 1999 uisse,‘cadeatia
1626 1950 1644 1987 a
1665 1935 1749 1987 Canis
1766 1940 1841 1996 ortu,

1032 2010 1135 2061 Austro
1157 2008 1252 2061 fiante.
1293 2006 1336 2059 Ex
1358 2006 1403 2059 Ιιιι
1421 2006 1593 2073 laserpitium
1615 2005 1693 2057 nasci
1715 2003 1841 2065 solitum,

1033 2093 1124 2130 annuo
1135 2078 1227 2144 spatio
1239 2082 1268 2129 et
1282 2076 1377 2129 radice
1394 2082 1423 2129 et
1440 2076 1520 2128 caule
1531 2074 1787 2127 consummantibus
1798 2088 1841 2124 se·
1881 2100 1892 2125 t

1032 2164 1073 2201 ιι.
1119 2148 1183 2199 Hoc
1203 2154 1232 2199 et
1254 2145 1422 2199 circumfodi
1444 2145 1560 2197 solitum
1580 2143 1740 2212 prodidere.
1782 2141 1842 2195 Nec

1034 2216 1148 2285 purgari
1160 2230 1271 2283 pecora,
1282 2217 1331 2268 sed
1342 2230 1428 2283 aegra
1438 2215 1542 2277 sanari,
1560 2221 1609 2266 sut
1620 2214 1748 2282 protinus
1760 2211 1841 2274 niori,

1035 2286 1108 2355 quod
1119 2287 1148 2336 in
1159 2285 1256 2353 paucis
1266 2286 1405 2339 accidere.
1442 2286 1556 2353 l'ersico
1574 2283 1679 2352 silphio
1691 2283 1771 2354 prior
1782 2282 1841 2349 opi·

1033 2355 1231 2424 niocoogruit.

1069 2424 1143 2476 XVl.
1159 2425 1285 2477 Alterum
1296 2439 1383 2493 genus
1394 2432 1454 2487 est,
1474 2425 1547 2494 quod
1559 2424 1703 2493 mygdaris
1715 2427 1842 2483 coeatur,

1034 2494 1158 2547 tenerius
1169 2501 1198 2545 et
1208 2495 1298 2545 minus
1309 2493 1467 2557 vehemens,
1489 2496 1550 2547 sine
1560 2509 1660 2546 succo:
1682 2491 1756 2559 quod
1767 2491 1842 2543 circa

1035 2563 1148 2632 Syriam
1160 2563 1293 2624 nascitur,
1305 2578 1362 2614 nen
1371 2564 1537 2629 proveniens
1548 2564 1577 2614 ia
1589 2562 1741 2629 Cyrenaica
1752 2559 1843 2627 regio·

1034 2647 1078 2685 ne.
1116 2630 1249 2699 Gignitur
1261 2638 1290 2682 et
1305 2633 1333 2682 in
1350 2631 1489 2683 Parnasso
1506 2638 1600 2683 monte
1610 2629 1762 2698 copiosius,
1782 2627 1842 2694 qui·

1034 2700 1151 2753 busdam
1173 2699 1349 2766 laserpitium
1376 2700 1555 2753 vocantibus:
1583 2713 1633 2766 per
1653 2713 1726 2765 quae
1749 2696 1843 2750 omnin

1035 2770 1210 2823 adulteratur
1219 2771 1261 2822 rei
1272 2768 1475 2822 saluberrimae
1486 2770 1708 2836 utilissimaeque
1719 2765 1843 2819 auctori·

1035 2848 1088 2893 tes.
1124 2840 1258 2892 Probatio
1268 2838 1371 2891 sinceri
1382 2839 1482 2904 prima,
1500 2840 1529 2891 in
1541 2839 1637 2892 colore
1647 2837 1758 2891 modice
1768 2835 1842 2899 rufo,

1035 2916 1137 2963 etcum
1149 2908 1297 2976 frangitur,
1319 2908 1436 2961 candido
1454 2910 1540 2973 intus,
1561 2907 1841 2962 montranslooente:

1035 2986 1125 3048 gutta,
1141 2994 1214 3047 aqua
1225 2979 1369 3047 salivaque
1379 2979 1519 3048 liquescit.
1554 2979 1625 3031 Usus
1634 2978 1665 3031 ia
1675 2976 1771 3030 multis
1782 2990 1841 3030 me·

1036 3049 1233 3102 dicaminibus.

1071 3119 1158 3172 xvii.
1176 3118 1248 3171 Sunt
1258 3117 1411 3170 etiamnum
1422 3117 1478 3168 duo
1488 3130 1602 3180 genera,
1622 3130 1678 3167 non
1689 3115 1741 3167 nisi
1752 3114 1840 3167 sordi·

1037 3185 1074 3237 do
1086 3193 1155 3237 nota
1165 3184 1250 3253 vulgo
1262 3220 1270 3248 ,
1297 3198 1360 3236 cum
1372 3190 1489 3252 quaestu
1507 3185 1625 3235 muitum
1637 3185 1773 3250 polleant.
1811 3184 1842 3234 ln

1036 3255 1134 3323 primis
1155 3255 1246 3317 rubia,
1263 3254 1304 3306 tin
1325 3254 1402 3306 endis
1429 3254 1502 3306 lanis
1521 3261 1550 3304 et
1570 3254 1654 3306 coriis
1675 3254 1840 3306 necessaria.

1036 3323 1244 3375 Laudatissima
1263 3270 1380 3383 italica,
1410 3329 1440 3374 ιι
1460 3321 1582 3375 ιιιιιιιιιιιι
1607 3323 1781 3375 suburbana:
1813 3328 1842 3374 et

1037 3407 1134 3444 ornnes
1144 3406 1233 3458 paene
1249 3390 1411 3458 provinciae
1426 3397 1536 3442 scatent
1548 3407 1590 3443 ea.
1628 3393 1646 3444 S
1669 3399 1734 3443 onte
1746 3407 1842 3459 prore·

1036 3463 1090 3523 nit,
1110 3462 1268 3527 seriturque
1280 3456 1463 3512 similitudine
1474 3459 1599 3513 erviliae.
1661 3476 1738 3513 erum
1749 3463 1841 3528 spino-

1036 3546 1084 3582 sus
1097 3530 1238 3582 sicaniis:
1260 3530 1437 3596 geniculatus
1447 3529 1492 3582 bic
1502 3535 1565 3587 est,
1587 3528 1677 3596 quinis
1689 3531 1764 3587 eirea
1773 3529 1843 3581 arti·

1036 3601 1114 3652 culos
1126 3601 1154 3651 in
1166 3602 1233 3652 orbe
1243 3599 1329 3651 foliis.
1367 3598 1465 3652 Samen
1478 3599 1538 3652 eius
1554 3599 1667 3650 rubrum
1678 3608 1730 3652 est.
1766 3599 1842 3661 Quos

1036 3673 1064 3722 io
1076 3670 1213 3722 medicina
1223 3685 1289 3721 usus
1301 3668 1413 3730 lrabeat,
1434 3684 1485 3720 suo
1496 3668 1619 3720 dicemus
1630 3668 1704 3720 loco.

1070 3738 1172 3792 Xb‘lll.
1191 3743 1226 3794 At
1237 3753 1308 3806 quae
1318 3746 1433 3791 vocatur
1443 3738 1577 3799 radicula,
1593 3738 1719 3791 lavandis
1731 3737 1843 3792 demum
1865 3764 1871 3777 ·

1036 3809 1109 3861 lanis
1121 3824 1234 3861 succum
1248 3809 1349 3862 babet:
1368 3808 1466 3859 mirum
1479 3814 1610 3875 quantum
1623 3809 1769 3861 conferens
1780 3823 1842 3859 can·

1036 3879 1099 3932 dori
1110 3879 1311 3945 mollitiaeque.
1330 3877 1464 3931 Nascitur
1475 3878 1566 3930 sativa
1576 3878 1689 3946 ubique,
1701 3878 1750 3931 sed
1761 3893 1843 3944 spon·
1874 3900 1880 3955 Ι

1037 3955 1066 4001 ιι
1077 3949 1265 4017 praecipuain
1276 3947 1343 4000 Asia
1353 3948 1501 4016 Syriaque,
1520 3949 1630 3999 saxosis
1642 3955 1671 3999 et
1683 3949 1789 4014 asperis
1804 3946 1843 3996 io·

1038 4021 1087 4071 cis.
1123 4020 1215 4071 Trans
1230 4017 1400 4084 Euphratem
1417 4025 1513 4070 tamen
1528 4016 1739 4078 laudatissime,
1762 4015 1843 4066 caulo

180 4087 267 4139 laser:
287 4086 465 4155 magnifieum
486 4084 515 4135 io
533 4100 585 4135 usu
604 4084 888 4152 medicamentisque,
909 4091 937 4138 ιι
949 4084 983 4137 ad

1038 4089 1188 4152 ferulaceo,
1201 4090 1287 4151 tenui,
1306 4094 1335 4140 ct
1345 4088 1407 4154 ipso
1419 4088 1490 4139 cibis
1501 4086 1695 4152 indigenarum
1709 4082 1843 4149 expetito,

179 4155 288 4224 pondus
300 4156 428 4222 argentei
445 4153 556 4205 denarii
567 4169 691 4219 pensum.
727 4153 826 4205 Multis
838 4155 893 4206 iam
905 4155 985 4206 annis

1038 4157 1237 4227 etunguentis,
1259 4156 1393 4224 quidquid
1403 4158 1442 4207 sit
1454 4172 1515 4207 cram
1529 4170 1584 4222 quo
1594 4155 1780 4219 decoquatur:
1801 4151 1842 4201 fu·

178 4226 351 4291 i”·9⁰t⁰¹''⁰
367 4240 423 4275 '¹⁰¹¹
439 4222 590 4275 immun
612 4223 742 4288 ‘immi'
761 4222 917 4288 lubllfflnls
937 4225 987 4290 (lul
1038 4227 1178 4279 liooieae.
1215 4225 1473 4278 siruthionGmeei
1492 4230 1605 4275 coeant:
1628 4222 1711 4273 floret
1725 4226 1843 4280 aestate,
1903 4266 1906 4271 ,
2018 4278 2022 4289 ¹
2163 4272 2165 4285 ⁴

1039 4302 1261 4363 ffltffliioelu:
1282 4310 1376 4347 rerum
1389 4295 1450 4345 sine
1463 4292 1558 4353 odore,
1580 4289 1702 4358 spinosa,
1722 4297 1751 4344 et
1763 4290 1974 4341 caure..=11...s
1996 4298 2006 4329 ,ι
2061 4302 2090 4321 ι,
2112 4304 2116 4313 ·
2157 4290 2165 4321 r

178 4290 285 4362 pascua
297 4292 464 4352 conducunt,
480 4292 572 4342 maius
582 4290 624 4341 ita
633 4291 740 4342 lucrum
752 4291 916 4354 sentientes,
937 4292 985 4343 de-

179 4363 351 4433 populantur
367 4374 499 4424 pecorum
515 4359 628 4425 pabulo.
663 4359 740 4410 Unus
761 4360 875 4411 omnino
897 4361 986 4412 caulis
1038 4365 1213 4432 lanuginoso.
1250 4361 1350 4416 Samen
1361 4363 1386 4414 ei
1403 4362 1518 4423 nullum,
1541 4358 1623 4412 radix
1640 4373 1752 4426 magna,
1772 4374 1843 4426 qaae

154 4448 159 4453 ·
179 4440 279 4486 nostra
288 4435 416 4497 repertus
426 4429 570 4490 memoria,
576 4428 682 4480 Neroni
691 4426 810 4495 principi
821 4428 922 4479 missus
934 4436 986 4482 est.
1038 4434 1173 4487 corrditnr
1182 4431 1217 4483 ad
1229 4446 1311 4498 quern
1323 4431 1426 4482 dictum
1439 4438 1482 4483 est
1493 4444 1582 4482 usum.

180 4504 210 4555 iii
220 4498 332 4570 quando
342 4497 444 4550 incidit
453 4510 536 4563 pecus
546 4497 574 4549 ln
584 4511 662 4564 spem
672 4494 880 4558 nascentiaboc
891 4499 987 4567 depre·
1075 4503 1150 4556 XlX.
1168 4504 1193 4558 1.
1211 4502 1253 4553 Ab
1266 4500 1309 4552 bis
1326 4507 1456 4566 superest
1473 4498 1624 4553 revertisti
1636 4498 1782 4551 hortorum
1794 4515 1841 4550 cu.

182 4568 418 4637 beoditursigno:
437 4579 499 4629 ove,
510 4580 572 4619 oum
585 4566 748 4629 comederit,
758 4565 915 4619 dormiente
926 4583 988 4635 pro·
1038 4589 1108 4637 ram,
1127 4579 1156 4625 et
1175 4577 1275 4638 suapte
1296 4578 1399 4623 natura
1419 4568 1644 4634 memorandam,
1664 4575 1693 4620 et
1711 4568 1844 4636 quoniam

180 4642 270 4702 tinus,
292 4654 377 4706 capra
391 4643 565 4691 sternuente.
601 4636 713 4704 Diuque
727 4637 783 4686 iam
799 4637 988 4691 nonaliudad
1039 4644 1192 4710 antiquitas
1203 4640 1274 4693 nibil
1286 4640 1363 4708 prius
1380 4638 1484 4692 mnata
1495 4647 1546 4703 est,
1562 4653 1644 4707 qoam
1656 4638 1843 4705 Hesperidum

156 4726 232 4771 ιιι·
244 4707 479 4768 invehiturlmfs
501 4722 583 4773 quam
596 4706 669 4775 q¹¹⁰d
679 4708 707 4758 5¹¹
720 4704 844 4768 Pffiides
866 4715 915 4759 wi
926 4709 987 4761 Me·
1038 4712 1148 4776 hortos,
1165 4728 1198 4764 so
1210 4726 1306 4779 regum
1319 4709 1423 4763 Adonis
1435 4718 1464 4762 et
1474 4709 1602 4762 Alcinoi:
1620 4708 1745 4777 itemquo
1755 4710 1847 4774 pensi·

1942 4186 1971 4251 il

181 4780 238 4841 dies
259 4777 666 4844 “Armenlflwcimrlflrges
686 4774 735 4828 ¹⁰1¹
747 4774 987 4846 multoinfraCy.
1038 4782 1091 4845 les,
1110 4781 1246 4841 siveillos
1262 4780 1443 4842 Semiramis,
1463 4782 1521 4832 sive
1537 4778 1668 4847 Assyriae
1683 4793 1732 4830 rex
1753 4779 1845 4845 Cyrus
1937 4814 1947 4839 ,

180 4848 335 4903 ramicum:
354 4847 383 4900 id
394 4861 505 4915 quoque
517 4847 703 4899 adulteremur
715 4845 987 4914 guntmbsegapeno,
1039 4852 1116 4913 fecit,
1137 4850 1172 4905 do
1182 4866 1300 4920 quorum
1311 4866 1395 4919 opere
1406 4849 1465 4902 alio
1475 4849 1617 4903 volumine
1627 4849 1761 4900 dicemus.
1791 4848 1845 4900 lto·

181 4917 416 4972 antfabafracta.
453 4918 514 4979 Quo
526 4917 619 4968 minus
631 4913 812 4968 omittendum
825 4916 946 4980 ridetur,
957 4919 987 4971 C.
1038 4923 1111 4974 mani
1122 4923 1233 4991 quidem
1245 4937 1326 4989 reges
1342 4920 1399 4988 ipsi
1411 4920 1533 4972 coluere.
1569 4920 1681 4986 Quippe
1698 4917 1784 4970 etism
1795 4916 1846 4970 sn.

181 4986 308 5050 Valerio,
316 4987 356 5038 M·
369 4986 515 5039 Herennio
528 4986 605 5038 00⁸⁸·
617 4986 733 5052 ὒγιθῦίι
745 4984 862 5038 advecta
871 4987 987 5039 Romam
1038 4994 1140 5060 perbus
1150 4992 1322 5060 Tarquinius
1333 4995 1458 5042 nuntium
1473 4990 1553 5041 illurn
1564 5004 1676 5042 saevum
1688 4995 1774 5055 atque
1783 5002 1845 5038 san·

182 5056 295 5125 publice
311 5055 448 5122 laserpicii
463 5055 558 5122 pondo
572 5055 660 5108 XXX.
698 5056 846 5108 caesarem
861 5071 929 5110 raro
945 5056 986 5110 di·
1039 5063 1196 5132 guinarium
1208 5063 1268 5115 tilio
1279 5061 1388 5114 remisit
1403 5076 1437 5113 ex
1453 5057 1545 5112 boeto.
1581 5057 1672 5110 lnXll
1691 5055 1844 5110 tabulisle·

183 5132 320 5180 ctatorern
331 5126 414 5178 initio
425 5124 494 5179 belli
504 5124 608 5186 civilis,
631 5124 709 5178 inter
722 5138 819 5177 aurum
831 5134 988 5192 argentum·
1039 5148 1103 5201 gum
1116 5140 1274 5184 nostrarum
1286 5145 1420 5198 nusquam
1433 5129 1685 5190 nominaturvilia,
1694 5139 1804 5194 semper
1813 5125 1843 5175 in

183 5210 236 5263 que
246 5196 396 5264 protulisse
412 5210 448 5249 ex
470 5195 581 5248 serario
597 5194 736 5262 laserpitii
751 5194 919 5262 pondoMl).
955 5196 987 5248 ld
1038 5202 1249 5270 significatione
1269 5214 1304 5252 ea
1323 5199 1436 5253 hortus:
1454 5199 1482 5250 in
1493 5199 1569 5252 barti
1587 5213 1665 5258 vero,
1687 5195 1840 5250 heredium·

183 5266 258 5335 apud
278 5272 408 5318 suctores
430 5265 567 5320 Graeciae
586 5264 813 5318 evidentissimos
835 5266 989 5319 invenimus
1039 5273 1128 5335 Quam
1140 5280 1199 5325 rem
1210 5271 1347 5323 comitata
1361 5275 1404 5323 est
1419 5274 1449 5322 et
1465 5270 1568 5337 religio
1580 5268 1727 5334 quaedam:
1750 5264 1843 5316 borto-

182 5343 279 5387 natum
288 5336 378 5388 imbre
389 5336 470 5400 picco
482 5343 595 5402 repente
604 5333 765 5387 madefacta
776 5334 892 5399 tellure,
912 5338 989 5390 circs
1039 5356 1092 5409 que
1101 5347 1131 5394 et
1141 5342 1205 5394 loeo
1220 5346 1330 5392 tantum
1350 5346 1448 5392 contra
1463 5338 1644 5392 inridentium
1657 5331 1845 5389 effascinatio-

181 5402 369 5472 Htflileridum
380 5402 478 5457 horim
489 5404 804 5466 Syrilmoutmimifl,
824 5411 929 5470 stlitem
941 5421 988 5458 sn·
1038 5427 1098 5474 ιιι,
1108 5412 1197 5465 dicari
1208 5409 1333 5461 ridemus
1343 5410 1374 5461 in
1385 5409 1508 5479 remedio
1518 5408 1644 5476 satyrica
1653 5407 1742 5471 signa,
1758 5415 1842 5470 qaan-

182 5477 226 5527 ιιι
245 5482 312 5528 ante
333 5473 466 5541 oppidum
736 5473 765 5519 ⁴
782 5474 923 5526 eonditum
945 5482 988 5528 est
1038 5473 1768 5548 quamhortostutelseVenerisassignantePlauto.
1781 5471 1841 5524 lana

183 5543 266 5597 Urbis
276 5549 392 5596 nostrae
407 5556 448 5593 ew
796 5558 834 5597 em
850 5544 926 5596 iliam
938 5560 989 5612 per
1039 5550 1150 5619 quidem
1172 5549 1318 5602 hortorum
1345 5549 1458 5603 nomine
1482 5546 1512 5599 ia
1536 5547 1596 5612 ipsa
1617 5542 1691 5596 Urbe
1717 5541 1842 5603 delicias,

182 5622 305 5681 wilm
319 5611 436 5667 winidi
876 5630 938 5670 rea
949 5616 987 5671 ln·
1037 5634 1124 5693 agros
1134 5657 1145 5688 ,
1164 5620 1305 5691 villasque
1326 5615 1481 5688 possident.
1515 5615 1625 5669 Primus
1646 5613 1701 5667 boc
1719 5613 1844 5667 instituit

1425 5702 1438 5729 ι
