4374 6014
358 329 421 392 aaa
498 324 533 388 c.
568 322 717 385 carnii
751 319 954 380 sacuam
986 317 1151 380 aaran
1188 278 1382 381 uisran'
1419 319 1502 379 nia.
1526 316 1642 378 xxia
1687 319 1778 384 cnr.
1800 324 1921 386 ii-es.

363 480 447 532 ciani:
469 474 509 529 tet
529 473 626 527 arietis
646 488 706 525 cuni
722 485 803 523 sero:
826 484 919 521 mares
940 468 1054 522 disserti
1076 467 1163 537 impu.

363 550 429 603 siti:
460 545 573 613 sanguis
594 541 730 594 mustelae
751 555 811 591 cum
827 539 990 606 plantagine
1009 540 1112 601 illitus,
1135 546 1163 591 et

364 619 443 673 rinae
456 615 616 667 combustae
628 612 697 663 einis
708 624 740 661 ei
754 616 846 671 aceto,
862 616 891 661 et
904 623 1028 671 rosacea,
1038 610 1061 659 si
1072 624 1163 676 peniia

365 687 513 746 illinatur,
538 681 583 733 rel
608 680 717 732 sicera
737 685 765 731 et
785 693 932 730 rosaceum
955 677 1162 730 admisceatur:

365 756 407 810 iel
426 753 566 812 caninam,
587 749 629 801 ita
649 764 684 801 ne
707 763 791 801 manu
811 749 982 815 attingatur,
1002 747 1051 800 sed
1072 762 1163 815 penna

365 821 613 877 illinaturiiimum
625 819 809 887 gallinarum:
830 818 964 872 vermium
987 823 1162 869 terrenarum

366 895 435 946 cinis
454 904 514 942 cum
537 889 628 952 melle,
649 889 691 941 ita
706 896 738 939 ut
753 888 841 940 tertio
862 887 1074 940 dissolvantur.
1109 886 1164 938 biii

366 977 400 1013 cii
420 974 494 1028 aqua
514 958 613 1010 illiniri
633 960 748 1011 malunt.
783 958 837 1009 Alii
859 958 936 1024 ipsos
958 964 1037 1009 aceto
1058 971 1165 1010 mensu·

365 1047 398 1084 ra
419 1044 481 1080 euni
504 1028 587 1080 melle
608 1027 718 1097 cyathis
734 1027 823 1079 tribus
843 1027 958 1093 pedibus
972 1038 1165 1080 antei-osacen

364 1097 517 1170 perunctis.
554 1097 692 1149 cochleae
711 1097 789 1149 lutae
811 1105 894 1164 patae
914 1096 1017 1148 tollere
1037 1095 1167 1147 dicuntur

365 1168 466 1240 pedum
479 1174 508 1221 et
519 1167 699 1218 articiiiorum
712 1166 833 1218 dolores.
869 1166 1009 1217 Bibuntur
1019 1172 1112 1217 autem
1124 1165 1166 1215 bi·

364 1254 418 1291 nae
430 1238 457 1288 ia
470 1239 533 1288 vino
549 1236 644 1289 tritae.
681 1235 800 1288 Eaedem
812 1235 956 1286 illinuntur
967 1250 1029 1286 cuin
1041 1233 1166 1287 helxines

365 1308 470 1361 herbae
480 1321 571 1358 succo.
609 1305 728 1368 Quidam
749 1321 783 1359 eii
795 1312 876 1357 aceto
887 1305 1029 1357 intrivisse
1042 1303 1166 1357 contenti

365 1384 439 1430 sunt.
476 1375 595 1441 Quidam
607 1374 667 1427 sale
686 1390 746 1428 eum
766 1375 862 1441 uipera
874 1381 998 1429 cremato
1009 1375 1037 1426 ia
1050 1373 1109 1426 olla
1120 1390 1167 1426 no·

365 1463 409 1509 ra,
419 1451 448 1497 et
459 1445 571 1512 saepius
580 1449 684 1506 sumto,
707 1444 785 1496 aiunt
797 1445 922 1514 podagra
933 1445 1056 1497 liberari.
1092 1444 1167 1495 Utile

366 1531 428 1571 esse
440 1521 468 1567 et
480 1514 563 1582 adipe
577 1515 704 1581 viperino
725 1514 811 1582 pedes
824 1514 948 1584 perungi.
983 1516 1022 1566 Et
1034 1513 1068 1566 de
1080 1514 1166 1566 milvo

366 1584 516 1644 affirmant,
524 1585 548 1634 si
560 1585 716 1635 inveterato
728 1584 861 1652 tritoque,
873 1591 1005 1652 quantum
1017 1590 1074 1637 tres
1086 1583 1167 1652 digiti

367 1654 489 1720 capiant,
511 1652 623 1705 bibatur
643 1669 675 1705 cx
697 1669 777 1721 aqua.
814 1659 869 1708 Aut
888 1654 913 1706 si
935 1653 1018 1722 pedes
1031 1656 1166 1721 sanguine

367 1738 429 1775 rum
451 1722 556 1774 urtica:
578 1722 623 1773 vel
637 1724 734 1789 pennis
751 1722 955 1791 palumbaram,
976 1725 1165 1791 cumprimum

368 1801 526 1853 nascentur,
547 1791 624 1844 tritis
646 1808 707 1844 cuni
717 1795 817 1846 urtica.
854 1794 925 1857 Quin
938 1800 966 1846 et
978 1794 1058 1845 durus
1069 1808 1165 1845 eorum

367 1861 551 1913 articulorum
574 1861 718 1913 doloribus
740 1863 871 1916 illinitur:
892 1866 958 1916 iterii
978 1864 1048 1915 ainis
1062 1869 1165 1914 muste-

366 1932 411 1982 luc
423 1938 471 1981 aut
482 1929 669 1992 cochlearum,
681 1939 780 1984 etcum
795 1932 898 2001 amylo,
920 1931 964 1984 rei
976 1930 1165 1999 tragacantha.

326 2044 329 2049 .
365 2000 495 2051 incussos
516 2000 759 2053 articulosaranei
780 2001 853 2054 telae
876 2001 1099 2053 commodissime
1121 2015 1166 2051 cu·

366 2073 439 2121 ruat.
477 2067 547 2120 Sunt
564 2070 612 2135 qui
630 2069 724 2122 cincre
735 2084 830 2121 earum
843 2069 882 2120 uti
895 2070 1002 2131 malint,
1025 2070 1096 2122 sicut
1109 2070 1166 2121 limi

366 2135 520 2189 columbini
531 2138 631 2199 cinere,
644 2152 704 2189 cum
716 2139 829 2204 polenta
839 2144 867 2191 ct
877 2140 942 2191 rino
954 2141 1028 2191 albo.
1057 2141 1165 2191 Articu-

366 2206 405 2257 lis
417 2206 520 2257 luintis
531 2215 763 2273 praesentaneum
776 2214 859 2260 estet
871 2222 966 2260 serum
979 2207 1094 2275 pecudis
1105 2223 1166 2260 cum

367 2276 460 2327 cinere
472 2290 487 2327 c
498 2275 602 2341 capilio
614 2275 771 2326 mulierum.
797 2275 981 2328 Pernianibus
993 2292 1104 2344 quaque
1116 2280 1166 2326 ini·

365 2347 586 2413 ponitursevurn
605 2345 742 2409 pecudum
754 2359 814 2396 curn
832 2344 968 2398 alumine:
990 2346 1081 2397 canini
1092 2346 1167 2411 capi·

365 2414 404 2465 tis
415 2413 495 2477 cinis,
507 2419 555 2465 aut
566 2412 624 2464 iiiiii
637 2413 749 2464 murini.
785 2413 866 2476 Quod
878 2415 902 2465 si
914 2429 983 2481 pura
994 2414 1059 2478 siut,
1075 2413 1168 2467 bulce-

365 2498 400 2536 ra
410 2497 475 2535 cera
486 2482 582 2534 addita
593 2481 628 2534 aii
641 2481 799 2534 cicatricem
811 2484 978 2550 perducunt:
999 2485 1043 2536 rei
1055 2484 1166 2569 glirium

366 2558 554 2605 crematorum
575 2550 674 2603 iarilla
694 2567 729 2604 ex
749 2552 826 2605 oieu:
847 2552 916 2605 item
938 2554 1026 2605 maris
1044 2553 1167 2606 silvatici

367 2637 430 2675 cum
444 2622 540 2674 iiieile:
560 2623 695 2673 vermium
716 2636 826 2691 quoque
844 2628 1018 2676 terrenorum
1031 2639 1092 2676 cum
1104 2625 1166 2676 oleo

180 2702 185 2723 ·
279 2721 291 2739 ,
366 2698 475 2745 uetere:
498 2690 1063 2759 etcochleae‚quaenudaeinveniuntur.
1100 2693 1168 2744 Hul-

369 2776 435 2815 cera
456 2763 549 2814 omnia
570 2763 670 2829 pedani
691 2768 771 2814 sanat
791 2762 860 2813 cinis
872 2777 981 2826 earum,
1002 2778 1071 2832 quae
1085 2762 1166 2815 rivae

366 2832 530 2884 combustae
541 2830 610 2883 aiat:
633 2831 691 2882 limi
702 2832 867 2899 gallinarum
884 2833 953 2883 cinis
965 2834 1167 2887 exhulceratio·

365 2915 425 2964 nes,
440 2900 591 2953 columbini
603 2901 659 2951 limi
671 2916 704 2952 ex
716 2902 789 2954 oleo.
824 2902 946 2955 Attritus
958 2904 1044 2955 etiam
1056 2904 1164 2955 calcea·

365 2975 536 3033 mentorum,
555 2971 658 3022 reteris
674 2971 768 3023 soleae
788 2978 927 3023 crematae
947 2972 1025 3034 cinis,
1047 2971 1166 3040 agninus

364 3040 497 3105 pulmuet
507 3039 604 3091 arietis
614 3046 703 3090 sanat.
741 3039 841 3092 Dentis
860 3041 991 3093 caballini
1002 3044 1111 3093 contusi
1124 3040 1165 3093 in·

364 3109 428 3158 rina
446 3108 575 3173 privatim
596 3109 756 3160 subluviem.
794 3109 932 3162 Lacertae
942 3110 1041 3161 riridis
1052 3111 1167 3179 sanguia

365 3177 512 3239 subtritus,
534 3182 563 3229 et
583 3174 724 3228 hominunr
747 3181 775 3229 et
787 3178 971 3230 iumentorum
982 3178 1067 3246 pedes
1078 3181 1165 3232 subli-

363 3253 411 3296 tus
423 3252 512 3298 sanat.
549 3243 650 3297 Clavus
667 3246 767 3313 pedum
787 3247 870 3299 urina
884 3247 953 3300 muli
965 3249 1091 3303 mulsere
1104 3265 1165 3302 cum

364 3314 427 3367 luto
440 3331 490 3367 suo
510 3313 602 3366 illita:
623 3316 716 3368 limum
730 3316 832 3368 orium.
869 3318 951 3370 lecur
961 3318 1084 3372 lacertae
1097 3321 1164 3372 riri·

365 3384 418 3446 dis,
435 3385 479 3437 rel
491 3385 603 3454 sanguis
615 3384 701 3439 dacco
712 3386 874 3454 impositus:
895 3404 1003 3440 uermes
1013 3389 1120 3443 terreni
1130 3405 1166 3444 ex

366 3454 445 3506 uleus
467 3455 605 3507 stellionis
617 3461 700 3522 caput
712 3471 772 3508 cum
785 3457 877 3508 viticis
890 3457 952 3525 pari
965 3460 1047 3511 modo
1066 3461 1164 3513 tritum

365 3537 400 3574 ex
423 3522 505 3574 aleo:
532 3524 624 3573 limum
646 3523 833 3578 columbinum
854 3525 999 3580 decoctum
1020 3544 1053 3582 ex
1076 3524 1164 3581 ace‘to.

362 3591 504 3642 verrucas
521 3605 588 3641 vero
609 3593 729 3644 (inanium
742 3608 874 3661 generum
890 3598 970 3648 urina
982 3599 1057 3651 canis
1068 3614 1165 3651 recens

365 3672 428 3710 curu
439 3672 491 3707 suo
501 3657 563 3707 latu
572 3657 660 3710 illita:
672 3663 728 3714 limi
737 3679 827 3714 canini
835 3680 972 3718 ciniscum
982 3683 1058 3719 cera:
1070 3669 1163 3719 linium

365 3725 473 3777 oviumr
494 3725 607 3791 sanguis
619 3741 715 3781 recens
726 3733 850 3783 murinus
861 3732 959 3797 illitus,
979 3737 1024 3788 vei
1035 3737 1094 3803 ipse
1105 3752 1164 3788 mus

364 3791 502 3846 divulsus:
524 3791 665 3848 herinacei
676 3797 727 3849 iel:
745 3809 829 3864 caput
840 3801 976 3865 lacertae,
984 3805 1028 3856 vel
1040 3807 1163 3873 sanguis,

362 3861 409 3915 rel
432 3861 502 3914 einis
531 3862 636 3915 totius:
665 3866 825 3920 membrana
845 3874 997 3922 senectutis
1017 3876 1162 3943 anguium:

363 3932 459 3985 iimam
472 3931 657 4001 gallinaceum
669 3950 730 3986 curn
741 3935 805 3988 oleo
818 3942 846 3989 et
857 3939 940 3990 nitro.
977 3941 1163 3996 cantharides

364 4018 428 4056 cum
448 4003 640 4056 uratamiuia
659 4004 773 4058 intritae
785 4004 918 4058 exedunt:
938 4008 987 4061 sed
1006 4012 1046 4064 ita
1067 4025 1162 4065 erosas

362 4073 436 4135 aliis,
457 4087 528 4140 quae
549 4072 584 4125 ad
605 4075 781 4141 persananda
801 4073 915 4129 bulcem
933 4082 1161 4147 monstravimus,

364 4141 484 4195 curario
506 4148 589 4196 artet.

398 4209 468 4265 xxi
497 4250 503 4265 .
522 4211 602 4265 Nune
611 4219 784 4267 revertemur
794 4214 830 4269 ad
842 4229 885 4279 ea,
901 4230 974 4285 quae
985 4216 1054 4270 totis
1065 4233 1162 4287 corpo·

360 4280 438 4334 ribus
450 4282 599 4335 metuenda
609 4290 684 4335 sunt.
720 4284 771 4336 Pei
782 4287 858 4337 canis
871 4284 944 4355 nigri
954 4284 1072 4340 masculi
1082 4303 1160 4340 amu·

360 4348 450 4401 letum
463 4366 524 4404 esse
535 4350 612 4419 Magi
623 4352 720 4405 dicunt
731 4352 828 4406 domus
840 4356 936 4418 totius,
947 4355 1057 4411 suffitae
1068 4373 1102 4411 eo
1114 4374 1162 4425 pu·

361 4416 529 4482 rlflcntaeve,
545 4428 643 4474 contra
655 4423 746 4476 omnia
757 4426 830 4476 mala
841 4425 1055 4480 medicamenta.
1090 4429 1160 4481 itera

361 4486 498 4568 sanguine
508 4490 584 4540 canis
595 4493 729 4558 respersis
742 4494 905 4559 parietibus,
915 4497 1089 4566 genitalique
1100 4499 1160 4550 eius

361 4555 414 4605 sub
435 4553 532 4608 limine
551 4557 651 4613 ianuae
672 4561 793 4614 defosso.
829 4563 923 4617 Minus
945 4568 1083 4620 mirentur
1098 4566 1159 4630 hoc,

269 4638 273 4645 ·
362 4620 511 4688 quisciunt
529 4623 723 4681 foedissimum
742 4632 903 4686 animalium
914 4634 944 4686 iii
955 4644 1088 4703 quantuni
1101 4652 1159 4689 nra·

360 4689 494 4770 gnidceut
505 4693 634 4758 ricinum,
654 4699 782 4765 quoniam
795 4705 841 4753 uni
856 4703 949 4754 nullus
960 4706 998 4756 sit
1012 4707 1104 4757 exitus
1114 4722 1158 4759 sa·

361 4770 456 4840 grase,
468 4776 519 4846 nec
531 4762 594 4815 linis
606 4766 663 4818 alia
673 4783 754 4836 quam
766 4777 866 4833 morte,
878 4772 982 4824 diutius
994 4774 1021 4825 iii
1033 4774 1107 4827 ianne
1117 4777 1158 4827 ri·

360 4832 445 4906 venti.
481 4829 610 4896 neptenis
631 4836 672 4887 ita
694 4838 791 4891 diebus
810 4839 1065 4896 durassetradunt:
1089 4845 1158 4896 utin

361 4900 493 4948 satietate
505 4902 681 4963 paucioribus
692 4906 843 4963 debiscere.
873 4911 956 4963 Hunc
965 4927 999 4963 ea
1011 4925 1078 4966 aure
1090 4913 1157 4965 sini·

359 4971 421 5015 stra
433 4966 510 5016 canis
522 4982 619 5022 omnes
631 4973 744 5029 dolores
756 4978 854 5032 sedare
865 4978 1060 5049 adalligatum.
1079 4982 1156 5034 Eun·

360 5032 424 5087 dein
442 5033 472 5085 ia
492 5037 610 5104 augurio
628 5041 755 5096 vitalium
767 5045 878 5100 babent.
915 5049 986 5103 Nam
999 5051 1022 5102 si
1033 5066 1120 5121 aeger
1132 5055 1157 5106 ei

358 5102 529 5185 respondeat
538 5106 585 5171 qui
594 5105 728 5176 intulerit,
738 5116 876 5182 apedibus
889 5121 976 5172 stanti
986 5120 1158 5191 interrogari·

357 5175 438 5294 tique
450 5173 485 5227 de
496 5175 605 5238 morbo,
616 5192 693 5245 spera
703 5184 779 5236 ritae
789 5194 894 5240 certam
906 5204 980 5243 esser
992 5192 1157 5244 morituram

358 5258 388 5293 ιιι
411 5243 431 5294 ii
443 5243 620 5312 respondere.
654 5248 804 5317 adiiciunt,
823 5264 856 5309 ut
876 5260 1015 5313 evellatur
1034 5277 1069 5313 ex
1090 5276 1158 5314 aure

357 5310 440 5364 laera
450 5314 535 5378 cauis,
546 5315 592 5366 ciii
606 5331 660 5368 nan
671 5318 709 5371 sit
720 5320 800 5384 alius,
811 5339 890 5390 quani
902 5327 984 5397 niger
994 5329 1081 5383 color.
1110 5330 1159 5384 Ni·

356 5380 450 5448 gidius
470 5382 567 5453 iugera
579 5392 640 5439 tota
651 5385 696 5440 die
710 5403 791 5441 canes
807 5405 986 5461 conspectum
998 5400 1066 5463 eius,
1083 5402 1158 5466 quie

354 5462 405 5503 sue
423 5451 450 5534 ld
461 5454 566 5508 animai
585 5456 724 5520 ereilerit,
743 5458 872 5528 scriptum
889 5465 1013 5533 reliquit.
1049 5470 1158 5521 liursus

355 5516 435 5602 iilagi
452 5525 577 5588 tradunt,
598 5524 759 5596 lymphatos
779 5531 924 5597 sanguinis
934 5534 1030 5600 talpae
1042 5552 1156 5605 aspersu

353 5600 409 5639 resi
412 5592 532 5655 piscaret
554 5609 603 5648 eos
612 5612 679 5653 vero
689 5598 737 5668 qui
747 5614 764 5652 a
775 5602 921 5654 nocturnis
932 5602 987 5656 diis
998 5604 1157 5676 Faunisque

1212 475 1363 541 agitentur,
1384 468 1512 523 draconis
1521 467 1627 537 lingua,
1647 470 2016 527 etoculisetiellcintesti·

1214 543 1312 610 nisque
1323 543 1351 594 ia
1361 542 1426 593 rino
1442 548 1472 593 et
1483 540 1547 591 aleo
1558 539 1689 601 decoctis,
1710 556 1743 593 ac
1753 542 1805 592 sub
1817 542 1864 593 dio
1876 552 1961 596 noctu
1975 560 2018 597 re·

1212 612 1375 680 frigeratis,
1395 614 1546 679 perunctos
1564 609 1709 661 matutinis
1728 612 1958 682 vespertinisque
1978 613 2016 667 ii·

1213 683 1315 735 bereri.

1249 749 1336 805 XXV.
1356 746 1590 803 Perfrictionibua
1604 746 1728 798 remedio
1740 762 1801 802 esse
1811 749 1900 801 tradit
1911 750 2016 803 Nican-

1215 821 1265 874 der
1275 818 1501 888 amphisbaenam
1509 822 1647 868 mortuam
1659 815 1848 884 adalligatam,
1858 818 1901 871 rel
1914 820 2017 886 pellem

1215 897 1324 943 tantum
1335 894 1403 942 eius.
1433 886 1507 949 Quin
1520 887 1605 938 immo
1616 884 1721 948 arbori,
1732 900 1802 952 quae
1813 888 1956 950 caedatur,
1969 889 2020 940 ad·

1216 960 1334 1029 alligata
1343 974 1399 1010 non
1410 956 1506 1024 algere
1517 956 1674 1013 caedentes,
1685 952 1851 1022 faciliusque
1861 958 2018 1010 succidere.

1216 1031 1312 1097 ltaque
1330 1030 1391 1081 sola
1402 1028 1572 1092 serpentium
1594 1023 1695 1093 frigori
1707 1039 1738 1075 se
1749 1026 1908 1087 committit,
1930 1030 2019 1093 prima

1216 1100 1338 1152 omnium
1348 1094 1512 1164 procedens,
1524 1101 1552 1146 et
1563 1099 1629 1147 ante
1640 1093 1730 1145 cuculi
1742 1101 1862 1147 rantum.
1882 1096 1961 1147 iiiiud
1973 1103 2018 1148 est

1215 1168 1316 1221 cuculo
1328 1166 1558 1231 miraculumque
1570 1164 1632 1231 quis
1642 1164 1705 1215 ioco
1716 1165 1911 1231 primuaudiat
1920 1166 2014 1218 alitem

1216 1240 1309 1300 iiiam,
1329 1239 1354 1289 si
1364 1236 1522 1302 desierpes
1533 1234 1793 1296 circumscribatur,
1814 1249 1848 1286 ac
1869 1237 2014 1303 restighim

1216 1309 1246 1361 id
1258 1306 1417 1368 effodiatur,
1423 1320 1476 1355 non
1487 1303 1567 1371 gigni
1574 1302 1689 1369 pulices,
1696 1303 1851 1370 ubicunque
1860 1312 2015 1373 spargatur.

1252 1376 1353 1431 XXVi.
1373 1365 1520 1443 Paralysin
1532 1372 1696 1424 carentibus
1717 1374 1833 1441 pinguia
1844 1373 1955 1443 glirium
1969 1374 2015 1427 de·

1217 1455 1359 1501 coctorum
1371 1452 1399 1496 et
1408 1446 1530 1496 soricum
1541 1442 1692 1494 utilissima
1708 1443 1823 1494 tradunt
1835 1458 1909 1496 esset
1929 1443 2015 1497 mille·

1217 1519 1311 1586 pedus,
1322 1524 1353 1567 ut
1363 1515 1393 1577 in
1403 1514 1512 1583 anginis
1524 1511 1656 1575 diximus,
1672 1518 1753 1581 potas
1763 1511 1885 1580 phthisin
1896 1514 2015 1566 sentien-

1215 1589 1305 1640 tibusi
1326 1586 1461 1640 lacertam
1480 1583 1598 1635 viridem
1620 1581 1763 1635 decoctam
1772 1583 1809 1653 ‚iii
1820 1584 1874 1633 nini
1887 1582 2014 1635 sextariis

1217 1660 1305 1712 tribus
1318 1657 1353 1709 ad
1364 1654 1494 1726 cyathum
1505 1667 1599 1714 uuum,
1609 1652 1728 1719 singuiis
1739 1651 1931 1705 cochlearibus
1943 1667 2015 1704 suni·

1217 1731 1254 1781 tia
1264 1743 1313 1797 per
1325 1726 1400 1788 dies,
1413 1725 1503 1775 donec
1514 1722 1715 1775 coniaiescant.
1750 1721 1930 1775 cochlearum
1942 1723 2014 1775 cine·

1216 1814 1274 1852 rein
1287 1804 1383 1864 poium
1394 1796 1423 1846 ia
1436 1794 1508 1844 sinu.

1253 1866 1366 1920 xxvii.
1386 1862 1584 1916 comitialibus
1603 1860 1707 1912 morbis
1719 1875 1787 1912 ties'
1808 1876 1852 1911 uni
1866 1876 1925 1911 cum
1936 1874 2013 1929 myr-

1217 1936 1284 1989 rhae
1296 1940 1444 1995 manicata,
1461 1940 1490 1984 et
1501 1931 1557 1982 vini
1570 1930 1680 1998 cyathis
1693 1931 1800 1982 duabus
1811 1949 1819 1980 i
1831 1931 1938 1989 ilatum,
1959 1946 2014 1982 aia.

1217 2004 1360 2073 guitudine
1371 2004 1448 2055 aucis
1461 2001 1615 2061 avellanae,
1632 1999 1770 2051 abaliueo
1783 2008 1889 2067 putum.
1922 2001 2015 2051 Testi-

1217 2076 1296 2127 culos
1307 2074 1445 2126 arietinos
1456 2072 1639 2131 inveteratos,
1656 2070 1793 2135 tritasque
1806 2069 1922 2122 dimidio
1932 2069 2015 2121 dena·

1217 2146 1250 2196 rii
1264 2143 1386 2211 pondere
1400 2143 1428 2193 in
1440 2156 1512 2211 aqua
1522 2140 1565 2192 vei
1580 2140 1659 2189 laetis
1671 2139 1771 2191 asinini
1784 2138 1901 2191 iiemina.
1930 2141 2016 2190 luter·

1218 2215 1322 2265 dicitur
1331 2213 1390 2263 viiii
1404 2218 1484 2279 putus
1495 2209 1587 2279 quinis
1599 2208 1696 2261 diebus
1707 2215 1772 2260 ante
1783 2218 1810 2260 et
1821 2215 1927 2274 pastea.
1956 2207 2016 2258 iiia·

1216 2283 1318 2348 gniiicc
1330 2281 1462 2332 laudatur
1472 2288 1501 2332 et
1512 2279 1625 2345 sanguis
1636 2277 1768 2343 pecudum
1780 2284 1875 2342 potus:
1896 2276 1965 2328 item
1978 2276 2017 2328 iel

1217 2367 1279 2403 cunr
1300 2349 1399 2412 melle,
1428 2350 1578 2416 praecipue
1598 2348 1735 2413 agninum.
1773 2344 1887 2397 catulus
1908 2345 2017 2397 lactens

1218 2428 1334 2482 sumtus,
1345 2420 1468 2472 abscisso
1481 2421 1571 2485 cupite
1584 2416 1758 2483 pedibusque,
1779 2428 1813 2465 ea
1824 2415 1887 2465 rino
1899 2420 1929 2466 et
1942 2428 2019 2481 myr-

1219 2489 1278 2543 rha.
1314 2489 1419 2542 Licbcn
1432 2488 1522 2539 mulae
1539 2494 1621 2555 potus
1638 2486 1665 2536 in
1677 2483 1831 2551 oxymelite
1841 2482 1953 2550 cyathis
1965 2484 2018 2536 tri·

1217 2561 1278 2612 bus.
1315 2560 1460 2613 Sieiliunis
1480 2556 1658 2611 mensurariai
1679 2554 1749 2607 cinis
1768 2559 1851 2619 putus
1870 2553 1900 2603 in
1924 2560 2015 2606 aceto.

1217 2628 1355 2683 Tunicuia
1365 2629 1517 2689 stellionis,
1539 2642 1619 2694 quani
1632 2624 1728 2678 endem
1742 2622 1839 2686 modo,
1861 2629 1892 2672 ut
1910 2624 2014 2691 anguis,

1217 2701 1304 2762 exuit,
1324 2708 1399 2768 pata.
1436 2697 1555 2761 Quidam
1577 2703 1605 2749 et
1620 2696 1708 2763 ipsum
1722 2691 1855 2746 arundine
1865 2698 2014 2744 erenwa-

1216 2775 1275 2822 tuni
1286 2770 1525 2834 inveteratumque
1536 2766 1687 2818 bibendum
1700 2764 1810 2816 dedere.
1846 2762 1901 2814 iiiii
1915 2762 1941 2812 iii
1953 2763 2013 2813 cibo

1216 2841 1245 2890 in
1256 2840 1358 2909 ligneis
1376 2837 1495 2889 verubus
1519 2836 1682 2887 inassatum.
1719 2831 1959 2900 operaepretium
1972 2838 2014 2882 est

1216 2909 1289 2962 scire
1300 2907 1439 2976 quomodo
1452 2906 1647 2972 praeripiatur,
1658 2918 1717 2956 cuni
1730 2902 1844 2954 exuitur
1854 2902 2013 2953 membrana

1216 2978 1338 3039 hiberna,
1359 2977 1430 3028 alius
1451 2974 1593 3025 decoranti
1607 2988 1676 3034 eum,
1698 2972 1827 3041 quoniam
1840 2971 1946 3021 nullam
1958 2970 2014 3022 ani·

1216 3048 1271 3101 arai
1294 3045 1499 3099 fraudulentius
1521 3042 1646 3093 inridere
1668 3040 1771 3092 bamini
1789 3040 1912 3091 traduat.
1947 3038 2013 3090 inde

1217 3118 1378 3170 stellionum
1400 3129 1496 3166 norica
1518 3113 1594 3163 aiunt
1606 3111 1633 3161 iri
1646 3110 1826 3162 maledictum
1839 3110 2012 3161 translatum.

1217 3188 1373 3239 Obseruant
1386 3184 1477 3236 cubile
1488 3182 1547 3235 eius
1559 3181 1723 3233 aestatibus.
1762 3182 1814 3231 Est
1826 3187 1919 3231 autern
1930 3180 1957 3229 in
1970 3177 2011 3229 iu·

1216 3255 1281 3308 ricis
1301 3257 1436 3307 ostiorum
1460 3251 1711 3318 fenestrarumque,
1733 3255 1782 3300 aut
1793 3249 1910 3301 cameris
1921 3246 2011 3315 sepul·

1217 3326 1318 3379 orisve:
1341 3324 1380 3377 ibi
1401 3338 1465 3376 vore
1485 3322 1635 3390 incipiente
1646 3319 1718 3371 iissis
1730 3319 1911 3371 arundinibus
1922 3324 2013 3371 textas

1216 3401 1358 3464 opponunt
1369 3408 1458 3456 casas,
1480 3407 1596 3460 quarum
1608 3389 1743 3459 angustiis
1760 3389 1844 3441 etiam
1894 3388 1968 3450 udet,
1979 3398 2013 3440 eo

1216 3464 1327 3518 facilius
1338 3479 1442 3516 exuens
1460 3462 1659 3513 circumdatum
1671 3467 1822 3526 torporem.
1879 3458 1912 3510 ed
1925 3473 1958 3511 eo
1969 3456 2014 3509 de·

1215 3535 1316 3588 relicta
1327 3548 1381 3589 non
1393 3538 1485 3600 potest
1496 3545 1629 3584 remeare.
1666 3527 1744 3583 Nihil
1756 3528 1783 3579 ei
1795 3527 1919 3580 remedio
1930 3530 1958 3577 iii
1971 3541 2013 3578 co·

1215 3605 1372 3657 initialibus
1385 3603 1489 3654 morbis
1501 3600 1669 3670 praefertur.
1699 3599 1814 3651 Prodest
1828 3602 1857 3648 et
1867 3596 2013 3647 cerebrum

1215 3674 1352 3726 mustelae
1365 3674 1551 3725 inveteratum
1565 3678 1722 3738 potumque,
1744 3674 1772 3719 et
1783 3668 1861 3716 iecur
1871 3666 1944 3716 eius:
1970 3671 2013 3717 te·

1214 3742 1320 3806 stiouli,
1342 3744 1503 3809 ruinaeque,
1521 3746 1570 3793 aut
1588 3735 1938 3792 ventriculusinreteratus
1950 3748 2013 3785 cum

1215 3810 1370 3873 coriandro,
1381 3816 1413 3861 ut
1424 3811 1560 3863 diunius:
1571 3812 1637 3863 item
1649 3807 1730 3859 ciuis:
1741 3803 1880 3855 siluestris
1894 3816 1961 3856 reru
1971 3809 2014 3855 to·

1213 3888 1244 3933 ta
1255 3881 1283 3932 in
1297 3881 1359 3932 cibo
1370 3887 1471 3931 sumta.
1500 3881 1605 3933 Eadem
1618 3877 1708 3929 anisio
1721 3872 1919 3942 praedicantur
1930 3887 1966 3924 ex
1977 3872 2012 3924 ii·

1213 3966 1303 4002 verra.
1325 3949 1445 4001 Lacerta
1455 3950 1554 4001 riridia
1566 3965 1626 4001 curii
1639 3943 1834 4003 condimentis,
1846 3956 1920 4009 quae
1932 3940 2012 3995 iasti-

1213 4018 1594 4088 diumabstergeaatabiatis
1606 4012 1861 4085 pedihusetcapite.
1882 4011 2013 4064 Cocbiea·

1213 4105 1274 4142 rum
1296 4088 1366 4142 cinis
1389 4089 1485 4142 addito
1505 4090 1609 4141 semine
1630 4088 1679 4138 lini
1701 4092 1730 4137 et
1740 4083 1846 4135 urticae
1857 4095 1918 4133 cum
1929 4079 2012 4132 melle

1213 4166 1298 4213 unctu
1319 4167 1410 4212 sanat.
1446 4159 1539 4228 Magis
1551 4157 1644 4225 piacet
1655 4154 1786 4207 draconis
1799 4151 1889 4204 cauda
1899 4151 1927 4201 in
1939 4149 2013 4218 pelle

1213 4229 1344 4280 dorcadis
1356 4229 1509 4295 adalligata
1519 4228 1639 4280 cervinis
1650 4226 1757 4277 acriis:
1768 4222 1812 4274 vel
1824 4221 1914 4287 lapilli
1925 4235 1939 4272 c
1950 4235 2013 4271 ren·

1213 4302 1257 4350 tre
1275 4296 1415 4364 paliurum
1436 4296 1611 4349 hirundinum
1633 4295 1749 4349 sinistro
1774 4293 1880 4344 lacerto
1902 4287 2012 4341 annexi.

1212 4365 1352 4418 Dicuntur
1367 4366 1438 4418 eninr
1459 4366 1572 4418 excluso
1593 4362 1670 4433 pulla
1683 4362 1808 4431 lapillum
1821 4358 1895 4412 dare.
1931 4356 2012 4422 Quod

1212 4436 1237 4487 si
1253 4435 1349 4503 pullus
1369 4439 1392 4487 is
1405 4434 1487 4487 detur
1499 4435 1644 4502 incipienti
1666 4435 1694 4485 in
1709 4434 1780 4493 cibo,
1802 4427 2012 4497 quamprimum

1212 4505 1361 4573 pepererit,
1382 4520 1442 4556 curn
1463 4503 1524 4573 quis
1561 4505 1659 4555 riniuar
1672 4501 1854 4564 tentatussii,
1877 4500 2014 4550 liberatur

1212 4591 1246 4627 eo
1259 4575 1341 4627 malo.
1378 4574 1480 4627 Postea
1492 4521 1620 4626 nabetur
1629 4572 1807 4624 birundinum
1827 4568 1940 4636 sanguis
1952 4582 2012 4619 cuin

1210 4642 1303 4708 thure,
1313 4643 1357 4696 vel
1369 4658 1417 4695 cor
1430 4659 1525 4696 recens
1538 4643 1710 4695 devoratum.
1734 4638 1811 4702 'Quin
1823 4644 1852 4688 et
1864 4652 1879 4688 e
1891 4637 1958 4689 nido
1968 4650 2014 4688 ea·

1210 4729 1272 4766 runi
1294 4714 1407 4780 lapillus
1430 4714 1577 4780 impositus
1598 4725 1727 4763 recreare
1740 4706 2011 4768 diciturconiestim,

1211 4790 1240 4836 et
1252 4784 1424 4851 adalligatus
1441 4784 1645 4848 inperpetuum
1669 4777 1750 4828 tucri.
1788 4771 1972 4854 Praedicator
1983 4783 2012 4827 ei

1209 4848 1290 4905 iecur
1301 4851 1563 4915 niiiridevoratum,
1585 4852 1751 4901 etsenectus
1761 4845 1939 4909 serpentium.
1971 4846 2012 4896 ie·

1211 4936 1261 4973 car
1280 4921 1402 4972 ruituris
1421 4920 1518 4971 tritum
1540 4933 1602 4970 cam
1624 4930 1674 4968 suo
1687 4912 1822 4981 sanguine
1834 4915 2013 4981 terseptcais

1210 4990 1309 5042 dicbus
1320 4994 1426 5056 potum.
1444 4991 1498 5041 Cor
1528 4988 1578 5040 ulli
1592 4984 1729 5038 vulturini
1740 4980 1934 5049 adalligatum.
1954 4981 2010 5035 Sed

1210 5061 1298 5127 ipsum
1311 5057 1446 5110 vulturem
1458 5059 1486 5109 iii
1523 5058 1559 5109 bo
1570 5056 1631 5108 dari
1643 5054 1748 5117 iubent,
1765 5052 1917 5119 etquidem
1929 5050 2013 5104 sotia-

1209 5136 1267 5181 tum
1280 5126 1401 5179 humano
1422 5126 1563 5179 cadavere.
1599 5124 1720 5189 Quidam
1734 5128 1831 5192 pectus
1843 5122 1903 5174 eius
1915 5123 2013 5174 biben-

1210 5199 1274 5251 dum
1286 5202 1408 5259 censent,
1429 5202 1458 5249 et
1469 5195 1497 5247 in
1509 5195 1617 5248 cerrino
1629 5194 1726 5247 calice.
1762 5195 1817 5245 Aut
1828 5198 1916 5245 testes
1928 5188 2011 5259 galii-

1210 5269 1288 5320 nacei
1301 5282 1336 5320 ex
1348 5281 1421 5335 aqua
1436 5273 1465 5318 et
1480 5267 1564 5329 lacte,
1575 5263 1758 5317 antecedente
1769 5261 1891 5330 quinque
1902 5261 2011 5312 dierum

1210 5336 1377 5390 abstinentia
1398 5335 1463 5399 rial,
1485 5335 1520 5387 ob
1542 5335 1571 5388 id
1592 5335 1773 5387 inveteratus.
1810 5331 1901 5383 Fuere
1923 5330 2013 5397 etqui

1209 5406 1309 5474 viginti
1320 5420 1400 5458 unam
1411 5421 1522 5459 muscas
1535 5404 1622 5467 ruins,
1643 5403 1796 5472 etquidem
1810 5406 1960 5461 eunomuas,
1982 5397 2012 5449 iii

1209 5482 1276 5545 putu
1290 5475 1396 5537 darent,
1408 5468 1609 5528 infirmioribus
1621 5475 1777 5542 pauciures.

1244 5544 1369 5597 xxviii.
1381 5546 1481 5597 Morbo
1493 5546 1570 5613 regio
1579 5545 1715 5597 resistunt
1726 5539 1823 5594 sardes
1833 5537 1950 5599 nudum,
1961 5541 2012 5588 sut

1210 5627 1390 5666 mammarum
1409 5614 1523 5684 pecudis
1542 5612 1650 5668 denarii
1671 5612 1794 5683 pondere
1806 5622 1867 5662 cuni
1880 5602 2012 5676 myrrhas
