<?xml version="1.0" encoding="UTF-8"?>
<!DOCTYPE html PUBLIC "-//W3C//DTD XHTML 1.0 Transitional//EN"
    "http://www.w3.org/TR/xhtml1/DTD/xhtml1-transitional.dtd">
<html xmlns="http://www.w3.org/1999/xhtml" xml:lang="en" lang="en">
 <head>
  <title>
</title>
<meta http-equiv="Content-Type" content="text/html;charset=utf-8" />
  <meta name='ocr-system' content='tesseract 3.04.00' />
  <meta name='ocr-capabilities' content='ocr_page ocr_carea ocr_par ocr_line ocrx_word'/>
</head>
<body>
  <div class='ocr_page' id='page_1' title='image "./historiaenatura00plingoog/historiaenatura00plingoog_0253.png"; bbox 0 0 4356 6014; ppageno 0'>
   <div class='ocr_carea' id='block_1_1' title="bbox 1569 38 1611 78">
    <p class='ocr_par' dir='ltr' id='par_1_1' title="bbox 1569 38 1611 78">
     <span class='ocr_line' id='line_1_1' title="bbox 1569 38 1611 78; baseline 0 0"><span class='ocrx_word' id='word_1_1' title='bbox 1569 38 1611 78; x_wconf 73' lang='lat' dir='ltr'><em>l</em></span> 
     </span>
    </p>
   </div>
   <div class='ocr_carea' id='block_1_2' title="bbox 349 272 1944 393">
    <p class='ocr_par' dir='ltr' id='par_1_2' title="bbox 349 272 1944 393">
     <span class='ocr_line' id='line_1_2' title="bbox 349 272 1944 393; baseline -0.004 -24"><span class='ocrx_word' id='word_1_2' title='bbox 349 310 412 393; x_wconf 72' lang='lat'><strong>242</strong></span> <span class='ocrx_word' id='word_1_3' title='bbox 465 272 515 368; x_wconf 44' lang='lat' dir='ltr'><strong>‘C.</strong></span> <span class='ocrx_word' id='word_1_4' title='bbox 551 306 702 367; x_wconf 81' lang='lat' dir='ltr'><strong>Pthll</strong></span> <span class='ocrx_word' id='word_1_5' title='bbox 736 302 944 364; x_wconf 83' lang='lat' dir='ltr'><strong>SECUNDl</strong></span> <span class='ocrx_word' id='word_1_6' title='bbox 979 301 1147 364; x_wconf 55' lang='lat' dir='ltr'><strong>NATUR:</strong></span> <span class='ocrx_word' id='word_1_7' title='bbox 1174 301 1358 363; x_wconf 66' lang='lat' dir='ltr'><strong>fllsroa.</strong></span> <span class='ocrx_word' id='word_1_8' title='bbox 1395 302 1479 363; x_wconf 87' lang='lat' dir='ltr'><strong>LlB.</strong></span> <span class='ocrx_word' id='word_1_9' title='bbox 1503 300 1603 363; x_wconf 81' lang='lat' dir='ltr'><strong>xlx.</strong></span> <span class='ocrx_word' id='word_1_10' title='bbox 1638 304 1732 364; x_wconf 79' lang='lat' dir='ltr'><strong>GAP.</strong></span> <span class='ocrx_word' id='word_1_11' title='bbox 1760 305 1880 367; x_wconf 64' lang='lat' dir='ltr'><strong>tuat.</strong></span> <span class='ocrx_word' id='word_1_12' title='bbox 1939 360 1944 363; x_wconf 71' lang='grc'>,</span> 
     </span>
    </p>
   </div>
   <div class='ocr_carea' id='block_1_3' title="bbox 351 446 1151 592">
    <p class='ocr_par' dir='ltr' id='par_1_3' title="bbox 351 446 1151 592">
     <span class='ocr_line' id='line_1_3' title="bbox 352 446 1151 529; baseline -0.006 -16"><span class='ocrx_word' id='word_1_13' title='bbox 352 465 451 529; x_wconf 82' lang='lat' dir='ltr'><strong>gratae</strong></span> <span class='ocrx_word' id='word_1_14' title='bbox 468 446 613 511; x_wconf 81' lang='lat' dir='ltr'><strong>stomacho</strong></span> <span class='ocrx_word' id='word_1_15' title='bbox 628 452 920 518; x_wconf 87' lang='lat' dir='ltr'><strong>fastidiumaui&#39;erunt,</strong></span> <span class='ocrx_word' id='word_1_16' title='bbox 941 454 1050 523; x_wconf 86' lang='lat' dir='ltr'><strong>cibique</strong></span> <span class='ocrx_word' id='word_1_17' title='bbox 1066 468 1151 523; x_wconf 82' lang='lat' dir='ltr'><strong>appe·</strong></span> 
     </span>
     <span class='ocr_line' id='line_1_4' title="bbox 351 525 1151 592; baseline -0.01 -10"><span class='ocrx_word' id='word_1_18' title='bbox 351 531 469 582; x_wconf 86' lang='lat' dir='ltr'><strong>tentiam</strong></span> <span class='ocrx_word' id='word_1_19' title='bbox 482 529 597 580; x_wconf 83' lang='lat' dir='ltr'><strong>facitmt.</strong></span> <span class='ocrx_word' id='word_1_20' title='bbox 633 526 719 575; x_wconf 89' lang='lat' dir='ltr'><strong>Diras</strong></span> <span class='ocrx_word' id='word_1_21' title='bbox 732 525 957 592; x_wconf 80' lang='lat' dir='ltr'><strong>certeriugustus</strong></span> <span class='ocrx_word' id='word_1_22' title='bbox 968 525 1079 578; x_wconf 83' lang='lat' dir='ltr'><strong>lactuca</strong></span> <span class='ocrx_word' id='word_1_23' title='bbox 1089 540 1151 577; x_wconf 83' lang='lat' dir='ltr'><strong>eon.</strong></span> 
     </span>
    </p>
   </div>
   <div class='ocr_carea' id='block_1_4' title="bbox 254 591 1154 661">
    <p class='ocr_par' dir='ltr' id='par_1_4' title="bbox 254 591 1154 661">
     <span class='ocr_line' id='line_1_5' title="bbox 254 591 1154 661; baseline -0.01 -6"><span class='ocrx_word' id='word_1_24' title='bbox 254 622 261 627; x_wconf 93' lang='lat'><strong>·</strong></span> <span class='ocrx_word' id='word_1_25' title='bbox 352 606 481 653; x_wconf 83' lang='lat' dir='ltr'><strong>serratus</strong></span> <span class='ocrx_word' id='word_1_26' title='bbox 492 599 521 649; x_wconf 91' lang='lat' dir='ltr'><strong>in</strong></span> <span class='ocrx_word' id='word_1_27' title='bbox 533 594 707 661; x_wconf 76' lang='lat' dir='ltr'>aegritudine</span> <span class='ocrx_word' id='word_1_28' title='bbox 722 591 811 643; x_wconf 77' lang='lat' dir='ltr'><strong>fertum</strong></span> <span class='ocrx_word' id='word_1_29' title='bbox 827 594 977 659; x_wconf 87' lang='lat' dir='ltr'><strong>prudentia</strong></span> <span class='ocrx_word' id='word_1_30' title='bbox 988 596 1087 646; x_wconf 85' lang='lat' dir='ltr'><strong>Musae</strong></span> <span class='ocrx_word' id='word_1_31' title='bbox 1097 609 1154 646; x_wconf 90' lang='lat' dir='ltr'><strong>me·</strong></span> 
     </span>
    </p>
   </div>
   <div class='ocr_carea' id='block_1_5' title="bbox 327 660 1153 5651">
    <p class='ocr_par' dir='ltr' id='par_1_5' title="bbox 350 660 1153 1217">
     <span class='ocr_line' id='line_1_6' title="bbox 353 660 1151 733; baseline -0.009 -11"><span class='ocrx_word' id='word_1_32' title='bbox 353 670 420 730; x_wconf 90' lang='lat' dir='ltr'><strong>dici,</strong></span> <span class='ocrx_word' id='word_1_33' title='bbox 432 685 492 720; x_wconf 90' lang='lat' dir='ltr'><strong>cam</strong></span> <span class='ocrx_word' id='word_1_34' title='bbox 505 665 605 733; x_wconf 85' lang='lat' dir='ltr'><strong>prioris</strong></span> <span class='ocrx_word' id='word_1_35' title='bbox 616 660 733 725; x_wconf 72' lang='lat' dir='ltr'><strong>Canrelii</strong></span> <span class='ocrx_word' id='word_1_36' title='bbox 743 660 845 730; x_wconf 86' lang='lat' dir='ltr'><strong>religio</strong></span> <span class='ocrx_word' id='word_1_37' title='bbox 857 663 942 715; x_wconf 91' lang='lat' dir='ltr'><strong>nimia</strong></span> <span class='ocrx_word' id='word_1_38' title='bbox 952 679 1012 715; x_wconf 86' lang='lat' dir='ltr'><strong>carn</strong></span> <span class='ocrx_word' id='word_1_39' title='bbox 1024 670 1151 732; x_wconf 86' lang='lat' dir='ltr'><strong>negaret:</strong></span> 
     </span>
     <span class='ocr_line' id='line_1_7' title="bbox 351 729 1152 796; baseline -0.009 -6"><span class='ocrx_word' id='word_1_40' title='bbox 351 739 381 790; x_wconf 91' lang='lat' dir='ltr'><strong>in</strong></span> <span class='ocrx_word' id='word_1_41' title='bbox 394 746 500 790; x_wconf 89' lang='lat' dir='ltr'><strong>tantum</strong></span> <span class='ocrx_word' id='word_1_42' title='bbox 512 736 623 796; x_wconf 87' lang='lat' dir='ltr'><strong>recepta</strong></span> <span class='ocrx_word' id='word_1_43' title='bbox 637 729 887 794; x_wconf 77' lang='lat' dir='ltr'><strong>commendatione,</strong></span> <span class='ocrx_word' id='word_1_44' title='bbox 909 740 941 783; x_wconf 92' lang='lat' dir='ltr'><strong>ut</strong></span> <span class='ocrx_word' id='word_1_45' title='bbox 951 735 1058 785; x_wconf 86' lang='lat' dir='ltr'><strong>serrari</strong></span> <span class='ocrx_word' id='word_1_46' title='bbox 1068 735 1152 787; x_wconf 89' lang='lat' dir='ltr'><strong>etiam</strong></span> 
     </span>
     <span class='ocr_line' id='line_1_8' title="bbox 352 800 1152 868; baseline -0.008 -7"><span class='ocrx_word' id='word_1_47' title='bbox 352 810 382 861; x_wconf 90' lang='lat' dir='ltr'><strong>in</strong></span> <span class='ocrx_word' id='word_1_48' title='bbox 394 807 501 859; x_wconf 89' lang='lat' dir='ltr'><strong>alienos</strong></span> <span class='ocrx_word' id='word_1_49' title='bbox 512 815 619 852; x_wconf 89' lang='lat' dir='ltr'><strong>menses</strong></span> <span class='ocrx_word' id='word_1_50' title='bbox 630 815 677 852; x_wconf 85' lang='lat' dir='ltr'><strong>cas</strong></span> <span class='ocrx_word' id='word_1_51' title='bbox 689 800 842 868; x_wconf 80' lang='lat' dir='ltr'>oxymelite</span> <span class='ocrx_word' id='word_1_52' title='bbox 853 811 991 868; x_wconf 89' lang='lat' dir='ltr'><strong>repertum</strong></span> <span class='ocrx_word' id='word_1_53' title='bbox 1001 803 1048 855; x_wconf 89' lang='lat' dir='ltr'><strong>sit.</strong></span> <span class='ocrx_word' id='word_1_54' title='bbox 1085 802 1152 856; x_wconf 86' lang='lat' dir='ltr'><strong>Sao·</strong></span> 
     </span>
     <span class='ocr_line' id='line_1_9' title="bbox 352 870 1151 945; baseline -0.004 -19"><span class='ocrx_word' id='word_1_55' title='bbox 352 878 462 945; x_wconf 82' lang='lat' dir='ltr'><strong>guinem</strong></span> <span class='ocrx_word' id='word_1_56' title='bbox 482 882 590 937; x_wconf 88' lang='lat' dir='ltr'><strong>quoque</strong></span> <span class='ocrx_word' id='word_1_57' title='bbox 611 883 715 937; x_wconf 89' lang='lat' dir='ltr'><strong>augere</strong></span> <span class='ocrx_word' id='word_1_58' title='bbox 733 870 892 923; x_wconf 88' lang='lat' dir='ltr'><strong>creduntur.</strong></span> <span class='ocrx_word' id='word_1_59' title='bbox 928 874 980 925; x_wconf 87' lang='lat' dir='ltr'><strong>Est</strong></span> <span class='ocrx_word' id='word_1_60' title='bbox 992 875 1151 935; x_wconf 80' lang='lat' dir='ltr'>etiamnum,</span> 
     </span>
     <span class='ocr_line' id='line_1_10' title="bbox 352 938 1153 1012; baseline -0.001 -17"><span class='ocrx_word' id='word_1_61' title='bbox 352 958 423 1012; x_wconf 89' lang='lat' dir='ltr'><strong>quae</strong></span> <span class='ocrx_word' id='word_1_62' title='bbox 434 946 550 992; x_wconf 78' lang='lat' dir='ltr'><strong>vocatur</strong></span> <span class='ocrx_word' id='word_1_63' title='bbox 560 938 676 1005; x_wconf 87' lang='lat' dir='ltr'><strong>caprina</strong></span> <span class='ocrx_word' id='word_1_64' title='bbox 696 939 815 1003; x_wconf 89' lang='lat' dir='ltr'><strong>lactuca,</strong></span> <span class='ocrx_word' id='word_1_65' title='bbox 837 941 871 993; x_wconf 92' lang='lat' dir='ltr'><strong>de</strong></span> <span class='ocrx_word' id='word_1_66' title='bbox 882 958 936 1009; x_wconf 90' lang='lat' dir='ltr'><strong>qua</strong></span> <span class='ocrx_word' id='word_1_67' title='bbox 946 942 1067 996; x_wconf 90' lang='lat' dir='ltr'><strong>dicemus</strong></span> <span class='ocrx_word' id='word_1_68' title='bbox 1079 944 1153 994; x_wconf 91' lang='lat' dir='ltr'><strong>inter</strong></span> 
     </span>
     <span class='ocr_line' id='line_1_11' title="bbox 351 1008 1152 1080; baseline -0.005 -14"><span class='ocrx_word' id='word_1_69' title='bbox 351 1012 481 1065; x_wconf 87' lang='lat' dir='ltr'><strong>medicas.</strong></span> <span class='ocrx_word' id='word_1_70' title='bbox 517 1008 554 1059; x_wconf 86' lang='lat' dir='ltr'><strong>Et</strong></span> <span class='ocrx_word' id='word_1_71' title='bbox 565 1023 629 1060; x_wconf 90' lang='lat' dir='ltr'><strong>ecee</strong></span> <span class='ocrx_word' id='word_1_72' title='bbox 641 1024 701 1060; x_wconf 83' lang='lat' dir='ltr'><strong>cunr</strong></span> <span class='ocrx_word' id='word_1_73' title='bbox 714 1011 836 1062; x_wconf 82' lang='lat' dir='ltr'><strong>maxime</strong></span> <span class='ocrx_word' id='word_1_74' title='bbox 846 1013 940 1078; x_wconf 91' lang='lat' dir='ltr'><strong>eoepit</strong></span> <span class='ocrx_word' id='word_1_75' title='bbox 950 1013 1073 1080; x_wconf 89' lang='lat' dir='ltr'><strong>irrepere</strong></span> <span class='ocrx_word' id='word_1_76' title='bbox 1084 1011 1152 1062; x_wconf 92' lang='lat' dir='ltr'><strong>sati·</strong></span> 
     </span>
     <span class='ocr_line' id='line_1_12' title="bbox 350 1076 1152 1147; baseline 0 -15"><span class='ocrx_word' id='word_1_77' title='bbox 350 1084 393 1134; x_wconf 85' lang='lat' dir='ltr'><strong>ris</strong></span> <span class='ocrx_word' id='word_1_78' title='bbox 410 1076 559 1133; x_wconf 76' lang='lat' dir='ltr'><strong>admodum</strong></span> <span class='ocrx_word' id='word_1_79' title='bbox 576 1079 707 1143; x_wconf 88' lang='lat' dir='ltr'><strong>probata,</strong></span> <span class='ocrx_word' id='word_1_80' title='bbox 727 1095 796 1147; x_wconf 89' lang='lat' dir='ltr'><strong>quae</strong></span> <span class='ocrx_word' id='word_1_81' title='bbox 815 1080 913 1133; x_wconf 84' lang='lat' dir='ltr'><strong>Cilicia</strong></span> <span class='ocrx_word' id='word_1_82' title='bbox 930 1089 1060 1144; x_wconf 88' lang='lat' dir='ltr'><strong>roeatur,</strong></span> <span class='ocrx_word' id='word_1_83' title='bbox 1080 1080 1152 1133; x_wconf 91' lang='lat' dir='ltr'><strong>folio</strong></span> 
     </span>
     <span class='ocr_line' id='line_1_13' title="bbox 350 1147 987 1217; baseline -0.002 -14"><span class='ocrx_word' id='word_1_84' title='bbox 350 1148 545 1217; x_wconf 76' lang='lat' dir='ltr'><strong>Cappadocae,</strong></span> <span class='ocrx_word' id='word_1_85' title='bbox 557 1147 612 1197; x_wconf 89' lang='lat' dir='ltr'><strong>nisi</strong></span> <span class='ocrx_word' id='word_1_86' title='bbox 624 1148 742 1213; x_wconf 88' lang='lat' dir='ltr'><strong>crispum</strong></span> <span class='ocrx_word' id='word_1_87' title='bbox 753 1149 892 1217; x_wconf 90' lang='lat' dir='ltr'><strong>latiasque</strong></span> <span class='ocrx_word' id='word_1_88' title='bbox 905 1159 987 1203; x_wconf 89' lang='lat' dir='ltr'><strong>essct.</strong></span> 
     </span>
    </p>

    <p class='ocr_par' dir='ltr' id='par_1_6' title="bbox 350 1215 1153 1771">
     <span class='ocr_line' id='line_1_14' title="bbox 384 1215 1153 1287; baseline -0.003 -16"><span class='ocrx_word' id='word_1_89' title='bbox 384 1217 513 1271; x_wconf 83' lang='lat' dir='ltr'><strong>xxxix.</strong></span> <span class='ocrx_word' id='word_1_90' title='bbox 533 1215 630 1283; x_wconf 91' lang='lat' dir='ltr'><strong>Neque</strong></span> <span class='ocrx_word' id='word_1_91' title='bbox 651 1232 686 1271; x_wconf 80' lang='lat' dir='ltr'><strong>ex</strong></span> <span class='ocrx_word' id='word_1_92' title='bbox 707 1218 807 1270; x_wconf 89' lang='lat' dir='ltr'><strong>eodem</strong></span> <span class='ocrx_word' id='word_1_93' title='bbox 829 1235 930 1286; x_wconf 88' lang='lat' dir='ltr'><strong>genere</strong></span> <span class='ocrx_word' id='word_1_94' title='bbox 952 1224 1068 1287; x_wconf 89' lang='lat' dir='ltr'><strong>possunt</strong></span> <span class='ocrx_word' id='word_1_95' title='bbox 1090 1218 1153 1280; x_wconf 86' lang='lat' dir='ltr'><strong>dici,</strong></span> 
     </span>
     <span class='ocr_line' id='line_1_15' title="bbox 350 1285 1152 1356; baseline -0.001 -15"><span class='ocrx_word' id='word_1_96' title='bbox 350 1303 439 1356; x_wconf 90' lang='lat' dir='ltr'><strong>neque</strong></span> <span class='ocrx_word' id='word_1_97' title='bbox 451 1302 486 1339; x_wconf 82' lang='lat' dir='ltr'><strong>ex</strong></span> <span class='ocrx_word' id='word_1_98' title='bbox 498 1286 555 1338; x_wconf 87' lang='lat' dir='ltr'><strong>alio</strong></span> <span class='ocrx_word' id='word_1_99' title='bbox 572 1287 673 1353; x_wconf 88' lang='lat' dir='ltr'><strong>intubi,</strong></span> <span class='ocrx_word' id='word_1_100' title='bbox 693 1285 794 1339; x_wconf 89' lang='lat' dir='ltr'><strong>hiemis</strong></span> <span class='ocrx_word' id='word_1_101' title='bbox 813 1290 1003 1355; x_wconf 87' lang='lat' dir='ltr'><strong>patientiores,</strong></span> <span class='ocrx_word' id='word_1_102' title='bbox 1023 1289 1152 1355; x_wconf 80' lang='lat' dir='ltr'><strong>risusque</strong></span> 
     </span>
     <span class='ocr_line' id='line_1_16' title="bbox 351 1350 1153 1427; baseline -0.002 -17"><span class='ocrx_word' id='word_1_103' title='bbox 351 1357 549 1427; x_wconf 69' lang='lat' dir='ltr'><strong>promerentes,</strong></span> <span class='ocrx_word' id='word_1_104' title='bbox 579 1358 627 1408; x_wconf 92' lang='lat' dir='ltr'><strong>sed</strong></span> <span class='ocrx_word' id='word_1_105' title='bbox 639 1356 718 1409; x_wconf 89' lang='lat' dir='ltr'><strong>caule</strong></span> <span class='ocrx_word' id='word_1_106' title='bbox 730 1372 784 1408; x_wconf 91' lang='lat' dir='ltr'><strong>non</strong></span> <span class='ocrx_word' id='word_1_107' title='bbox 797 1359 887 1408; x_wconf 86' lang='lat' dir='ltr'><strong>nrinus</strong></span> <span class='ocrx_word' id='word_1_108' title='bbox 899 1361 980 1425; x_wconf 87' lang='lat' dir='ltr'><strong>grati.</strong></span> <span class='ocrx_word' id='word_1_109' title='bbox 1017 1350 1153 1409; x_wconf 88' lang='lat' dir='ltr'><strong>Se&#39;runtur</strong></span> 
     </span>
     <span class='ocr_line' id='line_1_17' title="bbox 350 1424 1148 1495; baseline 0 -16"><span class='ocrx_word' id='word_1_110' title='bbox 350 1442 435 1480; x_wconf 84' lang='lat' dir='ltr'><strong>verno</strong></span> <span class='ocrx_word' id='word_1_111' title='bbox 456 1427 568 1495; x_wconf 87' lang='lat' dir='ltr'><strong>plantae</strong></span> <span class='ocrx_word' id='word_1_112' title='bbox 589 1441 700 1477; x_wconf 84' lang='lat' dir='ltr'><strong>eorum:</strong></span> <span class='ocrx_word' id='word_1_113' title='bbox 726 1426 826 1477; x_wconf 92' lang='lat' dir='ltr'><strong>ultimo</strong></span> <span class='ocrx_word' id='word_1_114' title='bbox 848 1443 913 1479; x_wconf 85' lang='lat' dir='ltr'><strong>vere</strong></span> <span class='ocrx_word' id='word_1_115' title='bbox 935 1424 1148 1480; x_wconf 74' lang='lat' dir='ltr'><strong>transforantur.</strong></span> 
     </span>
     <span class='ocr_line' id='line_1_18' title="bbox 350 1495 1151 1565; baseline -0.004 -15"><span class='ocrx_word' id='word_1_116' title='bbox 350 1499 437 1550; x_wconf 85' lang='lat' dir='ltr'><strong>Estct</strong></span> <span class='ocrx_word' id='word_1_117' title='bbox 445 1498 593 1549; x_wconf 89' lang='lat' dir='ltr'><strong>erraticum</strong></span> <span class='ocrx_word' id='word_1_118' title='bbox 605 1496 740 1558; x_wconf 88' lang='lat' dir='ltr'><strong>intubum,</strong></span> <span class='ocrx_word' id='word_1_119' title='bbox 748 1495 820 1562; x_wconf 92' lang='lat' dir='ltr'><strong>quod</strong></span> <span class='ocrx_word' id='word_1_120' title='bbox 832 1496 991 1565; x_wconf 68' lang='lat' dir='ltr'><strong>inaegypto</strong></span> <span class='ocrx_word' id='word_1_121' title='bbox 999 1497 1151 1548; x_wconf 81' lang='lat' dir='ltr'><strong>cichorium</strong></span> 
     </span>
     <span class='ocr_line' id='line_1_19' title="bbox 350 1564 1153 1634; baseline 0 -17"><span class='ocrx_word' id='word_1_122' title='bbox 350 1573 460 1627; x_wconf 78' lang='lat' dir='ltr'><strong>vocant,</strong></span> <span class='ocrx_word' id='word_1_123' title='bbox 480 1565 514 1616; x_wconf 91' lang='lat' dir='ltr'><strong>de</strong></span> <span class='ocrx_word' id='word_1_124' title='bbox 526 1580 580 1632; x_wconf 92' lang='lat' dir='ltr'><strong>quo</strong></span> <span class='ocrx_word' id='word_1_125' title='bbox 596 1565 676 1632; x_wconf 89' lang='lat' dir='ltr'><strong>plura</strong></span> <span class='ocrx_word' id='word_1_126' title='bbox 691 1564 772 1616; x_wconf 89' lang='lat' dir='ltr'><strong>alias.</strong></span> <span class='ocrx_word' id='word_1_127' title='bbox 808 1565 951 1618; x_wconf 87' lang='lat' dir='ltr'><strong>lnrentunr</strong></span> <span class='ocrx_word' id='word_1_128' title='bbox 969 1581 1064 1617; x_wconf 77' lang='lat' dir='ltr'><strong>oannes</strong></span> <span class='ocrx_word' id='word_1_129' title='bbox 1077 1564 1153 1634; x_wconf 79' lang='lat' dir='ltr'><strong>thyr-</strong></span> 
     </span>
     <span class='ocr_line' id='line_1_20' title="bbox 352 1634 1153 1701; baseline -0.001 -14"><span class='ocrx_word' id='word_1_130' title='bbox 352 1652 407 1698; x_wconf 89' lang='lat' dir='ltr'><strong>sos,</strong></span> <span class='ocrx_word' id='word_1_131' title='bbox 419 1635 463 1687; x_wconf 89' lang='lat' dir='ltr'><strong>vel</strong></span> <span class='ocrx_word' id='word_1_132' title='bbox 474 1635 544 1686; x_wconf 88' lang='lat' dir='ltr'><strong>folia</strong></span> <span class='ocrx_word' id='word_1_133' title='bbox 556 1634 738 1696; x_wconf 89' lang='lat' dir='ltr'><strong>lactucarum,</strong></span> <span class='ocrx_word' id='word_1_134' title='bbox 751 1647 904 1701; x_wconf 83' lang='lat' dir='ltr'><strong>prorogare</strong></span> <span class='ocrx_word' id='word_1_135' title='bbox 915 1636 1006 1689; x_wconf 84' lang='lat' dir='ltr'><strong>urceis</strong></span> <span class='ocrx_word' id='word_1_136' title='bbox 1018 1636 1153 1699; x_wconf 86' lang='lat' dir='ltr'><strong>conditos,</strong></span> 
     </span>
     <span class='ocr_line' id='line_1_21' title="bbox 351 1703 821 1771; baseline -0.004 -13"><span class='ocrx_word' id='word_1_137' title='bbox 351 1721 384 1758; x_wconf 87' lang='lat' dir='ltr'><strong>ac</strong></span> <span class='ocrx_word' id='word_1_138' title='bbox 396 1710 523 1756; x_wconf 88' lang='lat' dir='ltr'><strong>recentes</strong></span> <span class='ocrx_word' id='word_1_139' title='bbox 535 1704 564 1754; x_wconf 90' lang='lat' dir='ltr'><strong>in</strong></span> <span class='ocrx_word' id='word_1_140' title='bbox 577 1703 681 1771; x_wconf 88' lang='lat' dir='ltr'><strong>patinis</strong></span> <span class='ocrx_word' id='word_1_141' title='bbox 693 1718 821 1770; x_wconf 90' lang='lat' dir='ltr'><strong>coquere.</strong></span> 
     </span>
    </p>

    <p class='ocr_par' dir='ltr' id='par_1_7' title="bbox 349 1771 1152 2671">
     <span class='ocr_line' id='line_1_22' title="bbox 386 1771 1151 1843; baseline -0.001 -18"><span class='ocrx_word' id='word_1_142' title='bbox 386 1773 520 1825; x_wconf 89' lang='lat' dir='ltr'><strong>Seruntur</strong></span> <span class='ocrx_word' id='word_1_143' title='bbox 529 1771 655 1826; x_wconf 87' lang='lat' dir='ltr'><strong>lactucae</strong></span> <span class='ocrx_word' id='word_1_144' title='bbox 668 1788 740 1824; x_wconf 91' lang='lat' dir='ltr'><strong>anno</strong></span> <span class='ocrx_word' id='word_1_145' title='bbox 752 1780 814 1825; x_wconf 93' lang='lat' dir='ltr'><strong>toto</strong></span> <span class='ocrx_word' id='word_1_146' title='bbox 825 1774 909 1827; x_wconf 88' lang='lat' dir='ltr'><strong>laetis</strong></span> <span class='ocrx_word' id='word_1_147' title='bbox 921 1781 949 1827; x_wconf 91' lang='lat' dir='ltr'><strong>et</strong></span> <span class='ocrx_word' id='word_1_148' title='bbox 960 1775 1062 1843; x_wconf 81' lang='lat' dir='ltr'><strong>riguis,</strong></span> <span class='ocrx_word' id='word_1_149' title='bbox 1083 1776 1151 1825; x_wconf 82' lang='lat' dir='ltr'><strong>ster·</strong></span> 
     </span>
     <span class='ocr_line' id='line_1_23' title="bbox 351 1841 1152 1911; baseline 0 -16"><span class='ocrx_word' id='word_1_150' title='bbox 351 1844 519 1910; x_wconf 89' lang='lat' dir='ltr'><strong>curatisque,</strong></span> <span class='ocrx_word' id='word_1_151' title='bbox 529 1841 602 1893; x_wconf 88' lang='lat' dir='ltr'><strong>binis</strong></span> <span class='ocrx_word' id='word_1_152' title='bbox 614 1842 752 1894; x_wconf 89' lang='lat' dir='ltr'><strong>mensibus</strong></span> <span class='ocrx_word' id='word_1_153' title='bbox 762 1843 837 1895; x_wconf 90' lang='lat' dir='ltr'><strong>inter</strong></span> <span class='ocrx_word' id='word_1_154' title='bbox 847 1860 950 1910; x_wconf 80' lang='lat' dir='ltr'><strong>sennen,</strong></span> <span class='ocrx_word' id='word_1_155' title='bbox 965 1845 1152 1911; x_wconf 85' lang='lat' dir='ltr'><strong>plantamque,</strong></span> 
     </span>
     <span class='ocr_line' id='line_1_24' title="bbox 352 1911 1151 1981; baseline -0.003 -16"><span class='ocrx_word' id='word_1_156' title='bbox 352 1920 381 1965; x_wconf 91' lang='lat' dir='ltr'><strong>et</strong></span> <span class='ocrx_word' id='word_1_157' title='bbox 392 1915 592 1964; x_wconf 85' lang='lat' dir='ltr'><strong>maturitatem.</strong></span> <span class='ocrx_word' id='word_1_158' title='bbox 628 1911 796 1981; x_wconf 88' lang='lat' dir='ltr'><strong>Legitimum</strong></span> <span class='ocrx_word' id='word_1_159' title='bbox 809 1919 911 1977; x_wconf 76' lang='lat' dir='ltr'><strong>tanuen,</strong></span> <span class='ocrx_word' id='word_1_160' title='bbox 922 1914 1047 1966; x_wconf 86' lang='lat' dir='ltr'><strong>abruma</strong></span> <span class='ocrx_word' id='word_1_161' title='bbox 1059 1929 1151 1965; x_wconf 88' lang='lat' dir='ltr'><strong>semea</strong></span> 
     </span>
     <span class='ocr_line' id='line_1_25' title="bbox 354 1979 1151 2100; baseline 0.004 -68"><span class='ocrx_word' id='word_1_162' title='bbox 354 1983 457 2044; x_wconf 88' lang='lat' dir='ltr'><strong>iacere,</strong></span> <span class='ocrx_word' id='word_1_163' title='bbox 474 1982 598 2100; x_wconf 65' lang='lat' dir='ltr'><strong>qtantam</strong></span> <span class='ocrx_word' id='word_1_164' title='bbox 610 1979 734 2032; x_wconf 79' lang='lat' dir='ltr'><strong>Favonio</strong></span> <span class='ocrx_word' id='word_1_165' title='bbox 745 1981 909 2034; x_wconf 85' lang='lat' dir='ltr'><strong>transferre:</strong></span> <span class='ocrx_word' id='word_1_166' title='bbox 933 1990 982 2034; x_wconf 89' lang='lat' dir='ltr'><strong>aut</strong></span> <span class='ocrx_word' id='word_1_167' title='bbox 993 1998 1085 2034; x_wconf 87' lang='lat' dir='ltr'><strong>semen</strong></span> <span class='ocrx_word' id='word_1_168' title='bbox 1098 1983 1151 2035; x_wconf 81' lang='lat' dir='ltr'><strong>Fa·</strong></span> 
     </span>
     <span class='ocr_line' id='line_1_26' title="bbox 350 2051 1151 2117; baseline 0.004 -16"><span class='ocrx_word' id='word_1_169' title='bbox 350 2054 445 2114; x_wconf 79' lang='lat' dir='ltr'><strong>uonio,</strong></span> <span class='ocrx_word' id='word_1_170' title='bbox 465 2056 592 2116; x_wconf 84' lang='lat' dir='ltr'><strong>pastam</strong></span> <span class='ocrx_word' id='word_1_171' title='bbox 614 2051 789 2117; x_wconf 87' lang='lat' dir='ltr'><strong>aequinoctio</strong></span> <span class='ocrx_word' id='word_1_172' title='bbox 800 2066 895 2103; x_wconf 84' lang='lat' dir='ltr'><strong>verno.</strong></span> <span class='ocrx_word' id='word_1_173' title='bbox 930 2052 1017 2104; x_wconf 77' lang='lat' dir='ltr'><strong>Albae</strong></span> <span class='ocrx_word' id='word_1_174' title='bbox 1031 2054 1151 2104; x_wconf 80' lang='lat' dir='ltr'><strong>irrasirne</strong></span> 
     </span>
     <span class='ocr_line' id='line_1_27' title="bbox 350 2118 1151 2188; baseline 0 -16"><span class='ocrx_word' id='word_1_175' title='bbox 350 2120 471 2173; x_wconf 89' lang='lat' dir='ltr'><strong>hiemem</strong></span> <span class='ocrx_word' id='word_1_176' title='bbox 481 2119 616 2172; x_wconf 86' lang='lat' dir='ltr'><strong>tolerant.</strong></span> <span class='ocrx_word' id='word_1_177' title='bbox 627 2119 753 2170; x_wconf 90' lang='lat' dir='ltr'><strong>Humore</strong></span> <span class='ocrx_word' id='word_1_178' title='bbox 765 2120 859 2171; x_wconf 87' lang='lat' dir='ltr'><strong>omnia</strong></span> <span class='ocrx_word' id='word_1_179' title='bbox 868 2118 1010 2171; x_wconf 86' lang='lat' dir='ltr'><strong>hortensia</strong></span> <span class='ocrx_word' id='word_1_180' title='bbox 1019 2121 1151 2188; x_wconf 86' lang='lat' dir='ltr'><strong>gaudent,</strong></span> 
     </span>
     <span class='ocr_line' id='line_1_28' title="bbox 352 2188 1150 2258; baseline -0.001 -17"><span class='ocrx_word' id='word_1_181' title='bbox 352 2198 381 2242; x_wconf 90' lang='lat' dir='ltr'><strong>et</strong></span> <span class='ocrx_word' id='word_1_182' title='bbox 392 2196 516 2242; x_wconf 90' lang='lat' dir='ltr'><strong>stercore</strong></span> <span class='ocrx_word' id='word_1_183' title='bbox 528 2189 675 2255; x_wconf 87' lang='lat' dir='ltr'><strong>praecipue</strong></span> <span class='ocrx_word' id='word_1_184' title='bbox 687 2188 822 2250; x_wconf 82' lang='lat' dir='ltr'><strong>lactucae,</strong></span> <span class='ocrx_word' id='word_1_185' title='bbox 834 2196 862 2242; x_wconf 91' lang='lat' dir='ltr'><strong>et</strong></span> <span class='ocrx_word' id='word_1_186' title='bbox 873 2192 962 2258; x_wconf 89' lang='lat' dir='ltr'><strong>magis</strong></span> <span class='ocrx_word' id='word_1_187' title='bbox 972 2190 1070 2242; x_wconf 89' lang='lat' dir='ltr'><strong>intubi.</strong></span> <span class='ocrx_word' id='word_1_188' title='bbox 1091 2189 1150 2242; x_wconf 87' lang='lat' dir='ltr'><strong>Seri</strong></span> 
     </span>
     <span class='ocr_line' id='line_1_29' title="bbox 352 2256 1151 2325; baseline 0.001 -16"><span class='ocrx_word' id='word_1_189' title='bbox 352 2259 437 2310; x_wconf 88' lang='lat' dir='ltr'><strong>ctiam</strong></span> <span class='ocrx_word' id='word_1_190' title='bbox 455 2257 563 2309; x_wconf 89' lang='lat' dir='ltr'><strong>radices</strong></span> <span class='ocrx_word' id='word_1_191' title='bbox 585 2256 674 2308; x_wconf 91' lang='lat' dir='ltr'><strong>illitas</strong></span> <span class='ocrx_word' id='word_1_192' title='bbox 694 2257 760 2309; x_wconf 88' lang='lat' dir='ltr'><strong>iimo</strong></span> <span class='ocrx_word' id='word_1_193' title='bbox 778 2261 904 2321; x_wconf 88' lang='lat' dir='ltr'><strong>interest,</strong></span> <span class='ocrx_word' id='word_1_194' title='bbox 923 2266 951 2310; x_wconf 91' lang='lat' dir='ltr'><strong>et</strong></span> <span class='ocrx_word' id='word_1_195' title='bbox 962 2260 1063 2325; x_wconf 88' lang='lat' dir='ltr'><strong>repleri</strong></span> <span class='ocrx_word' id='word_1_196' title='bbox 1075 2260 1151 2312; x_wconf 87' lang='lat' dir='ltr'><strong>abla-</strong></span> 
     </span>
     <span class='ocr_line' id='line_1_30' title="bbox 352 2325 1150 2396; baseline 0.001 -18"><span class='ocrx_word' id='word_1_197' title='bbox 352 2335 454 2396; x_wconf 88' lang='lat' dir='ltr'><strong>queata</strong></span> <span class='ocrx_word' id='word_1_198' title='bbox 473 2325 566 2378; x_wconf 88' lang='lat' dir='ltr'><strong>humo.</strong></span> <span class='ocrx_word' id='word_1_199' title='bbox 604 2325 725 2387; x_wconf 80' lang='lat' dir='ltr'><strong>Quidam</strong></span> <span class='ocrx_word' id='word_1_200' title='bbox 746 2328 868 2381; x_wconf 87' lang='lat' dir='ltr'><strong>etaliter</strong></span> <span class='ocrx_word' id='word_1_201' title='bbox 880 2328 1088 2396; x_wconf 86' lang='lat' dir='ltr'><strong>amplitudinem</strong></span> <span class='ocrx_word' id='word_1_202' title='bbox 1102 2344 1150 2380; x_wconf 90' lang='lat' dir='ltr'><strong>au-</strong></span> 
     </span>
     <span class='ocr_line' id='line_1_31' title="bbox 349 2395 1152 2465; baseline 0.001 -15"><span class='ocrx_word' id='word_1_203' title='bbox 349 2404 431 2465; x_wconf 85' lang='lat' dir='ltr'><strong>gent:</strong></span> <span class='ocrx_word' id='word_1_204' title='bbox 450 2396 555 2457; x_wconf 90' lang='lat' dir='ltr'><strong>recisis,</strong></span> <span class='ocrx_word' id='word_1_205' title='bbox 568 2410 629 2446; x_wconf 90' lang='lat' dir='ltr'><strong>cum</strong></span> <span class='ocrx_word' id='word_1_206' title='bbox 642 2395 678 2447; x_wconf 93' lang='lat' dir='ltr'><strong>ad</strong></span> <span class='ocrx_word' id='word_1_207' title='bbox 691 2396 857 2463; x_wconf 75' lang='lat' dir='ltr'><strong>semipedum</strong></span> <span class='ocrx_word' id='word_1_208' title='bbox 870 2399 1053 2461; x_wconf 79' lang='lat' dir='ltr'><strong>excreverint,</strong></span> <span class='ocrx_word' id='word_1_209' title='bbox 1075 2399 1152 2450; x_wconf 83' lang='lat' dir='ltr'><strong>iiarrr·</strong></span> 
     </span>
     <span class='ocr_line' id='line_1_32' title="bbox 353 2462 1152 2535; baseline 0.004 -19"><span class='ocrx_word' id='word_1_210' title='bbox 353 2481 407 2535; x_wconf 91' lang='lat' dir='ltr'><strong>que</strong></span> <span class='ocrx_word' id='word_1_211' title='bbox 416 2466 500 2517; x_wconf 91' lang='lat' dir='ltr'><strong>suillo</strong></span> <span class='ocrx_word' id='word_1_212' title='bbox 512 2466 620 2517; x_wconf 90' lang='lat' dir='ltr'><strong>recenti</strong></span> <span class='ocrx_word' id='word_1_213' title='bbox 626 2462 719 2517; x_wconf 91' lang='lat' dir='ltr'><strong>illitis.</strong></span> <span class='ocrx_word' id='word_1_214' title='bbox 737 2465 891 2519; x_wconf 80' lang='lat' dir='ltr'><strong>candorem</strong></span> <span class='ocrx_word' id='word_1_215' title='bbox 901 2483 967 2519; x_wconf 81' lang='lat' dir='ltr'><strong>sero</strong></span> <span class='ocrx_word' id='word_1_216' title='bbox 979 2475 1078 2533; x_wconf 82' lang='lat' dir='ltr'><strong>puteat</strong></span> <span class='ocrx_word' id='word_1_217' title='bbox 1089 2483 1152 2519; x_wconf 91' lang='lat' dir='ltr'><strong>con·</strong></span> 
     </span>
     <span class='ocr_line' id='line_1_33' title="bbox 351 2531 1152 2601; baseline 0.004 -15"><span class='ocrx_word' id='word_1_218' title='bbox 351 2536 393 2586; x_wconf 90' lang='lat' dir='ltr'><strong>tin</strong></span> <span class='ocrx_word' id='word_1_219' title='bbox 416 2548 462 2587; x_wconf 89' lang='lat' dir='ltr'><strong>erc</strong></span> <span class='ocrx_word' id='word_1_220' title='bbox 472 2533 510 2584; x_wconf 89' lang='lat' dir='ltr'><strong>iis</strong></span> <span class='ocrx_word' id='word_1_221' title='bbox 521 2531 670 2584; x_wconf 84' lang='lat' dir='ltr'><strong>dumtaxat</strong></span> <span class='ocrx_word' id='word_1_222' title='bbox 680 2548 751 2601; x_wconf 88' lang='lat' dir='ltr'><strong>quae</strong></span> <span class='ocrx_word' id='word_1_223' title='bbox 762 2536 819 2586; x_wconf 89' lang='lat' dir='ltr'><strong>sint</strong></span> <span class='ocrx_word' id='word_1_224' title='bbox 829 2537 942 2587; x_wconf 90' lang='lat' dir='ltr'><strong>seminis</strong></span> <span class='ocrx_word' id='word_1_225' title='bbox 954 2537 1019 2597; x_wconf 89' lang='lat' dir='ltr'><strong>albi,</strong></span> <span class='ocrx_word' id='word_1_226' title='bbox 1031 2540 1054 2587; x_wconf 88' lang='lat' dir='ltr'><strong>si</strong></span> <span class='ocrx_word' id='word_1_227' title='bbox 1066 2553 1152 2589; x_wconf 89' lang='lat' dir='ltr'><strong>arena</strong></span> 
     </span>
     <span class='ocr_line' id='line_1_34' title="bbox 353 2550 1151 2671; baseline 0.003 -15"><span class='ocrx_word' id='word_1_228' title='bbox 353 2605 387 2656; x_wconf 88' lang='lat' dir='ltr'><strong>rle</strong></span> <span class='ocrx_word' id='word_1_229' title='bbox 395 2550 489 2656; x_wconf 52' lang='lat' dir='ltr'><strong>a{itere</strong></span> <span class='ocrx_word' id='word_1_230' title='bbox 501 2604 617 2669; x_wconf 87' lang='lat' dir='ltr'><strong>aprime</strong></span> <span class='ocrx_word' id='word_1_231' title='bbox 639 2602 808 2654; x_wconf 91' lang='lat' dir='ltr'><strong>incremento</strong></span> <span class='ocrx_word' id='word_1_232' title='bbox 820 2612 988 2671; x_wconf 84' lang='lat' dir='ltr'><strong>congeratur</strong></span> <span class='ocrx_word' id='word_1_233' title='bbox 998 2607 1025 2656; x_wconf 91' lang='lat' dir='ltr'><strong>in</strong></span> <span class='ocrx_word' id='word_1_234' title='bbox 1037 2608 1151 2669; x_wconf 77' lang='lat' dir='ltr'><strong>aiodian,</strong></span> 
     </span>
    </p>

    <p class='ocr_par' dir='ltr' id='par_1_8' title="bbox 336 2670 1149 2811">
     <span class='ocr_line' id='line_1_35' title="bbox 357 2670 1080 2742; baseline 0.001 -18"><span class='ocrx_word' id='word_1_235' title='bbox 357 2680 439 2740; x_wconf 87' lang='lat' dir='ltr'><strong>atque</strong></span> <span class='ocrx_word' id='word_1_236' title='bbox 449 2672 633 2724; x_wconf 83' lang='lat' dir='ltr'><strong>increscentia</strong></span> <span class='ocrx_word' id='word_1_237' title='bbox 642 2670 712 2723; x_wconf 81' lang='lat' dir='ltr'><strong>folia</strong></span> <span class='ocrx_word' id='word_1_238' title='bbox 723 2680 820 2725; x_wconf 85' lang='lat' dir='ltr'><strong>contra</strong></span> <span class='ocrx_word' id='word_1_239' title='bbox 829 2673 906 2739; x_wconf 90' lang='lat' dir='ltr'><strong>ipsas</strong></span> <span class='ocrx_word' id='word_1_240' title='bbox 917 2675 1080 2742; x_wconf 79' lang='lat' dir='ltr'><strong>religentur.</strong></span> 
     </span>
     <span class='ocr_line' id='line_1_36' title="bbox 336 2740 1149 2811; baseline 0.004 -19"><span class='ocrx_word' id='word_1_241' title='bbox 336 2797 341 2803; x_wconf 25' lang='lat'><strong>¹</strong></span> <span class='ocrx_word' id='word_1_242' title='bbox 387 2742 447 2792; x_wconf 79' lang='lat' dir='ltr'><strong>xi..</strong></span> <span class='ocrx_word' id='word_1_243' title='bbox 467 2740 538 2794; x_wconf 85' lang='lat' dir='ltr'><strong>Beta</strong></span> <span class='ocrx_word' id='word_1_244' title='bbox 549 2740 754 2794; x_wconf 80' lang='lat' dir='ltr'><strong>hortensiorum</strong></span> <span class='ocrx_word' id='word_1_245' title='bbox 767 2741 906 2794; x_wconf 80' lang='lat' dir='ltr'><strong>levissima</strong></span> <span class='ocrx_word' id='word_1_246' title='bbox 918 2750 969 2795; x_wconf 91' lang='lat' dir='ltr'><strong>est.</strong></span> <span class='ocrx_word' id='word_1_247' title='bbox 1006 2744 1073 2794; x_wconf 85' lang='lat' dir='ltr'><strong>Eius</strong></span> <span class='ocrx_word' id='word_1_248' title='bbox 1083 2758 1149 2811; x_wconf 89' lang='lat' dir='ltr'><strong>quo-</strong></span> 
     </span>
    </p>

    <p class='ocr_par' dir='ltr' id='par_1_9' title="bbox 346 2810 1150 4193">
     <span class='ocr_line' id='line_1_37' title="bbox 352 2810 1150 2880; baseline 0.003 -19"><span class='ocrx_word' id='word_1_249' title='bbox 352 2827 405 2880; x_wconf 90' lang='lat' dir='ltr'><strong>quc</strong></span> <span class='ocrx_word' id='word_1_250' title='bbox 417 2826 434 2862; x_wconf 86' lang='lat' dir='ltr'><strong>a</strong></span> <span class='ocrx_word' id='word_1_251' title='bbox 445 2811 539 2863; x_wconf 89' lang='lat' dir='ltr'><strong>colore</strong></span> <span class='ocrx_word' id='word_1_252' title='bbox 551 2810 606 2862; x_wconf 85' lang='lat' dir='ltr'><strong>duo</strong></span> <span class='ocrx_word' id='word_1_253' title='bbox 617 2825 721 2879; x_wconf 90' lang='lat' dir='ltr'><strong>genera</strong></span> <span class='ocrx_word' id='word_1_254' title='bbox 733 2810 833 2863; x_wconf 85' lang='lat' dir='ltr'><strong>Graeci</strong></span> <span class='ocrx_word' id='word_1_255' title='bbox 849 2811 964 2873; x_wconf 85' lang='lat' dir='ltr'><strong>faciunt,</strong></span> <span class='ocrx_word' id='word_1_256' title='bbox 983 2815 1103 2880; x_wconf 84' lang='lat' dir='ltr'><strong>nigrum,</strong></span> <span class='ocrx_word' id='word_1_257' title='bbox 1122 2820 1150 2865; x_wconf 93' lang='lat' dir='ltr'><strong>ct</strong></span> 
     </span>
     <span class='ocr_line' id='line_1_38' title="bbox 352 2879 1150 2947; baseline -0.004 -14"><span class='ocrx_word' id='word_1_258' title='bbox 352 2880 504 2944; x_wconf 79' lang='lat' dir='ltr'><strong>candidius,</strong></span> <span class='ocrx_word' id='word_1_259' title='bbox 526 2879 599 2946; x_wconf 91' lang='lat' dir='ltr'><strong>quod</strong></span> <span class='ocrx_word' id='word_1_260' title='bbox 611 2880 780 2946; x_wconf 84' lang='lat' dir='ltr'><strong>praeferunt,</strong></span> <span class='ocrx_word' id='word_1_261' title='bbox 792 2881 946 2947; x_wconf 81' lang='lat' dir='ltr'><strong>parcissimi</strong></span> <span class='ocrx_word' id='word_1_262' title='bbox 956 2883 1083 2935; x_wconf 86' lang='lat' dir='ltr'><strong>seminis:</strong></span> <span class='ocrx_word' id='word_1_263' title='bbox 1105 2897 1150 2947; x_wconf 86' lang='lat' dir='ltr'><strong>ap-</strong></span> 
     </span>
     <span class='ocr_line' id='line_1_39' title="bbox 359 2948 1150 3017; baseline 0.008 -20"><span class='ocrx_word' id='word_1_264' title='bbox 359 2950 512 3017; x_wconf 83' lang='lat' dir='ltr'><strong>rellantque</strong></span> <span class='ocrx_word' id='word_1_265' title='bbox 524 2948 658 3010; x_wconf 89' lang='lat' dir='ltr'><strong>Siculum,</strong></span> <span class='ocrx_word' id='word_1_266' title='bbox 678 2948 806 3000; x_wconf 88' lang='lat' dir='ltr'><strong>candoris</strong></span> <span class='ocrx_word' id='word_1_267' title='bbox 822 2966 891 3002; x_wconf 91' lang='lat' dir='ltr'><strong>sane</strong></span> <span class='ocrx_word' id='word_1_268' title='bbox 904 2951 1063 3002; x_wconf 88' lang='lat' dir='ltr'><strong>discrimine</strong></span> <span class='ocrx_word' id='word_1_269' title='bbox 1074 2964 1150 3017; x_wconf 89' lang='lat' dir='ltr'><strong>prac-</strong></span> 
     </span>
     <span class='ocr_line' id='line_1_40' title="bbox 348 2964 1149 3086; baseline 0 -17"><span class='ocrx_word' id='word_1_270' title='bbox 348 2964 474 3071; x_wconf 55' lang='lat' dir='ltr'><strong>icrentes</strong></span> <span class='ocrx_word' id='word_1_271' title='bbox 496 3022 524 3068; x_wconf 92' lang='lat' dir='ltr'><strong>et</strong></span> <span class='ocrx_word' id='word_1_272' title='bbox 541 3015 689 3083; x_wconf 62' lang='lat' dir='ltr'><strong>lactucam</strong></span> <span class='ocrx_word' id='word_1_273' title='bbox 725 3015 821 3067; x_wconf 87' lang='lat' dir='ltr'><strong>Nostri</strong></span> <span class='ocrx_word' id='word_1_274' title='bbox 834 3021 914 3069; x_wconf 87' lang='lat' dir='ltr'><strong>hetae</strong></span> <span class='ocrx_word' id='word_1_275' title='bbox 925 3019 1149 3086; x_wconf 86' lang='lat' dir='ltr'><strong>generaiaciuat,</strong></span> 
     </span>
     <span class='ocr_line' id='line_1_41' title="bbox 349 3084 1149 3156; baseline 0.006 -23"><span class='ocrx_word' id='word_1_276' title='bbox 349 3101 464 3138; x_wconf 81' lang='lat' dir='ltr'><strong>vernum</strong></span> <span class='ocrx_word' id='word_1_277' title='bbox 477 3092 505 3135; x_wconf 89' lang='lat' dir='ltr'><strong>et</strong></span> <span class='ocrx_word' id='word_1_278' title='bbox 516 3084 706 3147; x_wconf 64' lang='lat' dir='ltr'><strong>autumnalem</strong></span> <span class='ocrx_word' id='word_1_279' title='bbox 718 3086 887 3152; x_wconf 88' lang='lat' dir='ltr'><strong>temporibus</strong></span> <span class='ocrx_word' id='word_1_280' title='bbox 900 3098 986 3151; x_wconf 89' lang='lat' dir='ltr'><strong>satus,</strong></span> <span class='ocrx_word' id='word_1_281' title='bbox 994 3105 1149 3156; x_wconf 90' lang='lat' dir='ltr'><strong>quanquam</strong></span> 
     </span>
     <span class='ocr_line' id='line_1_42' title="bbox 352 3153 1149 3223; baseline 0.005 -17"><span class='ocrx_word' id='word_1_282' title='bbox 352 3161 381 3206; x_wconf 90' lang='lat' dir='ltr'><strong>et</strong></span> <span class='ocrx_word' id='word_1_283' title='bbox 392 3153 470 3205; x_wconf 89' lang='lat' dir='ltr'><strong>lunio</strong></span> <span class='ocrx_word' id='word_1_284' title='bbox 483 3153 594 3205; x_wconf 89' lang='lat' dir='ltr'><strong>seritur.</strong></span> <span class='ocrx_word' id='word_1_285' title='bbox 614 3153 834 3207; x_wconf 78' lang='lat' dir='ltr'><strong>Transieruntur</strong></span> <span class='ocrx_word' id='word_1_286' title='bbox 845 3163 937 3209; x_wconf 87' lang='lat' dir='ltr'><strong>autem</strong></span> <span class='ocrx_word' id='word_1_287' title='bbox 951 3158 980 3207; x_wconf 90' lang='lat' dir='ltr'><strong>in</strong></span> <span class='ocrx_word' id='word_1_288' title='bbox 991 3159 1087 3223; x_wconf 86' lang='lat' dir='ltr'><strong>planta</strong></span> <span class='ocrx_word' id='word_1_289' title='bbox 1098 3156 1149 3210; x_wconf 87' lang='lat' dir='ltr'><strong>hae</strong></span> 
     </span>
     <span class='ocr_line' id='line_1_43' title="bbox 351 3221 1148 3294; baseline 0.005 -22"><span class='ocrx_word' id='word_1_290' title='bbox 351 3237 472 3291; x_wconf 86' lang='lat' dir='ltr'><strong>quoque,</strong></span> <span class='ocrx_word' id='word_1_291' title='bbox 485 3228 513 3273; x_wconf 92' lang='lat' dir='ltr'><strong>et</strong></span> <span class='ocrx_word' id='word_1_292' title='bbox 526 3221 616 3273; x_wconf 92' lang='lat' dir='ltr'><strong>oblini</strong></span> <span class='ocrx_word' id='word_1_293' title='bbox 627 3224 691 3274; x_wconf 89' lang='lat' dir='ltr'><strong>iimo</strong></span> <span class='ocrx_word' id='word_1_294' title='bbox 704 3224 813 3277; x_wconf 85' lang='lat' dir='ltr'><strong>radices</strong></span> <span class='ocrx_word' id='word_1_295' title='bbox 825 3241 898 3289; x_wconf 91' lang='lat' dir='ltr'><strong>suas,</strong></span> <span class='ocrx_word' id='word_1_296' title='bbox 915 3227 1060 3294; x_wconf 91' lang='lat' dir='ltr'><strong>locumque</strong></span> <span class='ocrx_word' id='word_1_297' title='bbox 1071 3228 1148 3277; x_wconf 85' lang='lat' dir='ltr'><strong>sinri-</strong></span> 
     </span>
     <span class='ocr_line' id='line_1_44' title="bbox 350 3290 1149 3348; baseline 0.004 -4"><span class='ocrx_word' id='word_1_298' title='bbox 350 3292 419 3345; x_wconf 88' lang='lat' dir='ltr'><strong>liter</strong></span> <span class='ocrx_word' id='word_1_299' title='bbox 429 3290 570 3344; x_wconf 88' lang='lat' dir='ltr'><strong>madidum</strong></span> <span class='ocrx_word' id='word_1_300' title='bbox 582 3298 684 3344; x_wconf 89' lang='lat' dir='ltr'><strong>amant.</strong></span> <span class='ocrx_word' id='word_1_301' title='bbox 722 3293 792 3344; x_wconf 89' lang='lat' dir='ltr'><strong>Usus</strong></span> <span class='ocrx_word' id='word_1_302' title='bbox 809 3295 845 3346; x_wconf 88' lang='lat' dir='ltr'><strong>iis</strong></span> <span class='ocrx_word' id='word_1_303' title='bbox 867 3302 967 3347; x_wconf 89' lang='lat' dir='ltr'><strong>etcum</strong></span> <span class='ocrx_word' id='word_1_304' title='bbox 980 3298 1054 3348; x_wconf 83' lang='lat' dir='ltr'><strong>lerrte</strong></span> <span class='ocrx_word' id='word_1_305' title='bbox 1066 3312 1099 3348; x_wconf 90' lang='lat' dir='ltr'><strong>ae</strong></span> <span class='ocrx_word' id='word_1_306' title='bbox 1109 3297 1149 3347; x_wconf 87' lang='lat' dir='ltr'><strong>fa·</strong></span> 
     </span>
     <span class='ocr_line' id='line_1_45' title="bbox 349 3360 1148 3430; baseline 0.005 -18"><span class='ocrx_word' id='word_1_307' title='bbox 349 3360 395 3424; x_wconf 86' lang='lat' dir='ltr'><strong>ba,</strong></span> <span class='ocrx_word' id='word_1_308' title='bbox 407 3360 536 3428; x_wconf 87' lang='lat' dir='ltr'><strong>idemque</strong></span> <span class='ocrx_word' id='word_1_309' title='bbox 548 3362 594 3428; x_wconf 90' lang='lat' dir='ltr'><strong>qui</strong></span> <span class='ocrx_word' id='word_1_310' title='bbox 607 3362 704 3415; x_wconf 89' lang='lat' dir='ltr'><strong>oleris:</strong></span> <span class='ocrx_word' id='word_1_311' title='bbox 717 3369 746 3415; x_wconf 91' lang='lat' dir='ltr'><strong>et</strong></span> <span class='ocrx_word' id='word_1_312' title='bbox 756 3364 932 3430; x_wconf 88' lang='lat' dir='ltr'><strong>praecipuus,</strong></span> <span class='ocrx_word' id='word_1_313' title='bbox 949 3370 980 3415; x_wconf 93' lang='lat' dir='ltr'><strong>ut</strong></span> <span class='ocrx_word' id='word_1_314' title='bbox 991 3366 1092 3418; x_wconf 87' lang='lat' dir='ltr'><strong>lenitas</strong></span> <span class='ocrx_word' id='word_1_315' title='bbox 1104 3380 1148 3416; x_wconf 85' lang='lat' dir='ltr'><strong>ex·</strong></span> 
     </span>
     <span class='ocr_line' id='line_1_46' title="bbox 351 3430 1147 3502; baseline 0.005 -20"><span class='ocrx_word' id='word_1_316' title='bbox 351 3431 453 3483; x_wconf 90' lang='lat' dir='ltr'><strong>citetur</strong></span> <span class='ocrx_word' id='word_1_317' title='bbox 461 3430 731 3499; x_wconf 88' lang='lat' dir='ltr'><strong>acrirnoniasinapis.</strong></span> <span class='ocrx_word' id='word_1_318' title='bbox 749 3433 1147 3502; x_wconf 86' lang='lat' dir='ltr'><strong>Medicinocentiorcur,quam</strong></span> 
     </span>
     <span class='ocr_line' id='line_1_47' title="bbox 351 3499 1148 3571; baseline 0.004 -19"><span class='ocrx_word' id='word_1_319' title='bbox 351 3502 422 3563; x_wconf 91' lang='lat' dir='ltr'><strong>olus,</strong></span> <span class='ocrx_word' id='word_1_320' title='bbox 442 3515 502 3551; x_wconf 89' lang='lat' dir='ltr'><strong>esse</strong></span> <span class='ocrx_word' id='word_1_321' title='bbox 518 3499 684 3552; x_wconf 77' lang='lat' dir='ltr'><strong>iudicavere.</strong></span> <span class='ocrx_word' id='word_1_322' title='bbox 722 3499 907 3562; x_wconf 82' lang='lat' dir='ltr'><strong>Quamobrem</strong></span> <span class='ocrx_word' id='word_1_323' title='bbox 930 3505 1073 3571; x_wconf 88' lang='lat' dir='ltr'><strong>appositas</strong></span> <span class='ocrx_word' id='word_1_324' title='bbox 1094 3520 1148 3556; x_wconf 77' lang='lat' dir='ltr'><strong>raon</strong></span> 
     </span>
     <span class='ocr_line' id='line_1_48' title="bbox 348 3567 1148 3642; baseline 0.004 -21"><span class='ocrx_word' id='word_1_325' title='bbox 348 3569 476 3621; x_wconf 85' lang='lat' dir='ltr'><strong>mcorini:</strong></span> <span class='ocrx_word' id='word_1_326' title='bbox 498 3567 647 3633; x_wconf 83' lang='lat' dir='ltr'><strong>degustare</strong></span> <span class='ocrx_word' id='word_1_327' title='bbox 663 3569 747 3620; x_wconf 88' lang='lat' dir='ltr'><strong>etiam</strong></span> <span class='ocrx_word' id='word_1_328' title='bbox 763 3572 864 3641; x_wconf 86' lang='lat' dir='ltr'><strong>religio</strong></span> <span class='ocrx_word' id='word_1_329' title='bbox 878 3579 928 3635; x_wconf 90' lang='lat' dir='ltr'><strong>est,</strong></span> <span class='ocrx_word' id='word_1_330' title='bbox 945 3580 978 3624; x_wconf 92' lang='lat' dir='ltr'><strong>ut</strong></span> <span class='ocrx_word' id='word_1_331' title='bbox 988 3574 1087 3625; x_wconf 82' lang='lat' dir='ltr'><strong>validis</strong></span> <span class='ocrx_word' id='word_1_332' title='bbox 1099 3590 1148 3642; x_wconf 80' lang='lat' dir='ltr'><strong>prr·</strong></span> 
     </span>
     <span class='ocr_line' id='line_1_49' title="bbox 348 3637 1149 3705; baseline 0.005 -16"><span class='ocrx_word' id='word_1_333' title='bbox 348 3639 445 3690; x_wconf 89' lang='lat' dir='ltr'><strong>tiusin</strong></span> <span class='ocrx_word' id='word_1_334' title='bbox 457 3637 593 3688; x_wconf 88' lang='lat' dir='ltr'><strong>cibosint.</strong></span> <span class='ocrx_word' id='word_1_335' title='bbox 630 3637 749 3690; x_wconf 84' lang='lat' dir='ltr'><strong>Gemina</strong></span> <span class='ocrx_word' id='word_1_336' title='bbox 769 3641 930 3703; x_wconf 88' lang='lat' dir='ltr'><strong>iisnatora,</strong></span> <span class='ocrx_word' id='word_1_337' title='bbox 951 3649 980 3693; x_wconf 88' lang='lat' dir='ltr'><strong>et</strong></span> <span class='ocrx_word' id='word_1_338' title='bbox 999 3643 1097 3705; x_wconf 90' lang='lat' dir='ltr'><strong>oleris,</strong></span> <span class='ocrx_word' id='word_1_339' title='bbox 1120 3650 1149 3695; x_wconf 90' lang='lat' dir='ltr'><strong>et</strong></span> 
     </span>
     <span class='ocr_line' id='line_1_50' title="bbox 350 3705 1147 3776; baseline 0.001 -16"><span class='ocrx_word' id='word_1_340' title='bbox 350 3708 441 3774; x_wconf 88' lang='lat' dir='ltr'><strong>capite</strong></span> <span class='ocrx_word' id='word_1_341' title='bbox 453 3707 512 3774; x_wconf 87' lang='lat' dir='ltr'><strong>ipso</strong></span> <span class='ocrx_word' id='word_1_342' title='bbox 525 3705 680 3756; x_wconf 82' lang='lat' dir='ltr'><strong>exsilientia</strong></span> <span class='ocrx_word' id='word_1_343' title='bbox 695 3707 786 3759; x_wconf 91' lang='lat' dir='ltr'><strong>bulbi:</strong></span> <span class='ocrx_word' id='word_1_344' title='bbox 808 3709 914 3776; x_wconf 90' lang='lat' dir='ltr'><strong>speeies</strong></span> <span class='ocrx_word' id='word_1_345' title='bbox 925 3726 1033 3762; x_wconf 89' lang='lat' dir='ltr'><strong>summa</strong></span> <span class='ocrx_word' id='word_1_346' title='bbox 1043 3713 1070 3763; x_wconf 91' lang='lat' dir='ltr'><strong>in</strong></span> <span class='ocrx_word' id='word_1_347' title='bbox 1082 3712 1147 3763; x_wconf 90' lang='lat' dir='ltr'><strong>lati·</strong></span> 
     </span>
     <span class='ocr_line' id='line_1_51' title="bbox 349 3774 1148 3847; baseline 0.006 -20"><span class='ocrx_word' id='word_1_348' title='bbox 349 3778 453 3828; x_wconf 86' lang='lat' dir='ltr'><strong>tudine.</strong></span> <span class='ocrx_word' id='word_1_349' title='bbox 491 3775 534 3825; x_wconf 86' lang='lat' dir='ltr'><strong>Ea</strong></span> <span class='ocrx_word' id='word_1_350' title='bbox 547 3774 695 3841; x_wconf 88' lang='lat' dir='ltr'><strong>contingit,</strong></span> <span class='ocrx_word' id='word_1_351' title='bbox 706 3782 737 3826; x_wconf 90' lang='lat' dir='ltr'><strong>ut</strong></span> <span class='ocrx_word' id='word_1_352' title='bbox 747 3776 775 3828; x_wconf 90' lang='lat' dir='ltr'><strong>ia</strong></span> <span class='ocrx_word' id='word_1_353' title='bbox 790 3778 915 3840; x_wconf 82' lang='lat' dir='ltr'><strong>lactucis,</strong></span> <span class='ocrx_word' id='word_1_354' title='bbox 932 3794 992 3832; x_wconf 89' lang='lat' dir='ltr'><strong>cum</strong></span> <span class='ocrx_word' id='word_1_355' title='bbox 1006 3782 1148 3847; x_wconf 87' lang='lat' dir='ltr'><strong>coeperint</strong></span> 
     </span>
     <span class='ocr_line' id='line_1_52' title="bbox 350 3844 1147 3918; baseline 0.004 -21"><span class='ocrx_word' id='word_1_356' title='bbox 350 3848 470 3898; x_wconf 87' lang='lat' dir='ltr'><strong>colorem</strong></span> <span class='ocrx_word' id='word_1_357' title='bbox 484 3844 602 3907; x_wconf 87' lang='lat' dir='ltr'><strong>trabere,</strong></span> <span class='ocrx_word' id='word_1_358' title='bbox 620 3844 751 3911; x_wconf 90' lang='lat' dir='ltr'><strong>imposito</strong></span> <span class='ocrx_word' id='word_1_359' title='bbox 762 3846 814 3897; x_wconf 87' lang='lat' dir='ltr'><strong>leri</strong></span> <span class='ocrx_word' id='word_1_360' title='bbox 825 3847 954 3918; x_wconf 67' lang='lat' dir='ltr'><strong>pondere.</strong></span> <span class='ocrx_word' id='word_1_361' title='bbox 990 3848 1086 3917; x_wconf 87' lang='lat' dir='ltr'><strong>Neque</strong></span> <span class='ocrx_word' id='word_1_362' title='bbox 1097 3850 1147 3900; x_wconf 90' lang='lat' dir='ltr'><strong>alii</strong></span> 
     </span>
     <span class='ocr_line' id='line_1_53' title="bbox 349 3913 1147 3984; baseline 0.009 -20"><span class='ocrx_word' id='word_1_363' title='bbox 349 3914 555 3967; x_wconf 75' lang='lat' dir='ltr'><strong>hortensiorum</strong></span> <span class='ocrx_word' id='word_1_364' title='bbox 575 3913 695 3964; x_wconf 87' lang='lat' dir='ltr'><strong>latitudo</strong></span> <span class='ocrx_word' id='word_1_365' title='bbox 716 3915 815 3968; x_wconf 91' lang='lat' dir='ltr'><strong>maior.</strong></span> <span class='ocrx_word' id='word_1_366' title='bbox 852 3918 881 3967; x_wconf 89' lang='lat' dir='ltr'><strong>ln</strong></span> <span class='ocrx_word' id='word_1_367' title='bbox 902 3918 980 3967; x_wconf 89' lang='lat' dir='ltr'><strong>binos</strong></span> <span class='ocrx_word' id='word_1_368' title='bbox 1004 3920 1147 3984; x_wconf 78' lang='lat' dir='ltr'><strong>pedereli-</strong></span> 
     </span>
     <span class='ocr_line' id='line_1_54' title="bbox 350 3982 1146 4052; baseline 0.004 -16"><span class='ocrx_word' id='word_1_369' title='bbox 350 3987 457 4052; x_wconf 90' lang='lat' dir='ltr'><strong>quandn</strong></span> <span class='ocrx_word' id='word_1_370' title='bbox 469 4000 499 4035; x_wconf 91' lang='lat' dir='ltr'><strong>se</strong></span> <span class='ocrx_word' id='word_1_371' title='bbox 509 3982 644 4050; x_wconf 90' lang='lat' dir='ltr'><strong>pandunt,</strong></span> <span class='ocrx_word' id='word_1_372' title='bbox 654 3984 773 4035; x_wconf 90' lang='lat' dir='ltr'><strong>multum</strong></span> <span class='ocrx_word' id='word_1_373' title='bbox 786 3990 815 4037; x_wconf 92' lang='lat' dir='ltr'><strong>et</strong></span> <span class='ocrx_word' id='word_1_374' title='bbox 825 3985 881 4036; x_wconf 93' lang='lat' dir='ltr'><strong>soli</strong></span> <span class='ocrx_word' id='word_1_375' title='bbox 894 3994 993 4037; x_wconf 88' lang='lat' dir='ltr'><strong>natura</strong></span> <span class='ocrx_word' id='word_1_376' title='bbox 1003 3987 1146 4039; x_wconf 88' lang='lat' dir='ltr'><strong>conferen-</strong></span> 
     </span>
     <span class='ocr_line' id='line_1_55' title="bbox 348 4054 1146 4123; baseline 0.005 -18"><span class='ocrx_word' id='word_1_377' title='bbox 348 4064 386 4107; x_wconf 89' lang='lat' dir='ltr'><strong>te.</strong></span> <span class='ocrx_word' id='word_1_378' title='bbox 406 4057 468 4105; x_wconf 87' lang='lat' dir='ltr'><strong>llae</strong></span> <span class='ocrx_word' id='word_1_379' title='bbox 480 4054 589 4121; x_wconf 83' lang='lat' dir='ltr'><strong>quidem</strong></span> <span class='ocrx_word' id='word_1_380' title='bbox 601 4069 630 4103; x_wconf 89' lang='lat' dir='ltr'><strong>m</strong></span> <span class='ocrx_word' id='word_1_381' title='bbox 644 4055 794 4106; x_wconf 72' lang='lat' dir='ltr'><strong>ennemase</strong></span> <span class='ocrx_word' id='word_1_382' title='bbox 805 4069 874 4122; x_wconf 89' lang='lat' dir='ltr'><strong>agro</strong></span> <span class='ocrx_word' id='word_1_383' title='bbox 887 4056 1073 4122; x_wconf 83' lang='lat' dir='ltr'><strong>amplissimae</strong></span> <span class='ocrx_word' id='word_1_384' title='bbox 1084 4073 1146 4123; x_wconf 92' lang='lat' dir='ltr'><strong>pro·</strong></span> 
     </span>
     <span class='ocr_line' id='line_1_56' title="bbox 346 4116 1145 4193; baseline 0.008 -22"><span class='ocrx_word' id='word_1_385' title='bbox 346 4125 472 4187; x_wconf 75' lang='lat' dir='ltr'><strong>ueniunt.</strong></span> <span class='ocrx_word' id='word_1_386' title='bbox 508 4116 579 4173; x_wconf 86' lang='lat' dir='ltr'><strong>Su&#39;nt</strong></span> <span class='ocrx_word' id='word_1_387' title='bbox 593 4122 641 4188; x_wconf 89' lang='lat' dir='ltr'><strong>qui</strong></span> <span class='ocrx_word' id='word_1_388' title='bbox 659 4122 737 4173; x_wconf 89' lang='lat' dir='ltr'><strong>betas</strong></span> <span class='ocrx_word' id='word_1_389' title='bbox 750 4123 852 4175; x_wconf 85' lang='lat' dir='ltr'><strong>Punica</strong></span> <span class='ocrx_word' id='word_1_390' title='bbox 863 4124 936 4176; x_wconf 90' lang='lat' dir='ltr'><strong>malo</strong></span> <span class='ocrx_word' id='word_1_391' title='bbox 948 4123 1065 4178; x_wconf 84' lang='lat' dir='ltr'><strong>florente</strong></span> <span class='ocrx_word' id='word_1_392' title='bbox 1077 4129 1145 4193; x_wconf 90' lang='lat' dir='ltr'><strong>opti·</strong></span> 
     </span>
    </p>

    <p class='ocr_par' dir='ltr' id='par_1_10' title="bbox 327 4190 1146 4522">
     <span class='ocr_line' id='line_1_57' title="bbox 327 4190 1146 4263; baseline 0.01 -21"><span class='ocrx_word' id='word_1_393' title='bbox 327 4212 331 4217; x_wconf 54' lang='grc'><strong>”</strong></span> <span class='ocrx_word' id='word_1_394' title='bbox 347 4208 391 4244; x_wconf 83' lang='lat' dir='ltr'><strong>nse</strong></span> <span class='ocrx_word' id='word_1_395' title='bbox 407 4194 461 4245; x_wconf 85' lang='lat' dir='ltr'><strong>seri</strong></span> <span class='ocrx_word' id='word_1_396' title='bbox 478 4192 649 4245; x_wconf 79' lang='lat' dir='ltr'><strong>existiment:</strong></span> <span class='ocrx_word' id='word_1_397' title='bbox 670 4190 815 4243; x_wconf 79' lang='lat' dir='ltr'><strong>transferri</strong></span> <span class='ocrx_word' id='word_1_398' title='bbox 826 4200 930 4254; x_wconf 84' lang='lat' dir='ltr'><strong>nutem,</strong></span> <span class='ocrx_word' id='word_1_399' title='bbox 953 4211 1014 4247; x_wconf 90' lang='lat' dir='ltr'><strong>eum</strong></span> <span class='ocrx_word' id='word_1_400' title='bbox 1026 4197 1146 4263; x_wconf 88' lang='lat' dir='ltr'><strong>quinque</strong></span> 
     </span>
     <span class='ocr_line' id='line_1_58' title="bbox 347 4259 1146 4328; baseline 0.008 -17"><span class='ocrx_word' id='word_1_401' title='bbox 347 4261 480 4313; x_wconf 71' lang='lat' dir='ltr'><strong>italiorum</strong></span> <span class='ocrx_word' id='word_1_402' title='bbox 502 4277 563 4313; x_wconf 91' lang='lat' dir='ltr'><strong>csse</strong></span> <span class='ocrx_word' id='word_1_403' title='bbox 582 4259 732 4328; x_wconf 87' lang='lat' dir='ltr'><strong>coeperint.</strong></span> <span class='ocrx_word' id='word_1_404' title='bbox 769 4260 1021 4325; x_wconf 87' lang='lat' dir='ltr'><strong>Miradiilcrentia,</strong></span> <span class='ocrx_word' id='word_1_405' title='bbox 1045 4266 1146 4317; x_wconf 76' lang='lat' dir='ltr'><strong>sires-a</strong></span> 
     </span>
     <span class='ocr_line' id='line_1_59' title="bbox 348 4326 1146 4400; baseline 0.008 -19"><span class='ocrx_word' id='word_1_406' title='bbox 348 4334 400 4391; x_wconf 88' lang='lat' dir='ltr'><strong>est,</strong></span> <span class='ocrx_word' id='word_1_407' title='bbox 416 4331 540 4381; x_wconf 84' lang='lat' dir='ltr'><strong>candidis</strong></span> <span class='ocrx_word' id='word_1_408' title='bbox 551 4330 625 4381; x_wconf 85' lang='lat' dir='ltr'><strong>solvi</strong></span> <span class='ocrx_word' id='word_1_409' title='bbox 637 4329 715 4381; x_wconf 79' lang='lat' dir='ltr'><strong>aluos</strong></span> <span class='ocrx_word' id='word_1_410' title='bbox 725 4326 843 4391; x_wconf 87' lang='lat' dir='ltr'><strong>modice,</strong></span> <span class='ocrx_word' id='word_1_411' title='bbox 864 4331 950 4400; x_wconf 89' lang='lat' dir='ltr'><strong>nigris</strong></span> <span class='ocrx_word' id='word_1_412' title='bbox 963 4331 1090 4387; x_wconf 86' lang='lat' dir='ltr'><strong>inhiberi.</strong></span> <span class='ocrx_word' id='word_1_413' title='bbox 1108 4335 1146 4387; x_wconf 88' lang='lat' dir='ltr'><strong>Et</strong></span> 
     </span>
     <span class='ocr_line' id='line_1_60' title="bbox 348 4399 1146 4470; baseline 0.014 -23"><span class='ocrx_word' id='word_1_414' title='bbox 348 4412 410 4447; x_wconf 86' lang='lat' dir='ltr'><strong>cunr</strong></span> <span class='ocrx_word' id='word_1_415' title='bbox 418 4399 543 4451; x_wconf 87' lang='lat' dir='ltr'><strong>brassica</strong></span> <span class='ocrx_word' id='word_1_416' title='bbox 554 4407 748 4467; x_wconf 82' lang='lat' dir='ltr'><strong>corrumpatur</strong></span> <span class='ocrx_word' id='word_1_417' title='bbox 758 4401 787 4452; x_wconf 93' lang='lat' dir='ltr'><strong>in</strong></span> <span class='ocrx_word' id='word_1_418' title='bbox 799 4400 874 4455; x_wconf 88' lang='lat' dir='ltr'><strong>dolio</strong></span> <span class='ocrx_word' id='word_1_419' title='bbox 886 4403 943 4455; x_wconf 85' lang='lat' dir='ltr'><strong>riui</strong></span> <span class='ocrx_word' id='word_1_420' title='bbox 953 4418 1046 4470; x_wconf 90' lang='lat' dir='ltr'><strong>sapor,</strong></span> <span class='ocrx_word' id='word_1_421' title='bbox 1059 4403 1146 4458; x_wconf 88' lang='lat' dir='ltr'><strong>odoro</strong></span> 
     </span>
     <span class='ocr_line' id='line_1_61' title="bbox 347 4462 796 4522; baseline 0.016 -7"><span class='ocrx_word' id='word_1_422' title='bbox 347 4462 430 4517; x_wconf 90' lang='lat' dir='ltr'><strong>betae</strong></span> <span class='ocrx_word' id='word_1_423' title='bbox 442 4466 518 4517; x_wconf 87' lang='lat' dir='ltr'><strong>foliis</strong></span> <span class='ocrx_word' id='word_1_424' title='bbox 531 4469 668 4521; x_wconf 88' lang='lat' dir='ltr'><strong>demersis</strong></span> <span class='ocrx_word' id='word_1_425' title='bbox 675 4470 796 4522; x_wconf 83' lang='lat' dir='ltr'><strong>restitui.</strong></span> 
     </span>
    </p>

    <p class='ocr_par' dir='ltr' id='par_1_11' title="bbox 340 4530 1145 5651">
     <span class='ocr_line' id='line_1_62' title="bbox 382 4530 1144 4610; baseline 0.014 -27"><span class='ocrx_word' id='word_1_426' title='bbox 382 4530 455 4585; x_wconf 72' lang='grc' dir='ltr'><strong>ΧΗ.</strong></span> <span class='ocrx_word' id='word_1_427' title='bbox 475 4530 500 4584; x_wconf 85' lang='lat'><strong>1.</strong></span> <span class='ocrx_word' id='word_1_428' title='bbox 519 4536 755 4606; x_wconf 87' lang='lat' dir='ltr'><strong>Oluscaulesque,</strong></span> <span class='ocrx_word' id='word_1_429' title='bbox 781 4541 879 4606; x_wconf 92' lang='lat' dir='ltr'><strong>quibus</strong></span> <span class='ocrx_word' id='word_1_430' title='bbox 892 4556 965 4594; x_wconf 90' lang='lat' dir='ltr'><strong>nunc</strong></span> <span class='ocrx_word' id='word_1_431' title='bbox 975 4542 1144 4610; x_wconf 86' lang='lat' dir='ltr'><strong>principatus</strong></span> 
     </span>
     <span class='ocr_line' id='line_1_63' title="bbox 346 4598 1145 4678; baseline 0.016 -27"><span class='ocrx_word' id='word_1_432' title='bbox 346 4598 504 4663; x_wconf 86' lang='lat' dir='ltr'><strong>hortorum,</strong></span> <span class='ocrx_word' id='word_1_433' title='bbox 525 4607 597 4670; x_wconf 85' lang='lat' dir='ltr'><strong>apud</strong></span> <span class='ocrx_word' id='word_1_434' title='bbox 611 4606 733 4660; x_wconf 81' lang='lat' dir='ltr'><strong>Graecos</strong></span> <span class='ocrx_word' id='word_1_435' title='bbox 744 4609 772 4659; x_wconf 88' lang='lat' dir='ltr'><strong>in</strong></span> <span class='ocrx_word' id='word_1_436' title='bbox 782 4608 887 4663; x_wconf 90' lang='lat' dir='ltr'><strong>honore</strong></span> <span class='ocrx_word' id='word_1_437' title='bbox 904 4612 989 4664; x_wconf 86' lang='lat' dir='ltr'><strong>fuisse</strong></span> <span class='ocrx_word' id='word_1_438' title='bbox 1001 4629 1054 4664; x_wconf 90' lang='lat' dir='ltr'><strong>oon</strong></span> <span class='ocrx_word' id='word_1_439' title='bbox 1066 4627 1145 4678; x_wconf 90' lang='lat' dir='ltr'><strong>repe·</strong></span> 
     </span>
     <span class='ocr_line' id='line_1_64' title="bbox 345 4670 1143 4755; baseline 0.015 -35"><span class='ocrx_word' id='word_1_440' title='bbox 345 4670 400 4721; x_wconf 86' lang='lat' dir='ltr'><strong>rio.</strong></span> <span class='ocrx_word' id='word_1_441' title='bbox 437 4670 491 4722; x_wconf 89' lang='lat' dir='ltr'><strong>Sed</strong></span> <span class='ocrx_word' id='word_1_442' title='bbox 504 4672 571 4724; x_wconf 83' lang='lat' dir='ltr'><strong>Cato</strong></span> <span class='ocrx_word' id='word_1_443' title='bbox 583 4673 723 4729; x_wconf 84' lang='lat' dir='ltr'><strong>brassicae</strong></span> <span class='ocrx_word' id='word_1_444' title='bbox 735 4678 820 4729; x_wconf 88' lang='lat' dir='ltr'><strong>miras</strong></span> <span class='ocrx_word' id='word_1_445' title='bbox 833 4683 907 4733; x_wconf 88' lang='lat' dir='ltr'><strong>canit</strong></span> <span class='ocrx_word' id='word_1_446' title='bbox 919 4680 1024 4755; x_wconf 76' lang='lat' dir='ltr'><strong>laudes,</strong></span> <span class='ocrx_word' id='word_1_447' title='bbox 1035 4696 1104 4749; x_wconf 87' lang='lat' dir='ltr'><strong>quas</strong></span> <span class='ocrx_word' id='word_1_448' title='bbox 1115 4683 1143 4732; x_wconf 91' lang='lat' dir='ltr'><strong>in</strong></span> 
     </span>
     <span class='ocr_line' id='line_1_65' title="bbox 346 4739 1142 4804; baseline 0.01 -13"><span class='ocrx_word' id='word_1_449' title='bbox 346 4739 475 4792; x_wconf 86' lang='lat' dir='ltr'><strong>medendi</strong></span> <span class='ocrx_word' id='word_1_450' title='bbox 497 4739 558 4791; x_wconf 91' lang='lat' dir='ltr'><strong>loco</strong></span> <span class='ocrx_word' id='word_1_451' title='bbox 582 4744 736 4796; x_wconf 85' lang='lat' dir='ltr'><strong>reddemus.</strong></span> <span class='ocrx_word' id='word_1_452' title='bbox 772 4747 883 4799; x_wconf 84' lang='lat' dir='ltr'><strong>Genera</strong></span> <span class='ocrx_word' id='word_1_453' title='bbox 902 4752 961 4801; x_wconf 90' lang='lat' dir='ltr'><strong>eius</strong></span> <span class='ocrx_word' id='word_1_454' title='bbox 983 4749 1051 4804; x_wconf 88' lang='lat' dir='ltr'><strong>facit</strong></span> <span class='ocrx_word' id='word_1_455' title='bbox 1072 4752 1142 4801; x_wconf 87' lang='lat' dir='ltr'><strong>tria:</strong></span> 
     </span>
     <span class='ocr_line' id='line_1_66' title="bbox 346 4808 1143 4889; baseline 0.02 -32"><span class='ocrx_word' id='word_1_456' title='bbox 346 4824 428 4860; x_wconf 79' lang='lat' dir='ltr'><strong>arnam</strong></span> <span class='ocrx_word' id='word_1_457' title='bbox 447 4810 566 4861; x_wconf 83' lang='lat' dir='ltr'><strong>extentis</strong></span> <span class='ocrx_word' id='word_1_458' title='bbox 584 4808 674 4868; x_wconf 88' lang='lat' dir='ltr'><strong>foliis.</strong></span> <span class='ocrx_word' id='word_1_459' title='bbox 696 4814 775 4867; x_wconf 87' lang='lat' dir='ltr'><strong>caule</strong></span> <span class='ocrx_word' id='word_1_460' title='bbox 787 4830 901 4883; x_wconf 88' lang='lat' dir='ltr'><strong>magno:</strong></span> <span class='ocrx_word' id='word_1_461' title='bbox 923 4820 1143 4889; x_wconf 54' lang='lat' dir='ltr'><strong>alternarum-‚suo</strong></span> 
     </span>
     <span class='ocr_line' id='line_1_67' title="bbox 346 4878 1144 4947; baseline 0.011 -17"><span class='ocrx_word' id='word_1_462' title='bbox 346 4878 415 4947; x_wconf 76' lang='lat' dir='ltr'><strong>folio</strong></span> <span class='ocrx_word' id='word_1_463' title='bbox 446 4893 526 4947; x_wconf 79' lang='lat' dir='ltr'><strong>quam</strong></span> <span class='ocrx_word' id='word_1_464' title='bbox 547 4878 675 4945; x_wconf 81' lang='lat' dir='ltr'><strong>aplanem</strong></span> <span class='ocrx_word' id='word_1_465' title='bbox 695 4890 788 4934; x_wconf 81' lang='lat' dir='ltr'><strong>vocat:</strong></span> <span class='ocrx_word' id='word_1_466' title='bbox 810 4887 922 4937; x_wconf 87' lang='lat' dir='ltr'><strong>tertiam</strong></span> <span class='ocrx_word' id='word_1_467' title='bbox 936 4889 1144 4943; x_wconf 87' lang='lat' dir='ltr'><strong>minutiscauli·</strong></span> 
     </span>
     <span class='ocr_line' id='line_1_68' title="bbox 344 4936 1144 5027; baseline 0.009 -27"><span class='ocrx_word' id='word_1_468' title='bbox 344 4936 406 5008; x_wconf 79' lang='lat' dir='ltr'><strong>hus,</strong></span> <span class='ocrx_word' id='word_1_469' title='bbox 434 4962 521 5008; x_wconf 90' lang='lat' dir='ltr'><strong>eoem,</strong></span> <span class='ocrx_word' id='word_1_470' title='bbox 541 4953 676 5027; x_wconf 75' lang='lat' dir='ltr'><strong>teneram,</strong></span> <span class='ocrx_word' id='word_1_471' title='bbox 692 4950 859 5018; x_wconf 85' lang='lat' dir='ltr'><strong>minimeque</strong></span> <span class='ocrx_word' id='word_1_472' title='bbox 870 4956 979 5021; x_wconf 87' lang='lat' dir='ltr'><strong>probat.</strong></span> <span class='ocrx_word' id='word_1_473' title='bbox 1013 4958 1144 5010; x_wconf 84' lang='lat' dir='ltr'><strong>Brassica</strong></span> 
     </span>
     <span class='ocr_line' id='line_1_69' title="bbox 344 5018 1143 5083; baseline 0.016 -16"><span class='ocrx_word' id='word_1_474' title='bbox 344 5024 406 5068; x_wconf 92' lang='lat' dir='ltr'><strong>toto</strong></span> <span class='ocrx_word' id='word_1_475' title='bbox 417 5031 488 5067; x_wconf 88' lang='lat' dir='ltr'><strong>enno</strong></span> <span class='ocrx_word' id='word_1_476' title='bbox 500 5022 611 5077; x_wconf 78' lang='lat' dir='ltr'><strong>scrutur,</strong></span> <span class='ocrx_word' id='word_1_477' title='bbox 623 5018 753 5083; x_wconf 88' lang='lat' dir='ltr'><strong>quoniam</strong></span> <span class='ocrx_word' id='word_1_478' title='bbox 765 5026 794 5072; x_wconf 92' lang='lat' dir='ltr'><strong>ct</strong></span> <span class='ocrx_word' id='word_1_479' title='bbox 805 5028 865 5073; x_wconf 90' lang='lat' dir='ltr'><strong>toto</strong></span> <span class='ocrx_word' id='word_1_480' title='bbox 876 5034 995 5079; x_wconf 90' lang='lat' dir='ltr'><strong>secatur.</strong></span> <span class='ocrx_word' id='word_1_481' title='bbox 1025 5028 1143 5079; x_wconf 89' lang='lat' dir='ltr'><strong>Utilissi-</strong></span> 
     </span>
     <span class='ocr_line' id='line_1_70' title="bbox 344 5083 1142 5164; baseline 0.014 -26"><span class='ocrx_word' id='word_1_482' title='bbox 344 5101 389 5138; x_wconf 87' lang='lat' dir='ltr'><strong>me</strong></span> <span class='ocrx_word' id='word_1_483' title='bbox 401 5091 492 5137; x_wconf 89' lang='lat' dir='ltr'><strong>tamen</strong></span> <span class='ocrx_word' id='word_1_484' title='bbox 504 5083 538 5135; x_wconf 89' lang='lat' dir='ltr'><strong>ab</strong></span> <span class='ocrx_word' id='word_1_485' title='bbox 558 5086 734 5152; x_wconf 88' lang='lat' dir='ltr'><strong>aequinoctio</strong></span> <span class='ocrx_word' id='word_1_486' title='bbox 753 5092 892 5143; x_wconf 86' lang='lat' dir='ltr'><strong>autumni:</strong></span> <span class='ocrx_word' id='word_1_487' title='bbox 912 5095 1142 5164; x_wconf 79' lang='lat' dir='ltr'><strong>transferturque,</strong></span> 
     </span>
     <span class='ocr_line' id='line_1_71' title="bbox 345 5152 1142 5231; baseline 0.005 -24"><span class='ocrx_word' id='word_1_488' title='bbox 345 5172 406 5207; x_wconf 83' lang='lat' dir='ltr'><strong>cuns</strong></span> <span class='ocrx_word' id='word_1_489' title='bbox 419 5155 538 5222; x_wconf 90' lang='lat' dir='ltr'><strong>quinque</strong></span> <span class='ocrx_word' id='word_1_490' title='bbox 547 5152 680 5225; x_wconf 82' lang='lat' dir='ltr'><strong>foliorum</strong></span> <span class='ocrx_word' id='word_1_491' title='bbox 691 5163 742 5207; x_wconf 83' lang='lat' dir='ltr'><strong>est.</strong></span> <span class='ocrx_word' id='word_1_492' title='bbox 779 5159 879 5225; x_wconf 81' lang='lat' dir='ltr'><strong>cymas</strong></span> <span class='ocrx_word' id='word_1_493' title='bbox 892 5165 1008 5231; x_wconf 80' lang='lat' dir='ltr'><strong>aprima</strong></span> <span class='ocrx_word' id='word_1_494' title='bbox 1017 5168 1142 5219; x_wconf 65' lang='lat' dir='ltr'><strong>sectione</strong></span> 
     </span>
     <span class='ocr_line' id='line_1_72' title="bbox 343 5223 1143 5300; baseline 0.015 -24"><span class='ocrx_word' id='word_1_495' title='bbox 343 5231 468 5292; x_wconf 85' lang='lat' dir='ltr'><strong>praestat</strong></span> <span class='ocrx_word' id='word_1_496' title='bbox 481 5227 607 5291; x_wconf 80' lang='lat' dir='ltr'><strong>proximo</strong></span> <span class='ocrx_word' id='word_1_497' title='bbox 619 5238 692 5276; x_wconf 86' lang='lat' dir='ltr'><strong>rere.</strong></span> <span class='ocrx_word' id='word_1_498' title='bbox 712 5223 767 5279; x_wconf 87' lang='lat' dir='ltr'><strong>ilic</strong></span> <span class='ocrx_word' id='word_1_499' title='bbox 775 5233 817 5279; x_wconf 90' lang='lat' dir='ltr'><strong>est</strong></span> <span class='ocrx_word' id='word_1_500' title='bbox 828 5230 939 5297; x_wconf 87' lang='lat' dir='ltr'><strong>quidam</strong></span> <span class='ocrx_word' id='word_1_501' title='bbox 950 5235 1072 5300; x_wconf 88' lang='lat' dir='ltr'><strong>ipsorum</strong></span> <span class='ocrx_word' id='word_1_502' title='bbox 1081 5250 1143 5289; x_wconf 86' lang='lat' dir='ltr'><strong>cau·</strong></span> 
     </span>
     <span class='ocr_line' id='line_1_73' title="bbox 342 5292 1141 5370; baseline 0.015 -25"><span class='ocrx_word' id='word_1_503' title='bbox 342 5294 413 5347; x_wconf 87' lang='lat' dir='ltr'><strong>lium</strong></span> <span class='ocrx_word' id='word_1_504' title='bbox 436 5292 586 5349; x_wconf 86' lang='lat' dir='ltr'><strong>delicatior</strong></span> <span class='ocrx_word' id='word_1_505' title='bbox 606 5293 782 5361; x_wconf 86' lang='lat' dir='ltr'><strong>teneriorque</strong></span> <span class='ocrx_word' id='word_1_506' title='bbox 803 5299 972 5364; x_wconf 82' lang='lat' dir='ltr'><strong>cauliculus,</strong></span> <span class='ocrx_word' id='word_1_507' title='bbox 988 5305 1079 5370; x_wconf 76' lang='lat' dir='ltr'><strong>Apicii</strong></span> <span class='ocrx_word' id='word_1_508' title='bbox 1100 5305 1141 5357; x_wconf 88' lang='lat' dir='ltr'><strong>lu·</strong></span> 
     </span>
     <span class='ocr_line' id='line_1_74' title="bbox 344 5364 1142 5433; baseline 0.016 -19"><span class='ocrx_word' id='word_1_509' title='bbox 344 5365 453 5429; x_wconf 79' lang='lat' dir='ltr'><strong>suriae,</strong></span> <span class='ocrx_word' id='word_1_510' title='bbox 462 5375 490 5419; x_wconf 85' lang='lat' dir='ltr'><strong>et</strong></span> <span class='ocrx_word' id='word_1_511' title='bbox 501 5380 550 5432; x_wconf 88' lang='lat' dir='ltr'><strong>per</strong></span> <span class='ocrx_word' id='word_1_512' title='bbox 560 5379 622 5417; x_wconf 89' lang='lat' dir='ltr'><strong>eum</strong></span> <span class='ocrx_word' id='word_1_513' title='bbox 633 5364 727 5417; x_wconf 89' lang='lat' dir='ltr'><strong>Druso</strong></span> <span class='ocrx_word' id='word_1_514' title='bbox 738 5366 852 5418; x_wconf 71' lang='lat' dir='ltr'><strong>Caesari</strong></span> <span class='ocrx_word' id='word_1_515' title='bbox 865 5368 1018 5433; x_wconf 83' lang='lat' dir='ltr'><strong>fastiditus,</strong></span> <span class='ocrx_word' id='word_1_516' title='bbox 1039 5390 1094 5425; x_wconf 91' lang='lat' dir='ltr'><strong>non</strong></span> <span class='ocrx_word' id='word_1_517' title='bbox 1104 5375 1142 5427; x_wconf 89' lang='lat' dir='ltr'><strong>si·</strong></span> 
     </span>
     <span class='ocr_line' id='line_1_75' title="bbox 346 5434 1140 5506; baseline 0.016 -23"><span class='ocrx_word' id='word_1_518' title='bbox 346 5448 380 5485; x_wconf 89' lang='lat' dir='ltr'><strong>ae</strong></span> <span class='ocrx_word' id='word_1_519' title='bbox 393 5436 577 5503; x_wconf 78' lang='lat' dir='ltr'><strong>castigatione</strong></span> <span class='ocrx_word' id='word_1_520' title='bbox 588 5434 694 5487; x_wconf 84' lang='lat' dir='ltr'><strong>Tiberii</strong></span> <span class='ocrx_word' id='word_1_521' title='bbox 707 5434 803 5501; x_wconf 87' lang='lat' dir='ltr'><strong>patris.</strong></span> <span class='ocrx_word' id='word_1_522' title='bbox 840 5436 909 5487; x_wconf 83' lang='lat' dir='ltr'><strong>l&#39;ost</strong></span> <span class='ocrx_word' id='word_1_523' title='bbox 930 5455 1036 5506; x_wconf 59' lang='lat' dir='ltr'><strong>carneam</strong></span> <span class='ocrx_word' id='word_1_524' title='bbox 1049 5458 1083 5495; x_wconf 82' lang='lat' dir='ltr'><strong>ex</strong></span> <span class='ocrx_word' id='word_1_525' title='bbox 1094 5459 1140 5496; x_wconf 87' lang='lat' dir='ltr'><strong>ca-</strong></span> 
     </span>
     <span class='ocr_line' id='line_1_76' title="bbox 342 5502 1141 5576; baseline 0.015 -23"><span class='ocrx_word' id='word_1_526' title='bbox 342 5502 404 5554; x_wconf 81' lang='lat' dir='ltr'><strong>dem</strong></span> <span class='ocrx_word' id='word_1_527' title='bbox 417 5504 538 5557; x_wconf 87' lang='lat' dir='ltr'><strong>brassica</strong></span> <span class='ocrx_word' id='word_1_528' title='bbox 551 5505 717 5572; x_wconf 86' lang='lat' dir='ltr'><strong>contingunt</strong></span> <span class='ocrx_word' id='word_1_529' title='bbox 728 5504 828 5555; x_wconf 70' lang='lat' dir='ltr'><strong>aestivi</strong></span> <span class='ocrx_word' id='word_1_530' title='bbox 839 5510 1067 5576; x_wconf 85' lang='lat' dir='ltr'><strong>autumnalesque</strong></span> <span class='ocrx_word' id='word_1_531' title='bbox 1078 5528 1141 5566; x_wconf 86' lang='lat' dir='ltr'><strong>eeu·</strong></span> 
     </span>
     <span class='ocr_line' id='line_1_77' title="bbox 340 5570 1140 5651; baseline 0.018 -30"><span class='ocrx_word' id='word_1_532' title='bbox 340 5570 429 5633; x_wconf 90' lang='lat' dir='ltr'><strong>liculi,</strong></span> <span class='ocrx_word' id='word_1_533' title='bbox 446 5589 509 5626; x_wconf 80' lang='lat' dir='ltr'><strong>moa</strong></span> <span class='ocrx_word' id='word_1_534' title='bbox 520 5572 639 5639; x_wconf 87' lang='lat' dir='ltr'><strong>hiberni,</strong></span> <span class='ocrx_word' id='word_1_535' title='bbox 663 5575 821 5643; x_wconf 87' lang='lat' dir='ltr'><strong>iterumque</strong></span> <span class='ocrx_word' id='word_1_536' title='bbox 832 5589 940 5644; x_wconf 85' lang='lat' dir='ltr'><strong>cymae,</strong></span> <span class='ocrx_word' id='word_1_537' title='bbox 964 5577 1040 5630; x_wconf 92' lang='lat' dir='ltr'><strong>nullo</strong></span> <span class='ocrx_word' id='word_1_538' title='bbox 1052 5594 1140 5651; x_wconf 88' lang='lat' dir='ltr'><strong>aeque</strong></span> 
     </span>
    </p>
   </div>
   <div class='ocr_carea' id='block_1_6' title="bbox 1202 448 2036 3503">
    <p class='ocr_par' dir='ltr' id='par_1_12' title="bbox 1203 448 2009 855">
     <span class='ocr_line' id='line_1_78' title="bbox 1203 448 2007 522; baseline 0.009 -16"><span class='ocrx_word' id='word_1_539' title='bbox 1203 468 1305 522; x_wconf 82' lang='lat' dir='ltr'><strong>genere</strong></span> <span class='ocrx_word' id='word_1_540' title='bbox 1319 451 1476 514; x_wconf 85' lang='lat' dir='ltr'><strong>multifera,</strong></span> <span class='ocrx_word' id='word_1_541' title='bbox 1497 448 1584 505; x_wconf 85' lang='lat' dir='ltr'><strong>donec</strong></span> <span class='ocrx_word' id='word_1_542' title='bbox 1596 468 1646 506; x_wconf 88' lang='lat' dir='ltr'><strong>sua</strong></span> <span class='ocrx_word' id='word_1_543' title='bbox 1656 453 1811 510; x_wconf 77' lang='lat' dir='ltr'><strong>fertilitate</strong></span> <span class='ocrx_word' id='word_1_544' title='bbox 1822 466 2007 514; x_wconf 86' lang='lat' dir='ltr'><strong>consumatur.</strong></span> 
     </span>
     <span class='ocr_line' id='line_1_79' title="bbox 1205 522 2008 592; baseline 0.011 -18"><span class='ocrx_word' id='word_1_545' title='bbox 1205 525 1304 576; x_wconf 78' lang='lat' dir='ltr'><strong>&#39;festia</strong></span> <span class='ocrx_word' id='word_1_546' title='bbox 1321 523 1397 576; x_wconf 87' lang='lat' dir='ltr'><strong>cirea</strong></span> <span class='ocrx_word' id='word_1_547' title='bbox 1416 522 1583 573; x_wconf 85' lang='lat' dir='ltr'><strong>solstitium:</strong></span> <span class='ocrx_word' id='word_1_548' title='bbox 1609 540 1644 577; x_wconf 83' lang='lat' dir='ltr'><strong>ex</strong></span> <span class='ocrx_word' id='word_1_549' title='bbox 1662 540 1724 592; x_wconf 89' lang='lat' dir='ltr'><strong>quo,</strong></span> <span class='ocrx_word' id='word_1_550' title='bbox 1745 524 2008 582; x_wconf 86' lang='lat' dir='ltr'><strong>sihumidiorloeus</strong></span> 
     </span>
     <span class='ocr_line' id='line_1_80' title="bbox 1204 592 2009 661; baseline 0.006 -17"><span class='ocrx_word' id='word_1_551' title='bbox 1204 599 1254 655; x_wconf 87' lang='lat' dir='ltr'><strong>est,</strong></span> <span class='ocrx_word' id='word_1_552' title='bbox 1265 599 1390 645; x_wconf 87' lang='lat' dir='ltr'><strong>aestate:</strong></span> <span class='ocrx_word' id='word_1_553' title='bbox 1410 592 1435 643; x_wconf 91' lang='lat' dir='ltr'><strong>si</strong></span> <span class='ocrx_word' id='word_1_554' title='bbox 1446 592 1557 654; x_wconf 89' lang='lat' dir='ltr'><strong>siccior,</strong></span> <span class='ocrx_word' id='word_1_555' title='bbox 1572 599 1706 646; x_wconf 87' lang='lat' dir='ltr'><strong>autumno</strong></span> <span class='ocrx_word' id='word_1_556' title='bbox 1718 594 1872 661; x_wconf 84' lang='lat' dir='ltr'><strong>plantatur.</strong></span> <span class='ocrx_word' id='word_1_557' title='bbox 1897 598 2009 650; x_wconf 88' lang='lat' dir='ltr'><strong>llunror</strong></span> 
     </span>
     <span class='ocr_line' id='line_1_81' title="bbox 1204 660 2007 733; baseline 0.009 -21"><span class='ocrx_word' id='word_1_558' title='bbox 1204 663 1340 729; x_wconf 87' lang='lat' dir='ltr'><strong>limusque</strong></span> <span class='ocrx_word' id='word_1_559' title='bbox 1351 664 1375 713; x_wconf 92' lang='lat' dir='ltr'><strong>si</strong></span> <span class='ocrx_word' id='word_1_560' title='bbox 1387 660 1510 723; x_wconf 79' lang='lat' dir='ltr'><strong>demere,</strong></span> <span class='ocrx_word' id='word_1_561' title='bbox 1520 662 1725 731; x_wconf 86' lang='lat' dir='ltr'><strong>maiorsaporis</strong></span> <span class='ocrx_word' id='word_1_562' title='bbox 1735 665 1828 733; x_wconf 87' lang='lat' dir='ltr'><strong>gratia</strong></span> <span class='ocrx_word' id='word_1_563' title='bbox 1843 673 1900 717; x_wconf 91' lang='lat' dir='ltr'><strong>est:</strong></span> <span class='ocrx_word' id='word_1_564' title='bbox 1920 667 1944 717; x_wconf 88' lang='lat' dir='ltr'><strong>si</strong></span> <span class='ocrx_word' id='word_1_565' title='bbox 1961 669 2007 721; x_wconf 89' lang='lat' dir='ltr'><strong>ab·</strong></span> 
     </span>
     <span class='ocr_line' id='line_1_82' title="bbox 1204 730 2004 795; baseline 0.006 -11"><span class='ocrx_word' id='word_1_566' title='bbox 1204 733 1353 795; x_wconf 84' lang='lat' dir='ltr'><strong>undavere,</strong></span> <span class='ocrx_word' id='word_1_567' title='bbox 1374 731 1478 783; x_wconf 89' lang='lat' dir='ltr'><strong>laetior</strong></span> <span class='ocrx_word' id='word_1_568' title='bbox 1493 730 1636 786; x_wconf 76' lang='lat' dir='ltr'><strong>fertilitas.</strong></span> <span class='ocrx_word' id='word_1_569' title='bbox 1671 732 1782 786; x_wconf 84' lang='lat' dir='ltr'><strong>Florum</strong></span> <span class='ocrx_word' id='word_1_570' title='bbox 1797 735 1934 788; x_wconf 84' lang='lat' dir='ltr'><strong>asininum</strong></span> <span class='ocrx_word' id='word_1_571' title='bbox 1945 752 2004 790; x_wconf 91' lang='lat' dir='ltr'><strong>ma·</strong></span> 
     </span>
     <span class='ocr_line' id='line_1_83' title="bbox 1204 802 1428 855; baseline -0.009 0"><span class='ocrx_word' id='word_1_572' title='bbox 1204 803 1280 855; x_wconf 82' lang='lat' dir='ltr'><strong>xime</strong></span> <span class='ocrx_word' id='word_1_573' title='bbox 1291 802 1428 854; x_wconf 78' lang='lat' dir='ltr'><strong>convenit.</strong></span> 
     </span>
    </p>

    <p class='ocr_par' dir='ltr' id='par_1_13' title="bbox 1204 870 2036 1427">
     <span class='ocr_line' id='line_1_84' title="bbox 1238 870 2005 943; baseline 0.009 -21"><span class='ocrx_word' id='word_1_574' title='bbox 1238 872 1265 923; x_wconf 83' lang='lat'><strong>2.</strong></span> <span class='ocrx_word' id='word_1_575' title='bbox 1285 872 1337 922; x_wconf 88' lang='lat' dir='ltr'><strong>Est</strong></span> <span class='ocrx_word' id='word_1_576' title='bbox 1357 870 1427 924; x_wconf 88' lang='lat' dir='ltr'><strong>haec</strong></span> <span class='ocrx_word' id='word_1_577' title='bbox 1438 886 1548 940; x_wconf 91' lang='lat' dir='ltr'><strong>quoque</strong></span> <span class='ocrx_word' id='word_1_578' title='bbox 1560 886 1605 924; x_wconf 87' lang='lat' dir='ltr'><strong>res</strong></span> <span class='ocrx_word' id='word_1_579' title='bbox 1616 872 1691 925; x_wconf 85' lang='lat' dir='ltr'><strong>inter</strong></span> <span class='ocrx_word' id='word_1_580' title='bbox 1701 887 1787 941; x_wconf 86' lang='lat' dir='ltr'><strong>opera</strong></span> <span class='ocrx_word' id='word_1_581' title='bbox 1797 888 1919 941; x_wconf 84' lang='lat' dir='ltr'><strong>ganeae:</strong></span> <span class='ocrx_word' id='word_1_582' title='bbox 1940 890 2005 943; x_wconf 87' lang='lat' dir='ltr'><strong>qua·</strong></span> 
     </span>
     <span class='ocr_line' id='line_1_85' title="bbox 1204 942 2005 1013; baseline 0.009 -20"><span class='ocrx_word' id='word_1_583' title='bbox 1204 948 1320 1009; x_wconf 87' lang='lat' dir='ltr'><strong>propter</strong></span> <span class='ocrx_word' id='word_1_584' title='bbox 1331 957 1386 993; x_wconf 90' lang='lat' dir='ltr'><strong>non</strong></span> <span class='ocrx_word' id='word_1_585' title='bbox 1398 942 1506 1008; x_wconf 85' lang='lat' dir='ltr'><strong>pigebit</strong></span> <span class='ocrx_word' id='word_1_586' title='bbox 1515 942 1661 994; x_wconf 70' lang='lat' dir='ltr'><strong>verbosius</strong></span> <span class='ocrx_word' id='word_1_587' title='bbox 1671 947 1807 1012; x_wconf 84' lang='lat' dir='ltr'><strong>persequi.</strong></span> <span class='ocrx_word' id='word_1_588' title='bbox 1836 942 2005 1013; x_wconf 88' lang='lat' dir='ltr'><strong>Praecipuus</strong></span> 
     </span>
     <span class='ocr_line' id='line_1_86' title="bbox 1206 1011 2005 1082; baseline 0.009 -21"><span class='ocrx_word' id='word_1_589' title='bbox 1206 1011 1238 1061; x_wconf 90' lang='lat' dir='ltr'><strong>iit</strong></span> <span class='ocrx_word' id='word_1_590' title='bbox 1249 1011 1337 1061; x_wconf 87' lang='lat' dir='ltr'><strong>caulis</strong></span> <span class='ocrx_word' id='word_1_591' title='bbox 1347 1024 1449 1078; x_wconf 88' lang='lat' dir='ltr'><strong>sapore</strong></span> <span class='ocrx_word' id='word_1_592' title='bbox 1459 1026 1492 1064; x_wconf 90' lang='lat' dir='ltr'><strong>ac</strong></span> <span class='ocrx_word' id='word_1_593' title='bbox 1504 1012 1703 1080; x_wconf 85' lang='lat' dir='ltr'><strong>magnitudine,</strong></span> <span class='ocrx_word' id='word_1_594' title='bbox 1719 1014 1836 1082; x_wconf 82' lang='lat' dir='ltr'><strong>priosum</strong></span> <span class='ocrx_word' id='word_1_595' title='bbox 1848 1015 1968 1067; x_wconf 92' lang='lat' dir='ltr'><strong>omnium</strong></span> <span class='ocrx_word' id='word_1_596' title='bbox 1980 1020 2005 1068; x_wconf 92' lang='lat' dir='ltr'><strong>si</strong></span> 
     </span>
     <span class='ocr_line' id='line_1_87' title="bbox 1204 1079 2036 1157; baseline 0.007 -26"><span class='ocrx_word' id='word_1_597' title='bbox 1204 1080 1232 1131; x_wconf 92' lang='lat' dir='ltr'><strong>in</strong></span> <span class='ocrx_word' id='word_1_598' title='bbox 1246 1079 1418 1145; x_wconf 89' lang='lat' dir='ltr'><strong>repastinato</strong></span> <span class='ocrx_word' id='word_1_599' title='bbox 1429 1096 1519 1134; x_wconf 86' lang='lat' dir='ltr'><strong>seras:</strong></span> <span class='ocrx_word' id='word_1_600' title='bbox 1540 1082 1603 1134; x_wconf 90' lang='lat' dir='ltr'><strong>dein</strong></span> <span class='ocrx_word' id='word_1_601' title='bbox 1615 1083 1640 1132; x_wconf 91' lang='lat' dir='ltr'><strong>si</strong></span> <span class='ocrx_word' id='word_1_602' title='bbox 1655 1090 1758 1134; x_wconf 87' lang='lat' dir='ltr'><strong>terram</strong></span> <span class='ocrx_word' id='word_1_603' title='bbox 1771 1082 1909 1153; x_wconf 88' lang='lat' dir='ltr'><strong>fugientes</strong></span> <span class='ocrx_word' id='word_1_604' title='bbox 1920 1085 2005 1157; x_wconf 76' lang='lat' dir='ltr'><strong>caull-</strong></span> <span class='ocrx_word' id='word_1_605' title='bbox 2028 1105 2036 1125; x_wconf 87' lang='lat'><strong>·</strong></span> 
     </span>
     <span class='ocr_line' id='line_1_88' title="bbox 1205 1148 2005 1220; baseline 0.006 -19"><span class='ocrx_word' id='word_1_606' title='bbox 1205 1148 1284 1201; x_wconf 91' lang='lat' dir='ltr'><strong>culos</strong></span> <span class='ocrx_word' id='word_1_607' title='bbox 1295 1164 1382 1211; x_wconf 89' lang='lat' dir='ltr'><strong>seces,</strong></span> <span class='ocrx_word' id='word_1_608' title='bbox 1396 1156 1554 1216; x_wconf 78' lang='lat' dir='ltr'><strong>eternaque</strong></span> <span class='ocrx_word' id='word_1_609' title='bbox 1565 1152 1729 1205; x_wconf 85' lang='lat' dir='ltr'><strong>attollentes</strong></span> <span class='ocrx_word' id='word_1_610' title='bbox 1740 1169 1771 1204; x_wconf 88' lang='lat' dir='ltr'><strong>se</strong></span> <span class='ocrx_word' id='word_1_611' title='bbox 1782 1153 1951 1220; x_wconf 89' lang='lat' dir='ltr'><strong>proceritate</strong></span> <span class='ocrx_word' id='word_1_612' title='bbox 1963 1155 2005 1206; x_wconf 90' lang='lat' dir='ltr'><strong>lu·</strong></span> 
     </span>
     <span class='ocr_line' id='line_1_89' title="bbox 1204 1217 2003 1290; baseline 0.009 -21"><span class='ocrx_word' id='word_1_613' title='bbox 1204 1217 1320 1269; x_wconf 81' lang='lat' dir='ltr'><strong>surlosa</strong></span> <span class='ocrx_word' id='word_1_614' title='bbox 1337 1219 1531 1288; x_wconf 76' lang='lat' dir='ltr'><strong>exaggerando</strong></span> <span class='ocrx_word' id='word_1_615' title='bbox 1549 1220 1632 1271; x_wconf 86' lang='lat' dir='ltr'><strong>aliam</strong></span> <span class='ocrx_word' id='word_1_616' title='bbox 1654 1222 1819 1287; x_wconf 88' lang='lat' dir='ltr'><strong>accumules,</strong></span> <span class='ocrx_word' id='word_1_617' title='bbox 1840 1223 1928 1275; x_wconf 91' lang='lat' dir='ltr'><strong>itane</strong></span> <span class='ocrx_word' id='word_1_618' title='bbox 1940 1223 2003 1290; x_wconf 91' lang='lat' dir='ltr'><strong>plus</strong></span> 
     </span>
     <span class='ocr_line' id='line_1_90' title="bbox 1205 1289 2003 1360; baseline 0.01 -23"><span class='ocrx_word' id='word_1_619' title='bbox 1205 1303 1286 1356; x_wconf 92' lang='lat' dir='ltr'><strong>quam</strong></span> <span class='ocrx_word' id='word_1_620' title='bbox 1309 1302 1440 1340; x_wconf 86' lang='lat' dir='ltr'><strong>cacumen</strong></span> <span class='ocrx_word' id='word_1_621' title='bbox 1460 1289 1588 1341; x_wconf 88' lang='lat' dir='ltr'><strong>emineat.</strong></span> <span class='ocrx_word' id='word_1_622' title='bbox 1624 1291 1780 1343; x_wconf 87' lang='lat' dir='ltr'><strong>Tritianum</strong></span> <span class='ocrx_word' id='word_1_623' title='bbox 1797 1290 1849 1343; x_wconf 90' lang='lat' dir='ltr'><strong>hoc</strong></span> <span class='ocrx_word' id='word_1_624' title='bbox 1859 1306 2003 1360; x_wconf 79' lang='lat' dir='ltr'><strong>genuero·</strong></span> 
     </span>
     <span class='ocr_line' id='line_1_91' title="bbox 1206 1357 1881 1427; baseline 0.003 -18"><span class='ocrx_word' id='word_1_625' title='bbox 1206 1362 1295 1417; x_wconf 86' lang='lat' dir='ltr'><strong>catur,</strong></span> <span class='ocrx_word' id='word_1_626' title='bbox 1306 1357 1351 1407; x_wconf 91' lang='lat' dir='ltr'><strong>bis</strong></span> <span class='ocrx_word' id='word_1_627' title='bbox 1362 1359 1541 1425; x_wconf 84' lang='lat' dir='ltr'><strong>computabili</strong></span> <span class='ocrx_word' id='word_1_628' title='bbox 1552 1360 1704 1425; x_wconf 90' lang='lat' dir='ltr'><strong>impendio,</strong></span> <span class='ocrx_word' id='word_1_629' title='bbox 1724 1360 1881 1427; x_wconf 85' lang='lat' dir='ltr'><strong>taedioque.</strong></span> 
     </span>
    </p>

    <p class='ocr_par' dir='ltr' id='par_1_14' title="bbox 1202 1425 2005 3503">
     <span class='ocr_line' id='line_1_92' title="bbox 1239 1425 2000 1495; baseline 0.008 -18"><span class='ocrx_word' id='word_1_630' title='bbox 1239 1425 1264 1477; x_wconf 83' lang='lat'><strong>3.</strong></span> <span class='ocrx_word' id='word_1_631' title='bbox 1284 1428 1384 1477; x_wconf 85' lang='lat' dir='ltr'><strong>Cetera</strong></span> <span class='ocrx_word' id='word_1_632' title='bbox 1395 1441 1497 1493; x_wconf 89' lang='lat' dir='ltr'><strong>genera</strong></span> <span class='ocrx_word' id='word_1_633' title='bbox 1508 1430 1653 1495; x_wconf 88' lang='lat' dir='ltr'><strong>complura</strong></span> <span class='ocrx_word' id='word_1_634' title='bbox 1670 1434 1746 1480; x_wconf 87' lang='lat' dir='ltr'><strong>sunt.</strong></span> <span class='ocrx_word' id='word_1_635' title='bbox 1782 1432 1932 1483; x_wconf 82' lang='lat' dir='ltr'><strong>eumanum</strong></span> <span class='ocrx_word' id='word_1_636' title='bbox 1943 1445 2000 1483; x_wconf 89' lang='lat' dir='ltr'><strong>ses·</strong></span> 
     </span>
     <span class='ocr_line' id='line_1_93' title="bbox 1204 1493 2004 1563; baseline 0.01 -19"><span class='ocrx_word' id='word_1_637' title='bbox 1204 1493 1342 1557; x_wconf 88' lang='lat' dir='ltr'><strong>siliiolio,</strong></span> <span class='ocrx_word' id='word_1_638' title='bbox 1364 1497 1456 1561; x_wconf 88' lang='lat' dir='ltr'><strong>eapite</strong></span> <span class='ocrx_word' id='word_1_639' title='bbox 1467 1497 1600 1563; x_wconf 83' lang='lat' dir='ltr'><strong>patulum.</strong></span> <span class='ocrx_word' id='word_1_640' title='bbox 1636 1499 1775 1551; x_wconf 74' lang='lat' dir='ltr'><strong>Aricinum</strong></span> <span class='ocrx_word' id='word_1_641' title='bbox 1787 1499 1937 1552; x_wconf 89' lang='lat' dir='ltr'><strong>altitudine</strong></span> <span class='ocrx_word' id='word_1_642' title='bbox 1947 1515 2004 1552; x_wconf 87' lang='lat' dir='ltr'><strong>uon</strong></span> 
     </span>
     <span class='ocr_line' id='line_1_94' title="bbox 1206 1563 2005 1634; baseline 0.008 -19"><span class='ocrx_word' id='word_1_643' title='bbox 1206 1564 1350 1627; x_wconf 85' lang='lat' dir='ltr'><strong>excelsius,</strong></span> <span class='ocrx_word' id='word_1_644' title='bbox 1361 1563 1430 1617; x_wconf 89' lang='lat' dir='ltr'><strong>folio</strong></span> <span class='ocrx_word' id='word_1_645' title='bbox 1443 1568 1626 1629; x_wconf 88' lang='lat' dir='ltr'><strong>numerosius,</strong></span> <span class='ocrx_word' id='word_1_646' title='bbox 1638 1583 1718 1634; x_wconf 89' lang='lat' dir='ltr'><strong>qoam</strong></span> <span class='ocrx_word' id='word_1_647' title='bbox 1731 1570 1848 1620; x_wconf 88' lang='lat' dir='ltr'><strong>tenuius.</strong></span> <span class='ocrx_word' id='word_1_648' title='bbox 1877 1570 1939 1623; x_wconf 85' lang='lat' dir='ltr'><strong>floe</strong></span> <span class='ocrx_word' id='word_1_649' title='bbox 1948 1570 2005 1622; x_wconf 87' lang='lat' dir='ltr'><strong>uti·</strong></span> 
     </span>
     <span class='ocr_line' id='line_1_95' title="bbox 1204 1632 2002 1704; baseline 0.006 -19"><span class='ocrx_word' id='word_1_650' title='bbox 1204 1632 1342 1685; x_wconf 88' lang='lat' dir='ltr'><strong>lissimum</strong></span> <span class='ocrx_word' id='word_1_651' title='bbox 1355 1634 1541 1697; x_wconf 83' lang='lat' dir='ltr'><strong>existimatur,</strong></span> <span class='ocrx_word' id='word_1_652' title='bbox 1554 1638 1619 1702; x_wconf 89' lang='lat' dir='ltr'><strong>quia</strong></span> <span class='ocrx_word' id='word_1_653' title='bbox 1629 1638 1679 1688; x_wconf 91' lang='lat' dir='ltr'><strong>sub</strong></span> <span class='ocrx_word' id='word_1_654' title='bbox 1691 1637 1817 1689; x_wconf 87' lang='lat' dir='ltr'><strong>onrnibus</strong></span> <span class='ocrx_word' id='word_1_655' title='bbox 1828 1653 1914 1704; x_wconf 88' lang='lat' dir='ltr'><strong>paene</strong></span> <span class='ocrx_word' id='word_1_656' title='bbox 1926 1638 2002 1690; x_wconf 89' lang='lat' dir='ltr'><strong>foliis</strong></span> 
     </span>
     <span class='ocr_line' id='line_1_96' title="bbox 1204 1701 2002 1774; baseline 0.009 -21"><span class='ocrx_word' id='word_1_657' title='bbox 1204 1701 1321 1753; x_wconf 85' lang='lat' dir='ltr'><strong>fruticat</strong></span> <span class='ocrx_word' id='word_1_658' title='bbox 1340 1704 1485 1754; x_wconf 88' lang='lat' dir='ltr'><strong>cauliculis</strong></span> <span class='ocrx_word' id='word_1_659' title='bbox 1505 1707 1697 1770; x_wconf 84' lang='lat' dir='ltr'><strong>peculiaribus.</strong></span> <span class='ocrx_word' id='word_1_660' title='bbox 1732 1706 1928 1773; x_wconf 88' lang='lat' dir='ltr'><strong>Pompeianum</strong></span> <span class='ocrx_word' id='word_1_661' title='bbox 1941 1722 2002 1774; x_wconf 91' lang='lat' dir='ltr'><strong>pro-</strong></span> 
     </span>
     <span class='ocr_line' id='line_1_97' title="bbox 1205 1772 2003 1839; baseline 0.008 -16"><span class='ocrx_word' id='word_1_662' title='bbox 1205 1772 1303 1833; x_wconf 88' lang='lat' dir='ltr'><strong>cerius,</strong></span> <span class='ocrx_word' id='word_1_663' title='bbox 1318 1772 1397 1823; x_wconf 88' lang='lat' dir='ltr'><strong>caule</strong></span> <span class='ocrx_word' id='word_1_664' title='bbox 1410 1773 1444 1824; x_wconf 89' lang='lat' dir='ltr'><strong>ab</strong></span> <span class='ocrx_word' id='word_1_665' title='bbox 1456 1773 1549 1826; x_wconf 87' lang='lat' dir='ltr'><strong>radice</strong></span> <span class='ocrx_word' id='word_1_666' title='bbox 1562 1776 1652 1839; x_wconf 84' lang='lat' dir='ltr'><strong>terrui,</strong></span> <span class='ocrx_word' id='word_1_667' title='bbox 1674 1776 1747 1828; x_wconf 88' lang='lat' dir='ltr'><strong>intra</strong></span> <span class='ocrx_word' id='word_1_668' title='bbox 1767 1776 1834 1828; x_wconf 89' lang='lat' dir='ltr'><strong>folia</strong></span> <span class='ocrx_word' id='word_1_669' title='bbox 1846 1780 2003 1830; x_wconf 88' lang='lat' dir='ltr'><strong>crassescit.</strong></span> 
     </span>
     <span class='ocr_line' id='line_1_98' title="bbox 1203 1840 2002 1911; baseline 0.006 -19"><span class='ocrx_word' id='word_1_670' title='bbox 1203 1841 1322 1892; x_wconf 88' lang='lat' dir='ltr'><strong>Rariora</strong></span> <span class='ocrx_word' id='word_1_671' title='bbox 1342 1840 1411 1893; x_wconf 91' lang='lat' dir='ltr'><strong>haec</strong></span> <span class='ocrx_word' id='word_1_672' title='bbox 1427 1844 1658 1911; x_wconf 87' lang='lat' dir='ltr'><strong>angustioraque:</strong></span> <span class='ocrx_word' id='word_1_673' title='bbox 1678 1846 1727 1897; x_wconf 90' lang='lat' dir='ltr'><strong>sed</strong></span> <span class='ocrx_word' id='word_1_674' title='bbox 1738 1847 1874 1898; x_wconf 87' lang='lat' dir='ltr'><strong>teneritas</strong></span> <span class='ocrx_word' id='word_1_675' title='bbox 1886 1847 1913 1897; x_wconf 91' lang='lat' dir='ltr'><strong>in</strong></span> <span class='ocrx_word' id='word_1_676' title='bbox 1928 1846 2002 1909; x_wconf 89' lang='lat' dir='ltr'><strong>dote,</strong></span> 
     </span>
     <span class='ocr_line' id='line_1_99' title="bbox 1204 1909 2004 1981; baseline 0.01 -21"><span class='ocrx_word' id='word_1_677' title='bbox 1204 1911 1229 1961; x_wconf 92' lang='lat' dir='ltr'><strong>si</strong></span> <span class='ocrx_word' id='word_1_678' title='bbox 1240 1909 1346 1977; x_wconf 81' lang='lat' dir='ltr'><strong>frigora</strong></span> <span class='ocrx_word' id='word_1_679' title='bbox 1356 1927 1412 1962; x_wconf 90' lang='lat' dir='ltr'><strong>non</strong></span> <span class='ocrx_word' id='word_1_680' title='bbox 1425 1912 1540 1964; x_wconf 89' lang='lat' dir='ltr'><strong>tolerat:</strong></span> <span class='ocrx_word' id='word_1_681' title='bbox 1557 1916 1656 1981; x_wconf 84' lang='lat' dir='ltr'><strong>quibus</strong></span> <span class='ocrx_word' id='word_1_682' title='bbox 1669 1916 1751 1967; x_wconf 83' lang='lat' dir='ltr'><strong>etiam</strong></span> <span class='ocrx_word' id='word_1_683' title='bbox 1764 1915 1876 1967; x_wconf 88' lang='lat' dir='ltr'><strong>aluntur</strong></span> <span class='ocrx_word' id='word_1_684' title='bbox 1891 1916 2004 1968; x_wconf 86' lang='lat' dir='ltr'><strong>Brutia·</strong></span> 
     </span>
     <span class='ocr_line' id='line_1_100' title="bbox 1206 1979 1993 2053; baseline 0.011 -25"><span class='ocrx_word' id='word_1_685' title='bbox 1206 1979 1241 2041; x_wconf 92' lang='lat' dir='ltr'><strong>ni,</strong></span> <span class='ocrx_word' id='word_1_686' title='bbox 1264 1981 1450 2047; x_wconf 84' lang='lat' dir='ltr'><strong>praegrandes</strong></span> <span class='ocrx_word' id='word_1_687' title='bbox 1470 1981 1555 2044; x_wconf 83' lang='lat' dir='ltr'><strong>follis,</strong></span> <span class='ocrx_word' id='word_1_688' title='bbox 1579 1984 1658 2035; x_wconf 89' lang='lat' dir='ltr'><strong>caule</strong></span> <span class='ocrx_word' id='word_1_689' title='bbox 1678 1989 1789 2048; x_wconf 89' lang='lat' dir='ltr'><strong>tenues,</strong></span> <span class='ocrx_word' id='word_1_690' title='bbox 1807 2000 1906 2053; x_wconf 89' lang='lat' dir='ltr'><strong>sapore</strong></span> <span class='ocrx_word' id='word_1_691' title='bbox 1919 1987 1993 2038; x_wconf 88' lang='lat' dir='ltr'><strong>acuti</strong></span> 
     </span>
     <span class='ocr_line' id='line_1_101' title="bbox 1205 2047 2002 2122; baseline 0.008 -22"><span class='ocrx_word' id='word_1_692' title='bbox 1205 2047 1346 2100; x_wconf 89' lang='lat' dir='ltr'><strong>Sabellico</strong></span> <span class='ocrx_word' id='word_1_693' title='bbox 1367 2066 1454 2116; x_wconf 88' lang='lat' dir='ltr'><strong>usque</strong></span> <span class='ocrx_word' id='word_1_694' title='bbox 1474 2053 1501 2102; x_wconf 91' lang='lat' dir='ltr'><strong>in</strong></span> <span class='ocrx_word' id='word_1_695' title='bbox 1519 2052 1731 2107; x_wconf 88' lang='lat' dir='ltr'><strong>admirationem</strong></span> <span class='ocrx_word' id='word_1_696' title='bbox 1745 2055 2002 2122; x_wconf 86' lang='lat' dir='ltr'><strong>crispasuntfolia,</strong></span> 
     </span>
     <span class='ocr_line' id='line_1_102' title="bbox 1205 2119 2003 2189; baseline 0.01 -20"><span class='ocrx_word' id='word_1_697' title='bbox 1205 2133 1319 2185; x_wconf 90' lang='lat' dir='ltr'><strong>quorum</strong></span> <span class='ocrx_word' id='word_1_698' title='bbox 1332 2119 1488 2172; x_wconf 85' lang='lat' dir='ltr'><strong>crassitudo</strong></span> <span class='ocrx_word' id='word_1_699' title='bbox 1499 2122 1605 2174; x_wconf 88' lang='lat' dir='ltr'><strong>caulem</strong></span> <span class='ocrx_word' id='word_1_700' title='bbox 1618 2124 1708 2189; x_wconf 90' lang='lat' dir='ltr'><strong>ipsum</strong></span> <span class='ocrx_word' id='word_1_701' title='bbox 1719 2131 1868 2178; x_wconf 84' lang='lat' dir='ltr'><strong>extenuat:</strong></span> <span class='ocrx_word' id='word_1_702' title='bbox 1883 2124 1931 2177; x_wconf 90' lang='lat' dir='ltr'><strong>sed</strong></span> <span class='ocrx_word' id='word_1_703' title='bbox 1943 2126 2003 2177; x_wconf 89' lang='lat' dir='ltr'><strong>dul·</strong></span> 
     </span>
     <span class='ocr_line' id='line_1_103' title="bbox 1204 2188 2003 2262; baseline 0.011 -24"><span class='ocrx_word' id='word_1_704' title='bbox 1204 2188 1310 2239; x_wconf 89' lang='lat' dir='ltr'><strong>eissimi</strong></span> <span class='ocrx_word' id='word_1_705' title='bbox 1322 2188 1504 2255; x_wconf 86' lang='lat' dir='ltr'><strong>perhibentur</strong></span> <span class='ocrx_word' id='word_1_706' title='bbox 1514 2207 1548 2242; x_wconf 83' lang='lat' dir='ltr'><strong>ex</strong></span> <span class='ocrx_word' id='word_1_707' title='bbox 1560 2193 1695 2246; x_wconf 86' lang='lat' dir='ltr'><strong>onmibus.</strong></span> <span class='ocrx_word' id='word_1_708' title='bbox 1723 2194 1821 2262; x_wconf 87' lang='lat' dir='ltr'><strong>Nuper</strong></span> <span class='ocrx_word' id='word_1_709' title='bbox 1831 2196 1939 2248; x_wconf 91' lang='lat' dir='ltr'><strong>subiere</strong></span> <span class='ocrx_word' id='word_1_710' title='bbox 1950 2193 2003 2247; x_wconf 87' lang='lat' dir='ltr'><strong>La·</strong></span> 
     </span>
     <span class='ocr_line' id='line_1_104' title="bbox 1204 2259 1999 2330; baseline 0.01 -22"><span class='ocrx_word' id='word_1_711' title='bbox 1204 2263 1331 2309; x_wconf 89' lang='lat' dir='ltr'><strong>cuturres</strong></span> <span class='ocrx_word' id='word_1_712' title='bbox 1343 2273 1377 2309; x_wconf 85' lang='lat' dir='ltr'><strong>ex</strong></span> <span class='ocrx_word' id='word_1_713' title='bbox 1390 2259 1515 2311; x_wconf 71' lang='lat' dir='ltr'><strong>conualle</strong></span> <span class='ocrx_word' id='word_1_714' title='bbox 1527 2261 1649 2325; x_wconf 75' lang='lat' dir='ltr'><strong>Aricina,</strong></span> <span class='ocrx_word' id='word_1_715' title='bbox 1670 2264 1717 2315; x_wconf 91' lang='lat' dir='ltr'><strong>ubl</strong></span> <span class='ocrx_word' id='word_1_716' title='bbox 1735 2264 1871 2330; x_wconf 89' lang='lat' dir='ltr'><strong>quondam</strong></span> <span class='ocrx_word' id='word_1_717' title='bbox 1890 2265 1945 2316; x_wconf 87' lang='lat' dir='ltr'><strong>fuit</strong></span> <span class='ocrx_word' id='word_1_718' title='bbox 1960 2264 1999 2316; x_wconf 75' lang='lat' dir='ltr'><strong>la</strong></span> 
     </span>
     <span class='ocr_line' id='line_1_105' title="bbox 1205 2328 2002 2401; baseline 0.014 -25"><span class='ocrx_word' id='word_1_719' title='bbox 1205 2328 1409 2394; x_wconf 88' lang='lat' dir='ltr'><strong>cus,turrisque</strong></span> <span class='ocrx_word' id='word_1_720' title='bbox 1420 2344 1490 2396; x_wconf 89' lang='lat' dir='ltr'><strong>quae</strong></span> <span class='ocrx_word' id='word_1_721' title='bbox 1500 2340 1640 2382; x_wconf 81' lang='lat' dir='ltr'><strong>renuanet:</strong></span> <span class='ocrx_word' id='word_1_722' title='bbox 1652 2333 1744 2400; x_wconf 89' lang='lat' dir='ltr'><strong>capite</strong></span> <span class='ocrx_word' id='word_1_723' title='bbox 1756 2333 1952 2401; x_wconf 87' lang='lat' dir='ltr'><strong>praegrandes,</strong></span> <span class='ocrx_word' id='word_1_724' title='bbox 1961 2333 2002 2387; x_wconf 86' lang='lat' dir='ltr'><strong>fo·</strong></span> 
     </span>
     <span class='ocr_line' id='line_1_106' title="bbox 1204 2394 2000 2467; baseline 0.013 -22"><span class='ocrx_word' id='word_1_725' title='bbox 1204 2394 1243 2446; x_wconf 90' lang='lat' dir='ltr'><strong>lio</strong></span> <span class='ocrx_word' id='word_1_726' title='bbox 1255 2396 1405 2448; x_wconf 79' lang='lat' dir='ltr'><strong>innumeri:</strong></span> <span class='ocrx_word' id='word_1_727' title='bbox 1422 2399 1473 2448; x_wconf 75' lang='lat' dir='ltr'><strong>alii</strong></span> <span class='ocrx_word' id='word_1_728' title='bbox 1484 2401 1512 2449; x_wconf 92' lang='lat' dir='ltr'><strong>in</strong></span> <span class='ocrx_word' id='word_1_729' title='bbox 1524 2400 1766 2467; x_wconf 87' lang='lat' dir='ltr'><strong>orbcmporrecti,</strong></span> <span class='ocrx_word' id='word_1_730' title='bbox 1786 2404 1834 2455; x_wconf 86' lang='lat' dir='ltr'><strong>alii</strong></span> <span class='ocrx_word' id='word_1_731' title='bbox 1855 2405 1883 2454; x_wconf 90' lang='lat' dir='ltr'><strong>iu</strong></span> <span class='ocrx_word' id='word_1_732' title='bbox 1904 2404 2000 2455; x_wconf 90' lang='lat' dir='ltr'><strong>latitu-</strong></span> 
     </span>
     <span class='ocr_line' id='line_1_107' title="bbox 1204 2463 2002 2540; baseline 0.008 -26"><span class='ocrx_word' id='word_1_733' title='bbox 1204 2463 1296 2517; x_wconf 90' lang='lat' dir='ltr'><strong>dinem</strong></span> <span class='ocrx_word' id='word_1_734' title='bbox 1308 2466 1405 2518; x_wconf 88' lang='lat' dir='ltr'><strong>torosi.</strong></span> <span class='ocrx_word' id='word_1_735' title='bbox 1425 2466 1483 2520; x_wconf 90' lang='lat' dir='ltr'><strong>Nec</strong></span> <span class='ocrx_word' id='word_1_736' title='bbox 1494 2468 1556 2536; x_wconf 89' lang='lat' dir='ltr'><strong>plus</strong></span> <span class='ocrx_word' id='word_1_737' title='bbox 1569 2470 1635 2521; x_wconf 90' lang='lat' dir='ltr'><strong>ullis</strong></span> <span class='ocrx_word' id='word_1_738' title='bbox 1648 2472 1748 2538; x_wconf 89' lang='lat' dir='ltr'><strong>capitis</strong></span> <span class='ocrx_word' id='word_1_739' title='bbox 1759 2480 1822 2540; x_wconf 89' lang='lat' dir='ltr'><strong>post</strong></span> <span class='ocrx_word' id='word_1_740' title='bbox 1833 2474 2002 2531; x_wconf 69' lang='lat' dir='ltr'><strong>‘rauranum</strong></span> 
     </span>
     <span class='ocr_line' id='line_1_108' title="bbox 1205 2535 2000 2608; baseline 0.013 -26"><span class='ocrx_word' id='word_1_741' title='bbox 1205 2536 1247 2583; x_wconf 92' lang='lat' dir='ltr'><strong>cui</strong></span> <span class='ocrx_word' id='word_1_742' title='bbox 1260 2535 1359 2601; x_wconf 89' lang='lat' dir='ltr'><strong>pedale</strong></span> <span class='ocrx_word' id='word_1_743' title='bbox 1372 2536 1521 2603; x_wconf 84' lang='lat' dir='ltr'><strong>aliquando</strong></span> <span class='ocrx_word' id='word_1_744' title='bbox 1533 2542 1712 2608; x_wconf 84' lang='lat' dir='ltr'><strong>conspicitur,</strong></span> <span class='ocrx_word' id='word_1_745' title='bbox 1733 2547 1760 2591; x_wconf 93' lang='lat' dir='ltr'><strong>et</strong></span> <span class='ocrx_word' id='word_1_746' title='bbox 1771 2557 1852 2608; x_wconf 73' lang='lat' dir='ltr'><strong>cyma</strong></span> <span class='ocrx_word' id='word_1_747' title='bbox 1863 2542 1947 2592; x_wconf 90' lang='lat' dir='ltr'><strong>nullis</strong></span> <span class='ocrx_word' id='word_1_748' title='bbox 1957 2556 2000 2592; x_wconf 91' lang='lat' dir='ltr'><strong>se·</strong></span> 
     </span>
     <span class='ocr_line' id='line_1_109' title="bbox 1204 2601 2002 2677; baseline 0.01 -25"><span class='ocrx_word' id='word_1_749' title='bbox 1204 2601 1271 2656; x_wconf 81' lang='lat' dir='ltr'><strong>rior.</strong></span> <span class='ocrx_word' id='word_1_750' title='bbox 1308 2604 1467 2674; x_wconf 84' lang='lat' dir='ltr'><strong>cuicunque</strong></span> <span class='ocrx_word' id='word_1_751' title='bbox 1486 2615 1580 2661; x_wconf 87' lang='lat' dir='ltr'><strong>autern</strong></span> <span class='ocrx_word' id='word_1_752' title='bbox 1601 2611 1699 2675; x_wconf 85' lang='lat' dir='ltr'><strong>generi</strong></span> <span class='ocrx_word' id='word_1_753' title='bbox 1721 2613 1835 2677; x_wconf 84' lang='lat' dir='ltr'><strong>pruinae</strong></span> <span class='ocrx_word' id='word_1_754' title='bbox 1854 2608 2002 2675; x_wconf 88' lang='lat' dir='ltr'><strong>plurimum</strong></span> 
     </span>
     <span class='ocr_line' id='line_1_110' title="bbox 1204 2672 2002 2744; baseline 0.009 -22"><span class='ocrx_word' id='word_1_755' title='bbox 1204 2672 1351 2725; x_wconf 79' lang='lat' dir='ltr'><strong>suavitatis</strong></span> <span class='ocrx_word' id='word_1_756' title='bbox 1363 2675 1510 2727; x_wconf 83' lang='lat' dir='ltr'><strong>conserunt</strong></span> <span class='ocrx_word' id='word_1_757' title='bbox 1522 2697 1528 2729; x_wconf 85' lang='lat'><strong>:</strong></span> <span class='ocrx_word' id='word_1_758' title='bbox 1550 2685 1579 2727; x_wconf 90' lang='lat' dir='ltr'><strong>et</strong></span> <span class='ocrx_word' id='word_1_759' title='bbox 1590 2680 1645 2727; x_wconf 90' lang='lat' dir='ltr'><strong>nisi</strong></span> <span class='ocrx_word' id='word_1_760' title='bbox 1658 2678 1773 2744; x_wconf 92' lang='lat' dir='ltr'><strong>obliquo</strong></span> <span class='ocrx_word' id='word_1_761' title='bbox 1785 2680 1899 2730; x_wconf 77' lang='lat' dir='ltr'><strong>soluere</strong></span> <span class='ocrx_word' id='word_1_762' title='bbox 1909 2677 2002 2729; x_wconf 84' lang='lat' dir='ltr'><strong>defen·</strong></span> 
     </span>
     <span class='ocr_line' id='line_1_111' title="bbox 1205 2740 2003 2811; baseline 0.01 -22"><span class='ocrx_word' id='word_1_763' title='bbox 1205 2740 1290 2793; x_wconf 91' lang='lat' dir='ltr'><strong>datur</strong></span> <span class='ocrx_word' id='word_1_764' title='bbox 1301 2743 1431 2808; x_wconf 89' lang='lat' dir='ltr'><strong>medulla,</strong></span> <span class='ocrx_word' id='word_1_765' title='bbox 1452 2745 1600 2811; x_wconf 87' lang='lat' dir='ltr'><strong>plurimum</strong></span> <span class='ocrx_word' id='word_1_766' title='bbox 1613 2755 1722 2798; x_wconf 88' lang='lat' dir='ltr'><strong>nocent.</strong></span> <span class='ocrx_word' id='word_1_767' title='bbox 1750 2746 1855 2799; x_wconf 89' lang='lat' dir='ltr'><strong>Semini</strong></span> <span class='ocrx_word' id='word_1_768' title='bbox 1870 2748 2003 2799; x_wconf 84' lang='lat' dir='ltr'><strong>destinati</strong></span> 
     </span>
     <span class='ocr_line' id='line_1_112' title="bbox 1204 2814 2002 2884; baseline 0.009 -24"><span class='ocrx_word' id='word_1_769' title='bbox 1204 2826 1259 2861; x_wconf 89' lang='lat' dir='ltr'><strong>aon</strong></span> <span class='ocrx_word' id='word_1_770' title='bbox 1270 2820 1409 2862; x_wconf 89' lang='lat' dir='ltr'><strong>secantur.</strong></span> <span class='ocrx_word' id='word_1_771' title='bbox 1444 2816 1497 2864; x_wconf 78' lang='lat' dir='ltr'><strong>list</strong></span> <span class='ocrx_word' id='word_1_772' title='bbox 1516 2814 1600 2865; x_wconf 83' lang='lat' dir='ltr'><strong>etiam</strong></span> <span class='ocrx_word' id='word_1_773' title='bbox 1611 2831 1663 2866; x_wconf 86' lang='lat' dir='ltr'><strong>sua</strong></span> <span class='ocrx_word' id='word_1_774' title='bbox 1673 2817 1769 2882; x_wconf 88' lang='lat' dir='ltr'><strong>gratia</strong></span> <span class='ocrx_word' id='word_1_775' title='bbox 1778 2832 1916 2884; x_wconf 86' lang='lat' dir='ltr'><strong>nurrquam</strong></span> <span class='ocrx_word' id='word_1_776' title='bbox 1927 2816 2002 2883; x_wconf 88' lang='lat' dir='ltr'><strong>plan·</strong></span> 
     </span>
     <span class='ocr_line' id='line_1_113' title="bbox 1204 2877 2002 2952; baseline 0.011 -24"><span class='ocrx_word' id='word_1_777' title='bbox 1204 2883 1248 2930; x_wconf 91' lang='lat' dir='ltr'><strong>tae</strong></span> <span class='ocrx_word' id='word_1_778' title='bbox 1260 2877 1382 2931; x_wconf 90' lang='lat' dir='ltr'><strong>habitum</strong></span> <span class='ocrx_word' id='word_1_779' title='bbox 1395 2881 1609 2934; x_wconf 80' lang='lat' dir='ltr'><strong>excellentibus:</strong></span> <span class='ocrx_word' id='word_1_780' title='bbox 1629 2883 1800 2949; x_wconf 78' lang='lat' dir='ltr'><strong>hainryrirlia</strong></span> <span class='ocrx_word' id='word_1_781' title='bbox 1811 2894 1920 2948; x_wconf 78' lang='lat' dir='ltr'><strong>uocant,</strong></span> <span class='ocrx_word' id='word_1_782' title='bbox 1936 2900 2002 2952; x_wconf 92' lang='lat' dir='ltr'><strong>quo-</strong></span> 
     </span>
     <span class='ocr_line' id='line_1_114' title="bbox 1203 2947 2003 3021; baseline 0.01 -23"><span class='ocrx_word' id='word_1_783' title='bbox 1203 2951 1274 2998; x_wconf 91' lang='lat' dir='ltr'><strong>niam</strong></span> <span class='ocrx_word' id='word_1_784' title='bbox 1286 2947 1339 2998; x_wconf 89' lang='lat' dir='ltr'><strong>nisi</strong></span> <span class='ocrx_word' id='word_1_785' title='bbox 1351 2950 1380 2999; x_wconf 92' lang='lat' dir='ltr'><strong>in</strong></span> <span class='ocrx_word' id='word_1_786' title='bbox 1393 2950 1540 3001; x_wconf 87' lang='lat' dir='ltr'><strong>araritimis</strong></span> <span class='ocrx_word' id='word_1_787' title='bbox 1556 2965 1610 3000; x_wconf 92' lang='lat' dir='ltr'><strong>non</strong></span> <span class='ocrx_word' id='word_1_788' title='bbox 1621 2951 1801 3016; x_wconf 82' lang='lat' dir='ltr'><strong>proveniunt,</strong></span> <span class='ocrx_word' id='word_1_789' title='bbox 1821 2956 2003 3021; x_wconf 76' lang='lat' dir='ltr'><strong>nauigatione</strong></span> 
     </span>
     <span class='ocr_line' id='line_1_115' title="bbox 1203 3016 2001 3084; baseline 0.013 -19"><span class='ocrx_word' id='word_1_790' title='bbox 1203 3030 1313 3084; x_wconf 88' lang='lat' dir='ltr'><strong>quoque</strong></span> <span class='ocrx_word' id='word_1_791' title='bbox 1325 3016 1476 3083; x_wconf 82' lang='lat' dir='ltr'><strong>lorrginqua</strong></span> <span class='ocrx_word' id='word_1_792' title='bbox 1488 3018 1622 3069; x_wconf 77' lang='lat' dir='ltr'><strong>uiridibus</strong></span> <span class='ocrx_word' id='word_1_793' title='bbox 1634 3019 1800 3070; x_wconf 83' lang='lat' dir='ltr'><strong>adservatis.</strong></span> <span class='ocrx_word' id='word_1_794' title='bbox 1836 3021 1939 3074; x_wconf 88' lang='lat' dir='ltr'><strong>Statim</strong></span> <span class='ocrx_word' id='word_1_795' title='bbox 1952 3023 2001 3075; x_wconf 90' lang='lat' dir='ltr'><strong>de·</strong></span> 
     </span>
     <span class='ocr_line' id='line_1_116' title="bbox 1202 3084 2005 3157; baseline 0.006 -20"><span class='ocrx_word' id='word_1_796' title='bbox 1202 3085 1272 3137; x_wconf 89' lang='lat' dir='ltr'><strong>secti</strong></span> <span class='ocrx_word' id='word_1_797' title='bbox 1283 3086 1324 3135; x_wconf 90' lang='lat' dir='ltr'><strong>ita</strong></span> <span class='ocrx_word' id='word_1_798' title='bbox 1334 3084 1484 3137; x_wconf 88' lang='lat' dir='ltr'><strong>nehuarunr</strong></span> <span class='ocrx_word' id='word_1_799' title='bbox 1497 3090 1678 3154; x_wconf 64' lang='lat' dir='ltr'><strong>attingentis</strong></span> <span class='ocrx_word' id='word_1_800' title='bbox 1686 3087 1769 3139; x_wconf 87' lang='lat' dir='ltr'><strong>cados</strong></span> <span class='ocrx_word' id='word_1_801' title='bbox 1781 3087 1925 3157; x_wconf 85' lang='lat' dir='ltr'><strong>oleiquanr</strong></span> <span class='ocrx_word' id='word_1_802' title='bbox 1937 3106 2005 3157; x_wconf 89' lang='lat' dir='ltr'><strong>pro·</strong></span> 
     </span>
     <span class='ocr_line' id='line_1_117' title="bbox 1202 3154 2002 3226; baseline 0.008 -20"><span class='ocrx_word' id='word_1_803' title='bbox 1202 3155 1275 3206; x_wconf 78' lang='lat' dir='ltr'><strong>sinae</strong></span> <span class='ocrx_word' id='word_1_804' title='bbox 1287 3155 1406 3206; x_wconf 87' lang='lat' dir='ltr'><strong>siccatos</strong></span> <span class='ocrx_word' id='word_1_805' title='bbox 1417 3158 1617 3223; x_wconf 91' lang='lat' dir='ltr'><strong>obturatosque</strong></span> <span class='ocrx_word' id='word_1_806' title='bbox 1627 3154 1793 3219; x_wconf 84' lang='lat' dir='ltr'><strong>conduntur,</strong></span> <span class='ocrx_word' id='word_1_807' title='bbox 1815 3158 1889 3209; x_wconf 90' lang='lat' dir='ltr'><strong>omni</strong></span> <span class='ocrx_word' id='word_1_808' title='bbox 1901 3162 2002 3226; x_wconf 86' lang='lat' dir='ltr'><strong>spiritu</strong></span> 
     </span>
     <span class='ocr_line' id='line_1_118' title="bbox 1203 3223 2001 3294; baseline 0.008 -19"><span class='ocrx_word' id='word_1_809' title='bbox 1203 3224 1326 3275; x_wconf 82' lang='lat' dir='ltr'><strong>excluso.</strong></span> <span class='ocrx_word' id='word_1_810' title='bbox 1346 3223 1415 3277; x_wconf 84' lang='lat' dir='ltr'><strong>sant</strong></span> <span class='ocrx_word' id='word_1_811' title='bbox 1426 3227 1470 3293; x_wconf 90' lang='lat' dir='ltr'><strong>qui</strong></span> <span class='ocrx_word' id='word_1_812' title='bbox 1482 3226 1606 3292; x_wconf 89' lang='lat' dir='ltr'><strong>plantam</strong></span> <span class='ocrx_word' id='word_1_813' title='bbox 1617 3228 1646 3278; x_wconf 90' lang='lat' dir='ltr'><strong>in</strong></span> <span class='ocrx_word' id='word_1_814' title='bbox 1655 3227 1852 3279; x_wconf 84' lang='lat' dir='ltr'><strong>transferendo</strong></span> <span class='ocrx_word' id='word_1_815' title='bbox 1866 3228 1929 3294; x_wconf 89' lang='lat' dir='ltr'><strong>alga</strong></span> <span class='ocrx_word' id='word_1_816' title='bbox 1939 3231 2001 3281; x_wconf 88' lang='lat' dir='ltr'><strong>suh·</strong></span> 
     </span>
     <span class='ocr_line' id='line_1_119' title="bbox 1203 3293 2000 3366; baseline 0.006 -22"><span class='ocrx_word' id='word_1_817' title='bbox 1203 3294 1263 3345; x_wconf 88' lang='lat' dir='ltr'><strong>dita</strong></span> <span class='ocrx_word' id='word_1_818' title='bbox 1274 3293 1411 3360; x_wconf 89' lang='lat' dir='ltr'><strong>pediculo,</strong></span> <span class='ocrx_word' id='word_1_819' title='bbox 1433 3297 1542 3347; x_wconf 87' lang='lat' dir='ltr'><strong>nitrore</strong></span> <span class='ocrx_word' id='word_1_820' title='bbox 1554 3297 1633 3360; x_wconf 91' lang='lat' dir='ltr'><strong>trito,</strong></span> <span class='ocrx_word' id='word_1_821' title='bbox 1656 3297 1731 3366; x_wconf 92' lang='lat' dir='ltr'><strong>quod</strong></span> <span class='ocrx_word' id='word_1_822' title='bbox 1743 3298 1836 3349; x_wconf 90' lang='lat' dir='ltr'><strong>tribus</strong></span> <span class='ocrx_word' id='word_1_823' title='bbox 1849 3297 1944 3365; x_wconf 87' lang='lat' dir='ltr'><strong>digitis</strong></span> <span class='ocrx_word' id='word_1_824' title='bbox 1957 3315 2000 3349; x_wconf 89' lang='lat' dir='ltr'><strong>ca-</strong></span> 
     </span>
     <span class='ocr_line' id='line_1_120' title="bbox 1203 3363 2000 3433; baseline 0.003 -20"><span class='ocrx_word' id='word_1_825' title='bbox 1203 3363 1306 3429; x_wconf 89' lang='lat' dir='ltr'><strong>piatur,</strong></span> <span class='ocrx_word' id='word_1_826' title='bbox 1319 3364 1480 3416; x_wconf 87' lang='lat' dir='ltr'><strong>celcriorem</strong></span> <span class='ocrx_word' id='word_1_827' title='bbox 1492 3365 1527 3415; x_wconf 86' lang='lat' dir='ltr'><strong>ad</strong></span> <span class='ocrx_word' id='word_1_828' title='bbox 1539 3370 1727 3419; x_wconf 78' lang='lat' dir='ltr'><strong>anctoritatem</strong></span> <span class='ocrx_word' id='word_1_829' title='bbox 1740 3367 1801 3420; x_wconf 88' lang='lat' dir='ltr'><strong>fleri</strong></span> <span class='ocrx_word' id='word_1_830' title='bbox 1814 3374 1918 3433; x_wconf 85' lang='lat' dir='ltr'><strong>putent.</strong></span> <span class='ocrx_word' id='word_1_831' title='bbox 1931 3366 2000 3419; x_wconf 85' lang='lat' dir='ltr'><strong>Sunt</strong></span> 
     </span>
     <span class='ocr_line' id='line_1_121' title="bbox 1203 3433 2001 3503; baseline 0.004 -22"><span class='ocrx_word' id='word_1_832' title='bbox 1203 3433 1247 3498; x_wconf 89' lang='lat' dir='ltr'><strong>qui</strong></span> <span class='ocrx_word' id='word_1_833' title='bbox 1260 3448 1355 3484; x_wconf 77' lang='lat' dir='ltr'><strong>senten</strong></span> <span class='ocrx_word' id='word_1_834' title='bbox 1368 3434 1471 3484; x_wconf 84' lang='lat' dir='ltr'><strong>trifolii</strong></span> <span class='ocrx_word' id='word_1_835' title='bbox 1482 3435 1639 3502; x_wconf 89' lang='lat' dir='ltr'><strong>nitrumque</strong></span> <span class='ocrx_word' id='word_1_836' title='bbox 1651 3436 1731 3487; x_wconf 90' lang='lat' dir='ltr'><strong>simul</strong></span> <span class='ocrx_word' id='word_1_837' title='bbox 1742 3437 1839 3487; x_wconf 88' lang='lat' dir='ltr'><strong>tritum</strong></span> <span class='ocrx_word' id='word_1_838' title='bbox 1848 3442 2001 3503; x_wconf 83' lang='lat' dir='ltr'><strong>aspergant</strong></span> 
     </span>
    </p>
   </div>
   <div class='ocr_carea' id='block_1_7' title="bbox 1190 3501 2001 3571">
    <p class='ocr_par' dir='ltr' id='par_1_15' title="bbox 1190 3501 2001 3571">
     <span class='ocr_line' id='line_1_122' title="bbox 1190 3501 2001 3571; baseline 0.005 -20"><span class='ocrx_word' id='word_1_839' title='bbox 1190 3501 1287 3553; x_wconf 72' lang='lat' dir='ltr'><strong>foliis.</strong></span> <span class='ocrx_word' id='word_1_840' title='bbox 1315 3502 1425 3553; x_wconf 89' lang='lat' dir='ltr'><strong>Nitrum</strong></span> <span class='ocrx_word' id='word_1_841' title='bbox 1437 3505 1464 3554; x_wconf 89' lang='lat' dir='ltr'><strong>in</strong></span> <span class='ocrx_word' id='word_1_842' title='bbox 1476 3505 1620 3571; x_wconf 86' lang='lat' dir='ltr'><strong>coquendo</strong></span> <span class='ocrx_word' id='word_1_843' title='bbox 1632 3506 1717 3556; x_wconf 88' lang='lat' dir='ltr'><strong>etiam</strong></span> <span class='ocrx_word' id='word_1_844' title='bbox 1728 3505 1896 3556; x_wconf 80' lang='lat' dir='ltr'><strong>viriditatem</strong></span> <span class='ocrx_word' id='word_1_845' title='bbox 1909 3512 2001 3556; x_wconf 85' lang='lat' dir='ltr'><strong>eusto-</strong></span> 
     </span>
    </p>
   </div>
   <div class='ocr_carea' id='block_1_8' title="bbox 1195 3569 2038 5650">
    <p class='ocr_par' dir='ltr' id='par_1_16' title="bbox 1199 3569 1998 4245">
     <span class='ocr_line' id='line_1_123' title="bbox 1201 3569 1997 3647; baseline 0.006 -28"><span class='ocrx_word' id='word_1_846' title='bbox 1201 3569 1257 3622; x_wconf 88' lang='lat' dir='ltr'><strong>dlt:</strong></span> <span class='ocrx_word' id='word_1_847' title='bbox 1278 3573 1473 3647; x_wconf 57' lang='lat' dir='ltr'><strong>stthi‘i&#39;ffl</strong></span> <span class='ocrx_word' id='word_1_848' title='bbox 1493 3580 1614 3636; x_wconf 90' lang='lat' dir='ltr'><strong>coctura,</strong></span> <span class='ocrx_word' id='word_1_849' title='bbox 1634 3574 1697 3626; x_wconf 92' lang='lat' dir='ltr'><strong>oleo</strong></span> <span class='ocrx_word' id='word_1_850' title='bbox 1709 3574 1818 3634; x_wconf 89' lang='lat' dir='ltr'><strong>acsalc,</strong></span> <span class='ocrx_word' id='word_1_851' title='bbox 1840 3572 1997 3641; x_wconf 86' lang='lat' dir='ltr'><strong>priusquam</strong></span> 
     </span>
     <span class='ocr_line' id='line_1_124' title="bbox 1201 3641 1998 3711; baseline 0.005 -22"><span class='ocrx_word' id='word_1_852' title='bbox 1201 3647 1364 3705; x_wconf 90' lang='lat' dir='ltr'><strong>coquantur,</strong></span> <span class='ocrx_word' id='word_1_853' title='bbox 1377 3642 1532 3692; x_wconf 76' lang='lat' dir='ltr'><strong>numeratis.</strong></span> <span class='ocrx_word' id='word_1_854' title='bbox 1568 3643 1620 3692; x_wconf 89' lang='lat' dir='ltr'><strong>Est</strong></span> <span class='ocrx_word' id='word_1_855' title='bbox 1633 3647 1705 3695; x_wconf 86' lang='lat' dir='ltr'><strong>inter</strong></span> <span class='ocrx_word' id='word_1_856' title='bbox 1717 3641 1815 3695; x_wconf 86' lang='lat' dir='ltr'><strong>herbas</strong></span> <span class='ocrx_word' id='word_1_857' title='bbox 1826 3659 1913 3711; x_wconf 85' lang='lat' dir='ltr'><strong>genus</strong></span> <span class='ocrx_word' id='word_1_858' title='bbox 1928 3644 1998 3693; x_wconf 87' lang='lat' dir='ltr'><strong>inse·</strong></span> 
     </span>
     <span class='ocr_line' id='line_1_125' title="bbox 1201 3708 1996 3777; baseline 0.004 -18"><span class='ocrx_word' id='word_1_859' title='bbox 1201 3708 1290 3769; x_wconf 76' lang='lat' dir='ltr'><strong>seneli,</strong></span> <span class='ocrx_word' id='word_1_860' title='bbox 1313 3710 1446 3775; x_wconf 85' lang='lat' dir='ltr'><strong>praecisis</strong></span> <span class='ocrx_word' id='word_1_861' title='bbox 1457 3710 1629 3777; x_wconf 89' lang='lat' dir='ltr'><strong>germinibus</strong></span> <span class='ocrx_word' id='word_1_862' title='bbox 1641 3712 1738 3775; x_wconf 90' lang='lat' dir='ltr'><strong>caulis,</strong></span> <span class='ocrx_word' id='word_1_863' title='bbox 1758 3719 1788 3764; x_wconf 91' lang='lat' dir='ltr'><strong>et</strong></span> <span class='ocrx_word' id='word_1_864' title='bbox 1807 3713 1834 3763; x_wconf 91' lang='lat' dir='ltr'><strong>in</strong></span> <span class='ocrx_word' id='word_1_865' title='bbox 1849 3711 1996 3765; x_wconf 85' lang='lat' dir='ltr'><strong>medullam</strong></span> 
     </span>
     <span class='ocr_line' id='line_1_126' title="bbox 1200 3778 1998 3835; baseline 0.008 -8"><span class='ocrx_word' id='word_1_866' title='bbox 1200 3780 1305 3829; x_wconf 78' lang='lat' dir='ltr'><strong>sentiae</strong></span> <span class='ocrx_word' id='word_1_867' title='bbox 1319 3792 1352 3827; x_wconf 85' lang='lat' dir='ltr'><strong>ex</strong></span> <span class='ocrx_word' id='word_1_868' title='bbox 1368 3778 1432 3829; x_wconf 87' lang='lat' dir='ltr'><strong>allis</strong></span> <span class='ocrx_word' id='word_1_869' title='bbox 1453 3779 1558 3829; x_wconf 89' lang='lat' dir='ltr'><strong>addito.</strong></span> <span class='ocrx_word' id='word_1_870' title='bbox 1595 3780 1659 3831; x_wconf 89' lang='lat' dir='ltr'><strong>iloe</strong></span> <span class='ocrx_word' id='word_1_871' title='bbox 1676 3790 1704 3833; x_wconf 92' lang='lat' dir='ltr'><strong>et</strong></span> <span class='ocrx_word' id='word_1_872' title='bbox 1719 3782 1747 3832; x_wconf 90' lang='lat' dir='ltr'><strong>in</strong></span> <span class='ocrx_word' id='word_1_873' title='bbox 1763 3796 1907 3835; x_wconf 86' lang='lat' dir='ltr'><strong>cucumere</strong></span> <span class='ocrx_word' id='word_1_874' title='bbox 1920 3780 1998 3833; x_wconf 84' lang='lat' dir='ltr'><strong>silre·</strong></span> 
     </span>
     <span class='ocr_line' id='line_1_127' title="bbox 1200 3845 1997 3914; baseline 0.009 -19"><span class='ocrx_word' id='word_1_875' title='bbox 1200 3845 1261 3896; x_wconf 88' lang='lat' dir='ltr'><strong>stri.</strong></span> <span class='ocrx_word' id='word_1_876' title='bbox 1293 3846 1350 3896; x_wconf 88' lang='lat' dir='ltr'><strong>Nec</strong></span> <span class='ocrx_word' id='word_1_877' title='bbox 1362 3861 1417 3896; x_wconf 91' lang='lat' dir='ltr'><strong>non</strong></span> <span class='ocrx_word' id='word_1_878' title='bbox 1428 3847 1488 3913; x_wconf 79' lang='lat' dir='ltr'><strong>olus</strong></span> <span class='ocrx_word' id='word_1_879' title='bbox 1500 3862 1609 3914; x_wconf 89' lang='lat' dir='ltr'><strong>quoque</strong></span> <span class='ocrx_word' id='word_1_880' title='bbox 1620 3849 1751 3901; x_wconf 84' lang='lat' dir='ltr'><strong>silvestre</strong></span> <span class='ocrx_word' id='word_1_881' title='bbox 1763 3858 1805 3902; x_wconf 90' lang='lat' dir='ltr'><strong>est</strong></span> <span class='ocrx_word' id='word_1_882' title='bbox 1820 3852 1902 3902; x_wconf 89' lang='lat' dir='ltr'><strong>trium</strong></span> <span class='ocrx_word' id='word_1_883' title='bbox 1915 3849 1997 3902; x_wconf 87' lang='lat' dir='ltr'><strong>folio·</strong></span> 
     </span>
     <span class='ocr_line' id='line_1_128' title="bbox 1200 3914 1997 3987; baseline 0.004 -20"><span class='ocrx_word' id='word_1_884' title='bbox 1200 3930 1270 3975; x_wconf 90' lang='lat' dir='ltr'><strong>rum,</strong></span> <span class='ocrx_word' id='word_1_885' title='bbox 1291 3914 1355 3965; x_wconf 84' lang='lat' dir='ltr'><strong>Diri</strong></span> <span class='ocrx_word' id='word_1_886' title='bbox 1369 3916 1430 3966; x_wconf 87' lang='lat' dir='ltr'><strong>lulli</strong></span> <span class='ocrx_word' id='word_1_887' title='bbox 1451 3918 1619 3969; x_wconf 78' lang='lat' dir='ltr'><strong>carolinibus</strong></span> <span class='ocrx_word' id='word_1_888' title='bbox 1631 3923 1779 3987; x_wconf 90' lang='lat' dir='ltr'><strong>praecipue</strong></span> <span class='ocrx_word' id='word_1_889' title='bbox 1793 3920 1914 3987; x_wconf 85' lang='lat' dir='ltr'><strong>iocisque</strong></span> <span class='ocrx_word' id='word_1_890' title='bbox 1927 3919 1997 3971; x_wconf 85' lang='lat' dir='ltr'><strong>mili·</strong></span> 
     </span>
     <span class='ocr_line' id='line_1_129' title="bbox 1199 3984 1998 4059; baseline 0.008 -24"><span class='ocrx_word' id='word_1_891' title='bbox 1199 3984 1304 4036; x_wconf 86' lang='lat' dir='ltr'><strong>turibus</strong></span> <span class='ocrx_word' id='word_1_892' title='bbox 1316 3984 1500 4038; x_wconf 85' lang='lat' dir='ltr'><strong>celebratum:</strong></span> <span class='ocrx_word' id='word_1_893' title='bbox 1522 3986 1640 4040; x_wconf 86' lang='lat' dir='ltr'><strong>alternis</strong></span> <span class='ocrx_word' id='word_1_894' title='bbox 1651 3991 1754 4059; x_wconf 87' lang='lat' dir='ltr'><strong>quippe</strong></span> <span class='ocrx_word' id='word_1_895' title='bbox 1764 3992 1891 4043; x_wconf 74' lang='lat' dir='ltr'><strong>versibus</strong></span> <span class='ocrx_word' id='word_1_896' title='bbox 1901 4005 1998 4055; x_wconf 76' lang='lat' dir='ltr'><strong>expro-</strong></span> 
     </span>
     <span class='ocr_line' id='line_1_130' title="bbox 1199 4053 1998 4127; baseline 0.009 -23"><span class='ocrx_word' id='word_1_897' title='bbox 1199 4055 1315 4105; x_wconf 83' lang='lat' dir='ltr'><strong>bravere</strong></span> <span class='ocrx_word' id='word_1_898' title='bbox 1327 4053 1445 4120; x_wconf 64' lang='lat' dir='ltr'><strong>[apsens</strong></span> <span class='ocrx_word' id='word_1_899' title='bbox 1458 4070 1489 4110; x_wconf 87' lang='lat' dir='ltr'><strong>se</strong></span> <span class='ocrx_word' id='word_1_900' title='bbox 1505 4058 1608 4113; x_wconf 78' lang='lat' dir='ltr'><strong>risisse</strong></span> <span class='ocrx_word' id='word_1_901' title='bbox 1619 4061 1692 4127; x_wconf 85' lang='lat' dir='ltr'><strong>apud</strong></span> <span class='ocrx_word' id='word_1_902' title='bbox 1703 4058 1895 4127; x_wconf 75' lang='lat' dir='ltr'><strong>Dyrrachium,</strong></span> <span class='ocrx_word' id='word_1_903' title='bbox 1915 4074 1998 4125; x_wconf 83' lang='lat' dir='ltr'><strong>prue-</strong></span> 
     </span>
     <span class='ocr_line' id='line_1_131' title="bbox 1199 4125 1997 4244; baseline 0.004 -69"><span class='ocrx_word' id='word_1_904' title='bbox 1199 4125 1316 4244; x_wconf 61' lang='lat' dir='ltr'><strong>mliorum</strong></span> <span class='ocrx_word' id='word_1_905' title='bbox 1329 4125 1526 4190; x_wconf 86' lang='lat' dir='ltr'><strong>parcimoniam</strong></span> <span class='ocrx_word' id='word_1_906' title='bbox 1538 4129 1713 4183; x_wconf 78' lang='lat' dir='ltr'><strong>cauillantes:</strong></span> <span class='ocrx_word' id='word_1_907' title='bbox 1726 4136 1769 4182; x_wconf 91' lang='lat' dir='ltr'><strong>cst</strong></span> <span class='ocrx_word' id='word_1_908' title='bbox 1778 4139 1870 4183; x_wconf 88' lang='lat' dir='ltr'><strong>autem</strong></span> <span class='ocrx_word' id='word_1_909' title='bbox 1880 4128 1997 4195; x_wconf 76' lang='lat' dir='ltr'><strong>idcpnra</strong></span> 
     </span>
     <span class='ocr_line' id='line_1_132' title="bbox 1199 4195 1346 4245; baseline 0 0"><span class='ocrx_word' id='word_1_910' title='bbox 1199 4195 1346 4245; x_wconf 86' lang='lat' dir='ltr'><strong>sivestris.</strong></span> 
     </span>
    </p>

    <p class='ocr_par' dir='ltr' id='par_1_17' title="bbox 1195 4261 2038 5161">
     <span class='ocr_line' id='line_1_133' title="bbox 1233 4261 2038 4333; baseline 0.007 -20"><span class='ocrx_word' id='word_1_911' title='bbox 1233 4261 1321 4314; x_wconf 76' lang='lat' dir='ltr'><strong>xbll.</strong></span> <span class='ocrx_word' id='word_1_912' title='bbox 1333 4264 1460 4316; x_wconf 88' lang='lat' dir='ltr'><strong>Omnium</strong></span> <span class='ocrx_word' id='word_1_913' title='bbox 1468 4264 1839 4321; x_wconf 88' lang='lat' dir='ltr'><strong>hortensiorumlautissima</strong></span> <span class='ocrx_word' id='word_1_914' title='bbox 1847 4281 1912 4319; x_wconf 89' lang='lat' dir='ltr'><strong>eura</strong></span> <span class='ocrx_word' id='word_1_915' title='bbox 1921 4281 1999 4333; x_wconf 87' lang='lat' dir='ltr'><strong>aspa·</strong></span> <span class='ocrx_word' id='word_1_916' title='bbox 2007 4268 2038 4319; x_wconf 74' lang='lat' dir='ltr'><strong>i·</strong></span> 
     </span>
     <span class='ocr_line' id='line_1_134' title="bbox 1199 4331 1998 4403; baseline 0.006 -21"><span class='ocrx_word' id='word_1_917' title='bbox 1199 4332 1284 4398; x_wconf 89' lang='lat' dir='ltr'><strong>ragis.</strong></span> <span class='ocrx_word' id='word_1_918' title='bbox 1321 4331 1364 4385; x_wconf 89' lang='lat' dir='ltr'><strong>De</strong></span> <span class='ocrx_word' id='word_1_919' title='bbox 1376 4336 1485 4403; x_wconf 90' lang='lat' dir='ltr'><strong>origine</strong></span> <span class='ocrx_word' id='word_1_920' title='bbox 1497 4353 1591 4389; x_wconf 87' lang='lat' dir='ltr'><strong>eorum</strong></span> <span class='ocrx_word' id='word_1_921' title='bbox 1605 4340 1632 4390; x_wconf 90' lang='lat' dir='ltr'><strong>in</strong></span> <span class='ocrx_word' id='word_1_922' title='bbox 1645 4339 1819 4390; x_wconf 79' lang='lat' dir='ltr'><strong>silvestribus</strong></span> <span class='ocrx_word' id='word_1_923' title='bbox 1831 4336 1903 4389; x_wconf 85' lang='lat' dir='ltr'><strong>curie</strong></span> <span class='ocrx_word' id='word_1_924' title='bbox 1916 4336 1998 4387; x_wconf 79' lang='lat' dir='ltr'><strong>abura-</strong></span> 
     </span>
     <span class='ocr_line' id='line_1_135' title="bbox 1199 4400 1997 4470; baseline 0.003 -17"><span class='ocrx_word' id='word_1_925' title='bbox 1199 4400 1359 4464; x_wconf 86' lang='lat' dir='ltr'><strong>dedictum,</strong></span> <span class='ocrx_word' id='word_1_926' title='bbox 1373 4408 1401 4453; x_wconf 88' lang='lat' dir='ltr'><strong>et</strong></span> <span class='ocrx_word' id='word_1_927' title='bbox 1414 4407 1554 4470; x_wconf 89' lang='lat' dir='ltr'><strong>quomodo</strong></span> <span class='ocrx_word' id='word_1_928' title='bbox 1570 4423 1618 4460; x_wconf 91' lang='lat' dir='ltr'><strong>eos</strong></span> <span class='ocrx_word' id='word_1_929' title='bbox 1636 4410 1743 4460; x_wconf 90' lang='lat' dir='ltr'><strong>iuberet</strong></span> <span class='ocrx_word' id='word_1_930' title='bbox 1755 4411 1825 4459; x_wconf 85' lang='lat' dir='ltr'><strong>Cato</strong></span> <span class='ocrx_word' id='word_1_931' title='bbox 1842 4408 1868 4458; x_wconf 90' lang='lat' dir='ltr'><strong>iu</strong></span> <span class='ocrx_word' id='word_1_932' title='bbox 1880 4405 1997 4457; x_wconf 88' lang='lat' dir='ltr'><strong>arundi-</strong></span> 
     </span>
     <span class='ocr_line' id='line_1_136' title="bbox 1198 4471 2023 4543; baseline 0.006 -23"><span class='ocrx_word' id='word_1_933' title='bbox 1198 4472 1272 4521; x_wconf 86' lang='lat' dir='ltr'><strong>netis</strong></span> <span class='ocrx_word' id='word_1_934' title='bbox 1283 4471 1347 4521; x_wconf 90' lang='lat' dir='ltr'><strong>seri.</strong></span> <span class='ocrx_word' id='word_1_935' title='bbox 1367 4471 1418 4524; x_wconf 84' lang='lat' dir='ltr'><strong>Est</strong></span> <span class='ocrx_word' id='word_1_936' title='bbox 1427 4475 1538 4527; x_wconf 81' lang='lat' dir='ltr'><strong>etaliutl</strong></span> <span class='ocrx_word' id='word_1_937' title='bbox 1550 4491 1635 4542; x_wconf 86' lang='lat' dir='ltr'><strong>genus</strong></span> <span class='ocrx_word' id='word_1_938' title='bbox 1646 4474 1777 4529; x_wconf 88' lang='lat' dir='ltr'><strong>incultius</strong></span> <span class='ocrx_word' id='word_1_939' title='bbox 1791 4490 1937 4543; x_wconf 82' lang='lat' dir='ltr'><strong>asparago,</strong></span> <span class='ocrx_word' id='word_1_940' title='bbox 1946 4476 1997 4525; x_wconf 83' lang='lat' dir='ltr'><strong>nri·</strong></span> <span class='ocrx_word' id='word_1_941' title='bbox 2006 4476 2023 4513; x_wconf 81' lang='lat' dir='ltr'><strong>-t</strong></span> 
     </span>
     <span class='ocr_line' id='line_1_137' title="bbox 1197 4539 2000 4603; baseline 0.007 -14"><span class='ocrx_word' id='word_1_942' title='bbox 1197 4540 1255 4591; x_wconf 89' lang='lat' dir='ltr'><strong>tius</strong></span> <span class='ocrx_word' id='word_1_943' title='bbox 1266 4539 1393 4603; x_wconf 88' lang='lat' dir='ltr'><strong>corruda,</strong></span> <span class='ocrx_word' id='word_1_944' title='bbox 1432 4546 1515 4595; x_wconf 88' lang='lat' dir='ltr'><strong>assim</strong></span> <span class='ocrx_word' id='word_1_945' title='bbox 1527 4546 1610 4597; x_wconf 89' lang='lat' dir='ltr'><strong>etiam</strong></span> <span class='ocrx_word' id='word_1_946' title='bbox 1625 4547 1767 4597; x_wconf 90' lang='lat' dir='ltr'><strong>montibus</strong></span> <span class='ocrx_word' id='word_1_947' title='bbox 1778 4562 1902 4603; x_wconf 72' lang='lat' dir='ltr'><strong>irascens,</strong></span> <span class='ocrx_word' id='word_1_948' title='bbox 1914 4542 2000 4596; x_wconf 85' lang='lat' dir='ltr'><strong>refer·</strong></span> 
     </span>
     <span class='ocr_line' id='line_1_138' title="bbox 1197 4558 2000 4680; baseline 0.007 -19"><span class='ocrx_word' id='word_1_949' title='bbox 1197 4609 1235 4661; x_wconf 84' lang='lat' dir='ltr'><strong>tis</strong></span> <span class='ocrx_word' id='word_1_950' title='bbox 1246 4610 1399 4677; x_wconf 88' lang='lat' dir='ltr'><strong>superioris</strong></span> <span class='ocrx_word' id='word_1_951' title='bbox 1411 4558 1577 4666; x_wconf 54' lang='lat' dir='ltr'><strong>germaniae</strong></span> <span class='ocrx_word' id='word_1_952' title='bbox 1594 4617 1707 4680; x_wconf 86' lang='lat' dir='ltr'><strong>campis,</strong></span> <span class='ocrx_word' id='word_1_953' title='bbox 1725 4629 1780 4664; x_wconf 83' lang='lat' dir='ltr'><strong>uon</strong></span> <span class='ocrx_word' id='word_1_954' title='bbox 1790 4616 1903 4664; x_wconf 87' lang='lat' dir='ltr'><strong>inficeto</strong></span> <span class='ocrx_word' id='word_1_955' title='bbox 1916 4614 2000 4667; x_wconf 82' lang='lat' dir='ltr'><strong>&#39;libe-</strong></span> 
     </span>
     <span class='ocr_line' id='line_1_139' title="bbox 1197 4678 2000 4750; baseline 0.004 -20"><span class='ocrx_word' id='word_1_956' title='bbox 1197 4679 1234 4730; x_wconf 87' lang='lat' dir='ltr'><strong>rii</strong></span> <span class='ocrx_word' id='word_1_957' title='bbox 1244 4679 1373 4731; x_wconf 84' lang='lat' dir='ltr'><strong>Caesaris</strong></span> <span class='ocrx_word' id='word_1_958' title='bbox 1384 4681 1469 4743; x_wconf 87' lang='lat' dir='ltr'><strong>dicto,</strong></span> <span class='ocrx_word' id='word_1_959' title='bbox 1482 4681 1594 4734; x_wconf 88' lang='lat' dir='ltr'><strong>herbam</strong></span> <span class='ocrx_word' id='word_1_960' title='bbox 1607 4684 1644 4734; x_wconf 90' lang='lat' dir='ltr'><strong>ibi</strong></span> <span class='ocrx_word' id='word_1_961' title='bbox 1657 4681 1792 4750; x_wconf 88' lang='lat' dir='ltr'><strong>quandam</strong></span> <span class='ocrx_word' id='word_1_962' title='bbox 1805 4679 1880 4729; x_wconf 91' lang='lat' dir='ltr'><strong>nasci</strong></span> <span class='ocrx_word' id='word_1_963' title='bbox 1890 4678 2000 4733; x_wconf 88' lang='lat' dir='ltr'><strong>sinrilli·</strong></span> 
     </span>
     <span class='ocr_line' id='line_1_140' title="bbox 1197 4748 2000 4817; baseline 0.004 -18"><span class='ocrx_word' id='word_1_964' title='bbox 1197 4762 1271 4799; x_wconf 89' lang='lat' dir='ltr'><strong>mam</strong></span> <span class='ocrx_word' id='word_1_965' title='bbox 1282 4763 1428 4817; x_wconf 80' lang='lat' dir='ltr'><strong>asparago.</strong></span> <span class='ocrx_word' id='word_1_966' title='bbox 1456 4750 1527 4803; x_wconf 88' lang='lat' dir='ltr'><strong>Nam</strong></span> <span class='ocrx_word' id='word_1_967' title='bbox 1540 4749 1612 4817; x_wconf 87' lang='lat' dir='ltr'><strong>quorl</strong></span> <span class='ocrx_word' id='word_1_968' title='bbox 1623 4751 1651 4801; x_wconf 88' lang='lat' dir='ltr'><strong>in</strong></span> <span class='ocrx_word' id='word_1_969' title='bbox 1664 4748 1764 4800; x_wconf 86' lang='lat' dir='ltr'><strong>Neside</strong></span> <span class='ocrx_word' id='word_1_970' title='bbox 1778 4749 1945 4812; x_wconf 85' lang='lat' dir='ltr'><strong>Caurpaniae</strong></span> <span class='ocrx_word' id='word_1_971' title='bbox 1957 4750 2000 4802; x_wconf 89' lang='lat' dir='ltr'><strong>in·</strong></span> 
     </span>
     <span class='ocr_line' id='line_1_141' title="bbox 1197 4816 1997 4885; baseline 0.003 -18"><span class='ocrx_word' id='word_1_972' title='bbox 1197 4817 1257 4869; x_wconf 92' lang='lat' dir='ltr'><strong>sula</strong></span> <span class='ocrx_word' id='word_1_973' title='bbox 1272 4824 1371 4883; x_wconf 88' lang='lat' dir='ltr'><strong>sponte</strong></span> <span class='ocrx_word' id='word_1_974' title='bbox 1392 4821 1529 4882; x_wconf 89' lang='lat' dir='ltr'><strong>nascitur,</strong></span> <span class='ocrx_word' id='word_1_975' title='bbox 1550 4820 1633 4884; x_wconf 88' lang='lat' dir='ltr'><strong>longe</strong></span> <span class='ocrx_word' id='word_1_976' title='bbox 1656 4818 1792 4885; x_wconf 91' lang='lat' dir='ltr'><strong>optimum</strong></span> <span class='ocrx_word' id='word_1_977' title='bbox 1809 4816 1997 4871; x_wconf 73' lang='lat' dir='ltr'><strong>existimatur.</strong></span> 
     </span>
     <span class='ocr_line' id='line_1_142' title="bbox 1196 4885 1998 4953; baseline 0.002 -15"><span class='ocrx_word' id='word_1_978' title='bbox 1196 4887 1378 4938; x_wconf 83' lang='lat' dir='ltr'><strong>Hortensium</strong></span> <span class='ocrx_word' id='word_1_979' title='bbox 1390 4886 1494 4940; x_wconf 87' lang='lat' dir='ltr'><strong>seritur</strong></span> <span class='ocrx_word' id='word_1_980' title='bbox 1503 4887 1640 4953; x_wconf 88' lang='lat' dir='ltr'><strong>spongiis:</strong></span> <span class='ocrx_word' id='word_1_981' title='bbox 1662 4894 1705 4938; x_wconf 91' lang='lat' dir='ltr'><strong>est</strong></span> <span class='ocrx_word' id='word_1_982' title='bbox 1717 4885 1788 4938; x_wconf 84' lang='lat' dir='ltr'><strong>eninr</strong></span> <span class='ocrx_word' id='word_1_983' title='bbox 1806 4886 1941 4952; x_wconf 87' lang='lat' dir='ltr'><strong>plurimae</strong></span> <span class='ocrx_word' id='word_1_984' title='bbox 1953 4904 1998 4941; x_wconf 89' lang='lat' dir='ltr'><strong>ra·</strong></span> 
     </span>
     <span class='ocr_line' id='line_1_143' title="bbox 1196 4954 1994 5023; baseline 0.003 -17"><span class='ocrx_word' id='word_1_985' title='bbox 1196 4954 1276 5016; x_wconf 86' lang='lat' dir='ltr'><strong>dicis,</strong></span> <span class='ocrx_word' id='word_1_986' title='bbox 1289 4954 1480 5022; x_wconf 85' lang='lat' dir='ltr'><strong>altissimeque</strong></span> <span class='ocrx_word' id='word_1_987' title='bbox 1490 4957 1637 5023; x_wconf 83' lang='lat' dir='ltr'><strong>germinat.</strong></span> <span class='ocrx_word' id='word_1_988' title='bbox 1674 4957 1755 5010; x_wconf 83' lang='lat' dir='ltr'><strong>Viret</strong></span> <span class='ocrx_word' id='word_1_989' title='bbox 1766 4954 1864 5023; x_wconf 82' lang='lat' dir='ltr'><strong>thyrso</strong></span> <span class='ocrx_word' id='word_1_990' title='bbox 1877 4956 1994 5022; x_wconf 89' lang='lat' dir='ltr'><strong>primum</strong></span> 
     </span>
     <span class='ocr_line' id='line_1_144' title="bbox 1196 5025 1997 5093; baseline -0.001 -15"><span class='ocrx_word' id='word_1_991' title='bbox 1196 5025 1344 5078; x_wconf 85' lang='lat' dir='ltr'><strong>emicante:</strong></span> <span class='ocrx_word' id='word_1_992' title='bbox 1368 5025 1415 5092; x_wconf 88' lang='lat' dir='ltr'><strong>qui</strong></span> <span class='ocrx_word' id='word_1_993' title='bbox 1431 5026 1539 5079; x_wconf 85' lang='lat' dir='ltr'><strong>caulem</strong></span> <span class='ocrx_word' id='word_1_994' title='bbox 1557 5025 1687 5089; x_wconf 89' lang='lat' dir='ltr'><strong>educens,</strong></span> <span class='ocrx_word' id='word_1_995' title='bbox 1707 5033 1833 5093; x_wconf 84' lang='lat' dir='ltr'><strong>tempore</strong></span> <span class='ocrx_word' id='word_1_996' title='bbox 1844 5027 1905 5092; x_wconf 89' lang='lat' dir='ltr'><strong>ipso</strong></span> <span class='ocrx_word' id='word_1_997' title='bbox 1916 5025 1997 5077; x_wconf 87' lang='lat' dir='ltr'><strong>fasti·</strong></span> 
     </span>
     <span class='ocr_line' id='line_1_145' title="bbox 1195 5092 1907 5161; baseline 0.003 -18"><span class='ocrx_word' id='word_1_998' title='bbox 1195 5099 1275 5161; x_wconf 84' lang='lat' dir='ltr'><strong>gatus</strong></span> <span class='ocrx_word' id='word_1_999' title='bbox 1287 5094 1313 5144; x_wconf 91' lang='lat' dir='ltr'><strong>in</strong></span> <span class='ocrx_word' id='word_1_1000' title='bbox 1326 5099 1403 5145; x_wconf 89' lang='lat' dir='ltr'><strong>toros</strong></span> <span class='ocrx_word' id='word_1_1001' title='bbox 1414 5095 1540 5147; x_wconf 90' lang='lat' dir='ltr'><strong>striatur.</strong></span> <span class='ocrx_word' id='word_1_1002' title='bbox 1576 5092 1673 5146; x_wconf 89' lang='lat' dir='ltr'><strong>Potest</strong></span> <span class='ocrx_word' id='word_1_1003' title='bbox 1684 5101 1712 5146; x_wconf 90' lang='lat' dir='ltr'><strong>ct</strong></span> <span class='ocrx_word' id='word_1_1004' title='bbox 1723 5095 1830 5147; x_wconf 74' lang='lat' dir='ltr'><strong>sentiae</strong></span> <span class='ocrx_word' id='word_1_1005' title='bbox 1841 5097 1907 5148; x_wconf 87' lang='lat' dir='ltr'><strong>seri.</strong></span> 
     </span>
    </p>

    <p class='ocr_par' dir='ltr' id='par_1_18' title="bbox 1195 5161 1995 5650">
     <span class='ocr_line' id='line_1_146' title="bbox 1229 5161 1994 5232; baseline 0 -18"><span class='ocrx_word' id='word_1_1006' title='bbox 1229 5161 1304 5214; x_wconf 88' lang='lat' dir='ltr'><strong>Nihil</strong></span> <span class='ocrx_word' id='word_1_1007' title='bbox 1316 5162 1479 5232; x_wconf 83' lang='lat' dir='ltr'><strong>diligentius</strong></span> <span class='ocrx_word' id='word_1_1008' title='bbox 1494 5162 1702 5229; x_wconf 87' lang='lat' dir='ltr'><strong>comprehcndit</strong></span> <span class='ocrx_word' id='word_1_1009' title='bbox 1714 5166 1791 5227; x_wconf 86' lang='lat' dir='ltr'><strong>Cato,</strong></span> <span class='ocrx_word' id='word_1_1010' title='bbox 1803 5165 1994 5219; x_wconf 79' lang='lat' dir='ltr'><strong>nouissimum-</strong></span> 
     </span>
     <span class='ocr_line' id='line_1_147' title="bbox 1195 5231 1992 5301; baseline -0.003 -17"><span class='ocrx_word' id='word_1_1011' title='bbox 1195 5248 1248 5299; x_wconf 90' lang='lat' dir='ltr'><strong>que</strong></span> <span class='ocrx_word' id='word_1_1012' title='bbox 1263 5231 1328 5283; x_wconf 88' lang='lat' dir='ltr'><strong>libri</strong></span> <span class='ocrx_word' id='word_1_1013' title='bbox 1349 5240 1399 5295; x_wconf 87' lang='lat' dir='ltr'><strong>est,</strong></span> <span class='ocrx_word' id='word_1_1014' title='bbox 1421 5239 1451 5284; x_wconf 95' lang='lat' dir='ltr'><strong>ut</strong></span> <span class='ocrx_word' id='word_1_1015' title='bbox 1464 5240 1598 5300; x_wconf 88' lang='lat' dir='ltr'><strong>appareat</strong></span> <span class='ocrx_word' id='word_1_1016' title='bbox 1616 5235 1788 5301; x_wconf 87' lang='lat' dir='ltr'><strong>repentinam</strong></span> <span class='ocrx_word' id='word_1_1017' title='bbox 1806 5249 1839 5285; x_wconf 89' lang='lat' dir='ltr'><strong>ac</strong></span> <span class='ocrx_word' id='word_1_1018' title='bbox 1858 5234 1992 5285; x_wconf 84' lang='lat' dir='ltr'><strong>auritium</strong></span> 
     </span>
     <span class='ocr_line' id='line_1_148' title="bbox 1195 5298 1995 5372; baseline 0 -21"><span class='ocrx_word' id='word_1_1019' title='bbox 1195 5304 1256 5354; x_wconf 85' lang='lat' dir='ltr'><strong>riro</strong></span> <span class='ocrx_word' id='word_1_1020' title='bbox 1267 5317 1361 5353; x_wconf 90' lang='lat' dir='ltr'><strong>euram</strong></span> <span class='ocrx_word' id='word_1_1021' title='bbox 1373 5300 1471 5354; x_wconf 83' lang='lat' dir='ltr'><strong>fuisse.</strong></span> <span class='ocrx_word' id='word_1_1022' title='bbox 1507 5302 1612 5354; x_wconf 89' lang='lat' dir='ltr'><strong>Locum</strong></span> <span class='ocrx_word' id='word_1_1023' title='bbox 1623 5304 1714 5372; x_wconf 87' lang='lat' dir='ltr'><strong>subigi</strong></span> <span class='ocrx_word' id='word_1_1024' title='bbox 1727 5305 1805 5356; x_wconf 91' lang='lat' dir='ltr'><strong>iubet</strong></span> <span class='ocrx_word' id='word_1_1025' title='bbox 1816 5298 1955 5356; x_wconf 87' lang='lat' dir='ltr'><strong>humidum</strong></span> <span class='ocrx_word' id='word_1_1026' title='bbox 1966 5308 1995 5352; x_wconf 91' lang='lat' dir='ltr'><strong>ct</strong></span> 
     </span>
     <span class='ocr_line' id='line_1_149' title="bbox 1196 5369 1995 5440; baseline -0.004 -16"><span class='ocrx_word' id='word_1_1027' title='bbox 1196 5386 1334 5424; x_wconf 87' lang='lat' dir='ltr'><strong>crassum:</strong></span> <span class='ocrx_word' id='word_1_1028' title='bbox 1346 5372 1508 5438; x_wconf 84' lang='lat' dir='ltr'><strong>sensipedali</strong></span> <span class='ocrx_word' id='word_1_1029' title='bbox 1521 5372 1644 5440; x_wconf 91' lang='lat' dir='ltr'><strong>undique</strong></span> <span class='ocrx_word' id='word_1_1030' title='bbox 1655 5373 1804 5427; x_wconf 76' lang='lat' dir='ltr'><strong>interuallo</strong></span> <span class='ocrx_word' id='word_1_1031' title='bbox 1814 5374 1880 5431; x_wconf 88' lang='lat' dir='ltr'><strong>seri,</strong></span> <span class='ocrx_word' id='word_1_1032' title='bbox 1893 5386 1927 5423; x_wconf 89' lang='lat' dir='ltr'><strong>ne</strong></span> <span class='ocrx_word' id='word_1_1033' title='bbox 1938 5369 1995 5421; x_wconf 82' lang='lat' dir='ltr'><strong>eal-</strong></span> 
     </span>
     <span class='ocr_line' id='line_1_150' title="bbox 1196 5439 1994 5509; baseline -0.005 -16"><span class='ocrx_word' id='word_1_1034' title='bbox 1196 5449 1282 5494; x_wconf 85' lang='lat' dir='ltr'><strong>cetnr.</strong></span> <span class='ocrx_word' id='word_1_1035' title='bbox 1306 5439 1498 5493; x_wconf 87' lang='lat' dir='ltr'><strong>Praetereaad</strong></span> <span class='ocrx_word' id='word_1_1036' title='bbox 1509 5440 1612 5494; x_wconf 88' lang='lat' dir='ltr'><strong>lineam</strong></span> <span class='ocrx_word' id='word_1_1037' title='bbox 1625 5458 1711 5509; x_wconf 87' lang='lat' dir='ltr'><strong>grana</strong></span> <span class='ocrx_word' id='word_1_1038' title='bbox 1721 5443 1786 5495; x_wconf 89' lang='lat' dir='ltr'><strong>bina</strong></span> <span class='ocrx_word' id='word_1_1039' title='bbox 1797 5449 1848 5495; x_wconf 87' lang='lat' dir='ltr'><strong>aut</strong></span> <span class='ocrx_word' id='word_1_1040' title='bbox 1858 5450 1937 5493; x_wconf 85' lang='lat' dir='ltr'><strong>terna</strong></span> <span class='ocrx_word' id='word_1_1041' title='bbox 1945 5453 1994 5505; x_wconf 83' lang='lat' dir='ltr'><strong>pa·</strong></span> 
     </span>
     <span class='ocr_line' id='line_1_151' title="bbox 1196 5506 1992 5564; baseline -0.005 -1"><span class='ocrx_word' id='word_1_1042' title='bbox 1196 5512 1265 5563; x_wconf 82' lang='lat' dir='ltr'><strong>silio</strong></span> <span class='ocrx_word' id='word_1_1043' title='bbox 1278 5506 1400 5563; x_wconf 78' lang='lat' dir='ltr'><strong>desueti:</strong></span> <span class='ocrx_word' id='word_1_1044' title='bbox 1416 5509 1549 5563; x_wconf 76' lang='lat' dir='ltr'><strong>videlicet</strong></span> <span class='ocrx_word' id='word_1_1045' title='bbox 1558 5511 1663 5564; x_wconf 91' lang='lat' dir='ltr'><strong>semine</strong></span> <span class='ocrx_word' id='word_1_1046' title='bbox 1674 5520 1733 5564; x_wconf 93' lang='lat' dir='ltr'><strong>tum</strong></span> <span class='ocrx_word' id='word_1_1047' title='bbox 1745 5519 1853 5563; x_wconf 83' lang='lat' dir='ltr'><strong>tantum</strong></span> <span class='ocrx_word' id='word_1_1048' title='bbox 1864 5509 1992 5562; x_wconf 82' lang='lat' dir='ltr'><strong>sereban-</strong></span> 
     </span>
     <span class='ocr_line' id='line_1_152' title="bbox 1195 5574 1994 5650; baseline -0.005 -18"><span class='ocrx_word' id='word_1_1049' title='bbox 1195 5588 1256 5633; x_wconf 86' lang='lat' dir='ltr'><strong>tur:</strong></span> <span class='ocrx_word' id='word_1_1050' title='bbox 1277 5580 1305 5632; x_wconf 90' lang='lat' dir='ltr'><strong>id</strong></span> <span class='ocrx_word' id='word_1_1051' title='bbox 1318 5580 1379 5632; x_wconf 89' lang='lat' dir='ltr'><strong>lieri</strong></span> <span class='ocrx_word' id='word_1_1052' title='bbox 1391 5580 1542 5633; x_wconf 86' lang='lat' dir='ltr'><strong>secundum</strong></span> <span class='ocrx_word' id='word_1_1053' title='bbox 1555 5582 1758 5650; x_wconf 86' lang='lat' dir='ltr'><strong>aequinoctium</strong></span> <span class='ocrx_word' id='word_1_1054' title='bbox 1771 5593 1892 5633; x_wconf 83' lang='lat' dir='ltr'><strong>sernum.</strong></span> <span class='ocrx_word' id='word_1_1055' title='bbox 1918 5574 1994 5631; x_wconf 80' lang='lat' dir='ltr'><strong>Ster-</strong></span> 
     </span>
    </p>
   </div>
   <div class='ocr_carea' id='block_1_9' title="bbox 0 0 2182 6008">
    <p class='ocr_par' dir='ltr' id='par_1_19' title="bbox 0 0 2182 6008">
     <span class='ocr_line' id='line_1_153' title="bbox 0 0 2182 6008; baseline 0 0"><span class='ocrx_word' id='word_1_1056' title='bbox 0 0 2182 6008; x_wconf 95' lang='lat' dir='ltr'><strong> </strong></span> 
     </span>
    </p>
   </div>
  </div>
 </body>
</html>
