4356 6014
353 305 414 365 208
464 300 497 362 C.
534 296 686 360 PblNll
721 289 930 356 sacuam
965 284 1127 349 NATUR.
1162 283 1347 347 ursiuli.
1382 284 1465 347 bill.
1487 284 1606 346 xvii.
1640 284 1735 347 Cdl’.
1762 282 1882 347 25-30.

354 454 511 523 stringitur.
527 451 654 505 inserere
661 442 925 513 aptissimamquam
934 437 1092 506 proximum
1099 439 1155 489 ter·
1241 435 1360 499 Quidam
1370 434 1437 489 huic
1448 437 1545 505 generi
1563 435 1700 491 miscuere
1715 435 1844 487 dssuram
1854 433 1883 486 in
1893 433 2001 488 ritibus

353 541 411 587 rae,
420 524 446 577 si
458 524 584 592 patiatur
592 509 968 576 nodorumtrunciqueratin.
976 507 1154 560 Eminereca-
1205 510 1317 559 exemia
1336 505 1438 559 cortici
1454 505 1577 570 tessella,
1599 506 1713 559 surculo
1728 504 1845 557 alatere
1856 504 1940 571 piane
1951 504 2010 556 adi·

354 594 483 647 lamisex
494 590 644 658 digitorum
656 578 832 646 longitudine
843 593 898 629 non
910 577 1030 644 amplius
1041 575 1153 628 debent.
1225 574 1304 627 cado.
1340 577 1398 626 Tot
1418 576 1508 627 modis
1530 577 1642 627 insitam
1662 576 1789 628 arborem
1798 572 1920 627 vidimus
1929 574 2011 628 iuxta

391 664 463 721 esto
474 657 601 728 argillae,
611 650 657 703 vel
671 655 765 701 cretae
775 661 897 710 menam,
908 647 1057 713 limumque
1067 644 1154 696 bubu·
1204 590 1338 696 i'iburtes
1348 643 1470 708 Tulliae,
1491 646 1567 698 omni
1582 660 1684 713 genere
1704 658 1851 765 pomorum
1870 650 2009 707 onustam,

354 734 414 784 lum
430 723 586 784 admisceri,
606 725 689 784 atque
707 718 751 769 ita
769 717 902 783 usquead
915 716 1052 768 lentorem
1062 713 1155 780 subigi
1205 713 1264 766 alio
1274 726 1352 765 mmo
1363 714 1491 778 nucibus,
1508 712 1566 765 aiio
1578 716 1679 777 baccis,
1691 728 1708 764 a
1720 712 1804 767 iunde
1813 716 1879 777 vite,
1889 713 1959 776 dcis,
1970 713 2010 781 pi·

354 801 441 860 iubet,
461 797 544 860 idque
562 786 704 854 interponi
724 792 753 839 et
772 785 937 837 circumlini.
970 785 1013 836 Ex
1031 783 1068 835 iis
1084 797 1155 850 quac
1205 782 1255 845 ris,
1266 781 1386 845 Punicis,
1396 784 1592 851 malorumque
1602 783 1758 850 generibus.
1777 782 1832 835 Sed
1843 780 1906 835 huic
1916 783 2009 835 brevis

356 868 556 922 commentatus
568 863 622 921 est,
633 855 718 908 facile
728 860 852 922 apparet,
868 852 920 904 ilin
930 854 1108 904 aetateinter
1119 852 1153 902 li·
1205 850 1261 902 luit
1271 850 1339 902 rita
1376 851 1435 904 Nec
1453 858 1548 904 tamen
1565 867 1675 905 omnem
1687 852 1883 919 experimentis
1893 852 2009 920 assequi

355 949 438 1007 gnum
458 938 488 984 et
508 927 649 995 corticem,
669 940 720 977 nec
736 925 793 977 alio
813 922 897 974 modo
910 924 1034 973 inserere
1044 920 1155 983 solitos,
1205 925 1333 971 naturam
1344 934 1499 986 possumus.
1521 921 1664 983 Quaedam
1676 921 1748 974 anim
1760 921 1849 984 nasci,
1860 920 1916 973 nisi
1927 936 2009 989 spon·

355 1009 404 1059 aut
413 1001 489 1053 ultra
498 996 677 1066 latitudinem
698 994 781 1046 dudm
799 991 953 1061 digitorum
974 989 1098 1041 calamos
1110 988 1156 1041 de·
1206 995 1243 1052 te,
1254 988 1331 1041 nullo
1344 987 1427 1040 modo
1438 996 1560 1057 queunt:
1581 1005 1668 1059 eaque
1687 989 1843 1044 immitibus
1859 995 1968 1043 tantum
1980 995 2010 1043 et

354 1074 476 1127 mittere.
512 1066 602 1120 lnseri
622 1070 716 1118 autem
737 1062 874 1131 praecipit
885 1061 948 1127 pira
962 1074 997 1111 ac
1012 1058 1087 1110 mala
1105 1071 1156 1125 per
1206 1058 1326 1111 desertis
1347 1057 1419 1110 locis
1441 1061 1616 1126 proveniunt.
1653 1058 1839 1126 capacissima
1857 1059 2008 1111 insitorum

354 1157 412 1204 rer,
422 1147 451 1193 et
461 1144 525 1206 post
535 1136 689 1190 solstitium
702 1134 799 1185 diebus
810 1131 844 1193 L,
864 1137 892 1182 et
903 1134 967 1197 pest
976 1128 1153 1181 vindemiam.
1206 1129 1328 1179 emnium
1340 1126 1452 1179 ducitur
1460 1128 1598 1194 platanus,
1607 1134 1707 1196 postea
1716 1130 1814 1181 robur:
1825 1142 1921 1181 verum
1931 1135 2008 1181 utra·

356 1213 439 1266 oleas
452 1215 545 1261 autem
564 1211 593 1259 et
603 1208 671 1257 lices
682 1218 732 1271 per
742 1216 791 1254 ver
802 1206 920 1261 tantum,
940 1199 1020 1249 Luna
1030 1197 1154 1260 sitiente,
1207 1211 1260 1263 que
1269 1210 1384 1264 sapores
1395 1198 1554 1264 corrumpit.
1583 1197 1726 1260 Quaedam
1737 1198 1813 1250 omni
1822 1212 1925 1267 genere
1935 1199 2007 1251 inse·

354 1282 410 1334 hoc
425 1284 476 1343 est,
497 1277 579 1330 sicca.
616 1266 768 1325 Praesens
786 1276 854 1390 qest
872 1266 1028 1330 meridiem,
1049 1266 1152 1319 ecsiae
1207 1270 1357 1329 runtur,ut
1369 1267 1436 1317 licus
1447 1273 1477 1319 et
1488 1266 1618 1320 Punicae.
1637 1265 1713 1319 Vitis
1724 1282 1780 1319 non
1791 1267 1894 1335 recipit
1903 1268 2007 1336 empla-

354 1356 438 1402 rente
453 1349 563 1400 Austro.
592 1343 711 1405 Mirum,
731 1354 785 1410 quo
814 1336 1155 1391 noncontentusinsitum
1206 1336 2007 1405 stra:necqaibustenuis,accaducus,rimosusquccor·

354 1419 488 1479 munisse,
508 1421 542 1467 ut
555 1414 727 1475 dictumest,
746 1416 776 1462 et
787 1410 891 1476 cespite
903 1406 937 1458 ab
948 1406 1037 1458 imbre
1048 1405 1156 1474 frigori·
1208 1410 1267 1455 tex:
1288 1418 1377 1471 neque
1388 1405 1603 1458 inoculationem
1616 1406 1716 1468 siccae,
1737 1412 1786 1458 aut
1805 1405 1928 1459 humeris
1946 1410 2005 1460 exl-

354 1490 407 1541 bus
427 1503 463 1540 ue
474 1483 639 1553 protexisse,
661 1495 694 1532 ac
713 1478 844 1531 mollibus
856 1475 1003 1529 bifidorum
1023 1476 1154 1527 viminum
1206 1474 1264 1542 gui.
1286 1472 2006 1545 Fertilissimaomniuminoculatin,posteaempla·

355 1556 487 1617 fascibus,
501 1546 871 1622 linguabubula(herbaeid
881 1561 968 1615 genus
979 1544 1033 1608 cst)
1044 1545 1157 1612 insuper
1207 1543 1316 1594 strutio.
1352 1540 1408 1595 Sed
1428 1550 1544 1612 utraque
1561 1544 1759 1598 infirmissima.
1795 1547 2006 1615 thuaecortl·

357 1627 452 1694 obtegi
470 1624 560 1685 iubet,
579 1633 694 1686 eamque
710 1618 816 1686 illigari
838 1621 965 1683 opertam
985 1615 1156 1666 stramentis.
1207 1626 1239 1664 cc
1259 1612 1386 1663 nituntur
1405 1617 1524 1677 tantum,
1547 1614 1656 1669 velleri
1668 1630 1738 1668 aura
1749 1613 1880 1668 ocissime
1892 1615 2004 1683 deplan-

356 1696 438 1749 Nunc
450 1691 558 1743 abunde
568 1690 741 1740 arbitrantur
751 1686 864 1753 paleato
877 1686 938 1737 luto
949 1684 1055 1736 sarcire
1067 1683 1155 1748 libro,
1207 1686 1311 1733 tantur.
1346 1682 1472 1737 luserere
1481 1684 1679 1751 firmissimum,
1690 1692 1720 1738 st
1730 1683 1904 1749 foecundius,
1923 1700 2006 1753 quarn

357 1765 428 1817 duos
438 1762 540 1831 digitos
551 1760 639 1810 insite
651 1762 787 1809 exstante.
815 1752 911 1806 Verrio
922 1754 1077 1806 inserentes
1088 1760 1157 1806 tem·
1207 1764 1310 1803 serere.

355 1849 410 1903 pus
421 1837 511 1900 urget,
533 1827 713 1879 incitantibus
723 1841 753 1878 se
772 1824 900 1894 gemmis,
922 1831 1117 1889 praeterquam
1128 1822 1157 1873 in
1243 1820 1306 1872 Non
1317 1825 1360 1873 est
1372 1822 1528 1877 omittenda
1537 1825 1643 1879 raritas
1663 1826 1744 1878 unius
1755 1825 1883 1893 exempli.
1913 1825 2007 1878 corel·

357 1901 515 1965 olea,cuius
526 1897 685 1951 diutissime
696 1894 772 1946 oculi
782 1893 1156 1962 parturiunt,minimumque
1207 1888 1261 1941 iius
1280 1905 1364 1959 eques
1384 1891 1463 1945 Rom.
1473 1894 1570 1948 Ateste
1587 1895 1710 1965 genitus,
1730 1896 1836 1948 inserit
1846 1900 2007 1947 castaneam

357 1972 434 2025 succi
455 1969 558 2021 babent
579 1967 628 2018 sub
650 1966 764 2026 cortice,
785 1962 833 2031 qui
848 1963 948 2014 nimius
961 1961 1054 2013 insitis
1065 1967 1156 2014 nocet.
1207 1960 1407 2027 suometipsem
1427 1962 1538 2016 surculo
1555 1966 1583 2015 in
1594 1965 1781 2032 Neapolitano
1792 1979 1871 2034 agro.
1908 1961 1955 2015 Sic
1967 1962 2008 2014 ia·

356 2041 489 2093 Punicam
510 2051 577 2089 veru
594 2041 623 2089 ct
644 2035 735 2095 licum,
754 2046 912 2101 quanquam
925 2031 994 2082 alias
1005 2031 1080 2083 sicca
1090 2033 1157 2095 sint,
1208 2038 1254 2080 cta
1264 2035 1309 2081 est
1319 2035 1537 2100 castanea,quae
1547 2034 1582 2087 ab
1593 2051 1627 2088 eo
1637 2049 1737 2087 nomen
1748 2034 1856 2102 accepit
1866 2033 1939 2085 inter
1951 2032 2008 2084 lau·

355 2109 544 2165 recrastinare
554 2105 668 2158 minime
679 2102 758 2155 utile.
793 2101 890 2154 Pirum
901 2100 946 2154 vel
956 2101 1101 2154 florentem
1115 2100 1156 2151 ia·
1208 2098 1297 2150 datas.
1328 2098 1432 2153 Postea
1442 2102 1570 2156 litereius
1581 2104 1697 2157 libertus
1708 2103 1893 2156 Corellianam
1904 2103 2008 2156 iterum

356 2192 450 2232 serere
461 2177 537 2238 licet,
558 2182 587 2228 et
599 2175 626 2224 in
639 2174 744 2225 illalum
754 2185 862 2240 quoque
873 2185 997 2223 mensem
1008 2169 1158 2237 protende·
1208 2167 1316 2220 insevit.
1337 2168 1416 2222 llaec
1424 2179 1467 2224 est
1477 2173 1552 2226 inter
1562 2188 1609 2226 aas
1617 2173 1790 2229 differentia:
1800 2171 2007 2239 illacopiosier,

356 2265 388 2302 re
398 2247 568 2300 insitionem.
598 2241 679 2307 Quod
690 2242 716 2293 si
726 2241 838 2310 longius
849 2240 1003 2293 afferantur
1011 2254 1156 2307 pomorum
1209 2237 1278 2291 liaeo
1289 2238 1438 2291 Etereiana
1448 2242 1555 2295 melior.

356 2318 467 2379 calami,
489 2329 558 2382 rapo
570 2313 670 2365 infixos
691 2312 794 2378 optime
805 2309 947 2363 custodire
958 2325 1070 2362 succum
1081 2310 1156 2362 arbi·
1244 2307 1358 2360 xxvii.
1377 2309 1492 2377 Reliqua
1503 2327 1608 2380 genera
1619 2326 1699 2365 casus
1709 2311 1824 2381 ingenio
1835 2325 1887 2365 suu
1898 2325 1965 2366 exeo
1985 2310 2009 2363 i·

355 2393 483 2440 trantur:
507 2383 612 2437 serrari
621 2382 696 2434 inter
706 2381 777 2432 duos
789 2380 917 2432 imbrices
927 2382 1006 2430 iuxta
1016 2381 1099 2441 rivos,
1114 2379 1158 2432 vel
1209 2376 1291 2439 tavit,
1301 2390 1334 2428 ac
1345 2376 1486 2432 defractos
1495 2397 1589 2435 serere
1599 2397 1691 2435 ramos
1702 2380 1807 2446 docuit,
1818 2397 1880 2436 cunr
1891 2381 1950 2450 pali
1960 2325 2008 2434 ‹ie-

355 2455 488 2526 piscinas,
501 2452 893 2524 utrinqueterraobstructos.
930 2447 1039 2500 Vitium
1050 2463 1118 2501 vero
1129 2449 1158 2500 in
1209 2447 1258 2498 liri
1269 2445 1379 2499 radices
1390 2449 1538 2515 cepissent.
1568 2451 2009 2520 Multasicseruntur,inprimis·

310 2556 312 2560 Α
355 2526 501 2592 scrobibus
518 2521 598 2574 siccis
613 2526 767 2573 stramento
779 2527 904 2587 opertos,
924 2531 957 2571 ao
968 2516 1070 2573 deinde
1080 2524 1157 2572 terra
1210 2532 1263 2586 que
1275 2517 1352 2578 deus,
1362 2519 1491 2572 omnibus
1502 2520 1565 2574 aliis
1575 2524 1667 2575 modis
1678 2538 1802 2584 nmcens,
1812 2528 2008 2589 praeterquam

356 2596 482 2656 obrutos,
491 2597 523 2642 ut
535 2591 678 2644 cacumine
690 2591 835 2643 exsistant.

391 2661 481 2716 XXV.
492 2661 655 2714 Catovitem
664 2648 966 2711 tribusmodisinserit.
981 2656 1157 2710 Praesectam

355 2734 425 2788 lindi
434 2734 513 2785 iubet
524 2746 573 2800 per
584 2728 745 2791 medullam,
763 2729 793 2780 in
808 2742 869 2781 eam
885 2725 1014 2778 surculos
1025 2734 1158 2778 exacutos

356 2812 399 2869 (ut
411 2804 514 2855 dictum
526 2804 581 2863 est)
592 2798 667 2860 addi,
678 2796 816 2850 medullas
826 2797 912 2861 iungi.
936 2795 1041 2857 Altero,
1055 2796 1077 2844 si
1086 2795 1159 2847 inter

356 2889 419 2928 sese
429 2874 501 2924 vites
511 2870 684 2937 contingant,
703 2867 846 2932 utriusque
857 2865 895 2916 ia
915 2863 1057 2930 obliquum
1069 2862 1158 2916 latore

357 2941 501 2996 contrario
513 2933 864 2992 adrasoiunctismedullis
874 2932 1010 3002 colligari.
1029 2933 1156 2983 Tertium

356 3027 444 3080 genus
455 3016 506 3073 est,
514 3009 657 3061 terebrare
668 3006 754 3057 vitam
766 3005 795 3056 in
806 3002 990 3070 obliquumad
999 3000 1158 3062 medullam,

358 3082 536 3145 calamosque
546 3075 648 3129 addere
659 3072 957 3143 longospedcsbinos,
978 3066 1156 3138 atque‘itall-

358 3155 454 3218 gutum
465 3147 589 3207 insitum,
600 3145 754 3210 intritaque
765 3143 871 3195 illitum
881 3140 991 3208 operire
1003 3145 1087 3200 terra,
1110 3153 1155 3190 ca·

356 3217 440 3271 lamis
451 3215 598 3268 subrectis.
633 3213 737 3265 Nostra
756 3217 836 3265 aetas
853 3209 986 3271 correxit,
1007 3214 1038 3259 ut
1047 3207 1157 3259 Gallica

357 3292 487 3340 uteretur
504 3285 624 3347 terebra,
645 3296 714 3350 quae
726 3287 853 3343 excavat,
873 3278 1004 3331 necarit:
1025 3277 1157 3344 quoniam

331 3350 336 3423 ζ
358 3356 470 3410 adustio
482 3357 572 3405 omnis
588 3353 717 3417 hebetat:
738 3358 822 3419 alque
840 3353 873 3399 ut
886 3361 1075 3418 gemmascere
1088 3348 1158 3400 inci·

357 3428 438 3496 piens
450 3424 561 3493 legatur
572 3423 711 3474 calamus:
732 3436 783 3473 nec
795 3420 857 3486 plus
867 3433 949 3487 quam
960 3418 1032 3471 binis
1043 3420 1078 3471 ab
1088 3418 1156 3470 insi·

357 3504 389 3548 to
400 3495 534 3549 emineret
544 3492 643 3554 oculis,
663 3487 1018 3558 ulmeoviminealligatus,
1037 3488 1157 3555 binaque

359 3564 601 3617 circumcideretur
615 3561 673 3613 acie
686 3575 703 3612 a
715 3559 821 3612 duabus
836 3559 970 3625 partibus,
990 3558 1099 3610 atinde
1111 3574 1156 3624 po·

356 3635 415 3686 tius
432 3633 585 3686 distillaret
604 3638 716 3693 mucor,
736 3628 786 3748 qui
803 3629 922 3680 maxime
941 3627 1014 3678 rites
1031 3625 1155 3678 infestat.

356 3702 467 3756 Deinde
477 3716 539 3755 cum
549 3702 719 3754 evaluissent
760 3698 851 3766 agella
862 3697 948 3764 pedes
957 3695 1047 3758 binos,
1063 3696 1156 3749 vincu-

356 3775 415 3826 lum
425 3773 506 3824 insiti
515 3770 694 3830 incideretur,
710 3767 831 3820 ubertati
843 3763 1027 3817 crassitudine
1039 3765 1153 3831 permis·

357 3858 398 3895 aa.
432 3840 545 3895 Vilibus
560 3836 717 3891 inserendis
733 3842 843 3900 tempus
859 3835 960 3887 dedere
976 3835 1010 3885 ab
1022 3835 1154 3901 aequino-

357 3913 414 3965 ctio
425 3918 560 3963 autumno
571 3908 606 3960 ad
615 3904 829 3975 germinationis
838 3903 928 3954 initia.
955 3901 1068 3955 Satisne
1079 3903 1155 3970 plaa-

357 3992 406 4035 tae
421 3977 593 4033 silvestrium
609 3974 751 4028 radicibus
763 3974 921 4025 inseruntur
939 3978 1042 4024 natura
1059 3974 1155 4025 sicciu-

356 4052 443 4105 ribus.
461 4047 492 4101 Si
503 4045 609 4099 sativae
621 4041 795 4095 silvestribus
808 4045 973 4101 inserantur,
985 4040 1155 4110 degenerant

356 4125 387 4176 in
396 4122 550 4176 feritatem.
577 4113 695 4180 Reliqua
706 4111 784 4165 caelo
796 4116 933 4164 constant.
952 4110 1103 4177 Aptissima
1113 4112 1156 4164 in·

280 4236 283 4243 ,
357 4193 422 4246 sitis
433 4191 554 4245 siccitas.
589 4186 681 4237 liuius
692 4183 766 4235 enim
777 4180 927 4234 remedium
938 4181 1075 4246 appositis
1085 4182 1155 4233 licti-

357 4262 430 4316 iibus
451 4262 525 4313 vasis
546 4254 671 4310 modicus
690 4251 789 4305 humor
803 4266 854 4320 per
871 4251 993 4306 cinerem
1005 4249 1154 4303 distillans.

356 4331 512 4383 lnoculatio
523 4343 601 4380 rores
613 4330 688 4378 amat
699 4323 784 4377 lenes.

393 4397 494 4451 XXVl.
507 4397 659 4464 Emplastri
670 4396 743 4447 ratio
755 4398 783 4446 et
795 4391 856 4461 ipsa
865 4406 900 4445 ex
910 4388 1099 4443 inoculatione
1109 4405 1155 4442 na·

357 4474 388 4517 ta
399 4465 488 4517 rideri
499 4471 601 4531 potest.
630 4468 730 4517 Crasso
742 4467 835 4517 aulem
846 4460 966 4514 maxime
977 4461 1077 4512 cortici
1090 4476 1154 4513 con·

358 4535 445 4594 venit,
465 4533 537 4585 sicut
554 4541 599 4587 est
613 4536 681 4586 licis.
709 4536 784 4602 Ergo
804 4530 957 4600 amputatis
972 4530 1099 4583 omnibus
1110 4545 1153 4581 ra·

359 4603 423 4664 mis,
445 4615 479 4651 nu
490 4616 603 4653 snrccum
621 4610 748 4665 avocent,
770 4601 938 4653 nitidissima
948 4601 977 4653 in
988 4606 1078 4667 parte,
1089 4615 1155 4668 qua·

360 4686 413 4737 que
424 4670 574 4737 praecipua
583 4678 712 4723 cernatur
722 4670 858 4731 hilaritas,
865 4675 975 4721 exemia
984 4669 1095 4721 scutula
1101 4669 1156 4733 (ita

358 4754 396 4791 ne
407 4738 558 4792 descendat
576 4740 651 4791 ultra
665 4736 790 4806 ferrens)
811 4737 922 4799 cortici,
939 4738 1109 4805 imprimitur
1120 4752 1156 4792 ex

360 4809 417 4860 alia
427 4812 523 4859 cortes
533 4821 593 4873 par,
609 4822 670 4859 cum
681 4806 725 4857 sal
735 4804 867 4872 germinis
877 4819 1010 4858 mamma:
1031 4810 1072 4860 sic
1082 4821 1154 4859 com·

358 4891 432 4959 page
443 4876 567 4936 densata,
578 4880 609 4925 ut
619 4873 742 4927 cicatrici
753 4872 833 4923 incus
843 4887 897 4924 non
909 4874 990 4938 sit,et
1000 4878 1095 4928 statim
1105 4879 1155 4929 liat

358 4955 462 5005 unitas,
474 4959 524 4996 nee
534 4942 685 5003 humorem,
696 4957 745 4995 nec
756 4941 880 4994 afflatum
892 4943 1041 5012 recipiens:
1054 4945 1155 4999 nibilo-

357 5017 450 5083 minus
462 5019 555 5065 tamen
566 5018 595 5064 et
606 5012 667 5063 luto
679 5010 794 5076 munire,
805 5018 833 5065 et
843 5012 953 5065 vinculo
966 5016 1074 5068 melius.
1093 5017 1155 5068 linc

357 5100 445 5153 genus
456 5098 510 5133 non
522 5080 626 5149 pridem
638 5086 780 5148 repertum
790 5082 896 5143 voluat,
916 5085 961 5149 qui
975 5085 1055 5135 noris
1072 5084 1155 5138 mnri-

357 5157 410 5207 bus
422 5152 527 5205 lavent.
563 5150 619 5202 Sed
638 5148 667 5201 ld
677 5151 762 5202 etiam
772 5150 846 5217 apud
862 5157 969 5206 veteres
980 5152 1105 5207 Graecos
1115 5155 1155 5205 in-

357 5225 478 5285 renitor,
487 5228 515 5273 et
525 5218 599 5286 apud
609 5219 752 5282 Catonem,
758 5220 807 5287 qui
816 5221 905 5273 oleam
918 5222 1053 5292 ficumque
1064 5225 1105 5276 sic
1115 5225 1155 5274 in-

357 5295 416 5351 seri
425 5292 518 5353 iussit,
538 5303 667 5342 mensura
676 5289 761 5342 etiam
772 5291 917 5357 praefinita
927 5292 1077 5344 secundum
1088 5292 1154 5345 reli·

358 5378 439 5434 quam
450 5359 622 5430 diligentiam
634 5372 725 5409 suamc
737 5360 856 5412 cortices
867 5361 924 5411 scal
946 5376 977 5413 re
990 5362 1080 5414 excidi
1090 5375 1155 5430 qua·

357 5443 424 5487 tuor
433 5432 582 5504 digitorum
591 5426 777 5497 longitudine,
794 5435 823 5480 et
832 5429 916 5480 trium
939 5430 1088 5495 atitudine,
1110 5438 1154 5484 at·

315 5508 319 5517 '
357 5519 411 5570 que
421 5504 461 5556 ita
471 5499 669 5570 coagmentari,
679 5497 767 5550 etilla
776 5511 827 5549 sua
837 5498 935 5549 intrita
944 5498 1155 5556 oblinireadern

358 5574 546 5627 rationeetin
560 5570 642 5624 malo.
1103 5567 1111 5588 ‘

1209 2587 1299 2639 talea:
1321 2586 1427 2652 optime
1444 2590 1568 2658 quidem,
1587 2595 1745 2647 sivastiore
1766 2591 1911 2658 ramopali
1923 2589 2008 2642 modo

1211 2660 1329 2709 exacuto
1350 2656 1483 2726 adigatur
1496 2660 1565 2725 alte,
1588 2663 1690 2730 exiguo
1702 2669 1898 2731 superterram
1909 2659 2007 2712 relicto

1210 2725 1415 2806 capitaeoque
1426 2729 1487 2795 ipsu
1500 2744 1587 2784 arena
1597 2740 1740 2800 cooperto.
1768 2731 1857 2784 Remo
1876 2734 2008 2781 seruntur

1210 2801 1239 2845 et
1251 2795 1362 2857 Punica,
1383 2796 1455 2862 palis
1477 2796 1572 2852 laxato
1584 2801 1661 2867 prius
1672 2806 1782 2853 meatu:
1805 2800 1873 2852 item
1890 2802 2008 2866 myrtus·

1210 2863 1338 2914 Omnium
1348 2862 1447 2925 hurum
1458 2867 1634 2935 longitudine
1645 2870 1730 2921 trium
1748 2869 1858 2935 pedum,
1878 2867 2008 2921 crassitu-

1210 2931 1274 2983 dine
1294 2932 1385 2982 minus
1408 2934 1558 2998 brachiali,
1584 2938 1689 2990 cortice
1709 2937 1862 3004 dlligenter
1881 2940 2009 2997 serrato,

1210 3004 1309 3050 trunco
1321 3007 1446 3053 exacuto.

1243 3065 1369 3120 xxviii.
1389 3069 1502 3136 Myrtus
1523 3077 1551 3124 et
1571 3073 1656 3125 taleis
1677 3073 1795 3126 seritur:
1816 3087 1911 3127 morus
1931 3074 2011 3128 talea

1208 3140 1330 3200 tantum;
1351 3140 1480 3204 quoniam
1497 3140 1527 3191 in
1544 3141 1622 3193 ulmo
1633 3156 1694 3195 eam
1705 3141 1792 3194 inseri
1803 3141 1904 3211 religio
1916 3142 2010 3211 fulgu·

1208 3203 1428 3330 illailla·
1454 3209 2010 3334 sitbltllltlrlit‘llatill?

1209 3344 1270 3399 lene
1287 3361 1321 3399 ex
1335 3316 1476 3400 feracibus
1494 3349 1563 3403 ilnnt
1575 3352 1735 3404 arboribus:
1752 3367 1788 3404 ne
1798 3316 1918 3414 cursae’,
1939 3365 2009 3403 neve

1208 3418 1334 3479 scabrae,
1353 3422 1402 3469 aut
1411 3416 1551 3472 bifurcae:
1573 3435 1643 3474 neve
1653 3421 1805 3484 tenuiores,
1817 3435 1898 3488 quarn
1909 3425 1941 3471 ut
1953 3433 1999 3471 ma

1209 3500 1273 3537 num
1293 3486 1438 3553 impleant:
1469 3503 1505 3542 ne
1525 3488 1648 3544 minores
1666 3489 1823 3558 pedalibus:
1843 3496 1877 3541 ut
1889 3488 2008 3541 illibato
2090 3520 2097 3531 ·

1209 3555 1322 3608 cortice:
1344 3562 1427 3624 atque
1447 3562 1478 3610 ut
1496 3566 1610 3612 sectura
1619 3559 1737 3612 inierior
1755 3565 1874 3628 ponatur
1891 3572 2008 3625 semper,

1208 3631 1237 3677 et
1247 3625 1321 3692 quod
1333 3629 1387 3678 erit
1398 3628 1432 3679 ab
1443 3627 1550 3682 radice:
1587 3628 1830 3697 accumuleturque
1840 3628 2008 3698 germinatio

1207 3700 1293 3756 terra,
1313 3693 1714 3765 donecroburplantacapiat.

1246 3763 1350 3816 XXlX.
1369 3766 1446 3826 Quae
1466 3765 1650 3819 custodienda
1664 3768 1693 3819 in
1710 3769 1835 3821 olearum
1854 3781 1921 3820 cura
1940 3768 2010 3819 cate

1206 3833 1382 3894 iudicaverit,
1393 3833 1480 3900 ipsius
1490 3835 1582 3888 verbis
1594 3838 1699 3902 optime
1710 3839 1920 3906 praecipiemus.
1954 3838 2009 3888 Ta·

1205 3904 1266 3956 leas
1278 3902 1431 3981 oleaginea,
1442 3917 1511 3971 quas
1522 3904 1552 3955 in
1564 3908 1662 3959 scrobe
1677 3914 1788 3960 saturus
1800 3909 1864 3971 eris,
1882 3905 2006 3973 tripeda-

1206 3987 1274 4025 neas
1283 3970 1384 4054 incrto:
1403 3971 1606 4042 diligenterque
1618 3982 1749 4040 tractato,
1764 3993 1798 4030 ne
1808 3977 1879 4030 liber
1890 3976 2009 4037 laboret,

1206 4040 1395 4112 cumdolabrs,
1405 4049 1455 4094 aut
1464 4045 1582 4098 secabis.
1609 4046 1684 4109 Quas
1694 4049 1724 4099 in
1735 4046 1885 4101 seminario
1895 4050 2009 4098 saturus

1206 4112 1273 4175 eris,
1283 4109 1399 4177 pedales
1410 4112 1512 4165 iacitur
1532 4130 1581 4168 eas
1592 4117 1634 4170 sic
1649 4117 1778 4170 inserite:
1797 4115 1891 4169 Locus
1901 4113 2009 4181 bipalio

1206 4180 1337 4233 subactus
1345 4180 1393 4242 sit,
1404 4183 1528 4251 beneque
1538 4186 1640 4254 glutus.
1677 4188 1744 4239 Cum
1755 4185 1858 4238 taleam
1869 4185 2010 4245 demittes,

1205 4250 1277 4320 pede
1292 4250 1395 4303 taleam
1414 4255 1572 4321 opprimite.
1609 4254 1639 4308 Si
1651 4270 1748 4322 param
1765 4255 1923 4316 descendat,
1943 4253 2011 4306 mal·

1209 4322 1255 4373 leo
1266 4328 1314 4372 aut
1324 4322 1448 4376 mateola
1458 4323 1580 4390 adigito:
1599 4332 1762 4395 cavetoque,
1783 4342 1818 4379 ne
1829 4326 1929 4379 librum
1939 4323 2010 4374 scin·

1208 4391 1267 4453 das,
1278 4406 1339 4443 cum
1351 4391 1458 4461 adiges.
1494 4393 1564 4447 Palo
1578 4396 1656 4461 prius
1673 4396 1768 4448 locum
1784 4396 1810 4447 si
1825 4393 1935 4456 leceris,
1953 4406 2008 4459 que

1207 4460 1311 4514 taleam
1323 4460 1463 4525 demittas,
1482 4462 1525 4517 ita
1539 4465 1639 4518 melius
1655 4465 1739 4518 vivet.
1776 4464 1881 4516 Taleae
1896 4460 1943 4511 ubi
1959 4461 2011 4512 tri·

1207 4545 1270 4583 maa
1280 4537 1353 4594 sunt,
1363 4539 1422 4584 tum
1434 4531 1553 4601 denique
1563 4549 1646 4587 carae
1657 4536 1721 4596 sint,
1731 4531 1778 4583 ubi
1787 4531 1860 4583 liber
1868 4544 1898 4580 se
1908 4536 2011 4583 vertet.

1207 4598 1237 4652 Si
1247 4600 1275 4651 in
1287 4602 1432 4654 scrobibus
1448 4609 1496 4654 aut
1508 4604 1537 4653 is
1547 4604 1633 4655 sulcis
1643 4616 1729 4664 seres,
1747 4607 1842 4652 ternas
1860 4596 1950 4649 taleas
1961 4612 2012 4666 po·

1208 4670 1282 4721 nite:
1301 4686 1404 4739 easque
1420 4671 1576 4723 divaricata
1594 4677 1800 4752 supratsrrarn,
1816 4680 1851 4718 no
1864 4666 1927 4733 plus
1943 4683 2012 4735 qua·

1207 4746 1273 4792 tuor
1285 4738 1390 4809 digitos
1399 4745 1574 4792 transversos
1582 4745 1729 4800 emmeant,
1750 4750 1858 4805 gemma
1869 4736 1914 4788 vel
1924 4738 2010 4790 oculu

1208 4815 1329 4861 serrato.
1365 4807 1523 4876 Diligenter
1533 4809 1654 4862 eximere
1670 4805 1761 4859 oleam
1778 4811 1906 4874 oportet,
1928 4812 2012 4860 etra-

1208 4877 1283 4929 dices
1295 4891 1376 4946 quam
1393 4875 1526 4943 plurimas
1544 4891 1605 4929 cum
1621 4882 1697 4930 terra
1711 4875 1794 4928 ferre.
1829 4875 1882 4928 Ubi
1900 4876 2010 4930 radices

1207 4946 1440 5012 beneopcrueris,
1461 4945 1568 4999 calcare
1579 4947 1658 5009 bene,
1675 4944 1905 5013 nequiduoceat.

1243 5015 1331 5067 XXX.
1351 5015 1374 5069 1.
1394 5014 1499 5083 Siquis
1516 5020 1640 5084 quaerat,
1659 5016 1733 5082 quod
1750 5020 1860 5084 tempus
1878 5014 2011 5069 nicaeae·

1208 5083 1312 5137 rendae
1322 5084 1450 5153 sit,agro
1462 5085 1537 5135 sicco
1548 5098 1599 5151 per
1610 5090 1774 5149 sementem,
1794 5099 1864 5153 agro
1875 5084 1950 5138 laeto
1959 5098 2012 5151 par

1208 5169 1266 5207 ver.
1303 5153 1443 5206 olivetum
1460 5153 1558 5206 diebus
1574 5153 1627 5206 XV
1641 5160 1706 5207 ante
1721 5155 1930 5223 aequinoctium
1947 5168 2011 5206 ver·

1208 5238 1274 5276 num
1284 5224 1339 5276 inci
1361 5223 1401 5274 ito
1411 5229 1518 5291 putare.
1553 5224 1598 5277 Ex
1608 5239 1642 5277 eo
1653 5222 1699 5277 die
1710 5224 1770 5278 dies
1781 5225 1833 5279 xl.
1843 5232 1920 5279 recte
1929 5230 2010 5291 puta·

1209 5293 1261 5346 bis.
1297 5293 1328 5345 ld
1342 5237 1396 5345 boc
1411 5292 1494 5345 modo
1512 5300 1619 5360 putato.
1656 5293 1719 5356 Qua
1740 5296 1819 5349 locus
1832 5301 1910 5348 recta
1930 5293 2012 5346 ferax

1209 5362 1272 5425 erit,
1282 5376 1353 5430 quae
1363 5363 1443 5415 arida
1454 5369 1542 5426 erunt,
1553 5370 1582 5416 et
1590 5366 1615 5417 si
1625 5364 1691 5434 quid
1701 5372 1801 5420 ventus
1811 5363 2012 5431 interiregerit,

1211 5432 1277 5485 inde
1294 5447 1328 5485 ea
1342 5433 1436 5486 omnia
1452 5435 1574 5488 eximito.
1611 5437 1674 5500 Qua
1691 5435 1770 5489 locus
1782 5434 1863 5488 ierax
1878 5446 1934 5485 noa
1945 5432 2014 5495 erit,

1208 5501 1236 5554 ld
1249 5501 1470 5569 pluscesciditu,
1490 5509 1626 5572 aratoque
1637 5508 1717 5569 bene,
1738 5504 1922 5571 enodatoque,
1944 5500 2014 5553 stlr-

1208 5583 1313 5640 pesque
1324 5572 1400 5625 leves
1411 5570 1508 5626 lacito.
1545 5575 1655 5628 cunum
1674 5576 1751 5630 oleas
1765 5574 1950 5627 autumnitate
1959 5569 2013 5623 ab·
