<?xml version="1.0" encoding="UTF-8"?>
<!DOCTYPE html PUBLIC "-//W3C//DTD XHTML 1.0 Transitional//EN"
    "http://www.w3.org/TR/xhtml1/DTD/xhtml1-transitional.dtd">
<html xmlns="http://www.w3.org/1999/xhtml" xml:lang="en" lang="en">
 <head>
  <title>
</title>
<meta http-equiv="Content-Type" content="text/html;charset=utf-8" />
  <meta name='ocr-system' content='tesseract 3.04.00' />
  <meta name='ocr-capabilities' content='ocr_page ocr_carea ocr_par ocr_line ocrx_word'/>
</head>
<body>
  <div class='ocr_page' id='page_1' title='image "./historiaenatura00plingoog/historiaenatura00plingoog_0011.png"; bbox 0 0 4330 6014; ppageno 0'>
   <div class='ocr_carea' id='block_1_1' title="bbox 383 371 1368 419">
    <p class='ocr_par' dir='ltr' id='par_1_1' title="bbox 383 371 1368 419">
     <span class='ocr_line' id='line_1_1' title="bbox 383 371 1368 419; baseline 0 -1"><span class='ocrx_word' id='word_1_1' title='bbox 383 372 417 418; x_wconf 86' lang='lat' dir='ltr'>IV</span> <span class='ocrx_word' id='word_1_2' title='bbox 1039 371 1368 419; x_wconf 77' lang='lat' dir='ltr'><strong>PRAEFATIO.</strong></span> 
     </span>
    </p>
   </div>
   <div class='ocr_carea' id='block_1_2' title="bbox 305 506 2141 1137">
    <p class='ocr_par' dir='ltr' id='par_1_2' title="bbox 305 506 2141 1137">
     <span class='ocr_line' id='line_1_2' title="bbox 384 506 2141 606; baseline 0.008 -27"><span class='ocrx_word' id='word_1_3' title='bbox 384 519 463 580; x_wconf 89' lang='lat' dir='ltr'>arte</span> <span class='ocrx_word' id='word_1_4' title='bbox 489 521 684 603; x_wconf 89' lang='lat' dir='ltr'>parantur,</span> <span class='ocrx_word' id='word_1_5' title='bbox 709 520 752 578; x_wconf 93' lang='lat' dir='ltr'>ut</span> <span class='ocrx_word' id='word_1_6' title='bbox 773 517 977 597; x_wconf 87' lang='lat' dir='ltr'>unguenta,</span> <span class='ocrx_word' id='word_1_7' title='bbox 1003 506 1169 596; x_wconf 88' lang='lat' dir='ltr'>chartae,</span> <span class='ocrx_word' id='word_1_8' title='bbox 1195 506 1280 579; x_wconf 90' lang='lat' dir='ltr'>alia.</span> <span class='ocrx_word' id='word_1_9' title='bbox 1331 508 1558 582; x_wconf 82' lang='lat' dir='ltr'>Fructilcras</span> <span class='ocrx_word' id='word_1_10' title='bbox 1584 526 1762 603; x_wconf 80' lang='lat' dir='ltr'>recenset,</span> <span class='ocrx_word' id='word_1_11' title='bbox 1790 514 1896 587; x_wconf 89' lang='lat' dir='ltr'>etde</span> <span class='ocrx_word' id='word_1_12' title='bbox 1921 517 2021 606; x_wconf 87' lang='lat' dir='ltr'>vino,</span> <span class='ocrx_word' id='word_1_13' title='bbox 2140 508 2141 593; x_wconf 46' lang='lat' dir='ltr'><em>Q</em></span> 
     </span>
     <span class='ocr_line' id='line_1_3' title="bbox 385 640 2021 743; baseline 0.005 -30"><span class='ocrx_word' id='word_1_14' title='bbox 385 643 486 729; x_wconf 90' lang='lat' dir='ltr'>oleo,</span> <span class='ocrx_word' id='word_1_15' title='bbox 511 642 634 737; x_wconf 88' lang='lat' dir='ltr'>pomis</span> <span class='ocrx_word' id='word_1_16' title='bbox 661 642 830 735; x_wconf 84' lang='lat' dir='ltr'>exponit.</span> <span class='ocrx_word' id='word_1_17' title='bbox 883 640 1095 729; x_wconf 86' lang='lat' dir='ltr'>Sylvestres</span> <span class='ocrx_word' id='word_1_18' title='bbox 1129 641 1270 729; x_wconf 91' lang='lat' dir='ltr'>adiicit,</span> <span class='ocrx_word' id='word_1_19' title='bbox 1310 654 1348 713; x_wconf 91' lang='lat' dir='ltr'>et</span> <span class='ocrx_word' id='word_1_20' title='bbox 1373 664 1501 714; x_wconf 89' lang='lat' dir='ltr'>earum</span> <span class='ocrx_word' id='word_1_21' title='bbox 1526 657 1750 718; x_wconf 76' lang='lat' dir='ltr'>structuram</span> <span class='ocrx_word' id='word_1_22' title='bbox 1776 649 2021 743; x_wconf 78' lang='lat' dir='ltr'><strong>culturamque</strong></span> 
     </span>
     <span class='ocr_line' id='line_1_4' title="bbox 382 756 2023 874; baseline 0.005 -28"><span class='ocrx_word' id='word_1_23' title='bbox 382 775 624 871; x_wconf 88' lang='lat' dir='ltr'>persequitur.</span> <span class='ocrx_word' id='word_1_24' title='bbox 674 772 800 867; x_wconf 85' lang='lat' dir='ltr'>anue</span> <span class='ocrx_word' id='word_1_25' title='bbox 825 774 1014 868; x_wconf 84' lang='lat' dir='ltr'>pertinent</span> <span class='ocrx_word' id='word_1_26' title='bbox 1038 795 1154 868; x_wconf 88' lang='lat' dir='ltr'>usque</span> <span class='ocrx_word' id='word_1_27' title='bbox 1179 756 1290 846; x_wconf 88' lang='lat' dir='ltr'>finem</span> <span class='ocrx_word' id='word_1_28' title='bbox 1316 773 1426 860; x_wconf 80' lang='lat' dir='ltr'>XVII</span> <span class='ocrx_word' id='word_1_29' title='bbox 1451 776 1548 848; x_wconf 87' lang='lat' dir='ltr'>libri.</span> <span class='ocrx_word' id='word_1_30' title='bbox 1597 776 1689 852; x_wconf 91' lang='lat' dir='ltr'>Inde</span> <span class='ocrx_word' id='word_1_31' title='bbox 1722 783 1945 874; x_wconf 78' lang='lat' dir='ltr'>agricultura</span> <span class='ocrx_word' id='word_1_32' title='bbox 1969 805 2023 855; x_wconf 91' lang='lat' dir='ltr'>se·</span> 
     </span>
     <span class='ocr_line' id='line_1_5' title="bbox 382 903 2141 1009; baseline 0.006 -31"><span class='ocrx_word' id='word_1_33' title='bbox 382 909 518 1002; x_wconf 87' lang='lat' dir='ltr'>quitur,</span> <span class='ocrx_word' id='word_1_34' title='bbox 551 903 769 1000; x_wconf 79' lang='lat' dir='ltr'>frugumque</span> <span class='ocrx_word' id='word_1_35' title='bbox 795 928 931 998; x_wconf 87' lang='lat' dir='ltr'>genera</span> <span class='ocrx_word' id='word_1_36' title='bbox 955 920 1178 998; x_wconf 82' lang='lat' dir='ltr'>tractantur3</span> <span class='ocrx_word' id='word_1_37' title='bbox 1210 909 1404 982; x_wconf 87' lang='lat' dir='ltr'>hortorum</span> <span class='ocrx_word' id='word_1_38' title='bbox 1428 933 1541 1006; x_wconf 89' lang='lat' dir='ltr'>porro</span> <span class='ocrx_word' id='word_1_39' title='bbox 1568 910 1705 999; x_wconf 90' lang='lat' dir='ltr'>cultus,</span> <span class='ocrx_word' id='word_1_40' title='bbox 1737 927 1774 983; x_wconf 89' lang='lat' dir='ltr'>et</span> <span class='ocrx_word' id='word_1_41' title='bbox 1799 939 1892 1009; x_wconf 92' lang='lat' dir='ltr'>quae</span> <span class='ocrx_word' id='word_1_42' title='bbox 1926 917 2026 988; x_wconf 86' lang='lat' dir='ltr'>olera</span> <span class='ocrx_word' id='word_1_43' title='bbox 2140 988 2141 1003; x_wconf 58' lang='grc'>,</span> 
     </span>
     <span class='ocr_line' id='line_1_6' title="bbox 305 1020 2141 1137; baseline 0.005 -25"><span class='ocrx_word' id='word_1_44' title='bbox 305 1060 315 1073; x_wconf 92' lang='grc'>·</span> <span class='ocrx_word' id='word_1_45' title='bbox 380 1041 640 1133; x_wconf 90' lang='lat' dir='ltr'>nascentiaque</span> <span class='ocrx_word' id='word_1_46' title='bbox 664 1041 707 1111; x_wconf 93' lang='lat' dir='ltr'>in</span> <span class='ocrx_word' id='word_1_47' title='bbox 730 1040 806 1111; x_wconf 92' lang='lat' dir='ltr'>illis</span> <span class='ocrx_word' id='word_1_48' title='bbox 830 1043 1075 1137; x_wconf 82' lang='lat' dir='ltr'>proveniant3</span> <span class='ocrx_word' id='word_1_49' title='bbox 1113 1043 1243 1114; x_wconf 87' lang='lat' dir='ltr'>florum</span> <span class='ocrx_word' id='word_1_50' title='bbox 1271 1042 1400 1132; x_wconf 89' lang='lat' dir='ltr'>decor,</span> <span class='ocrx_word' id='word_1_51' title='bbox 1437 1067 1521 1116; x_wconf 86' lang='lat' dir='ltr'>cunr</span> <span class='ocrx_word' id='word_1_52' title='bbox 1548 1049 1822 1119; x_wconf 83' lang='lat' dir='ltr'>coronamentis</span> <span class='ocrx_word' id='word_1_53' title='bbox 1848 1061 1886 1120; x_wconf 89' lang='lat' dir='ltr'>et</span> <span class='ocrx_word' id='word_1_54' title='bbox 1909 1048 2027 1121; x_wconf 92' lang='lat' dir='ltr'>medi·</span> <span class='ocrx_word' id='word_1_55' title='bbox 2140 1020 2141 1025; x_wconf 6' lang='grc' dir='ltr'><strong>Ἰ</strong></span> 
     </span>
    </p>
   </div>
   <div class='ocr_carea' id='block_1_3' title="bbox 381 1174 2141 1272">
    <p class='ocr_par' dir='ltr' id='par_1_3' title="bbox 381 1174 2141 1272">
     <span class='ocr_line' id='line_1_7' title="bbox 381 1174 2141 1272; baseline 0.006 -27"><span class='ocrx_word' id='word_1_56' title='bbox 381 1176 488 1263; x_wconf 90' lang='lat' dir='ltr'>cinis,</span> <span class='ocrx_word' id='word_1_57' title='bbox 524 1195 617 1266; x_wconf 91' lang='lat' dir='ltr'>quae</span> <span class='ocrx_word' id='word_1_58' title='bbox 648 1196 700 1245; x_wconf 79' lang='lat' dir='ltr'>ex</span> <span class='ocrx_word' id='word_1_59' title='bbox 727 1174 803 1247; x_wconf 91' lang='lat' dir='ltr'>illis</span> <span class='ocrx_word' id='word_1_60' title='bbox 825 1189 1018 1271; x_wconf 88' lang='lat' dir='ltr'>parantur.</span> <span class='ocrx_word' id='word_1_61' title='bbox 1068 1176 1208 1272; x_wconf 80' lang='lat' dir='ltr'>Hisque</span> <span class='ocrx_word' id='word_1_62' title='bbox 1239 1176 1490 1271; x_wconf 87' lang='lat' dir='ltr'>adiunguntur</span> <span class='ocrx_word' id='word_1_63' title='bbox 1517 1181 1719 1253; x_wconf 87' lang='lat' dir='ltr'>universae</span> <span class='ocrx_word' id='word_1_64' title='bbox 1744 1180 1949 1253; x_wconf 87' lang='lat' dir='ltr'>medicinae</span> <span class='ocrx_word' id='word_1_65' title='bbox 1975 1204 2026 1254; x_wconf 83' lang='lat' dir='ltr'>ex</span> <span class='ocrx_word' id='word_1_66' title='bbox 2140 1240 2141 1265; x_wconf 51' lang='lat'>2</span> 
     </span>
    </p>
   </div>
   <div class='ocr_carea' id='block_1_4' title="bbox 378 1307 2071 1809">
    <p class='ocr_par' dir='ltr' id='par_1_4' title="bbox 378 1307 2071 1809">
     <span class='ocr_line' id='line_1_8' title="bbox 380 1307 2024 1404; baseline 0.004 -25"><span class='ocrx_word' id='word_1_67' title='bbox 380 1308 572 1382; x_wconf 83' lang='lat' dir='ltr'>arboribus</span> <span class='ocrx_word' id='word_1_68' title='bbox 598 1307 661 1379; x_wconf 88' lang='lat' dir='ltr'>vel</span> <span class='ocrx_word' id='word_1_69' title='bbox 687 1307 795 1381; x_wconf 90' lang='lat' dir='ltr'>cultis</span> <span class='ocrx_word' id='word_1_70' title='bbox 821 1311 882 1384; x_wconf 93' lang='lat' dir='ltr'>vel</span> <span class='ocrx_word' id='word_1_71' title='bbox 910 1311 1176 1401; x_wconf 88' lang='lat' dir='ltr'>sylvestribus,</span> <span class='ocrx_word' id='word_1_72' title='bbox 1202 1334 1291 1383; x_wconf 90' lang='lat' dir='ltr'>usus</span> <span class='ocrx_word' id='word_1_73' title='bbox 1317 1312 1515 1385; x_wconf 87' lang='lat' dir='ltr'>herbarum</span> <span class='ocrx_word' id='word_1_74' title='bbox 1541 1312 1784 1404; x_wconf 89' lang='lat' dir='ltr'>medicinalis,</span> <span class='ocrx_word' id='word_1_75' title='bbox 1812 1327 1850 1387; x_wconf 92' lang='lat' dir='ltr'>et</span> <span class='ocrx_word' id='word_1_76' title='bbox 1873 1313 2024 1386; x_wconf 90' lang='lat' dir='ltr'>medici-</span> 
     </span>
     <span class='ocr_line' id='line_1_9' title="bbox 378 1434 2071 1542; baseline 0.004 -30"><span class='ocrx_word' id='word_1_77' title='bbox 378 1465 449 1514; x_wconf 87' lang='lat' dir='ltr'>nae</span> <span class='ocrx_word' id='word_1_78' title='bbox 476 1463 527 1512; x_wconf 87' lang='lat' dir='ltr'>ex</span> <span class='ocrx_word' id='word_1_79' title='bbox 552 1441 775 1514; x_wconf 83' lang='lat' dir='ltr'>animalibus</span> <span class='ocrx_word' id='word_1_80' title='bbox 802 1455 878 1515; x_wconf 89' lang='lat' dir='ltr'>tam</span> <span class='ocrx_word' id='word_1_81' title='bbox 904 1446 1140 1517; x_wconf 86' lang='lat' dir='ltr'>terrestribus</span> <span class='ocrx_word' id='word_1_82' title='bbox 1166 1468 1277 1538; x_wconf 83' lang='lat' dir='ltr'>quarn</span> <span class='ocrx_word' id='word_1_83' title='bbox 1298 1447 1521 1539; x_wconf 86' lang='lat' dir='ltr'>aquatilibus</span> <span class='ocrx_word' id='word_1_84' title='bbox 1543 1446 1593 1517; x_wconf 90' lang='lat' dir='ltr'>ad</span> <span class='ocrx_word' id='word_1_85' title='bbox 1613 1450 1790 1542; x_wconf 89' lang='lat' dir='ltr'>pervaria</span> <span class='ocrx_word' id='word_1_86' title='bbox 1810 1448 2023 1520; x_wconf 85' lang='lat' dir='ltr'>morborum</span> <span class='ocrx_word' id='word_1_87' title='bbox 2062 1434 2071 1449; x_wconf 80' lang='grc'><strong><em>’</em></strong></span> 
     </span>
     <span class='ocr_line' id='line_1_10' title="bbox 378 1573 2025 1674; baseline 0.002 -29"><span class='ocrx_word' id='word_1_88' title='bbox 378 1598 513 1667; x_wconf 89' lang='lat' dir='ltr'>genera</span> <span class='ocrx_word' id='word_1_89' title='bbox 545 1576 799 1671; x_wconf 81' lang='lat' dir='ltr'>persananda3</span> <span class='ocrx_word' id='word_1_90' title='bbox 838 1580 902 1672; x_wconf 91' lang='lat' dir='ltr'>qui</span> <span class='ocrx_word' id='word_1_91' title='bbox 935 1579 1036 1651; x_wconf 88' lang='lat' dir='ltr'>locus</span> <span class='ocrx_word' id='word_1_92' title='bbox 1069 1579 1116 1649; x_wconf 90' lang='lat' dir='ltr'>de</span> <span class='ocrx_word' id='word_1_93' title='bbox 1147 1574 1343 1652; x_wconf 85' lang='lat' dir='ltr'>medicinis</span> <span class='ocrx_word' id='word_1_94' title='bbox 1377 1601 1400 1649; x_wconf 93' lang='lat' dir='ltr'>a</span> <span class='ocrx_word' id='word_1_95' title='bbox 1429 1578 1525 1651; x_wconf 93' lang='lat' dir='ltr'>libro</span> <span class='ocrx_word' id='word_1_96' title='bbox 1555 1573 1643 1650; x_wconf 90' lang='lat' dir='ltr'>inde</span> <span class='ocrx_word' id='word_1_97' title='bbox 1668 1578 1796 1652; x_wconf 86' lang='lat' dir='ltr'>XXIII</span> <span class='ocrx_word' id='word_1_98' title='bbox 1825 1604 1942 1674; x_wconf 92' lang='lat' dir='ltr'>usque</span> <span class='ocrx_word' id='word_1_99' title='bbox 1977 1579 2025 1650; x_wconf 91' lang='lat' dir='ltr'>ad</span> 
     </span>
     <span class='ocr_line' id='line_1_11' title="bbox 378 1706 2025 1809; baseline 0.001 -29"><span class='ocrx_word' id='word_1_100' title='bbox 378 1706 540 1781; x_wconf 78' lang='lat' dir='ltr'>XXXIII</span> <span class='ocrx_word' id='word_1_101' title='bbox 555 1711 728 1805; x_wconf 89' lang='lat' dir='ltr'>pertinet.</span> <span class='ocrx_word' id='word_1_102' title='bbox 754 1749 805 1763; x_wconf 90' lang='lat'>-</span> <span class='ocrx_word' id='word_1_103' title='bbox 828 1712 997 1809; x_wconf 88' lang='lat' dir='ltr'>Denique</span> <span class='ocrx_word' id='word_1_104' title='bbox 1024 1712 1073 1785; x_wconf 90' lang='lat' dir='ltr'>ad</span> <span class='ocrx_word' id='word_1_105' title='bbox 1098 1714 1250 1785; x_wconf 90' lang='lat' dir='ltr'>tertium</span> <span class='ocrx_word' id='word_1_106' title='bbox 1273 1724 1429 1785; x_wconf 91' lang='lat' dir='ltr'>naturae</span> <span class='ocrx_word' id='word_1_107' title='bbox 1454 1733 1608 1804; x_wconf 86' lang='lat' dir='ltr'>regnum</span> <span class='ocrx_word' id='word_1_108' title='bbox 1629 1712 1781 1801; x_wconf 86' lang='lat' dir='ltr'>transit,</span> <span class='ocrx_word' id='word_1_109' title='bbox 1803 1724 1841 1784; x_wconf 89' lang='lat' dir='ltr'>et</span> <span class='ocrx_word' id='word_1_110' title='bbox 1860 1714 2025 1808; x_wconf 88' lang='lat' dir='ltr'>primum</span> 
     </span>
    </p>
   </div>
   <div class='ocr_carea' id='block_1_5' title="bbox 265 1843 2025 1943">
    <p class='ocr_par' dir='ltr' id='par_1_5' title="bbox 265 1843 2025 1943">
     <span class='ocr_line' id='line_1_12' title="bbox 265 1843 2025 1943; baseline 0.001 -30"><span class='ocrx_word' id='word_1_111' title='bbox 265 1928 272 1937; x_wconf 38' lang='grc'><strong>,</strong></span> <span class='ocrx_word' id='word_1_112' title='bbox 324 1876 333 1897; x_wconf 86' lang='lat'><strong>·</strong></span> <span class='ocrx_word' id='word_1_113' title='bbox 378 1844 532 1915; x_wconf 87' lang='lat' dir='ltr'>metalla</span> <span class='ocrx_word' id='word_1_114' title='bbox 556 1854 719 1930; x_wconf 65' lang='lat' dir='ltr'>tractat,</span> <span class='ocrx_word' id='word_1_115' title='bbox 735 1855 773 1916; x_wconf 90' lang='lat' dir='ltr'>et</span> <span class='ocrx_word' id='word_1_116' title='bbox 798 1847 956 1933; x_wconf 88' lang='lat' dir='ltr'>colores,</span> <span class='ocrx_word' id='word_1_117' title='bbox 984 1849 1048 1942; x_wconf 92' lang='lat' dir='ltr'>qui</span> <span class='ocrx_word' id='word_1_118' title='bbox 1073 1870 1125 1920; x_wconf 82' lang='lat' dir='ltr'>ex</span> <span class='ocrx_word' id='word_1_119' title='bbox 1149 1848 1225 1920; x_wconf 93' lang='lat' dir='ltr'>illis</span> <span class='ocrx_word' id='word_1_120' title='bbox 1251 1849 1432 1937; x_wconf 82' lang='lat' dir='ltr'>confiunt3</span> <span class='ocrx_word' id='word_1_121' title='bbox 1459 1847 1640 1939; x_wconf 90' lang='lat' dir='ltr'>simulque</span> <span class='ocrx_word' id='word_1_122' title='bbox 1665 1846 1712 1917; x_wconf 93' lang='lat' dir='ltr'>de</span> <span class='ocrx_word' id='word_1_123' title='bbox 1741 1843 1922 1943; x_wconf 84' lang='lat' dir='ltr'>pingendi</span> <span class='ocrx_word' id='word_1_124' title='bbox 1947 1859 2025 1917; x_wconf 88' lang='lat' dir='ltr'>arte</span> 
     </span>
    </p>
   </div>
   <div class='ocr_carea' id='block_1_6' title="bbox 359 1977 2030 4216">
    <p class='ocr_par' dir='ltr' id='par_1_6' title="bbox 359 1977 2030 2722">
     <span class='ocr_line' id='line_1_13' title="bbox 376 1977 2026 2079; baseline 0.001 -30"><span class='ocrx_word' id='word_1_125' title='bbox 376 1977 652 2074; x_wconf 79' lang='lat' dir='ltr'>pistoribusque</span> <span class='ocrx_word' id='word_1_126' title='bbox 677 1992 716 2051; x_wconf 92' lang='lat' dir='ltr'>et</span> <span class='ocrx_word' id='word_1_127' title='bbox 740 1981 894 2076; x_wconf 88' lang='lat' dir='ltr'>picturis</span> <span class='ocrx_word' id='word_1_128' title='bbox 920 2004 1050 2054; x_wconf 90' lang='lat' dir='ltr'>eorum</span> <span class='ocrx_word' id='word_1_129' title='bbox 1075 1985 1246 2079; x_wconf 81' lang='lat' dir='ltr'>exponit.</span> <span class='ocrx_word' id='word_1_130' title='bbox 1295 1983 1394 2054; x_wconf 89' lang='lat' dir='ltr'>Dein</span> <span class='ocrx_word' id='word_1_131' title='bbox 1426 1993 1547 2053; x_wconf 86' lang='lat' dir='ltr'>terrae</span> <span class='ocrx_word' id='word_1_132' title='bbox 1579 1981 1780 2052; x_wconf 83' lang='lat' dir='ltr'>varietates</span> <span class='ocrx_word' id='word_1_133' title='bbox 1813 1992 1852 2052; x_wconf 91' lang='lat' dir='ltr'>et</span> <span class='ocrx_word' id='word_1_134' title='bbox 1873 1979 2026 2052; x_wconf 88' lang='lat' dir='ltr'>medici·</span> 
     </span>
     <span class='ocr_line' id='line_1_14' title="bbox 377 2114 2025 2211; baseline 0.001 -28"><span class='ocrx_word' id='word_1_135' title='bbox 377 2134 445 2184; x_wconf 92' lang='lat' dir='ltr'>nas</span> <span class='ocrx_word' id='word_1_136' title='bbox 472 2125 510 2184; x_wconf 90' lang='lat' dir='ltr'>et</span> <span class='ocrx_word' id='word_1_137' title='bbox 534 2134 623 2185; x_wconf 82' lang='lat' dir='ltr'>tuus</span> <span class='ocrx_word' id='word_1_138' title='bbox 648 2115 891 2210; x_wconf 87' lang='lat' dir='ltr'>persequitur.</span> <span class='ocrx_word' id='word_1_139' title='bbox 944 2115 1041 2187; x_wconf 77' lang='lat' dir='ltr'>&#39;lum</span> <span class='ocrx_word' id='word_1_140' title='bbox 1067 2116 1211 2211; x_wconf 90' lang='lat' dir='ltr'>lapides</span> <span class='ocrx_word' id='word_1_141' title='bbox 1235 2127 1388 2203; x_wconf 89' lang='lat' dir='ltr'>tractat,</span> <span class='ocrx_word' id='word_1_142' title='bbox 1425 2114 1607 2208; x_wconf 89' lang='lat' dir='ltr'>simulque</span> <span class='ocrx_word' id='word_1_143' title='bbox 1637 2115 1795 2186; x_wconf 81' lang='lat' dir='ltr'>artifices</span> <span class='ocrx_word' id='word_1_144' title='bbox 1824 2115 2025 2187; x_wconf 84' lang='lat' dir='ltr'>statuarios</span> 
     </span>
     <span class='ocr_line' id='line_1_15' title="bbox 377 2242 2029 2347; baseline 0.001 -31"><span class='ocrx_word' id='word_1_145' title='bbox 377 2258 415 2316; x_wconf 88' lang='lat' dir='ltr'>et</span> <span class='ocrx_word' id='word_1_146' title='bbox 440 2246 657 2319; x_wconf 86' lang='lat' dir='ltr'>architectos</span> <span class='ocrx_word' id='word_1_147' title='bbox 684 2270 768 2320; x_wconf 91' lang='lat' dir='ltr'>cum</span> <span class='ocrx_word' id='word_1_148' title='bbox 792 2251 883 2321; x_wconf 86' lang='lat' dir='ltr'>artis</span> <span class='ocrx_word' id='word_1_149' title='bbox 905 2252 1079 2346; x_wconf 90' lang='lat' dir='ltr'>operibus</span> <span class='ocrx_word' id='word_1_150' title='bbox 1100 2251 1310 2347; x_wconf 83' lang='lat' dir='ltr'>praecipuis</span> <span class='ocrx_word' id='word_1_151' title='bbox 1332 2259 1511 2322; x_wconf 88' lang='lat' dir='ltr'>recenset.</span> <span class='ocrx_word' id='word_1_152' title='bbox 1553 2245 1696 2335; x_wconf 80' lang='lat' dir='ltr'>Quibus</span> <span class='ocrx_word' id='word_1_153' title='bbox 1716 2248 1905 2320; x_wconf 84' lang='lat' dir='ltr'>absolutis</span> <span class='ocrx_word' id='word_1_154' title='bbox 1930 2242 2029 2340; x_wconf 87' lang='lat' dir='ltr'>gem·</span> 
     </span>
     <span class='ocr_line' id='line_1_16' title="bbox 376 2380 2030 2480; baseline 0.003 -30"><span class='ocrx_word' id='word_1_155' title='bbox 376 2400 522 2452; x_wconf 86' lang='lat' dir='ltr'>marum</span> <span class='ocrx_word' id='word_1_156' title='bbox 548 2380 698 2454; x_wconf 88' lang='lat' dir='ltr'>demum</span> <span class='ocrx_word' id='word_1_157' title='bbox 732 2405 867 2476; x_wconf 89' lang='lat' dir='ltr'>genera</span> <span class='ocrx_word' id='word_1_158' title='bbox 899 2396 1093 2480; x_wconf 85' lang='lat' dir='ltr'>percenset</span> <span class='ocrx_word' id='word_1_159' title='bbox 1118 2397 1157 2457; x_wconf 93' lang='lat' dir='ltr'>et</span> <span class='ocrx_word' id='word_1_160' title='bbox 1181 2384 1339 2456; x_wconf 86' lang='lat' dir='ltr'>artifices</span> <span class='ocrx_word' id='word_1_161' title='bbox 1365 2394 1533 2470; x_wconf 85' lang='lat' dir='ltr'>enarrat,</span> <span class='ocrx_word' id='word_1_162' title='bbox 1568 2382 1709 2476; x_wconf 83' lang='lat' dir='ltr'>quiex</span> <span class='ocrx_word' id='word_1_163' title='bbox 1735 2383 1811 2455; x_wconf 91' lang='lat' dir='ltr'>illis</span> <span class='ocrx_word' id='word_1_164' title='bbox 1836 2404 1918 2454; x_wconf 90' lang='lat' dir='ltr'>sua</span> <span class='ocrx_word' id='word_1_165' title='bbox 1943 2381 2030 2455; x_wconf 85' lang='lat' dir='ltr'>artis</span> 
     </span>
     <span class='ocr_line' id='line_1_17' title="bbox 363 2515 2028 2615; baseline 0.002 -31"><span class='ocrx_word' id='word_1_166' title='bbox 363 2535 492 2609; x_wconf 33' lang='lat' dir='ltr'>,opera</span> <span class='ocrx_word' id='word_1_167' title='bbox 505 2515 707 2606; x_wconf 78' lang='lat' dir='ltr'>effecerint3</span> <span class='ocrx_word' id='word_1_168' title='bbox 726 2518 768 2588; x_wconf 92' lang='lat' dir='ltr'>in</span> <span class='ocrx_word' id='word_1_169' title='bbox 782 2517 915 2612; x_wconf 89' lang='lat' dir='ltr'>quibus</span> <span class='ocrx_word' id='word_1_170' title='bbox 932 2517 1163 2592; x_wconf 87' lang='lat' dir='ltr'>illustrandis</span> <span class='ocrx_word' id='word_1_171' title='bbox 1178 2516 1521 2615; x_wconf 82' lang='lat' dir='ltr'>perscribendisque</span> <span class='ocrx_word' id='word_1_172' title='bbox 1531 2516 1714 2589; x_wconf 87' lang='lat' dir='ltr'>inclutum</span> <span class='ocrx_word' id='word_1_173' title='bbox 1733 2538 1826 2611; x_wconf 89' lang='lat' dir='ltr'>opus</span> <span class='ocrx_word' id='word_1_174' title='bbox 1843 2528 1880 2588; x_wconf 85' lang='lat' dir='ltr'>et</span> <span class='ocrx_word' id='word_1_175' title='bbox 1906 2519 2028 2615; x_wconf 88' lang='lat' dir='ltr'>ipsum</span> 
     </span>
     <span class='ocr_line' id='line_1_18' title="bbox 359 2648 756 2722; baseline 0.013 -5"><span class='ocrx_word' id='word_1_176' title='bbox 359 2648 595 2721; x_wconf 83' lang='lat' dir='ltr'>admirabile</span> <span class='ocrx_word' id='word_1_177' title='bbox 620 2651 756 2722; x_wconf 79' lang='lat' dir='ltr'>firnnu.</span> 
     </span>
    </p>

    <p class='ocr_par' dir='ltr' id='par_1_7' title="bbox 371 2780 2024 4216">
     <span class='ocr_line' id='line_1_19' title="bbox 474 2780 2024 2885; baseline 0.003 -31"><span class='ocrx_word' id='word_1_178' title='bbox 474 2780 654 2877; x_wconf 83' lang='lat' dir='ltr'>Apparet,</span> <span class='ocrx_word' id='word_1_179' title='bbox 674 2794 817 2854; x_wconf 89' lang='lat' dir='ltr'>tantam</span> <span class='ocrx_word' id='word_1_180' title='bbox 842 2785 884 2854; x_wconf 91' lang='lat' dir='ltr'>in</span> <span class='ocrx_word' id='word_1_181' title='bbox 909 2787 1150 2880; x_wconf 83' lang='lat' dir='ltr'>praecellenti</span> <span class='ocrx_word' id='word_1_182' title='bbox 1173 2787 1245 2859; x_wconf 85' lang='lat' dir='ltr'>lroc</span> <span class='ocrx_word' id='word_1_183' title='bbox 1270 2811 1383 2885; x_wconf 91' lang='lat' dir='ltr'>opere</span> <span class='ocrx_word' id='word_1_184' title='bbox 1408 2809 1533 2860; x_wconf 87' lang='lat' dir='ltr'>rerum</span> <span class='ocrx_word' id='word_1_185' title='bbox 1552 2799 1592 2858; x_wconf 88' lang='lat' dir='ltr'>et</span> <span class='ocrx_word' id='word_1_186' title='bbox 1612 2799 1918 2880; x_wconf 79' lang='lat' dir='ltr'>argrurrentorurn</span> <span class='ocrx_word' id='word_1_187' title='bbox 1944 2809 2024 2859; x_wconf 88' lang='lat' dir='ltr'>esse</span> 
     </span>
     <span class='ocr_line' id='line_1_20' title="bbox 375 2918 2022 3015; baseline 0.001 -29"><span class='ocrx_word' id='word_1_188' title='bbox 375 2925 546 3011; x_wconf 89' lang='lat' dir='ltr'>oportere</span> <span class='ocrx_word' id='word_1_189' title='bbox 572 2918 806 3006; x_wconf 82' lang='lat' dir='ltr'>varietatem,</span> <span class='ocrx_word' id='word_1_190' title='bbox 823 2929 876 3006; x_wconf 84' lang='lat' dir='ltr'>ut,</span> <span class='ocrx_word' id='word_1_191' title='bbox 894 2939 1007 3011; x_wconf 91' lang='lat' dir='ltr'>quum</span> <span class='ocrx_word' id='word_1_192' title='bbox 1032 2933 1213 3015; x_wconf 87' lang='lat' dir='ltr'>perpetuo</span> <span class='ocrx_word' id='word_1_193' title='bbox 1240 2918 1417 2991; x_wconf 89' lang='lat' dir='ltr'>studiosis</span> <span class='ocrx_word' id='word_1_194' title='bbox 1442 2920 1574 2986; x_wconf 84' lang='lat' dir='ltr'>harrrrn</span> <span class='ocrx_word' id='word_1_195' title='bbox 1600 2940 1725 2986; x_wconf 87' lang='lat' dir='ltr'>rerum</span> <span class='ocrx_word' id='word_1_196' title='bbox 1749 2942 1827 2985; x_wconf 89' lang='lat' dir='ltr'>non</span> <span class='ocrx_word' id='word_1_197' title='bbox 1852 2931 1929 2985; x_wconf 89' lang='lat' dir='ltr'>tam</span> <span class='ocrx_word' id='word_1_198' title='bbox 1946 2942 2022 2987; x_wconf 90' lang='lat' dir='ltr'>uno</span> 
     </span>
     <span class='ocr_line' id='line_1_21' title="bbox 374 3043 2021 3144; baseline -0.001 -23"><span class='ocrx_word' id='word_1_199' title='bbox 374 3060 503 3121; x_wconf 87' lang='lat' dir='ltr'>tenore</span> <span class='ocrx_word' id='word_1_200' title='bbox 527 3050 811 3143; x_wconf 81' lang='lat' dir='ltr'>perlegendum,</span> <span class='ocrx_word' id='word_1_201' title='bbox 845 3073 957 3144; x_wconf 89' lang='lat' dir='ltr'>quarn</span> <span class='ocrx_word' id='word_1_202' title='bbox 984 3052 1204 3124; x_wconf 88' lang='lat' dir='ltr'>creberrime</span> <span class='ocrx_word' id='word_1_203' title='bbox 1224 3050 1294 3121; x_wconf 89' lang='lat' dir='ltr'>hae</span> <span class='ocrx_word' id='word_1_204' title='bbox 1318 3048 1383 3121; x_wconf 84' lang='lat' dir='ltr'>vel</span> <span class='ocrx_word' id='word_1_205' title='bbox 1407 3048 1493 3119; x_wconf 87' lang='lat' dir='ltr'>illac</span> <span class='ocrx_word' id='word_1_206' title='bbox 1517 3043 1809 3142; x_wconf 89' lang='lat' dir='ltr'>inspiciendum,</span> <span class='ocrx_word' id='word_1_207' title='bbox 1842 3047 2021 3120; x_wconf 89' lang='lat' dir='ltr'>evolven-</span> 
     </span>
     <span class='ocr_line' id='line_1_22' title="bbox 375 3162 2022 3278; baseline 0.001 -27"><span class='ocrx_word' id='word_1_208' title='bbox 375 3181 483 3270; x_wconf 89' lang='lat' dir='ltr'>dum,</span> <span class='ocrx_word' id='word_1_209' title='bbox 508 3183 796 3278; x_wconf 87' lang='lat' dir='ltr'>perquirendum</span> <span class='ocrx_word' id='word_1_210' title='bbox 823 3186 887 3272; x_wconf 87' lang='lat' dir='ltr'>sit,</span> <span class='ocrx_word' id='word_1_211' title='bbox 914 3185 1131 3258; x_wconf 88' lang='lat' dir='ltr'>commodus</span> <span class='ocrx_word' id='word_1_212' title='bbox 1158 3185 1237 3256; x_wconf 90' lang='lat' dir='ltr'>eius</span> <span class='ocrx_word' id='word_1_213' title='bbox 1261 3204 1351 3254; x_wconf 90' lang='lat' dir='ltr'>usus</span> <span class='ocrx_word' id='word_1_214' title='bbox 1377 3182 1457 3253; x_wconf 85' lang='lat' dir='ltr'>siae</span> <span class='ocrx_word' id='word_1_215' title='bbox 1481 3178 1604 3255; x_wconf 89' lang='lat' dir='ltr'>indice</span> <span class='ocrx_word' id='word_1_216' title='bbox 1630 3162 1826 3250; x_wconf 90' lang='lat' dir='ltr'>commodo</span> <span class='ocrx_word' id='word_1_217' title='bbox 1850 3179 1931 3253; x_wconf 88' lang='lat' dir='ltr'>fieri</span> <span class='ocrx_word' id='word_1_218' title='bbox 1955 3202 2022 3253; x_wconf 85' lang='lat' dir='ltr'>ne·</span> 
     </span>
     <span class='ocr_line' id='line_1_23' title="bbox 375 3310 2020 3413; baseline -0.001 -26"><span class='ocrx_word' id='word_1_219' title='bbox 375 3326 495 3409; x_wconf 88' lang='lat' dir='ltr'>queat.</span> <span class='ocrx_word' id='word_1_220' title='bbox 547 3314 608 3389; x_wconf 84' lang='lat' dir='ltr'>Ad</span> <span class='ocrx_word' id='word_1_221' title='bbox 641 3339 724 3389; x_wconf 88' lang='lat' dir='ltr'>eam</span> <span class='ocrx_word' id='word_1_222' title='bbox 758 3332 883 3392; x_wconf 89' lang='lat' dir='ltr'>autern</span> <span class='ocrx_word' id='word_1_223' title='bbox 912 3342 993 3393; x_wconf 90' lang='lat' dir='ltr'>rem</span> <span class='ocrx_word' id='word_1_224' title='bbox 1025 3320 1200 3413; x_wconf 89' lang='lat' dir='ltr'>qnoniam</span> <span class='ocrx_word' id='word_1_225' title='bbox 1236 3336 1327 3387; x_wconf 87' lang='lat' dir='ltr'>sane</span> <span class='ocrx_word' id='word_1_226' title='bbox 1358 3315 1518 3412; x_wconf 89' lang='lat' dir='ltr'>perutile</span> <span class='ocrx_word' id='word_1_227' title='bbox 1552 3312 1674 3386; x_wconf 84' lang='lat' dir='ltr'>videri</span> <span class='ocrx_word' id='word_1_228' title='bbox 1709 3310 1885 3401; x_wconf 86' lang='lat' dir='ltr'>debebat,</span> <span class='ocrx_word' id='word_1_229' title='bbox 1924 3314 2020 3386; x_wconf 48' lang='lat' dir='ltr'>inte*</span> 
     </span>
     <span class='ocr_line' id='line_1_24' title="bbox 373 3444 2020 3546; baseline -0.001 -26"><span class='ocrx_word' id='word_1_230' title='bbox 373 3466 479 3539; x_wconf 89' lang='lat' dir='ltr'>grum</span> <span class='ocrx_word' id='word_1_231' title='bbox 506 3470 599 3542; x_wconf 91' lang='lat' dir='ltr'>opus</span> <span class='ocrx_word' id='word_1_232' title='bbox 624 3471 701 3521; x_wconf 92' lang='lat' dir='ltr'>non</span> <span class='ocrx_word' id='word_1_233' title='bbox 725 3453 853 3523; x_wconf 89' lang='lat' dir='ltr'>multis</span> <span class='ocrx_word' id='word_1_234' title='bbox 878 3450 1134 3524; x_wconf 82' lang='lat' dir='ltr'>volruninibus</span> <span class='ocrx_word' id='word_1_235' title='bbox 1160 3449 1388 3546; x_wconf 86' lang='lat' dir='ltr'>dispersum,</span> <span class='ocrx_word' id='word_1_236' title='bbox 1423 3448 1589 3520; x_wconf 91' lang='lat' dir='ltr'>seduno</span> <span class='ocrx_word' id='word_1_237' title='bbox 1615 3444 1818 3541; x_wconf 88' lang='lat' dir='ltr'>eodemque</span> <span class='ocrx_word' id='word_1_238' title='bbox 1852 3469 2020 3542; x_wconf 84' lang='lat' dir='ltr'>compre·</span> 
     </span>
     <span class='ocr_line' id='line_1_25' title="bbox 372 3581 2020 3672; baseline 0.001 -20"><span class='ocrx_word' id='word_1_239' title='bbox 372 3583 529 3652; x_wconf 81' lang='lat' dir='ltr'>hemum</span> <span class='ocrx_word' id='word_1_240' title='bbox 555 3581 604 3652; x_wconf 90' lang='lat' dir='ltr'>ad</span> <span class='ocrx_word' id='word_1_241' title='bbox 628 3605 761 3656; x_wconf 91' lang='lat' dir='ltr'>manus</span> <span class='ocrx_word' id='word_1_242' title='bbox 787 3584 935 3672; x_wconf 89' lang='lat' dir='ltr'>habere,</span> <span class='ocrx_word' id='word_1_243' title='bbox 963 3584 1120 3659; x_wconf 88' lang='lat' dir='ltr'>Carolus</span> <span class='ocrx_word' id='word_1_244' title='bbox 1147 3582 1399 3670; x_wconf 85' lang='lat' dir='ltr'>Tauchnitius‚</span> <span class='ocrx_word' id='word_1_245' title='bbox 1425 3593 1468 3654; x_wconf 88' lang='lat' dir='ltr'>ut</span> <span class='ocrx_word' id='word_1_246' title='bbox 1491 3582 1578 3654; x_wconf 73' lang='lat' dir='ltr'>hiric</span> <span class='ocrx_word' id='word_1_247' title='bbox 1602 3584 1781 3653; x_wconf 86' lang='lat' dir='ltr'>lectomm</span> <span class='ocrx_word' id='word_1_248' title='bbox 1805 3582 2020 3654; x_wconf 86' lang='lat' dir='ltr'>necessitati</span> 
     </span>
     <span class='ocr_line' id='line_1_26' title="bbox 372 3683 2018 3813; baseline 0.002 -27"><span class='ocrx_word' id='word_1_249' title='bbox 372 3714 599 3805; x_wconf 81' lang='lat' dir='ltr'>subveniret,</span> <span class='ocrx_word' id='word_1_250' title='bbox 626 3683 938 3812; x_wconf 84' lang='lat' dir='ltr'>quemadmodum</span> <span class='ocrx_word' id='word_1_251' title='bbox 964 3717 1121 3790; x_wconf 88' lang='lat' dir='ltr'>antehac</span> <span class='ocrx_word' id='word_1_252' title='bbox 1148 3716 1364 3792; x_wconf 85' lang='lat' dir='ltr'>Ciceronem</span> <span class='ocrx_word' id='word_1_253' title='bbox 1389 3714 1630 3813; x_wconf 89' lang='lat' dir='ltr'>Liviumque,</span> <span class='ocrx_word' id='word_1_254' title='bbox 1655 3717 1709 3789; x_wconf 91' lang='lat' dir='ltr'>ita</span> <span class='ocrx_word' id='word_1_255' title='bbox 1731 3737 1830 3787; x_wconf 89' lang='lat' dir='ltr'>nunc</span> <span class='ocrx_word' id='word_1_256' title='bbox 1855 3715 2018 3789; x_wconf 88' lang='lat' dir='ltr'>Plinium</span> 
     </span>
     <span class='ocr_line' id='line_1_27' title="bbox 372 3846 2018 3947; baseline 0.002 -30"><span class='ocrx_word' id='word_1_257' title='bbox 372 3848 503 3920; x_wconf 90' lang='lat' dir='ltr'>eadem</span> <span class='ocrx_word' id='word_1_258' title='bbox 529 3850 653 3922; x_wconf 79' lang='lat' dir='ltr'>forma</span> <span class='ocrx_word' id='word_1_259' title='bbox 677 3851 881 3947; x_wconf 87' lang='lat' dir='ltr'>eodemque</span> <span class='ocrx_word' id='word_1_260' title='bbox 907 3846 1039 3924; x_wconf 88' lang='lat' dir='ltr'>decore</span> <span class='ocrx_word' id='word_1_261' title='bbox 1066 3862 1291 3924; x_wconf 84' lang='lat' dir='ltr'>exornatum</span> <span class='ocrx_word' id='word_1_262' title='bbox 1317 3848 1463 3933; x_wconf 75' lang='lat' dir='ltr'>edendi¹</span> <span class='ocrx_word' id='word_1_263' title='bbox 1478 3853 1672 3924; x_wconf 88' lang='lat' dir='ltr'>consilium</span> <span class='ocrx_word' id='word_1_264' title='bbox 1690 3852 1800 3946; x_wconf 84' lang='lat' dir='ltr'>cepit.</span> <span class='ocrx_word' id='word_1_265' title='bbox 1840 3851 1884 3921; x_wconf 90' lang='lat' dir='ltr'>ln</span> <span class='ocrx_word' id='word_1_266' title='bbox 1901 3870 2018 3944; x_wconf 82' lang='lat' dir='ltr'>eoque</span> 
     </span>
     <span class='ocr_line' id='line_1_28' title="bbox 372 3982 2018 4084; baseline 0 -30"><span class='ocrx_word' id='word_1_267' title='bbox 372 3982 630 4073; x_wconf 80' lang='lat' dir='ltr'>exscribendo,</span> <span class='ocrx_word' id='word_1_268' title='bbox 657 3984 907 4073; x_wconf 90' lang='lat' dir='ltr'>emendando,</span> <span class='ocrx_word' id='word_1_269' title='bbox 933 3985 1170 4077; x_wconf 90' lang='lat' dir='ltr'>corrigendo,</span> <span class='ocrx_word' id='word_1_270' title='bbox 1196 3996 1301 4057; x_wconf 91' lang='lat' dir='ltr'>tanta</span> <span class='ocrx_word' id='word_1_271' title='bbox 1326 4006 1414 4057; x_wconf 87' lang='lat' dir='ltr'>cura</span> <span class='ocrx_word' id='word_1_272' title='bbox 1438 3998 1659 4084; x_wconf 80' lang='lat' dir='ltr'>tanmmque</span> <span class='ocrx_word' id='word_1_273' title='bbox 1683 3983 1847 4057; x_wconf 88' lang='lat' dir='ltr'>studium</span> <span class='ocrx_word' id='word_1_274' title='bbox 1872 3984 2018 4078; x_wconf 83' lang='lat' dir='ltr'>impen-</span> 
     </span>
     <span class='ocr_line' id='line_1_29' title="bbox 371 4116 2016 4216; baseline -0.004 -25"><span class='ocrx_word' id='word_1_275' title='bbox 371 4141 453 4191; x_wconf 89' lang='lat' dir='ltr'>sum</span> <span class='ocrx_word' id='word_1_276' title='bbox 479 4131 555 4205; x_wconf 90' lang='lat' dir='ltr'>est,</span> <span class='ocrx_word' id='word_1_277' title='bbox 588 4127 630 4187; x_wconf 91' lang='lat' dir='ltr'>ut</span> <span class='ocrx_word' id='word_1_278' title='bbox 649 4117 740 4190; x_wconf 89' lang='lat' dir='ltr'>haec</span> <span class='ocrx_word' id='word_1_279' title='bbox 763 4118 947 4214; x_wconf 89' lang='lat' dir='ltr'>praeclari</span> <span class='ocrx_word' id='word_1_280' title='bbox 971 4120 1080 4190; x_wconf 87' lang='lat' dir='ltr'>huius</span> <span class='ocrx_word' id='word_1_281' title='bbox 1103 4120 1293 4216; x_wconf 86' lang='lat' dir='ltr'>scriptoris</span> <span class='ocrx_word' id='word_1_282' title='bbox 1318 4118 1433 4191; x_wconf 84' lang='lat' dir='ltr'>editio</span> <span class='ocrx_word' id='word_1_283' title='bbox 1458 4122 1593 4192; x_wconf 90' lang='lat' dir='ltr'>merito</span> <span class='ocrx_word' id='word_1_284' title='bbox 1619 4117 1770 4190; x_wconf 86' lang='lat' dir='ltr'>cuilibet</span> <span class='ocrx_word' id='word_1_285' title='bbox 1800 4116 1929 4186; x_wconf 86' lang='lat' dir='ltr'>lectori</span> <span class='ocrx_word' id='word_1_286' title='bbox 1952 4116 2016 4185; x_wconf 84' lang='lat' dir='ltr'>vel</span> 
     </span>
    </p>
   </div>
   <div class='ocr_carea' id='block_1_7' title="bbox 370 4245 2143 4349">
    <p class='ocr_par' dir='ltr' id='par_1_8' title="bbox 370 4245 2143 4349">
     <span class='ocr_line' id='line_1_30' title="bbox 370 4245 2143 4349; baseline 0.005 -28"><span class='ocrx_word' id='word_1_287' title='bbox 370 4255 467 4324; x_wconf 88' lang='lat' dir='ltr'>inter</span> <span class='ocrx_word' id='word_1_288' title='bbox 491 4252 709 4349; x_wconf 86' lang='lat' dir='ltr'>praecipuas</span> <span class='ocrx_word' id='word_1_289' title='bbox 736 4251 990 4325; x_wconf 86' lang='lat' dir='ltr'>commendari</span> <span class='ocrx_word' id='word_1_290' title='bbox 1013 4255 1145 4349; x_wconf 90' lang='lat' dir='ltr'>possit.</span> <span class='ocrx_word' id='word_1_291' title='bbox 1196 4254 1463 4327; x_wconf 80' lang='lat' dir='ltr'>Recensionem</span> <span class='ocrx_word' id='word_1_292' title='bbox 1495 4254 1612 4325; x_wconf 88' lang='lat' dir='ltr'>secuti</span> <span class='ocrx_word' id='word_1_293' title='bbox 1639 4272 1767 4323; x_wconf 89' lang='lat' dir='ltr'>sumus</span> <span class='ocrx_word' id='word_1_294' title='bbox 1792 4245 2018 4349; x_wconf 83' lang='lat' dir='ltr'>Harduinia·</span> <span class='ocrx_word' id='word_1_295' title='bbox 2141 4320 2143 4329; x_wconf 80' lang='grc'>,</span> 
     </span>
    </p>
   </div>
   <div class='ocr_carea' id='block_1_8' title="bbox 366 4364 2143 5155">
    <p class='ocr_par' dir='ltr' id='par_1_9' title="bbox 366 4364 2143 5155">
     <span class='ocr_line' id='line_1_31' title="bbox 369 4364 2143 4484; baseline -0.003 -27"><span class='ocrx_word' id='word_1_296' title='bbox 369 4406 474 4471; x_wconf 86' lang='lat' dir='ltr'>nam,</span> <span class='ocrx_word' id='word_1_297' title='bbox 510 4406 621 4479; x_wconf 88' lang='lat' dir='ltr'>quam</span> <span class='ocrx_word' id='word_1_298' title='bbox 646 4397 773 4457; x_wconf 90' lang='lat' dir='ltr'>tarnen</span> <span class='ocrx_word' id='word_1_299' title='bbox 798 4384 899 4458; x_wconf 88' lang='lat' dir='ltr'>haud</span> <span class='ocrx_word' id='word_1_300' title='bbox 923 4389 1051 4484; x_wconf 91' lang='lat' dir='ltr'>paucis</span> <span class='ocrx_word' id='word_1_301' title='bbox 1078 4389 1168 4461; x_wconf 90' lang='lat' dir='ltr'>locis</span> <span class='ocrx_word' id='word_1_302' title='bbox 1191 4401 1322 4461; x_wconf 86' lang='lat' dir='ltr'>nostra</span> <span class='ocrx_word' id='word_1_303' title='bbox 1346 4408 1436 4460; x_wconf 85' lang='lat' dir='ltr'>cura</span> <span class='ocrx_word' id='word_1_304' title='bbox 1461 4385 1697 4465; x_wconf 67' lang='lat' dir='ltr'>unendatam</span> <span class='ocrx_word' id='word_1_305' title='bbox 1727 4381 1911 4455; x_wconf 89' lang='lat' dir='ltr'>dedimus.</span> <span class='ocrx_word' id='word_1_306' title='bbox 1956 4381 2019 4453; x_wconf 91' lang='lat' dir='ltr'>ln·</span> <span class='ocrx_word' id='word_1_307' title='bbox 2141 4364 2143 4451; x_wconf 71' lang='grc' dir='ltr'>Ϊ</span> 
     </span>
     <span class='ocr_line' id='line_1_32' title="bbox 370 4513 2018 4618; baseline -0.002 -31"><span class='ocrx_word' id='word_1_308' title='bbox 370 4517 469 4589; x_wconf 89' lang='lat' dir='ltr'>dices</span> <span class='ocrx_word' id='word_1_309' title='bbox 498 4516 701 4590; x_wconf 88' lang='lat' dir='ltr'>adiecimus</span> <span class='ocrx_word' id='word_1_310' title='bbox 731 4520 950 4593; x_wconf 89' lang='lat' dir='ltr'>utilissimos</span> <span class='ocrx_word' id='word_1_311' title='bbox 981 4534 1020 4593; x_wconf 90' lang='lat' dir='ltr'>et</span> <span class='ocrx_word' id='word_1_312' title='bbox 1047 4524 1344 4618; x_wconf 85' lang='lat' dir='ltr'>copiosissimos,</span> <span class='ocrx_word' id='word_1_313' title='bbox 1372 4545 1528 4617; x_wconf 89' lang='lat' dir='ltr'>quorum</span> <span class='ocrx_word' id='word_1_314' title='bbox 1555 4546 1642 4618; x_wconf 90' lang='lat' dir='ltr'>ope,</span> <span class='ocrx_word' id='word_1_315' title='bbox 1674 4515 1852 4612; x_wconf 85' lang='lat' dir='ltr'>quidquid</span> <span class='ocrx_word' id='word_1_316' title='bbox 1877 4513 2018 4583; x_wconf 83' lang='lat' dir='ltr'>veteris</span> 
     </span>
     <span class='ocr_line' id='line_1_33' title="bbox 369 4644 2018 4729; baseline -0.004 -8"><span class='ocrx_word' id='word_1_317' title='bbox 369 4652 471 4724; x_wconf 88' lang='lat' dir='ltr'>orbis</span> <span class='ocrx_word' id='word_1_318' title='bbox 495 4652 737 4724; x_wconf 89' lang='lat' dir='ltr'>memorabile</span> <span class='ocrx_word' id='word_1_319' title='bbox 762 4666 828 4726; x_wconf 90' lang='lat' dir='ltr'>aut</span> <span class='ocrx_word' id='word_1_320' title='bbox 849 4654 1109 4729; x_wconf 81' lang='lat' dir='ltr'>admirandum</span> <span class='ocrx_word' id='word_1_321' title='bbox 1127 4668 1194 4728; x_wconf 90' lang='lat' dir='ltr'>aut</span> <span class='ocrx_word' id='word_1_322' title='bbox 1213 4668 1293 4728; x_wconf 84' lang='lat' dir='ltr'>arto</span> <span class='ocrx_word' id='word_1_323' title='bbox 1315 4655 1454 4727; x_wconf 87' lang='lat' dir='ltr'>factum</span> <span class='ocrx_word' id='word_1_324' title='bbox 1479 4667 1545 4725; x_wconf 89' lang='lat' dir='ltr'>aut</span> <span class='ocrx_word' id='word_1_325' title='bbox 1564 4651 1705 4722; x_wconf 88' lang='lat' dir='ltr'>utiliter</span> <span class='ocrx_word' id='word_1_326' title='bbox 1720 4650 1916 4719; x_wconf 87' lang='lat' dir='ltr'>inventum</span> <span class='ocrx_word' id='word_1_327' title='bbox 1936 4644 2018 4716; x_wconf 76' lang='lat' dir='ltr'>tlte-</span> 
     </span>
     <span class='ocr_line' id='line_1_34' title="bbox 368 4781 2017 4883; baseline -0.004 -27"><span class='ocrx_word' id='word_1_328' title='bbox 368 4806 479 4856; x_wconf 88' lang='lat' dir='ltr'>sauro</span> <span class='ocrx_word' id='word_1_329' title='bbox 505 4807 573 4859; x_wconf 90' lang='lat' dir='ltr'>suo</span> <span class='ocrx_word' id='word_1_330' title='bbox 599 4787 740 4860; x_wconf 90' lang='lat' dir='ltr'>Plinius</span> <span class='ocrx_word' id='word_1_331' title='bbox 766 4802 980 4883; x_wconf 89' lang='lat' dir='ltr'>congestum</span> <span class='ocrx_word' id='word_1_332' title='bbox 1010 4789 1133 4877; x_wconf 87' lang='lat' dir='ltr'>dedit,</span> <span class='ocrx_word' id='word_1_333' title='bbox 1169 4790 1271 4862; x_wconf 76' lang='lat' dir='ltr'>sacili</span> <span class='ocrx_word' id='word_1_334' title='bbox 1302 4789 1456 4881; x_wconf 87' lang='lat' dir='ltr'>negotio</span> <span class='ocrx_word' id='word_1_335' title='bbox 1489 4795 1663 4877; x_wconf 87' lang='lat' dir='ltr'>certoque</span> <span class='ocrx_word' id='word_1_336' title='bbox 1696 4782 1758 4853; x_wconf 87' lang='lat' dir='ltr'>filo</span> <span class='ocrx_word' id='word_1_337' title='bbox 1789 4781 2017 4871; x_wconf 87' lang='lat' dir='ltr'>investigare</span> 
     </span>
     <span class='ocr_line' id='line_1_35' title="bbox 366 4915 2016 5021; baseline -0.004 -31"><span class='ocrx_word' id='word_1_338' title='bbox 366 4920 500 5013; x_wconf 87' lang='lat' dir='ltr'>possis.</span> <span class='ocrx_word' id='word_1_339' title='bbox 547 4918 662 4994; x_wconf 72' lang='lat' dir='ltr'>Casius</span> <span class='ocrx_word' id='word_1_340' title='bbox 685 4926 822 5017; x_wconf 88' lang='lat' dir='ltr'>egregii</span> <span class='ocrx_word' id='word_1_341' title='bbox 849 4926 972 5021; x_wconf 88' lang='lat' dir='ltr'>operis</span> <span class='ocrx_word' id='word_1_342' title='bbox 997 4935 1041 4995; x_wconf 93' lang='lat' dir='ltr'>ut</span> <span class='ocrx_word' id='word_1_343' title='bbox 1066 4923 1351 5020; x_wconf 90' lang='lat' dir='ltr'>quamplurimi</span> <span class='ocrx_word' id='word_1_344' title='bbox 1376 4934 1415 4993; x_wconf 90' lang='lat' dir='ltr'>et</span> <span class='ocrx_word' id='word_1_345' title='bbox 1439 4919 1688 5014; x_wconf 89' lang='lat' dir='ltr'>cognitionem</span> <span class='ocrx_word' id='word_1_346' title='bbox 1714 4928 1753 4987; x_wconf 92' lang='lat' dir='ltr'>et</span> <span class='ocrx_word' id='word_1_347' title='bbox 1777 4915 1936 4987; x_wconf 84' lang='lat' dir='ltr'>fructum</span> <span class='ocrx_word' id='word_1_348' title='bbox 1963 4932 2016 4983; x_wconf 81' lang='lat' dir='ltr'>ex</span> 
     </span>
     <span class='ocr_line' id='line_1_36' title="bbox 366 5050 1398 5155; baseline 0.006 -33"><span class='ocrx_word' id='word_1_349' title='bbox 366 5050 437 5143; x_wconf 83' lang='lat' dir='ltr'>hac</span> <span class='ocrx_word' id='word_1_350' title='bbox 461 5066 589 5126; x_wconf 88' lang='lat' dir='ltr'>nostra</span> <span class='ocrx_word' id='word_1_351' title='bbox 615 5050 779 5130; x_wconf 88' lang='lat' dir='ltr'>editione</span> <span class='ocrx_word' id='word_1_352' title='bbox 802 5060 1021 5155; x_wconf 84' lang='lat' dir='ltr'>percipiant,</span> <span class='ocrx_word' id='word_1_353' title='bbox 1048 5061 1190 5132; x_wconf 89' lang='lat' dir='ltr'>sincere</span> <span class='ocrx_word' id='word_1_354' title='bbox 1212 5069 1398 5153; x_wconf 86' lang='lat' dir='ltr'>optamus.</span> 
     </span>
    </p>
   </div>
   <div class='ocr_carea' id='block_1_9' title="bbox 468 5221 1107 5317">
    <p class='ocr_par' dir='ltr' id='par_1_10' title="bbox 468 5221 1107 5317">
     <span class='ocr_line' id='line_1_37' title="bbox 468 5221 1107 5317; baseline 0.014 -26"><span class='ocrx_word' id='word_1_355' title='bbox 468 5221 618 5317; x_wconf 88' lang='lat' dir='ltr'>Lipsiae</span> <span class='ocrx_word' id='word_1_356' title='bbox 643 5247 694 5296; x_wconf 92' lang='lat' dir='ltr'>m.</span> <span class='ocrx_word' id='word_1_357' title='bbox 729 5222 809 5298; x_wconf 86' lang='lat' dir='ltr'>Ian.</span> <span class='ocrx_word' id='word_1_358' title='bbox 836 5249 868 5297; x_wconf 89' lang='lat' dir='ltr'>a.</span> <span class='ocrx_word' id='word_1_359' title='bbox 895 5227 987 5299; x_wconf 79' lang='lat' dir='ltr'><strong>h·&#39;S·</strong></span> <span class='ocrx_word' id='word_1_360' title='bbox 1013 5226 1107 5300; x_wconf 88' lang='lat' dir='ltr'>XLI.</span> 
     </span>
    </p>
   </div>
   <div class='ocr_carea' id='block_1_10' title="bbox 1486 5310 1911 5439">
    <p class='ocr_par' dir='ltr' id='par_1_11' title="bbox 1486 5310 1911 5439">
     <span class='ocr_line' id='line_1_38' title="bbox 1486 5310 1911 5439; baseline -0.024 -7"><span class='ocrx_word' id='word_1_361' title='bbox 1486 5350 1538 5432; x_wconf 87' lang='lat' dir='ltr'>c.</span> <span class='ocrx_word' id='word_1_362' title='bbox 1571 5344 1647 5439; x_wconf 77' lang='lat' dir='ltr'>rr.</span> <span class='ocrx_word' id='word_1_363' title='bbox 1688 5310 1911 5429; x_wconf 69' lang='lat' dir='ltr'>werse.</span> 
     </span>
    </p>
   </div>
   <div class='ocr_carea' id='block_1_11' title="bbox 0 0 2170 6011">
    <p class='ocr_par' dir='ltr' id='par_1_12' title="bbox 0 0 2170 6011">
     <span class='ocr_line' id='line_1_39' title="bbox 0 0 2170 6011; baseline 0 0"><span class='ocrx_word' id='word_1_364' title='bbox 0 0 2170 6011; x_wconf 95' lang='lat' dir='ltr'> </span> 
     </span>
    </p>
   </div>
  </div>
 </body>
</html>
