4368 6008
76 2182 79 2187 -
189 2143 419 2211 Splaachnaptes.

197 281 199 285 ⁷
300 324 332 385 c.
376 323 524 386 rmum
559 296 1441 387 securorurruumsros.mnam
1478 331 1711 390 censo-so.
1772 329 1834 393 sm

184 476 343 552 plantagini
364 483 394 528 et
413 473 570 536 marrubio,
590 470 744 526 cauliculos
758 470 868 537 denam,
885 472 989 529 leviter
1040 476 1106 530 aliis
1116 477 1288 532 nominibusr
1310 475 1509 546 lanuginosior,
1524 478 1784 549 erminuspluguis,
1793 485 1837 531 te-

184 552 326 609 rubentcs,
340 546 455 613 ,semina
467 546 496 595 in
507 543 645 611 capitibus
655 542 797 611 lappaceis
806 543 988 597 adhaerentia
1042 548 1188 601 auioribas
1209 548 1287 601 iuliis
1305 555 1335 601 et
1354 547 1584 616 languidioribus.
1618 548 1710 601 Radix
1727 549 1757 601 in
1772 548 1837 601 oleo

185 619 325 675 restibusc
346 615 420 667 unde
429 622 458 666 et
472 613 602 666 helxinen
613 615 714 664 dictam
727 613 832 666 volunt.
866 612 923 667 Sed
938 630 988 665 nos
1040 632 1095 669 non
1106 616 1199 668 fundit
1210 619 1353 670 rubentem
1364 632 1490 669 succumr
1502 625 1530 668 et
1540 615 1592 669 hoc
1603 619 1638 669 ab
1648 616 1772 670 anchusa
1781 618 1837 669 dis·

187 690 277 759 qualis
287 701 355 739 vera
366 693 440 737 esset
451 683 573 747 helxine,
586 683 707 735 diximus
716 683 802 751 priori
812 684 886 735 libro
909 685 987 736 llaec
1040 686 1172 739 cernitur.
1208 688 1313 739 Contra
1331 702 1378 739 ser
1397 693 1477 739 entes
1495 685 1691 739 efficacissima
1708 694 1778 755 potu
1796 687 1837 739 fo·

186 754 477 815 auteminiicitlanas,
497 753 667 820 sanatignes
684 768 789 816 sacros,
809 760 837 807 et
856 764 988 817 mmores,
1039 757 1151 829 liorum,
1160 756 1205 808 rel
1213 755 1335 808 seminis.
1370 703 1452 807 leolis
1462 755 1563 807 ictibus
1574 756 1761 821 imponuntur.
1789 757 1836 811 Vi-

188 826 423 891 collectionesque
435 833 578 885 omnes‚et
590 823 697 874 adusta.
712 822 805 876 Panos
815 839 914 875 succus
925 840 986 875 cum
1041 841 1090 877 rus
1098 824 1268 893 serpentium
1288 822 1377 892 luget.
1410 824 1520 876 Bibitur
1539 831 1568 876 et
1587 832 1702 890 propter
1718 827 1835 894 spinam.

186 894 377 966 psimmythio,
389 900 418 945 et
428 901 544 959 guttura
554 892 719 960 incipientia
731 902 898 960 turgescere.
919 894 987 945 item
1039 896 1149 947 Folium
1171 894 1231 948 sius
1252 893 1368 946 sinistra
1377 892 1488 960 decerpi
1499 894 1598 946 iubent
1608 893 1697 961 Magi,
1717 896 1836 948 etcuius

187 974 310 1020 veterem
320 963 421 1016 tussim
433 960 535 1029 cyatho
546 961 657 1026 hausto,
678 968 708 1014 et
719 966 813 1015 omnia
822 965 852 1016 in
864 963 988 1027 hunnido,
1040 980 1127 1019 eausa
1137 970 1263 1016 sumatur
1272 963 1337 1025 dici,
1349 963 1532 1030 tertianisque
1542 963 1667 1016 febribus
1679 961 1836 1030 adalligari.

185 1040 258 1089 sicut
269 1033 411 1095 tonsillas,
422 1037 452 1084 et
463 1032 580 1094 varices,
597 1047 658 1084 cum
670 1047 795 1085 rosaceo.
831 1034 988 1100 imponitur
1073 1034 1162 1087 XXV.
1172 1034 1223 1086 list
1233 1042 1263 1084 et
1273 1032 1332 1084 alia
1343 1031 1428 1083 herba
1439 1033 1553 1099 proprio
1563 1034 1673 1087 numine
1685 1030 1838 1097 onochiles,
1853 1050 1860 1073 ι

187 1114 217 1160 et
228 1106 282 1173 pod
323 1104 362 1154 ris
373 1116 436 1153 cum
447 1104 559 1170 caprino
570 1116 646 1164 sevo,
658 1116 778 1169 ceraque
790 1103 903 1170 Cypria.
1038 1118 1122 1171 quam
1132 1103 1219 1170 aliqui
1230 1100 1379 1154 anchusam
1390 1101 1557 1163 commeasti
1568 1102 1763 1164 arcebiou,alii
1772 1118 1838 1153 ono·

220 1120 469 1233 xxftssoaicrum
490 1172 550 1225 sire
567 1169 746 1225 Parthenium
767 1173 843 1240 (nam
860 1172 987 1225 sideritis
1040 1174 1150 1235 chelim,
1163 1172 1252 1240 aliqui
1262 1162 1397 1233 rhexiam,
1417 1171 1499 1222 multi
1508 1169 1667 1235 anchusam,
1683 1186 1770 1239 parvo
1781 1171 1837 1222 iru·

186 1245 311 1305 aliaest)
322 1258 340 1294 a
351 1242 456 1294 nostris
467 1230 856 1311 herblutueolarisuocatur,
877 1242 912 1294 ab
925 1242 987 1295 aliis
1040 1244 1104 1305 tice,
1124 1243 1194 1295 flore
1206 1256 1355 1309 purpureo,
1376 1242 1484 1307 asperis
1494 1240 1571 1293 loliis
1581 1241 1723 1304 eiramis,
1742 1240 1838 1293 radice

185 1315 344 1373 hainricum,
365 1309 438 1363 folio
451 1310 552 1363 siusilis
564 1312 666 1376 ocimo,
687 1311 793 1378 nigrior
802 1319 921 1374 tantum,
936 1326 985 1363 na·
1041 1314 1175 1365 messibus
1194 1313 1355 1380 sanguinea,
1374 1317 1469 1363 cetero
1489 1311 1578 1377 nigra,
1597 1312 1626 1362 in
1636 1311 1776 1364 sabulosis
1787 1325 1836 1363 uo·

184 1380 303 1436 aceasin
322 1381 437 1447 tegulis,
457 1380 665 1449 parietinisque.
702 1381 904 1432 hlcdeturcum
916 1383 988 1433 mica
1039 1398 1127 1444 scens,
1148 1381 1246 1434 efficax
1257 1387 1355 1433 eontra
1364 1387 1517 1447 serpentes,
1536 1380 1709 1448 maximeque
1719 1382 1837 1447 uiperae,
1872 1390 1875 1395 ’

185 1453 255 1505 salis
266 1454 336 1504 trita
346 1450 445 1503 iisdem
458 1451 594 1513 omnibus,
602 1449 700 1518 quibua
712 1450 836 1515 lamium,
848 1457 876 1503 et
888 1449 985 1503 eodem
1039 1458 1068 1503 at
1079 1451 1175 1504 radice
1186 1460 1214 1504 et
1225 1449 1312 1513 leiim,
1332 1465 1419 1516 aeque
1430 1450 1492 1502 cibo
1505 1465 1538 1503 ac
1549 1457 1626 1516 potu.
1661 1451 1744 1504 Vires
1755 1447 1840 1503 habet

185 1522 367 1574 modoeitem
378 1522 513 1583 vomicae,
524 1521 737 1573 calfactosueco
749 1528 824 1588 potu.
854 1520 910 1573 Sed
921 1535 986 1572 con·
1040 1521 1185 1573 anessibus.
1220 1520 1302 1572 Folia
1324 1522 1392 1571 trita
1411 1519 1526 1572 odorem
1544 1518 1699 1571 cucumeris
1710 1517 1838 1570 reddunt.

186 1590 370 1654 trabalem,
383 1594 476 1656 rupta,
487 1591 644 1657 lapsusque,
658 1596 687 1641 et
698 1590 871 1656 praecipitia,
884 1596 933 1641 nut
941 1605 987 1642 ne·
1040 1591 1130 1642 Datur
1142 1592 1170 1641 in
1182 1588 1292 1657 cyathis
1303 1590 1393 1641 tribus
1414 1589 1497 1642 vulra
1509 1589 1681 1654 procidente.
1717 1587 1801 1639 Pellit
1813 1594 1840 1639 et

184 1658 524 1720 hiculorumeversiones,
541 1660 702 1727 singularis.
741 1659 989 1712 Vernucarusl’e·
1042 1661 1205 1711 tincascum
1225 1658 1358 1726 hyssopo.
1394 1658 1432 1709 Et
1452 1658 1481 1709 in
1495 1657 1594 1710 dolore
1605 1672 1703 1709 renum
1715 1657 1842 1709 autioui·

185 1727 252 1781 sicli
262 1727 468 1780 Atheniensium
480 1729 608 1795 principi,
626 1743 689 1779 cum
700 1728 724 1778 is
736 1728 764 1778 in
777 1744 841 1780 arce
852 1729 986 1795 templum
1041 1733 1114 1793 peris
1125 1744 1158 1781 ex
1170 1743 1242 1796 aqua
1252 1728 1351 1790 mulsa,
1372 1727 1398 1779 si
1409 1726 1494 1779 febris
1505 1729 1555 1778 sit:
1567 1729 1611 1778 sin
1622 1726 1715 1788 aliter,
1732 1739 1767 1777 ex
1777 1725 1842 1777 rino

187 1797 360 1858 aedificaret,
380 1800 567 1864 repsissetque
582 1812 668 1863 super
685 1797 858 1849 altitudinem
870 1797 987 1865 lastigii,
1039 1800 1152 1850 bibitur.
1169 1798 1313 1865 lentigini
1324 1812 1357 1849 ac
1367 1796 1453 1864 lepris
1460 1795 1540 1849 radix
1551 1797 1680 1848 illinitur.
1699 1795 1842 1847 Habentes

188 1874 218 1920 et
229 1867 292 1918 inde
304 1864 463 1928 cecidisset,
484 1865 534 1918 hac
546 1866 632 1918 herba
646 1864 749 1917 dicitur
758 1876 888 1928 sanatus,
909 1881 986 1917 niun·
1043 1884 1114 1929 eant,
1127 1868 1330 1934 aserpentibus
1343 1866 1423 1919 ioriri
1434 1872 1579 1934 negantur.
1608 1866 1659 1916 Est
1672 1870 1701 1916 et
1711 1863 1769 1915 alia
1779 1862 1844 1915 huic
1858 1878 1873 1897 -’

188 1935 390 1988 strataPericli
401 1934 688 1988 sonrnioabiiaemu.
704 1937 797 1998 Quare
808 1934 987 1987 Parthenium
1040 1937 1140 1989 similis
1156 1937 1226 1988 tiore
1242 1937 1336 1998 rubro,
1358 1937 1459 1999 minor,
1481 1933 1842 2002 etipsaadeosdemusus.
1950 1948 1957 1969 ²

188 2006 283 2059 vocari
304 2010 405 2070 coeptu
420 2010 472 2066 est,
494 2008 706 2073 assignaturque
717 2005 742 2056 ei
761 2005 838 2058 deae.
874 2005 931 2056 llic
945 2013 988 2057 cst
1041 2001 1225 2074 'traduntque
1248 2004 1474 2059 commanducata
1489 2020 1538 2068 ea,
1555 2005 1582 2057 si
1597 2006 1751 2071 inspuetur,
1770 2002 1845 2055 mori

187 2073 312 2135 vernula,
322 2075 402 2126 cuius
412 2072 518 2143 effigies
529 2089 563 2126 ex
576 2088 641 2128 aere
651 2073 716 2126 fusa
725 2080 777 2136 cst,
787 2081 815 2127 et
827 2073 928 2126 nobilis
938 2074 988 2127 ilie
1040 2081 1206 2144 serpentem.

1075 2144 1180 2198 XXVl.
1198 2142 1341 2196 Anthemis
1362 2144 1471 2211 magnis
1491 2140 1622 2195 laudibus
1641 2141 1846 2196 celebraturab

190 2214 299 2265 ulixi.
317 2211 660 2281 Chamaeleanem·aliqui
680 2216 764 2266 iriam
780 2220 888 2267 cocant.
925 2213 989 2265 Duo
1041 2213 1215 2281 Asclepiade.
1251 2209 1704 2280 hiiquiieucauthemidavocaut,
1726 2213 1845 2264 aliileu-

187 2298 294 2351 geuera
304 2284 372 2335 eius.
394 2282 545 2334 Candidior
558 2286 700 2350 asperiora
711 2283 780 2335 solia
791 2283 890 2336 habet:
901 2283 991 2350 serpit
1043 2278 1225 2345 canthemum,
1236 2283 1285 2334 alii
1296 2282 1487 2344 eranthemon,
1508 2281 1639 2349 quoniam
1651 2297 1718 2335 rere
1728 2281 1843 2333 floreat:

189 2353 221 2403 in
242 2359 318 2403 terra
336 2349 430 2404 echini
450 2352 533 2403 modo
548 2353 641 2419 spinas
653 2358 773 2420 crigens,
793 2353 889 2405 radice
907 2352 990 2413 dulci,
1043 2353 1093 2405 alii
1115 2351 1331 2413 chamaemelon,
1353 2353 1485 2418 quoniam
1505 2351 1620 2404 odorem
1641 2352 1709 2404 maii
1731 2350 1844 2403 habeat.

189 2421 277 2473 odore
288 2421 462 2488 gravissimo.
484 2422 653 2483 Quibusdam
666 2424 694 2473 iu
705 2424 774 2475 locis
785 2424 889 2473 viserem
901 2421 991 2488 gignit
1044 2421 1176 2474 Nonnulli
1187 2419 1393 2473 melanthemon
1402 2426 1512 2472 nocant.
1535 2420 1646 2473 Genera
1656 2421 1715 2473 eius
1726 2423 1782 2472 tria
1793 2419 1844 2473 ilo·

189 2490 283 2542 album
295 2491 410 2542 subulis
422 2489 564 2552 loliorum,
576 2493 695 2544 inarime
706 2492 780 2543 circa
791 2492 876 2542 carris
887 2496 991 2552 ortum,
1042 2507 1072 2543 re
1083 2495 1189 2541 tuntum
1201 2489 1316 2550 distant,
1337 2490 1459 2556 palmum
1471 2504 1525 2539 non
1536 2490 1714 2551 excedentia,
1735 2491 1843 2555 pariis·

150 2574 243 2625 -rquo
256 2559 339 2609 modo
351 2558 434 2608 thura
445 2560 520 2609 nasci
537 2559 681 2609 dicuntur:
704 2561 777 2611 unde
787 2568 816 2611 et
826 2560 884 2623 isia
894 2557 989 2624 appel·
1042 2575 1095 2626 que
1107 2557 1229 2619 lloribus,
1240 2564 1368 2620 uerutus,
1375 2557 1510 2617 candidis,
1526 2566 1574 2608 aut
1585 2557 1705 2618 melinis,
1716 2566 1765 2609 urst
1779 2573 1844 2623 pur·

187 2628 272 2679 latur.
308 2626 382 2684 linc,
395 2632 426 2676 ut
437 2625 582 2685 mastiche,
594 2633 710 2676 utuntur
720 2624 861 2677 mulieres.
898 2627 990 2688 Quare
1043 2630 1143 2696 pur-eis.
1180 2626 1396 2688 lamacrosolm
1417 2634 1467 2676 eut
1483 2627 1562 2677 iuxta
1572 2627 1686 2678 semitas
1698 2625 1844 2693 colligitur

189 2703 221 2747 et
232 2692 410 2747 chamaeleon
431 2700 557 2755 vocetur,
574 2692 711 2746 varietate
731 2693 863 2745 foliorum
885 2696 989 2747 srenit.
1043 2712 1116 2759 vere,
1125 2705 1154 2748 et
1166 2698 1192 2747 in
1207 2702 1404 2748 coronamenta
1413 2694 1566 2761 reponitur.
1601 2694 1705 2747 Eodem
1718 2704 1843 2763 tempore

182 2765 283 2817 mutat
294 2760 366 2813 enias
379 2775 441 2812 cum
452 2768 528 2813 terra
538 2761 658 2826 colores,
668 2762 713 2816 hic
723 2764 874 2831 nigor,iilic
884 2764 990 2829 viridis,
1042 2774 1071 2820 et
1082 2766 1184 2819 medici
1200 2763 1270 2816 lolia
1281 2771 1344 2817 tusa
1363 2766 1392 2816 in
1406 2764 1533 2831 pastillos
1546 2763 1693 2830 digerunt:
1716 2765 1782 2816 item
1793 2766 1843 2818 ilo·

184 2833 279 2886 aliubi
289 2846 421 2898 munaus,
434 2831 522 2882 aliubi
534 2844 658 2894 croceus,
670 2839 753 2900 atque
765 2832 830 2885 aliis
841 2834 989 2886 coloribus.
1042 2852 1099 2889 rem
1112 2841 1140 2888 et
1150 2834 1282 2887 radicem.
1295 2837 1404 2888 Dantur
1412 2834 1504 2885 omnia
1512 2833 1842 2886 mistadruchmaeunius

227 2902 269 2952 Ex
289 2898 332 2951 his
349 2899 481 2953 candidus
504 2898 673 2967 hydropicos
690 2911 774 2953 sanat
791 2918 874 2954 succo
887 2904 990 2956 radicis
1043 2905 1174 2974 pondere,
1194 2913 1294 2957 contra
1315 2903 1484 2970 serpentium
1502 2903 1624 2954 omnium
1640 2905 1722 2955 ictus.
1759 2902 1843 2956 Pellit
1921 2948 1925 2959 .

186 2972 334 3023 decoctae.
369 2970 483 3025 Bibitur
495 2968 628 3022 drachma
643 2971 670 3021 in
684 2985 775 3038 passo.
812 2972 988 3027 Pellitctin·
1043 2982 1291 3040 mortuuspartus:
1312 2976 1379 3026 item
1393 2974 1661 3039 menstruainpotu,
1684 2975 1841 3034 eturinam,

184 3049 367 3094 teraneorum
391 3039 524 3092 animalia
546 3038 686 3092 acetabuli
696 3056 826 3094 mensura
836 3045 909 3093 succi
921 3044 992 3093 eius·
1041 3046 1228 3111 calculosque.
1253 3042 1422 3106 lnilationes,
1434 3041 1586 3094 iocinerum
1597 3042 1770 3104 vitia,bilem
1783 3040 1841 3093 sui·

186 3111 263 3172 «lem,
282 3110 309 3161 in
320 3111 384 3160 vino
395 3116 521 3173 austero,
537 3124 599 3162 cum
609 3110 840 3177 origaniscopis.·
863 3111 988 3164 Facitad
1044 3114 1142 3175 iusum,
1164 3113 1306 3180 aegilopia
1315 3112 1551 3173 commanducata,
1567 3109 1710 3164 hulcerum
1722 3112 1843 3178 eruptio·

187 3177 385 3230 siiiheuitatem
407 3179 513 3233 urinae.
548 3180 604 3233 Hic
622 3196 720 3232 succus
740 3181 844 3232 occidit
866 3188 991 3232 etcanes
1043 3200 1091 3236 nes
1110 3189 1358 3234 nrannntessanat.
1394 3183 1437 3234 Ex
1448 3182 1574 3232 omnibus
1590 3178 1633 3231 his
1646 3180 1795 3246 generibus
1806 3180 1843 3231 ad

1043 3253 1166 3306 calculos
1188 3252 1382 3304 efficacissima
1404 3258 1455 3313 est,
1475 3265 1547 3316 quae
1563 3248 1658 3301 llore'm
1675 3264 1843 3317 purpureum

1043 3324 1139 3375 habet:
1162 3323 1241 3374 cuius
1257 3328 1287 3373 et
1303 3320 1435 3373 loliorum
1451 3326 1480 3370 et
1495 3318 1603 3370 fruticis
1614 3319 1771 3386 amplitudo
1781 3334 1841 3371 mu·
1902 3359 1910 3375 .

1044 3393 1150 3444 iuscula
1170 3398 1223 3445 est.
1258 3392 1339 3443 lianc
1354 3387 1591 3457 propriequidam
1602 3385 1841 3442 eranthemonno·

186 3264 308 3315 suesque
324 3248 354 3298 in
372 3247 496 3315 polenta.
534 3250 637 3302 Addita
648 3266 719 3318 aqua
736 3258 763 3303 et
775 3251 838 3303 oleo
851 3250 992 3302 contrahit

185 3317 218 3369 in
229 3334 260 3370 se
272 3332 363 3370 naures
374 3333 407 3370 ac
417 3327 508 3382 necat,
528 3320 580 3370 nisi
593 3323 718 3386 protinus
739 3335 838 3387 aquam
850 3321 990 3372 sorbeant.

186 3386 322 3440 Radicem
334 3388 395 3440 eius
406 3388 495 3456 aliqui
507 3390 645 3441 concisam
657 3392 763 3441 servari
776 3391 872 3442 iubent
883 3390 990 3441 iunicu-

191 3454 229 3507 lis
241 3456 417 3523 pendentem,
437 3457 651 3526 decoquuutque
672 3461 702 3509 in
713 3458 774 3510 cibo
785 3466 884 3511 contra
894 3458 992 3512 ssusio·

187 3540 249 3586 nes,
261 3540 329 3593 quas
341 3525 445 3579 Graeci
456 3525 672 3579 rheumatismos
684 3535 792 3580 vocant.

156 3608 174 3657 q·
225 3595 269 3645 Es
281 3595 369 3665 nigris
381 3595 469 3663 aliqui
481 3610 585 3649 marem
598 3597 703 3663 dixere,
718 3598 763 3651 cui
775 3597 827 3652 ilos
836 3613 991 3666 purpureus

189 3669 282 3718 esset:
302 3672 330 3716 et
348 3663 491 3728 seminam,
512 3666 558 3717 cui
577 3667 727 3720 violaceus.
764 3668 823 3720 Uno
839 3675 993 3721 nascuntur

189 3733 271 3786 caule
282 3735 403 3797 cubitali,
424 3735 610 3789 crassitudine
630 3735 750 3804 digitali.
788 3738 992 3791 Radicibusea-

188 3817 252 3855 rum
274 3802 394 3856 lichenes
414 3813 556 3869 curantur,
577 3821 638 3857 cum
659 3802 791 3873 sulphure
813 3813 842 3859 et
858 3808 991 3873 bitumine

187 3887 247 3923 uua
257 3874 359 3924 coctis:
372 3874 608 3926 commanducatis
620 3890 684 3927 cero
696 3876 794 3929 dentes
807 3877 933 3940 mobiles,
943 3885 992 3929 aut

189 3943 221 3992 in
232 3948 310 3993 aceto
322 3942 455 3994 decoctis.
491 3942 581 3995 Succo
601 3947 724 3998 scabiem
740 3947 825 3997 etiam
837 3947 992 4014 quadrupe·

189 4009 257 4062 dum
278 4016 386 4063 sanant.
422 4013 460 4063 Et
471 4013 576 4064 ricinos
596 4029 694 4066 cunum
717 4023 831 4067 necant:
859 4017 991 4068 iuvencos

189 4094 301 4148 quoqne
311 4079 432 4147 anginae
442 4081 535 4133 modo.
566 4083 658 4144 Quare
669 4100 686 4135 a
697 4084 861 4151 quibusdam
874 4085 990 4151 ulnpho·

189 4164 249 4200 non
261 4158 384 4211 vocatur,
395 4158 424 4202 et
435 4151 603 4218 cynozolon,
620 4160 735 4218 propter
745 4155 911 4219 gravitatem
924 4154 992 4204 odo-

190 4218 240 4269 ris.
277 4217 383 4271 Ferunt
394 4226 422 4270 et
433 4218 503 4271 haec
514 4222 616 4272 viscum
634 4221 792 4271 hulceribus
803 4223 991 4273 utilissimum.

189 4288 325 4340 Omnium
345 4292 439 4339 autem
458 4302 593 4355 generum
610 4303 706 4341 eorum
718 4289 828 4341 radices
838 4290 991 4357 scorpioni·

187 4358 244 4409 bus
256 4357 447 4408 adversantur.

227 4425 316 4476 xxii.
334 4425 498 4490 coronopus
508 4425 630 4493 oblonga
649 4423 737 4479 herba
751 4432 795 4479 cst
805 4442 865 4479 cum
877 4427 992 4480 assuris

187 4493 305 4547 Seritur
324 4493 445 4555 interim,
465 4494 596 4561 quoniam
618 4496 698 4548 radix
710 4496 839 4550 coeliacis
851 4496 993 4565 praeclare

189 4563 261 4614 facit
273 4562 300 4613 in
312 4563 405 4613 cinere
417 4569 501 4615 tosta.

180 4648 189 4679 l
228 4632 327 4684 xliiii.
345 4631 382 4683 lit
393 4630 532 4685 anchusae
542 4632 621 4686 radix
633 4633 661 4686 in
675 4650 726 4686 usu
736 4641 789 4697 est,
800 4632 910 4702 digitali
920 4649 993 4688 crus-

190 4701 325 4753 situdine.
362 4702 494 4754 Finditur
512 4704 612 4770 papyri
629 4703 724 4755 inundo:
746 4718 895 4773 manusque
909 4706 995 4757 inlicit

191 4772 346 4839 sanguineo
359 4772 469 4824 colores
490 4780 640 4839 praeparat
660 4774 740 4825 lanas
752 4776 885 4842 pretiosis
895 4774 994 4826 colori-

191 4842 257 4892 bus.
268 4839 355 4892 Saaat
365 4839 480 4894 hulcera
489 4844 517 4893 ia
528 4850 633 4905 cerato,
645 4843 794 4911 praecipue
804 4859 914 4895 senum:
925 4845 993 4895 item

191 4907 305 4961 adusta.
341 4910 454 4978 Liquuri
466 4926 521 4962 aon
531 4919 630 4978 potest¹
641 4913 669 4984 in
681 4927 766 4980 aqua:
789 4911 854 4964 oleo
865 4912 992 4964 dissolri·

192 4985 256 5029 tur:
269 4980 351 5045 idque
360 4981 486 5034 sincerae
498 4983 717 5047 experimentum
728 4988 781 5035 est.
815 4982 907 5034 Datur
917 4987 946 5035 et
957 4981 991 5033 ad

192 5063 290 5099 renum
303 5048 415 5101 dolores
423 5048 556 5102 drachma
567 5052 628 5103 eius
639 5051 718 5117 potui
727 5051 756 5102 ln
767 5050 844 5102 vino:
857 5058 906 5102 aut
916 5052 939 5101 ei
951 5050 991 5103 fe·

192 5116 253 5169 iuris
264 5118 312 5179 sit,
323 5118 352 5169 in
363 5118 480 5172 decocto
491 5118 594 5172 balani.
620 5119 689 5173 ltem
698 5121 730 5172 in
742 5121 892 5172 iocinerum
903 5121 992 5182 vitiis,

192 5194 223 5237 et
235 5186 324 5251 lienis,
336 5188 429 5240 etbile
438 5188 559 5241 foliosis.
581 5188 682 5256 Lepris
694 5195 722 5242 et
732 5190 861 5258 lentigini
872 5190 992 5241 illinitur

193 5271 229 5306 es
239 5265 327 5309 aceto.
339 5257 422 5309 Folia
430 5258 500 5309 trita
509 5274 570 5310 mam
583 5260 667 5312 melle
678 5268 707 5311 et
717 5258 818 5322 farina,
829 5259 931 5311 luxatis
943 5260 992 5310 irn-

190 5336 346 5392 pnnuntur:
370 5334 477 5393 etpota
489 5325 628 5380 drachmis
640 5328 747 5381 duabus
758 5329 786 5380 in
798 5328 887 5380 mulso
898 5329 990 5380 alvum

189 5393 304 5515 alstani.
343 5396 455 5449 Puiicas
474 5411 573 5450 necare
588 5398 668 5450 radis
686 5401 798 5467 ineque
809 5397 992 5452 decoctatra·

213 5464 277 5518 itur.

225 5533 328 5587 XXlV.
345 5534 397 5585 Est
408 5540 438 5586 et
449 5533 506 5587 alia
517 5534 628 5597 similis,
638 5536 848 5603 pseudsuebusa
857 5538 893 5589 ob
904 5536 933 5589 id
944 5551 991 5604 ap·

185 5603 304 5670 pellam,
315 5619 332 5656 a
342 5604 505 5671 quibusdem
516 5618 582 5657 sero
595 5604 681 5672 echis,
699 5614 748 5661 aut
758 5607 844 5673 doris,
855 5616 884 5661 et
894 5606 989 5660 multis

1044 3471 1117 3515 cani.

1078 3530 1191 3584 xxvii.
1209 3531 1302 3583 Leton
1314 3530 1362 3598 qui
1382 3526 1510 3581 arborem
1526 3531 1626 3595 putant
1647 3532 1756 3580 tantum
1773 3542 1844 3590 esse,

1044 3601 1088 3654 rel
1102 3604 1223 3653 Homero
1234 3607 1349 3654 auctore
1360 3599 1473 3667 coargui
1485 3605 1610 3664 possunt.
1647 3599 1674 3649 ls
1685 3598 1758 3650 enim
1771 3598 1844 3648 inter

1044 3671 1145 3724 herbas
1155 3670 1351 3723 subnascentes
1362 3669 1477 3725 deorum
1486 3667 1634 3735 uoluptati,
1641 3667 1719 3719 loton
1728 3668 1845 3732 primam

1044 3738 1210 3793 nominarit.
1240 3736 1324 3792 Folia
1334 3740 1394 3793 eius
1404 3752 1465 3790 cum
1477 3737 1568 3801 melle,
1578 3737 1722 3789 oculorum
1734 3735 1845 3788 cicatrl·
1866 3752 1869 3759 ·

1045 3827 1099 3871 ces,
1110 3826 1143 3862 ar
1163 3824 1233 3873 ema,
1243 3809 1394 3861 nubeculas
1405 3807 1570 3859 discutiunt.

1077 3880 1130 3932 xli
1159 3880 1206 3931 lli.
1226 3881 1277 3931 Est
1295 3887 1325 3931 et
1344 3878 1505 3939 lotometra,
1527 3891 1598 3944 quae
1612 3876 1645 3927 iit
1658 3888 1693 3927 nx
1704 3874 1763 3926 loto
1774 3879 1844 3936 sata,

1044 3964 1079 4003 ex
1091 3952 1169 4001 cuius
1179 3950 1284 4001 semine
1293 3948 1379 4000 simili
1390 3948 1479 4009 milio,
1501 3948 1571 3998 liunt
1581 3960 1666 4019 panes
1676 3946 1704 3994 in
1716 3945 1843 4009 Aegypto

1044 4036 1061 4072 a
1072 4020 1240 4086 pastoribus,
1252 4019 1371 4071 maxime
1383 4031 1456 4083 aqua
1465 4016 1510 4067 rel
1521 4015 1595 4067 lacte
1606 4014 1732 4065 subacto.
1754 4010 1844 4089 Nega·

1044 4097 1090 4140 tur
1111 4088 1259 4155 quidquam
1279 4088 1329 4139 illo
1350 4101 1422 4154 pane
1437 4084 1577 4137 salubrius
1593 4097 1664 4143 esse,
1685 4077 1844 4140 autiernus,

1044 4157 1108 4208 dum
1120 4158 1224 4208 calente
1243 4155 1426 4223 refrigeratus
1438 4152 1580 4204 difficilius
1590 4148 1782 4213 concoquitur,
1802 4146 1844 4196 iit·

1045 4223 1288 4291 queponderosus.
1326 4225 1458 4282 Constat,
1480 4235 1528 4272 sos
1541 4220 1588 4285 qui
1605 4217 1655 4268 illo
1667 4217 1770 4295 ciram,
1792 4231 1844 4267 nec

1045 4294 1216 4360 dysenteria,
1228 4307 1279 4343 nec
1289 4298 1424 4352 tenesmo,
1443 4303 1533 4354 neque
1545 4286 1610 4339 aliis
1621 4283 1728 4335 morbis
1739 4284 1844 4335 centris

1045 4360 1184 4414 infestari.
1218 4363 1316 4427 ltaque
1327 4360 1400 4410 ister
1410 4356 1535 4410 remedia
1546 4369 1641 4409 smum
1654 4350 1780 4405 habetur.

1079 4430 1182 4482 XXlX.
1201 4427 1371 4494 Heliotropii
1391 4424 1554 4478 miraculum
1576 4423 1690 4489 saepius
1711 4419 1864 4483 diximus.

1045 4516 1106 4552 cum
1118 4499 1184 4552 Sole
1195 4514 1225 4551 se
1238 4494 1460 4563 circumagentis,
1472 4493 1557 4545 etiam
1569 4491 1666 4545 nubilo
1676 4489 1736 4543 die:
1748 4497 1842 4543 tantus

1045 4569 1146 4622 sideris
1157 4583 1236 4620 amor
1246 4572 1299 4619 est:
1311 4572 1395 4617 noctu
1407 4564 1481 4616 velut
1492 4561 1630 4614 desiderio
1642 4557 1770 4615 contrahi
1783 4575 1832 4613 cae

1046 4640 1153 4691 sulcum
1165 4637 1271 4689 liorem.
1307 4632 1486 4688 Generosius
1497 4630 1567 4684 duos
1584 4633 1745 4695 tricoccum,
1756 4636 1784 4684 et
1796 4626 1844 4681 hc·

1046 4710 1133 4761 liosco
1155 4710 1220 4758 ium.

1080 4724 1235 4830 Hocpultius
1245 4778 1413 4843 (quenquam
1428 4778 1577 4839 utrumque
1592 4768 1789 4836 semipedalem
1800 4768 1841 4818 al·

1044 4847 1193 4899 titudinem
1205 4859 1258 4896 non
1269 4842 1392 4905 excedit)
1404 4844 1438 4895 ab
1448 4844 1506 4895 ima
1515 4841 1610 4894 radice
1620 4852 1770 4893 ramosum.
1792 4836 1842 4890 Se·

1045 4932 1108 4968 men
1118 4916 1146 4966 in
1157 4913 1285 4967 folliculo
1297 4913 1432 4965 messibus
1447 4912 1596 4980 colligitur.
1632 4909 1765 4963 Nascitur
1776 4921 1844 4986 non·

1045 4986 1099 5037 nisi
1111 4987 1138 5036 in
1150 4985 1248 5051 pingui
1260 4984 1330 5044 salo,
1339 4983 1468 5050 cultoque
1479 4982 1609 5033 mxime:
1620 4980 1772 5030 tricoccum
1784 4975 1844 5026 uhr-

1045 5070 1107 5123 que.
1144 5054 1175 5106 Si
1186 5053 1368 5121 decoquatur,
1384 5052 1495 5103 invenio
1505 5049 1574 5103 cibis
1586 5048 1711 5116 placere:
1724 5051 1751 5098 et
1764 5047 1792 5095 in
1803 5044 1842 5124 la·

1044 5132 1089 5177 cte
1099 5122 1247 5175 iucundius
1257 5122 1349 5174 airum
1361 5120 1479 5174 muniri:
1501 5128 1529 5173 et
1540 5122 1562 5170 si
1576 5118 1685 5171 decocti
1694 5129 1793 5167 succus
1803 5113 1844 5162 bs·

1044 5195 1136 5255 batur,
1156 5191 1349 5246 efficacissime
1369 5191 1516 5244 exinaniri.
1551 5188 1673 5241 hlaioris
1687 5194 1842 5266 succuren-

1043 5263 1147 5331 cipitur
1156 5268 1273 5322 aestate,
1293 5261 1468 5314 horaserta:
1489 5262 1621 5311 miscetur
1635 5265 1782 5310 cumrrno,
1801 5262 1843 5298 sac

1044 5334 1159 5385 tirmior.
1196 5332 1306 5399 Capitis
1324 5331 1436 5383 dolores
1456 5330 1550 5388 sedat,
1571 5338 1687 5378 rosaceo
1708 5317 1841 5398 admixto.

1044 5402 1183 5456 Verrucas
1195 5416 1255 5453 cum
1269 5401 1328 5454 sale
1338 5401 1417 5455 tollit
1426 5414 1524 5451 succus
1535 5412 1551 5449 c
1562 5395 1646 5448 iulio:
1668 5387 1739 5441 unde
1748 5390 1842 5466 upttrt

1043 5472 1230 5525 verrucariam
1244 5469 1356 5523 herbum
1370 5469 1555 5538 appellavere,
1575 5464 1639 5514 nliis
1649 5456 1841 5535 cngnpmmsrl

1044 5542 1188 5595 eremium
1207 5540 1329 5610 signiae
1416 5537 1441 5544 ··
1562 5536 1591 5580 ¹··t
1609 5522 1794 5591 emesenus,
1812 5531 1843 5576 ot

1043 5612 1235 5684 nominamus
1255 5625 1289 5664 ee
1601 5607 1671 5664 *uu
1691 5591 1790 5660 auae
1810 5599 1843 5647 u·
