<?xml version="1.0" encoding="UTF-8"?>
<!DOCTYPE html PUBLIC "-//W3C//DTD XHTML 1.0 Transitional//EN"
    "http://www.w3.org/TR/xhtml1/DTD/xhtml1-transitional.dtd">
<html xmlns="http://www.w3.org/1999/xhtml" xml:lang="en" lang="en">
 <head>
  <title>
</title>
<meta http-equiv="Content-Type" content="text/html;charset=utf-8" />
  <meta name='ocr-system' content='tesseract 3.04.00' />
  <meta name='ocr-capabilities' content='ocr_page ocr_carea ocr_par ocr_line ocrx_word'/>
</head>
<body>
  <div class='ocr_page' id='page_1' title='image "./historiaenatura00plingoog_0359.png"; bbox 0 0 4374 6014; ppageno 0'>
   <div class='ocr_carea' id='block_1_1' title="bbox 353 259 1883 351">
    <p class='ocr_par' dir='ltr' id='par_1_1' title="bbox 353 259 1883 351">
     <span class='ocr_line' id='line_1_1' title="bbox 353 259 1883 351; baseline -0.013 -10"><span class='ocrx_word' id='word_1_1' title='bbox 353 277 442 351; x_wconf 69' lang='lat'><strong>348,</strong></span> <span class='ocrx_word' id='word_1_2' title='bbox 491 273 524 334; x_wconf 81' lang='lat' dir='ltr'><strong>C·</strong></span> <span class='ocrx_word' id='word_1_3' title='bbox 560 268 706 333; x_wconf 86' lang='lat' dir='ltr'><strong>PLlNll</strong></span> <span class='ocrx_word' id='word_1_4' title='bbox 740 266 946 330; x_wconf 73' lang='lat' dir='ltr'><strong>saeuum</strong></span> <span class='ocrx_word' id='word_1_5' title='bbox 980 262 1253 326; x_wconf 71' lang='lat' dir='ltr'><strong>saturabis</strong></span> <span class='ocrx_word' id='word_1_6' title='bbox 1288 262 1407 321; x_wconf 81' lang='lat' dir='ltr'><strong>ffls&#39;r.</strong></span> <span class='ocrx_word' id='word_1_7' title='bbox 1444 261 1523 321; x_wconf 85' lang='lat' dir='ltr'><strong>hlB.</strong></span> <span class='ocrx_word' id='word_1_8' title='bbox 1546 259 1669 323; x_wconf 89' lang='lat' dir='ltr'><strong>XXX.</strong></span> <span class='ocrx_word' id='word_1_9' title='bbox 1691 262 1784 324; x_wconf 80' lang='lat' dir='ltr'><strong>CAP.</strong></span> <span class='ocrx_word' id='word_1_10' title='bbox 1806 265 1883 326; x_wconf 82' lang='grc'><strong>3-8.</strong></span> 
     </span>
    </p>
   </div>
   <div class='ocr_carea' id='block_1_2' title="bbox 292 413 1161 2080">
    <p class='ocr_par' dir='ltr' id='par_1_2' title="bbox 292 413 1161 2080">
     <span class='ocr_line' id='line_1_2' title="bbox 355 413 1154 492; baseline -0.023 -11"><span class='ocrx_word' id='word_1_11' title='bbox 355 443 417 481; x_wconf 91' lang='lat' dir='ltr'><strong>eam</strong></span> <span class='ocrx_word' id='word_1_12' title='bbox 431 423 552 492; x_wconf 76' lang='lat' dir='ltr'><strong>intelligi</strong></span> <span class='ocrx_word' id='word_1_13' title='bbox 562 420 667 483; x_wconf 79' lang='lat' dir='ltr'><strong>soluit,</strong></span> <span class='ocrx_word' id='word_1_14' title='bbox 686 419 863 471; x_wconf 78' lang='lat' dir='ltr'><strong>zoroastrem</strong></span> <span class='ocrx_word' id='word_1_15' title='bbox 878 414 952 468; x_wconf 89' lang='lat' dir='ltr'><strong>hunc</strong></span> <span class='ocrx_word' id='word_1_16' title='bbox 967 429 1015 467; x_wconf 87' lang='lat' dir='ltr'><strong>sex</strong></span> <span class='ocrx_word' id='word_1_17' title='bbox 1028 413 1154 466; x_wconf 91' lang='lat' dir='ltr'><strong>millibus</strong></span> 
     </span>
     <span class='ocr_line' id='line_1_3' title="bbox 354 481 1155 551; baseline -0.019 -3"><span class='ocrx_word' id='word_1_18' title='bbox 354 510 490 548; x_wconf 90' lang='lat' dir='ltr'><strong>annorum</strong></span> <span class='ocrx_word' id='word_1_19' title='bbox 503 499 567 545; x_wconf 88' lang='lat' dir='ltr'><strong>ante</strong></span> <span class='ocrx_word' id='word_1_20' title='bbox 578 490 702 541; x_wconf 86' lang='lat' dir='ltr'><strong>Platonis</strong></span> <span class='ocrx_word' id='word_1_21' title='bbox 712 492 830 539; x_wconf 89' lang='lat' dir='ltr'><strong>mortem</strong></span> <span class='ocrx_word' id='word_1_22' title='bbox 842 485 929 538; x_wconf 78' lang='lat' dir='ltr'><strong>fuisse</strong></span> <span class='ocrx_word' id='word_1_23' title='bbox 939 483 1072 551; x_wconf 88' lang='lat' dir='ltr'><strong>prodidit.</strong></span> <span class='ocrx_word' id='word_1_24' title='bbox 1108 481 1155 535; x_wconf 86' lang='lat' dir='ltr'><strong>Sic</strong></span> 
     </span>
     <span class='ocr_line' id='line_1_4' title="bbox 356 551 1153 623; baseline -0.024 -2"><span class='ocrx_word' id='word_1_25' title='bbox 356 577 386 621; x_wconf 90' lang='lat' dir='ltr'><strong>et</strong></span> <span class='ocrx_word' id='word_1_26' title='bbox 396 562 568 619; x_wconf 75' lang='lat' dir='ltr'><strong>Aristoteles.</strong></span> <span class='ocrx_word' id='word_1_27' title='bbox 615 559 784 622; x_wconf 74' lang='lat' dir='ltr'><strong>Hermippus</strong></span> <span class='ocrx_word' id='word_1_28' title='bbox 797 556 844 623; x_wconf 91' lang='lat' dir='ltr'><strong>qui</strong></span> <span class='ocrx_word' id='word_1_29' title='bbox 854 554 888 607; x_wconf 91' lang='lat' dir='ltr'><strong>de</strong></span> <span class='ocrx_word' id='word_1_30' title='bbox 900 561 961 606; x_wconf 89' lang='lat' dir='ltr'><strong>tota</strong></span> <span class='ocrx_word' id='word_1_31' title='bbox 971 569 1006 606; x_wconf 92' lang='lat' dir='ltr'><strong>ea</strong></span> <span class='ocrx_word' id='word_1_32' title='bbox 1017 560 1077 605; x_wconf 90' lang='lat' dir='ltr'><strong>arte</strong></span> <span class='ocrx_word' id='word_1_33' title='bbox 1089 551 1153 603; x_wconf 89' lang='lat' dir='ltr'><strong>dili·</strong></span> 
     </span>
     <span class='ocr_line' id='line_1_5' title="bbox 356 624 1155 703; baseline -0.019 -17"><span class='ocrx_word' id='word_1_34' title='bbox 356 636 519 703; x_wconf 83' lang='lat' dir='ltr'><strong>gentissime</strong></span> <span class='ocrx_word' id='word_1_35' title='bbox 529 626 650 692; x_wconf 78' lang='lat' dir='ltr'><strong>scripsit,</strong></span> <span class='ocrx_word' id='word_1_36' title='bbox 667 631 696 678; x_wconf 92' lang='lat' dir='ltr'><strong>et</strong></span> <span class='ocrx_word' id='word_1_37' title='bbox 705 625 792 677; x_wconf 84' lang='lat' dir='ltr'><strong>vicies</strong></span> <span class='ocrx_word' id='word_1_38' title='bbox 804 632 917 677; x_wconf 90' lang='lat' dir='ltr'><strong>centurn</strong></span> <span class='ocrx_word' id='word_1_39' title='bbox 926 624 1155 675; x_wconf 88' lang='lat' dir='ltr'><strong>milliaversuum</strong></span> 
     </span>
     <span class='ocr_line' id='line_1_6' title="bbox 356 691 1155 761; baseline -0.018 -6"><span class='ocrx_word' id='word_1_40' title='bbox 356 703 533 758; x_wconf 80' lang='lat' dir='ltr'><strong>aZoroastre</strong></span> <span class='ocrx_word' id='word_1_41' title='bbox 553 695 676 757; x_wconf 88' lang='lat' dir='ltr'><strong>condita,</strong></span> <span class='ocrx_word' id='word_1_42' title='bbox 697 693 833 746; x_wconf 88' lang='lat' dir='ltr'><strong>indicibus</strong></span> <span class='ocrx_word' id='word_1_43' title='bbox 855 708 965 761; x_wconf 83' lang='lat' dir='ltr'><strong>quoque</strong></span> <span class='ocrx_word' id='word_1_44' title='bbox 983 691 1155 743; x_wconf 75' lang='lat' dir='ltr'><strong>voluminum</strong></span> 
     </span>
     <span class='ocr_line' id='line_1_7' title="bbox 357 761 1156 837; baseline -0.016 -14"><span class='ocrx_word' id='word_1_45' title='bbox 357 772 417 826; x_wconf 89' lang='lat' dir='ltr'><strong>eius</strong></span> <span class='ocrx_word' id='word_1_46' title='bbox 428 768 525 837; x_wconf 91' lang='lat' dir='ltr'><strong>positis</strong></span> <span class='ocrx_word' id='word_1_47' title='bbox 536 764 707 831; x_wconf 76' lang='lat' dir='ltr'><strong>explanavit,</strong></span> <span class='ocrx_word' id='word_1_48' title='bbox 719 769 936 830; x_wconf 80' lang='lat' dir='ltr'><strong>praeceptorem,</strong></span> <span class='ocrx_word' id='word_1_49' title='bbox 951 777 1032 830; x_wconf 91' lang='lat' dir='ltr'><strong>aquo</strong></span> <span class='ocrx_word' id='word_1_50' title='bbox 1045 761 1156 811; x_wconf 86' lang='lat' dir='ltr'><strong>institu-</strong></span> 
     </span>
     <span class='ocr_line' id='line_1_8' title="bbox 356 832 1155 899; baseline -0.015 -6"><span class='ocrx_word' id='word_1_51' title='bbox 356 850 416 895; x_wconf 91' lang='lat' dir='ltr'><strong>tum</strong></span> <span class='ocrx_word' id='word_1_52' title='bbox 428 839 541 897; x_wconf 87' lang='lat' dir='ltr'><strong>diceret,</strong></span> <span class='ocrx_word' id='word_1_53' title='bbox 551 832 667 885; x_wconf 80' lang='lat' dir='ltr'><strong>tradidit</strong></span> <span class='ocrx_word' id='word_1_54' title='bbox 678 835 842 893; x_wconf 77' lang='lat' dir='ltr'><strong>Azonacem,</strong></span> <span class='ocrx_word' id='word_1_55' title='bbox 852 833 943 899; x_wconf 88' lang='lat' dir='ltr'><strong>ipsum</strong></span> <span class='ocrx_word' id='word_1_56' title='bbox 955 846 1021 883; x_wconf 84' lang='lat' dir='ltr'><strong>vero</strong></span> <span class='ocrx_word' id='word_1_57' title='bbox 1036 834 1155 898; x_wconf 86' lang='lat' dir='ltr'><strong>quinque</strong></span> 
     </span>
     <span class='ocr_line' id='line_1_9' title="bbox 304 897 1155 961; baseline -0.014 0"><span class='ocrx_word' id='word_1_58' title='bbox 304 913 308 918; x_wconf 85' lang='lat'>&#39;</span> <span class='ocrx_word' id='word_1_59' title='bbox 356 908 481 961; x_wconf 90' lang='lat' dir='ltr'><strong>millibus</strong></span> <span class='ocrx_word' id='word_1_60' title='bbox 506 918 643 955; x_wconf 88' lang='lat' dir='ltr'><strong>annorum</strong></span> <span class='ocrx_word' id='word_1_61' title='bbox 670 908 735 954; x_wconf 86' lang='lat' dir='ltr'><strong>ante</strong></span> <span class='ocrx_word' id='word_1_62' title='bbox 755 901 907 954; x_wconf 84' lang='lat' dir='ltr'><strong>Troianum</strong></span> <span class='ocrx_word' id='word_1_63' title='bbox 934 900 1038 952; x_wconf 88' lang='lat' dir='ltr'><strong>bellum</strong></span> <span class='ocrx_word' id='word_1_64' title='bbox 1058 897 1155 950; x_wconf 82' lang='lat' dir='ltr'><strong>luisse.</strong></span> 
     </span>
     <span class='ocr_line' id='line_1_10' title="bbox 355 969 1156 1040; baseline -0.014 -10"><span class='ocrx_word' id='word_1_65' title='bbox 355 979 459 1032; x_wconf 80' lang='lat' dir='ltr'><strong>Mirum</strong></span> <span class='ocrx_word' id='word_1_66' title='bbox 471 973 524 1026; x_wconf 91' lang='lat' dir='ltr'><strong>hoc</strong></span> <span class='ocrx_word' id='word_1_67' title='bbox 534 974 561 1024; x_wconf 92' lang='lat' dir='ltr'><strong>iu</strong></span> <span class='ocrx_word' id='word_1_68' title='bbox 573 971 676 1040; x_wconf 90' lang='lat' dir='ltr'><strong>primis,</strong></span> <span class='ocrx_word' id='word_1_69' title='bbox 699 969 815 1022; x_wconf 76' lang='lat' dir='ltr'><strong>durasse</strong></span> <span class='ocrx_word' id='word_1_70' title='bbox 831 971 993 1022; x_wconf 78' lang='lat' dir='ltr'><strong>memoriam</strong></span> <span class='ocrx_word' id='word_1_71' title='bbox 1011 975 1156 1035; x_wconf 88' lang='lat' dir='ltr'><strong>artemque</strong></span> 
     </span>
     <span class='ocr_line' id='line_1_11' title="bbox 355 1038 1156 1113; baseline -0.014 -14"><span class='ocrx_word' id='word_1_72' title='bbox 355 1055 414 1100; x_wconf 87' lang='lat' dir='ltr'><strong>tam</strong></span> <span class='ocrx_word' id='word_1_73' title='bbox 425 1046 509 1113; x_wconf 90' lang='lat' dir='ltr'><strong>longo</strong></span> <span class='ocrx_word' id='word_1_74' title='bbox 522 1058 601 1105; x_wconf 85' lang='lat' dir='ltr'><strong>aero,</strong></span> <span class='ocrx_word' id='word_1_75' title='bbox 622 1040 828 1093; x_wconf 87' lang='lat' dir='ltr'><strong>commentariis</strong></span> <span class='ocrx_word' id='word_1_76' title='bbox 845 1055 900 1092; x_wconf 93' lang='lat' dir='ltr'><strong>non</strong></span> <span class='ocrx_word' id='word_1_77' title='bbox 915 1038 1156 1099; x_wconf 88' lang='lat' dir='ltr'><strong>intercidentibus,</strong></span> 
     </span>
     <span class='ocr_line' id='line_1_12' title="bbox 356 1108 1157 1186; baseline -0.014 -18"><span class='ocrx_word' id='word_1_78' title='bbox 356 1122 504 1186; x_wconf 88' lang='lat' dir='ltr'><strong>praeterea</strong></span> <span class='ocrx_word' id='word_1_79' title='bbox 514 1127 566 1164; x_wconf 89' lang='lat' dir='ltr'><strong>nec</strong></span> <span class='ocrx_word' id='word_1_80' title='bbox 577 1110 659 1164; x_wconf 91' lang='lat' dir='ltr'><strong>claris</strong></span> <span class='ocrx_word' id='word_1_81' title='bbox 671 1110 869 1162; x_wconf 90' lang='lat' dir='ltr'><strong>neocontinuis</strong></span> <span class='ocrx_word' id='word_1_82' title='bbox 879 1108 1099 1161; x_wconf 87' lang='lat' dir='ltr'><strong>successionibus</strong></span> <span class='ocrx_word' id='word_1_83' title='bbox 1110 1122 1157 1159; x_wconf 90' lang='lat' dir='ltr'><strong>cu·</strong></span> 
     </span>
     <span class='ocr_line' id='line_1_13' title="bbox 355 1178 1155 1246; baseline -0.013 -9"><span class='ocrx_word' id='word_1_84' title='bbox 355 1184 501 1238; x_wconf 86' lang='lat' dir='ltr'><strong>studitam.</strong></span> <span class='ocrx_word' id='word_1_85' title='bbox 539 1184 646 1245; x_wconf 75' lang='lat' dir='ltr'><strong>Quotus</strong></span> <span class='ocrx_word' id='word_1_86' title='bbox 665 1180 736 1231; x_wconf 89' lang='lat' dir='ltr'><strong>enim</strong></span> <span class='ocrx_word' id='word_1_87' title='bbox 756 1179 870 1246; x_wconf 91' lang='lat' dir='ltr'><strong>quisque</strong></span> <span class='ocrx_word' id='word_1_88' title='bbox 885 1180 981 1231; x_wconf 91' lang='lat' dir='ltr'><strong>auditu</strong></span> <span class='ocrx_word' id='word_1_89' title='bbox 998 1178 1096 1230; x_wconf 91' lang='lat' dir='ltr'><strong>saltem</strong></span> <span class='ocrx_word' id='word_1_90' title='bbox 1109 1191 1155 1241; x_wconf 88' lang='lat' dir='ltr'><strong>cp·</strong></span> 
     </span>
     <span class='ocr_line' id='line_1_14' title="bbox 357 1248 1157 1324; baseline -0.01 -19"><span class='ocrx_word' id='word_1_91' title='bbox 357 1255 452 1324; x_wconf 88' lang='lat' dir='ltr'><strong>gnitns</strong></span> <span class='ocrx_word' id='word_1_92' title='bbox 467 1251 561 1312; x_wconf 87' lang='lat' dir='ltr'><strong>habet,</strong></span> <span class='ocrx_word' id='word_1_93' title='bbox 582 1253 628 1318; x_wconf 87' lang='lat' dir='ltr'><strong>qui</strong></span> <span class='ocrx_word' id='word_1_94' title='bbox 644 1248 699 1300; x_wconf 88' lang='lat' dir='ltr'><strong>soll</strong></span> <span class='ocrx_word' id='word_1_95' title='bbox 716 1249 955 1322; x_wconf 77' lang='lat' dir='ltr'><strong>cognominantur,</strong></span> <span class='ocrx_word' id='word_1_96' title='bbox 975 1249 1157 1315; x_wconf 75' lang='lat' dir='ltr'><strong>Apuscorum,</strong></span> 
     </span>
     <span class='ocr_line' id='line_1_15' title="bbox 358 1318 1157 1385; baseline -0.011 -9"><span class='ocrx_word' id='word_1_97' title='bbox 358 1330 387 1376; x_wconf 91' lang='lat' dir='ltr'><strong>et</strong></span> <span class='ocrx_word' id='word_1_98' title='bbox 407 1324 541 1375; x_wconf 87' lang='lat' dir='ltr'><strong>Zaratum</strong></span> <span class='ocrx_word' id='word_1_99' title='bbox 553 1319 660 1381; x_wconf 87' lang='lat' dir='ltr'><strong>Medos,</strong></span> <span class='ocrx_word' id='word_1_100' title='bbox 681 1318 907 1385; x_wconf 73' lang='lat' dir='ltr'><strong>Babyloniosque</strong></span> <span class='ocrx_word' id='word_1_101' title='bbox 928 1320 1109 1381; x_wconf 81' lang='lat' dir='ltr'><strong>Matusarum,</strong></span> <span class='ocrx_word' id='word_1_102' title='bbox 1129 1321 1157 1368; x_wconf 88' lang='lat' dir='ltr'><strong>st</strong></span> 
     </span>
     <span class='ocr_line' id='line_1_16' title="bbox 292 1384 1158 1456; baseline -0.009 -11"><span class='ocrx_word' id='word_1_103' title='bbox 292 1394 295 1398; x_wconf 71' lang='grc'><strong>’</strong></span> <span class='ocrx_word' id='word_1_104' title='bbox 357 1384 622 1456; x_wconf 77' lang='lat' dir='ltr'><strong>Arabantiphocum,</strong></span> <span class='ocrx_word' id='word_1_105' title='bbox 645 1392 694 1439; x_wconf 90' lang='lat' dir='ltr'><strong>aut</strong></span> <span class='ocrx_word' id='word_1_106' title='bbox 705 1388 848 1454; x_wconf 79' lang='lat' dir='ltr'><strong>Assyrium</strong></span> <span class='ocrx_word' id='word_1_107' title='bbox 859 1386 1070 1450; x_wconf 87' lang='lat' dir='ltr'><strong>Tarmoendam,</strong></span> <span class='ocrx_word' id='word_1_108' title='bbox 1091 1400 1158 1454; x_wconf 90' lang='lat' dir='ltr'><strong>quo-</strong></span> 
     </span>
     <span class='ocr_line' id='line_1_17' title="bbox 357 1457 1159 1531; baseline -0.007 -19"><span class='ocrx_word' id='word_1_109' title='bbox 357 1477 418 1513; x_wconf 84' lang='lat' dir='ltr'><strong>rum</strong></span> <span class='ocrx_word' id='word_1_110' title='bbox 429 1459 504 1511; x_wconf 89' lang='lat' dir='ltr'><strong>nulla</strong></span> <span class='ocrx_word' id='word_1_111' title='bbox 516 1464 628 1510; x_wconf 89' lang='lat' dir='ltr'><strong>exstant</strong></span> <span class='ocrx_word' id='word_1_112' title='bbox 640 1457 837 1531; x_wconf 64' lang='lat' dir='ltr'><strong>monumenta?</strong></span> <span class='ocrx_word' id='word_1_113' title='bbox 873 1458 993 1509; x_wconf 84' lang='lat' dir='ltr'><strong>Maxime</strong></span> <span class='ocrx_word' id='word_1_114' title='bbox 1004 1464 1097 1509; x_wconf 65' lang='lat' dir='ltr'><strong>nmen</strong></span> <span class='ocrx_word' id='word_1_115' title='bbox 1110 1457 1159 1507; x_wconf 91' lang='lat' dir='ltr'><strong>mi·</strong></span> 
     </span>
     <span class='ocr_line' id='line_1_18' title="bbox 358 1526 1159 1592; baseline -0.006 -12"><span class='ocrx_word' id='word_1_116' title='bbox 358 1545 419 1581; x_wconf 89' lang='lat' dir='ltr'><strong>rum</strong></span> <span class='ocrx_word' id='word_1_117' title='bbox 430 1534 483 1592; x_wconf 89' lang='lat' dir='ltr'><strong>est,</strong></span> <span class='ocrx_word' id='word_1_118' title='bbox 505 1527 532 1578; x_wconf 91' lang='lat' dir='ltr'><strong>in</strong></span> <span class='ocrx_word' id='word_1_119' title='bbox 544 1526 619 1579; x_wconf 90' lang='lat' dir='ltr'><strong>bello</strong></span> <span class='ocrx_word' id='word_1_120' title='bbox 635 1526 759 1576; x_wconf 75' lang='lat' dir='ltr'><strong>&#39;Piniano</strong></span> <span class='ocrx_word' id='word_1_121' title='bbox 775 1532 882 1578; x_wconf 89' lang='lat' dir='ltr'><strong>tantum</strong></span> <span class='ocrx_word' id='word_1_122' title='bbox 901 1528 936 1578; x_wconf 93' lang='lat' dir='ltr'><strong>de</strong></span> <span class='ocrx_word' id='word_1_123' title='bbox 953 1533 1014 1579; x_wconf 85' lang='lat' dir='ltr'><strong>arte</strong></span> <span class='ocrx_word' id='word_1_124' title='bbox 1026 1541 1061 1578; x_wconf 89' lang='lat' dir='ltr'><strong>ea</strong></span> <span class='ocrx_word' id='word_1_125' title='bbox 1075 1526 1159 1577; x_wconf 88' lang='lat' dir='ltr'><strong>silen-</strong></span> 
     </span>
     <span class='ocr_line' id='line_1_19' title="bbox 357 1594 1159 1663; baseline -0.005 -14"><span class='ocrx_word' id='word_1_126' title='bbox 357 1600 428 1650; x_wconf 88' lang='lat' dir='ltr'><strong>tium</strong></span> <span class='ocrx_word' id='word_1_127' title='bbox 440 1599 525 1649; x_wconf 82' lang='lat' dir='ltr'><strong>fuisse</strong></span> <span class='ocrx_word' id='word_1_128' title='bbox 537 1596 670 1657; x_wconf 85' lang='lat' dir='ltr'><strong>Homero,</strong></span> <span class='ocrx_word' id='word_1_129' title='bbox 690 1601 852 1663; x_wconf 90' lang='lat' dir='ltr'><strong>tantumque</strong></span> <span class='ocrx_word' id='word_1_130' title='bbox 869 1595 963 1663; x_wconf 91' lang='lat' dir='ltr'><strong>operis</strong></span> <span class='ocrx_word' id='word_1_131' title='bbox 978 1610 1013 1648; x_wconf 89' lang='lat' dir='ltr'><strong>ex</strong></span> <span class='ocrx_word' id='word_1_132' title='bbox 1024 1595 1119 1648; x_wconf 90' lang='lat' dir='ltr'><strong>eadem</strong></span> <span class='ocrx_word' id='word_1_133' title='bbox 1130 1594 1159 1645; x_wconf 91' lang='lat' dir='ltr'><strong>in</strong></span> 
     </span>
     <span class='ocr_line' id='line_1_20' title="bbox 358 1662 1159 1734; baseline -0.001 -17"><span class='ocrx_word' id='word_1_134' title='bbox 358 1665 630 1734; x_wconf 84' lang='lat' dir='ltr'><strong>Ulyssiserroribus,</strong></span> <span class='ocrx_word' id='word_1_135' title='bbox 653 1662 725 1716; x_wconf 89' lang='lat' dir='ltr'><strong>adeo</strong></span> <span class='ocrx_word' id='word_1_136' title='bbox 741 1672 773 1716; x_wconf 90' lang='lat' dir='ltr'><strong>ut</strong></span> <span class='ocrx_word' id='word_1_137' title='bbox 792 1672 881 1717; x_wconf 90' lang='lat' dir='ltr'><strong>toturn</strong></span> <span class='ocrx_word' id='word_1_138' title='bbox 895 1682 963 1733; x_wconf 91' lang='lat' dir='ltr'><strong>opus</strong></span> <span class='ocrx_word' id='word_1_139' title='bbox 982 1681 1036 1717; x_wconf 91' lang='lat' dir='ltr'><strong>non</strong></span> <span class='ocrx_word' id='word_1_140' title='bbox 1047 1663 1159 1717; x_wconf 88' lang='lat' dir='ltr'><strong>aliunde</strong></span> 
     </span>
     <span class='ocr_line' id='line_1_21' title="bbox 358 1732 1158 1801; baseline -0.004 -15"><span class='ocrx_word' id='word_1_141' title='bbox 358 1742 477 1787; x_wconf 89' lang='lat' dir='ltr'><strong>constet.</strong></span> <span class='ocrx_word' id='word_1_142' title='bbox 513 1734 654 1801; x_wconf 86' lang='lat' dir='ltr'><strong>Siquidem</strong></span> <span class='ocrx_word' id='word_1_143' title='bbox 672 1732 774 1786; x_wconf 86' lang='lat' dir='ltr'><strong>Protea</strong></span> <span class='ocrx_word' id='word_1_144' title='bbox 789 1742 818 1786; x_wconf 93' lang='lat' dir='ltr'><strong>et</strong></span> <span class='ocrx_word' id='word_1_145' title='bbox 832 1734 960 1788; x_wconf 80' lang='lat' dir='ltr'><strong>Sirenum</strong></span> <span class='ocrx_word' id='word_1_146' title='bbox 977 1741 1074 1786; x_wconf 90' lang='lat' dir='ltr'><strong>cantus</strong></span> <span class='ocrx_word' id='word_1_147' title='bbox 1085 1732 1158 1800; x_wconf 93' lang='lat' dir='ltr'><strong>apud</strong></span> 
     </span>
     <span class='ocr_line' id='line_1_22' title="bbox 359 1802 1159 1872; baseline -0.006 -14"><span class='ocrx_word' id='word_1_148' title='bbox 359 1819 421 1858; x_wconf 90' lang='lat' dir='ltr'><strong>eum</strong></span> <span class='ocrx_word' id='word_1_149' title='bbox 435 1819 488 1855; x_wconf 91' lang='lat' dir='ltr'><strong>non</strong></span> <span class='ocrx_word' id='word_1_150' title='bbox 500 1803 585 1856; x_wconf 87' lang='lat' dir='ltr'><strong>aliter</strong></span> <span class='ocrx_word' id='word_1_151' title='bbox 600 1802 722 1871; x_wconf 80' lang='lat' dir='ltr'><strong>intelligi</strong></span> <span class='ocrx_word' id='word_1_152' title='bbox 736 1803 846 1855; x_wconf 82' lang='lat' dir='ltr'><strong>rolant:</strong></span> <span class='ocrx_word' id='word_1_153' title='bbox 869 1805 948 1857; x_wconf 86' lang='lat' dir='ltr'><strong>Circe</strong></span> <span class='ocrx_word' id='word_1_154' title='bbox 965 1804 1060 1872; x_wconf 88' lang='lat' dir='ltr'><strong>utique</strong></span> <span class='ocrx_word' id='word_1_155' title='bbox 1075 1810 1105 1856; x_wconf 90' lang='lat' dir='ltr'><strong>et</strong></span> <span class='ocrx_word' id='word_1_156' title='bbox 1117 1804 1159 1853; x_wconf 92' lang='lat' dir='ltr'><strong>ia-</strong></span> 
     </span>
     <span class='ocr_line' id='line_1_23' title="bbox 358 1871 1160 1940; baseline -0.005 -14"><span class='ocrx_word' id='word_1_157' title='bbox 358 1874 447 1928; x_wconf 84' lang='lat' dir='ltr'><strong>ferdm</strong></span> <span class='ocrx_word' id='word_1_158' title='bbox 461 1872 624 1925; x_wconf 78' lang='lat' dir='ltr'><strong>evocatione</strong></span> <span class='ocrx_word' id='word_1_159' title='bbox 643 1871 696 1924; x_wconf 92' lang='lat' dir='ltr'><strong>hoc</strong></span> <span class='ocrx_word' id='word_1_160' title='bbox 713 1873 806 1923; x_wconf 89' lang='lat' dir='ltr'><strong>solum</strong></span> <span class='ocrx_word' id='word_1_161' title='bbox 821 1874 874 1940; x_wconf 82' lang='lat' dir='ltr'><strong>agi.</strong></span> <span class='ocrx_word' id='word_1_162' title='bbox 912 1873 969 1926; x_wconf 87' lang='lat' dir='ltr'><strong>Neo</strong></span> <span class='ocrx_word' id='word_1_163' title='bbox 979 1880 1078 1939; x_wconf 91' lang='lat' dir='ltr'><strong>postea</strong></span> <span class='ocrx_word' id='word_1_164' title='bbox 1088 1872 1160 1940; x_wconf 89' lang='lat' dir='ltr'><strong>quis·</strong></span> 
     </span>
     <span class='ocr_line' id='line_1_24' title="bbox 359 1941 1161 2011; baseline 0 -18"><span class='ocrx_word' id='word_1_165' title='bbox 359 1958 441 2010; x_wconf 90' lang='lat' dir='ltr'><strong>quam</strong></span> <span class='ocrx_word' id='word_1_166' title='bbox 454 1941 536 2003; x_wconf 79' lang='lat' dir='ltr'><strong>dixit,</strong></span> <span class='ocrx_word' id='word_1_167' title='bbox 547 1957 664 2011; x_wconf 87' lang='lat' dir='ltr'><strong>quonam</strong></span> <span class='ocrx_word' id='word_1_168' title='bbox 682 1942 766 1994; x_wconf 90' lang='lat' dir='ltr'><strong>modo</strong></span> <span class='ocrx_word' id='word_1_169' title='bbox 778 1943 899 1994; x_wconf 86' lang='lat' dir='ltr'><strong>venisset</strong></span> <span class='ocrx_word' id='word_1_170' title='bbox 908 1943 1082 1995; x_wconf 72' lang='lat' dir='ltr'><strong>Telmessum</strong></span> <span class='ocrx_word' id='word_1_171' title='bbox 1094 1942 1161 1993; x_wconf 87' lang='lat' dir='ltr'><strong>reii-</strong></span> 
     </span>
     <span class='ocr_line' id='line_1_25' title="bbox 359 2009 1160 2080; baseline -0.001 -17"><span class='ocrx_word' id='word_1_172' title='bbox 359 2012 548 2080; x_wconf 82' lang='lat' dir='ltr'><strong>gioaissimam</strong></span> <span class='ocrx_word' id='word_1_173' title='bbox 561 2014 665 2074; x_wconf 91' lang='lat' dir='ltr'><strong>urbem,</strong></span> <span class='ocrx_word' id='word_1_174' title='bbox 678 2012 789 2078; x_wconf 89' lang='lat' dir='ltr'><strong>quando</strong></span> <span class='ocrx_word' id='word_1_175' title='bbox 802 2012 950 2068; x_wconf 84' lang='lat' dir='ltr'><strong>transisset</strong></span> <span class='ocrx_word' id='word_1_176' title='bbox 962 2011 996 2063; x_wconf 90' lang='lat' dir='ltr'><strong>ad</strong></span> <span class='ocrx_word' id='word_1_177' title='bbox 1010 2009 1160 2063; x_wconf 86' lang='lat' dir='ltr'><strong>Thessalas</strong></span> 
     </span>
    </p>
   </div>
   <div class='ocr_carea' id='block_1_3' title="bbox 252 2076 1158 2148">
    <p class='ocr_par' dir='ltr' id='par_1_3' title="bbox 252 2076 1158 2148">
     <span class='ocr_line' id='line_1_26' title="bbox 252 2076 1158 2148; baseline -0.002 -16"><span class='ocrx_word' id='word_1_178' title='bbox 252 2076 254 2093; x_wconf 93' lang='lat'>&#39;</span> <span class='ocrx_word' id='word_1_179' title='bbox 358 2088 471 2141; x_wconf 87' lang='lat' dir='ltr'><strong>matres,</strong></span> <span class='ocrx_word' id='word_1_180' title='bbox 483 2094 603 2146; x_wconf 86' lang='lat' dir='ltr'><strong>quarum</strong></span> <span class='ocrx_word' id='word_1_181' title='bbox 611 2095 763 2148; x_wconf 86' lang='lat' dir='ltr'><strong>cognomen</strong></span> <span class='ocrx_word' id='word_1_182' title='bbox 777 2081 824 2133; x_wconf 88' lang='lat' dir='ltr'><strong>diu</strong></span> <span class='ocrx_word' id='word_1_183' title='bbox 835 2081 956 2133; x_wconf 86' lang='lat' dir='ltr'><strong>obtinuit</strong></span> <span class='ocrx_word' id='word_1_184' title='bbox 967 2080 1101 2131; x_wconf 84' lang='lat' dir='ltr'><strong>innostro</strong></span> <span class='ocrx_word' id='word_1_185' title='bbox 1113 2094 1158 2130; x_wconf 91' lang='lat' dir='ltr'><strong>or·</strong></span> 
     </span>
    </p>
   </div>
   <div class='ocr_carea' id='block_1_4' title="bbox 360 2147 1159 2217">
    <p class='ocr_par' dir='ltr' id='par_1_4' title="bbox 360 2147 1159 2217">
     <span class='ocr_line' id='line_1_27' title="bbox 360 2147 1159 2217; baseline -0.003 -16"><span class='ocrx_word' id='word_1_186' title='bbox 360 2150 396 2201; x_wconf 86' lang='lat' dir='ltr'><strong>be</strong></span> <span class='ocrx_word' id='word_1_187' title='bbox 410 2148 517 2198; x_wconf 86' lang='lat' dir='ltr'><strong>alienae</strong></span> <span class='ocrx_word' id='word_1_188' title='bbox 527 2149 629 2215; x_wconf 88' lang='lat' dir='ltr'><strong>gentis.</strong></span> <span class='ocrx_word' id='word_1_189' title='bbox 666 2149 797 2203; x_wconf 87' lang='lat' dir='ltr'><strong>&#39;l&#39;ruianis</strong></span> <span class='ocrx_word' id='word_1_190' title='bbox 808 2151 900 2216; x_wconf 88' lang='lat' dir='ltr'><strong>itaque</strong></span> <span class='ocrx_word' id='word_1_191' title='bbox 913 2149 1087 2215; x_wconf 81' lang='lat' dir='ltr'><strong>temporibus</strong></span> <span class='ocrx_word' id='word_1_192' title='bbox 1097 2147 1159 2217; x_wconf 77' lang='lat' dir='ltr'><strong>Ohi·</strong></span> 
     </span>
    </p>
   </div>
   <div class='ocr_carea' id='block_1_5' title="bbox 264 2217 1160 2287">
    <p class='ocr_par' dir='ltr' id='par_1_5' title="bbox 264 2217 1160 2287">
     <span class='ocr_line' id='line_1_28' title="bbox 264 2217 1160 2287; baseline 0.002 -19"><span class='ocrx_word' id='word_1_193' title='bbox 264 2270 270 2287; x_wconf 82' lang='lat'><strong>.</strong></span> <span class='ocrx_word' id='word_1_194' title='bbox 359 2217 438 2269; x_wconf 91' lang='lat' dir='ltr'><strong>ronis</strong></span> <span class='ocrx_word' id='word_1_195' title='bbox 450 2217 593 2268; x_wconf 85' lang='lat' dir='ltr'><strong>medicinis</strong></span> <span class='ocrx_word' id='word_1_196' title='bbox 605 2224 747 2278; x_wconf 87' lang='lat' dir='ltr'><strong>contenta,</strong></span> <span class='ocrx_word' id='word_1_197' title='bbox 769 2224 797 2270; x_wconf 88' lang='lat' dir='ltr'><strong>et</strong></span> <span class='ocrx_word' id='word_1_198' title='bbox 808 2220 870 2270; x_wconf 88' lang='lat' dir='ltr'><strong>snio</strong></span> <span class='ocrx_word' id='word_1_199' title='bbox 882 2219 977 2270; x_wconf 86' lang='lat' dir='ltr'><strong>Marte</strong></span> <span class='ocrx_word' id='word_1_200' title='bbox 987 2218 1160 2281; x_wconf 76' lang='lat' dir='ltr'><strong>fulminante,</strong></span> 
     </span>
    </p>
   </div>
   <div class='ocr_carea' id='block_1_6' title="bbox 289 2284 1163 5048">
    <p class='ocr_par' dir='ltr' id='par_1_6' title="bbox 289 2284 1162 2837">
     <span class='ocr_line' id='line_1_29' title="bbox 359 2284 1160 2355; baseline 0 -17"><span class='ocrx_word' id='word_1_201' title='bbox 359 2287 449 2339; x_wconf 91' lang='lat' dir='ltr'><strong>miror</strong></span> <span class='ocrx_word' id='word_1_202' title='bbox 460 2284 589 2353; x_wconf 86' lang='lat' dir='ltr'><strong>equidem</strong></span> <span class='ocrx_word' id='word_1_203' title='bbox 601 2284 718 2338; x_wconf 79' lang='lat' dir='ltr'><strong>Achillis</strong></span> <span class='ocrx_word' id='word_1_204' title='bbox 732 2288 844 2355; x_wconf 86' lang='lat' dir='ltr'><strong>populis</strong></span> <span class='ocrx_word' id='word_1_205' title='bbox 861 2287 963 2340; x_wconf 84' lang='lat' dir='ltr'><strong>lamam</strong></span> <span class='ocrx_word' id='word_1_206' title='bbox 981 2287 1041 2340; x_wconf 87' lang='lat' dir='ltr'><strong>eius</strong></span> <span class='ocrx_word' id='word_1_207' title='bbox 1058 2289 1160 2339; x_wconf 86' lang='lat' dir='ltr'><strong>intun-</strong></span> 
     </span>
     <span class='ocr_line' id='line_1_30' title="bbox 360 2354 1160 2476; baseline -0.001 -69"><span class='ocrx_word' id='word_1_208' title='bbox 360 2363 419 2421; x_wconf 89' lang='lat' dir='ltr'><strong>tum</strong></span> <span class='ocrx_word' id='word_1_209' title='bbox 432 2354 600 2418; x_wconf 88' lang='lat' dir='ltr'><strong>adhaesisso,</strong></span> <span class='ocrx_word' id='word_1_210' title='bbox 619 2363 650 2406; x_wconf 90' lang='lat' dir='ltr'><strong>ut</strong></span> <span class='ocrx_word' id='word_1_211' title='bbox 663 2357 814 2408; x_wconf 73' lang='lat' dir='ltr'><strong>Menander</strong></span> <span class='ocrx_word' id='word_1_212' title='bbox 825 2372 933 2476; x_wconf 48' lang='lat' dir='ltr'><strong>proque</strong></span> <span class='ocrx_word' id='word_1_213' title='bbox 943 2358 1087 2410; x_wconf 90' lang='lat' dir='ltr'><strong>literarum</strong></span> <span class='ocrx_word' id='word_1_214' title='bbox 1098 2355 1160 2407; x_wconf 90' lang='lat' dir='ltr'><strong>suh·</strong></span> 
     </span>
     <span class='ocr_line' id='line_1_31' title="bbox 360 2424 1162 2495; baseline 0.001 -19"><span class='ocrx_word' id='word_1_215' title='bbox 360 2424 461 2476; x_wconf 83' lang='lat' dir='ltr'><strong>tilitati</strong></span> <span class='ocrx_word' id='word_1_216' title='bbox 473 2424 533 2475; x_wconf 88' lang='lat' dir='ltr'><strong>sina</strong></span> <span class='ocrx_word' id='word_1_217' title='bbox 544 2424 653 2476; x_wconf 89' lang='lat' dir='ltr'><strong>aemulo</strong></span> <span class='ocrx_word' id='word_1_218' title='bbox 663 2427 787 2492; x_wconf 85' lang='lat' dir='ltr'><strong>genitus,</strong></span> <span class='ocrx_word' id='word_1_219' title='bbox 808 2429 833 2477; x_wconf 81' lang='lat' dir='ltr'><strong>&#39;l&#39;</strong></span> <span class='ocrx_word' id='word_1_220' title='bbox 853 2426 971 2479; x_wconf 88' lang='lat' dir='ltr'><strong>essalam</strong></span> <span class='ocrx_word' id='word_1_221' title='bbox 984 2426 1162 2495; x_wconf 84' lang='lat' dir='ltr'><strong>cognomina·</strong></span> 
     </span>
     <span class='ocr_line' id='line_1_32' title="bbox 359 2492 1162 2563; baseline 0.001 -18"><span class='ocrx_word' id='word_1_222' title='bbox 359 2500 405 2545; x_wconf 89' lang='lat' dir='ltr'><strong>ret</strong></span> <span class='ocrx_word' id='word_1_223' title='bbox 415 2492 547 2555; x_wconf 76' lang='lat' dir='ltr'><strong>fabulam,</strong></span> <span class='ocrx_word' id='word_1_224' title='bbox 568 2494 739 2560; x_wconf 84' lang='lat' dir='ltr'><strong>complexam</strong></span> <span class='ocrx_word' id='word_1_225' title='bbox 752 2495 881 2563; x_wconf 83' lang='lat' dir='ltr'><strong>ambages</strong></span> <span class='ocrx_word' id='word_1_226' title='bbox 894 2495 1058 2549; x_wconf 72' lang='lat' dir='ltr'><strong>sentinarum</strong></span> <span class='ocrx_word' id='word_1_227' title='bbox 1069 2495 1162 2548; x_wconf 89' lang='lat' dir='ltr'><strong>detra·</strong></span> 
     </span>
     <span class='ocr_line' id='line_1_33' title="bbox 360 2561 1160 2633; baseline 0.004 -20"><span class='ocrx_word' id='word_1_228' title='bbox 360 2562 485 2615; x_wconf 85' lang='lat' dir='ltr'><strong>beatium</strong></span> <span class='ocrx_word' id='word_1_229' title='bbox 497 2561 612 2614; x_wconf 86' lang='lat' dir='ltr'><strong>Lunam.</strong></span> <span class='ocrx_word' id='word_1_230' title='bbox 649 2561 759 2630; x_wconf 83' lang='lat' dir='ltr'><strong>Orphea</strong></span> <span class='ocrx_word' id='word_1_231' title='bbox 774 2571 899 2629; x_wconf 89' lang='lat' dir='ltr'><strong>putarem</strong></span> <span class='ocrx_word' id='word_1_232' title='bbox 913 2581 928 2617; x_wconf 92' lang='lat' dir='ltr'><strong>e</strong></span> <span class='ocrx_word' id='word_1_233' title='bbox 940 2565 1092 2633; x_wconf 90' lang='lat' dir='ltr'><strong>propinquo</strong></span> <span class='ocrx_word' id='word_1_234' title='bbox 1103 2566 1160 2631; x_wconf 88' lang='lat' dir='ltr'><strong>pri·</strong></span> 
     </span>
     <span class='ocr_line' id='line_1_34' title="bbox 359 2631 1161 2702; baseline 0.005 -20"><span class='ocrx_word' id='word_1_235' title='bbox 359 2647 435 2682; x_wconf 87' lang='lat' dir='ltr'><strong>mum</strong></span> <span class='ocrx_word' id='word_1_236' title='bbox 453 2631 588 2691; x_wconf 87' lang='lat' dir='ltr'><strong>intulisse,</strong></span> <span class='ocrx_word' id='word_1_237' title='bbox 611 2632 645 2683; x_wconf 93' lang='lat' dir='ltr'><strong>ad</strong></span> <span class='ocrx_word' id='word_1_238' title='bbox 661 2632 753 2684; x_wconf 75' lang='lat' dir='ltr'><strong>vicina</strong></span> <span class='ocrx_word' id='word_1_239' title='bbox 768 2649 862 2701; x_wconf 87' lang='lat' dir='ltr'><strong>nsque,</strong></span> <span class='ocrx_word' id='word_1_240' title='bbox 886 2635 1113 2702; x_wconf 85' lang='lat' dir='ltr'><strong>superstitionem</strong></span> <span class='ocrx_word' id='word_1_241' title='bbox 1128 2648 1161 2686; x_wconf 84' lang='lat' dir='ltr'><strong>ac</strong></span> 
     </span>
     <span class='ocr_line' id='line_1_35' title="bbox 360 2699 1161 2772; baseline 0.006 -21"><span class='ocrx_word' id='word_1_242' title='bbox 360 2699 516 2753; x_wconf 85' lang='lat' dir='ltr'><strong>medicinae</strong></span> <span class='ocrx_word' id='word_1_243' title='bbox 533 2700 702 2768; x_wconf 79' lang='lat' dir='ltr'><strong>proiectum,</strong></span> <span class='ocrx_word' id='word_1_244' title='bbox 720 2705 743 2752; x_wconf 90' lang='lat' dir='ltr'><strong>si</strong></span> <span class='ocrx_word' id='word_1_245' title='bbox 756 2719 809 2755; x_wconf 90' lang='lat' dir='ltr'><strong>non</strong></span> <span class='ocrx_word' id='word_1_246' title='bbox 828 2719 927 2772; x_wconf 82' lang='lat' dir='ltr'><strong>expers</strong></span> <span class='ocrx_word' id='word_1_247' title='bbox 937 2704 1019 2758; x_wconf 87' lang='lat' dir='ltr'><strong>aedes</strong></span> <span class='ocrx_word' id='word_1_248' title='bbox 1031 2705 1091 2758; x_wconf 87' lang='lat' dir='ltr'><strong>eius</strong></span> <span class='ocrx_word' id='word_1_249' title='bbox 1101 2710 1161 2756; x_wconf 85' lang='lat' dir='ltr'><strong>tota</strong></span> 
     </span>
     <span class='ocr_line' id='line_1_36' title="bbox 289 2768 731 2837; baseline 0.002 -16"><span class='ocrx_word' id='word_1_250' title='bbox 289 2774 299 2780; x_wconf 80' lang='lat'>‘</span> <span class='ocrx_word' id='word_1_251' title='bbox 360 2769 471 2821; x_wconf 83' lang='lat' dir='ltr'><strong>Thrace</strong></span> <span class='ocrx_word' id='word_1_252' title='bbox 487 2770 610 2837; x_wconf 85' lang='lat' dir='ltr'><strong>Magices</strong></span> <span class='ocrx_word' id='word_1_253' title='bbox 622 2768 731 2823; x_wconf 83' lang='lat' dir='ltr'><strong>fuisset.</strong></span> 
     </span>
    </p>

    <p class='ocr_par' dir='ltr' id='par_1_7' title="bbox 324 2837 1163 5048">
     <span class='ocr_line' id='line_1_37' title="bbox 396 2837 1162 2908; baseline 0.007 -20"><span class='ocrx_word' id='word_1_254' title='bbox 396 2837 525 2899; x_wconf 89' lang='lat' dir='ltr'><strong>Primus,</strong></span> <span class='ocrx_word' id='word_1_255' title='bbox 545 2839 617 2906; x_wconf 89' lang='lat' dir='ltr'><strong>quod</strong></span> <span class='ocrx_word' id='word_1_256' title='bbox 630 2846 737 2904; x_wconf 82' lang='lat' dir='ltr'><strong>exstet,</strong></span> <span class='ocrx_word' id='word_1_257' title='bbox 756 2847 788 2893; x_wconf 92' lang='lat' dir='ltr'><strong>ut</strong></span> <span class='ocrx_word' id='word_1_258' title='bbox 799 2842 927 2908; x_wconf 87' lang='lat' dir='ltr'><strong>equidem</strong></span> <span class='ocrx_word' id='word_1_259' title='bbox 938 2843 1068 2907; x_wconf 77' lang='lat' dir='ltr'><strong>invenio,</strong></span> <span class='ocrx_word' id='word_1_260' title='bbox 1088 2857 1162 2896; x_wconf 86' lang='lat' dir='ltr'><strong>com·</strong></span> 
     </span>
     <span class='ocr_line' id='line_1_38' title="bbox 359 2906 1161 2981; baseline 0.005 -23"><span class='ocrx_word' id='word_1_261' title='bbox 359 2915 501 2976; x_wconf 85' lang='lat' dir='ltr'><strong>mentetua</strong></span> <span class='ocrx_word' id='word_1_262' title='bbox 514 2907 548 2960; x_wconf 94' lang='lat' dir='ltr'><strong>de</strong></span> <span class='ocrx_word' id='word_1_263' title='bbox 559 2924 593 2960; x_wconf 89' lang='lat' dir='ltr'><strong>ea</strong></span> <span class='ocrx_word' id='word_1_264' title='bbox 604 2906 758 2972; x_wconf 86' lang='lat' dir='ltr'><strong>Osthanes,</strong></span> <span class='ocrx_word' id='word_1_265' title='bbox 778 2912 900 2964; x_wconf 83' lang='lat' dir='ltr'><strong>Xerxem</strong></span> <span class='ocrx_word' id='word_1_266' title='bbox 912 2928 1006 2981; x_wconf 83' lang='lat' dir='ltr'><strong>regem</strong></span> <span class='ocrx_word' id='word_1_267' title='bbox 1015 2912 1161 2965; x_wconf 82' lang='lat' dir='ltr'><strong>Persarum</strong></span> 
     </span>
     <span class='ocr_line' id='line_1_39' title="bbox 360 2976 1161 3044; baseline 0.006 -16"><span class='ocrx_word' id='word_1_268' title='bbox 360 2976 447 3039; x_wconf 87' lang='lat' dir='ltr'><strong>bellu,</strong></span> <span class='ocrx_word' id='word_1_269' title='bbox 470 2977 542 3044; x_wconf 88' lang='lat' dir='ltr'><strong>quod</strong></span> <span class='ocrx_word' id='word_1_270' title='bbox 555 2976 578 3028; x_wconf 88' lang='lat' dir='ltr'><strong>is</strong></span> <span class='ocrx_word' id='word_1_271' title='bbox 591 2978 728 3031; x_wconf 85' lang='lat' dir='ltr'><strong>Graeciae</strong></span> <span class='ocrx_word' id='word_1_272' title='bbox 738 2980 842 3042; x_wconf 92' lang='lat' dir='ltr'><strong>intulit,</strong></span> <span class='ocrx_word' id='word_1_273' title='bbox 854 2982 1016 3034; x_wconf 89' lang='lat' dir='ltr'><strong>comitatus:</strong></span> <span class='ocrx_word' id='word_1_274' title='bbox 1039 2995 1072 3033; x_wconf 85' lang='lat' dir='ltr'><strong>ac</strong></span> <span class='ocrx_word' id='word_1_275' title='bbox 1084 2981 1161 3034; x_wconf 84' lang='lat' dir='ltr'><strong>reiut</strong></span> 
     </span>
     <span class='ocr_line' id='line_1_40' title="bbox 361 3045 1161 3115; baseline 0.009 -20"><span class='ocrx_word' id='word_1_276' title='bbox 361 3045 468 3096; x_wconf 89' lang='lat' dir='ltr'><strong>semina</strong></span> <span class='ocrx_word' id='word_1_277' title='bbox 486 3046 554 3097; x_wconf 89' lang='lat' dir='ltr'><strong>artis</strong></span> <span class='ocrx_word' id='word_1_278' title='bbox 576 3055 756 3114; x_wconf 87' lang='lat' dir='ltr'><strong>portentosae</strong></span> <span class='ocrx_word' id='word_1_279' title='bbox 775 3052 923 3115; x_wconf 78' lang='lat' dir='ltr'><strong>sparsisse,</strong></span> <span class='ocrx_word' id='word_1_280' title='bbox 942 3052 1035 3103; x_wconf 89' lang='lat' dir='ltr'><strong>obiter</strong></span> <span class='ocrx_word' id='word_1_281' title='bbox 1049 3051 1161 3112; x_wconf 86' lang='lat' dir='ltr'><strong>inlecto,</strong></span> 
     </span>
     <span class='ocr_line' id='line_1_41' title="bbox 362 3119 1161 3187; baseline 0.013 -25"><span class='ocrx_word' id='word_1_282' title='bbox 362 3128 528 3180; x_wconf 87' lang='lat' dir='ltr'><strong>quacunque</strong></span> <span class='ocrx_word' id='word_1_283' title='bbox 546 3124 769 3179; x_wconf 85' lang='lat' dir='ltr'><strong>commeaverat,</strong></span> <span class='ocrx_word' id='word_1_284' title='bbox 799 3119 910 3170; x_wconf 88' lang='lat' dir='ltr'><strong>mundo.</strong></span> <span class='ocrx_word' id='word_1_285' title='bbox 959 3120 1161 3187; x_wconf 84' lang='lat' dir='ltr'><strong>Diligentiores</strong></span> 
     </span>
     <span class='ocr_line' id='line_1_42' title="bbox 360 3180 1160 3251; baseline 0.01 -19"><span class='ocrx_word' id='word_1_286' title='bbox 360 3182 445 3250; x_wconf 90' lang='lat' dir='ltr'><strong>paulo</strong></span> <span class='ocrx_word' id='word_1_287' title='bbox 457 3189 522 3233; x_wconf 89' lang='lat' dir='ltr'><strong>ante</strong></span> <span class='ocrx_word' id='word_1_288' title='bbox 540 3180 612 3235; x_wconf 89' lang='lat' dir='ltr'><strong>hunc</strong></span> <span class='ocrx_word' id='word_1_289' title='bbox 630 3194 734 3251; x_wconf 90' lang='lat' dir='ltr'><strong>ponunt</strong></span> <span class='ocrx_word' id='word_1_290' title='bbox 745 3186 923 3240; x_wconf 75' lang='lat' dir='ltr'><strong>zoroastrem</strong></span> <span class='ocrx_word' id='word_1_291' title='bbox 940 3190 1026 3240; x_wconf 90' lang='lat' dir='ltr'><strong>alium</strong></span> <span class='ocrx_word' id='word_1_292' title='bbox 1041 3190 1160 3240; x_wconf 86' lang='lat' dir='ltr'><strong>Procon-</strong></span> 
     </span>
     <span class='ocr_line' id='line_1_43' title="bbox 360 3250 1161 3318; baseline 0.009 -15"><span class='ocrx_word' id='word_1_293' title='bbox 360 3250 476 3317; x_wconf 87' lang='lat' dir='ltr'><strong>nesium.</strong></span> <span class='ocrx_word' id='word_1_294' title='bbox 512 3250 593 3315; x_wconf 71' lang='lat' dir='ltr'><strong>Quod</strong></span> <span class='ocrx_word' id='word_1_295' title='bbox 605 3261 709 3306; x_wconf 86' lang='lat' dir='ltr'><strong>certum</strong></span> <span class='ocrx_word' id='word_1_296' title='bbox 720 3265 771 3318; x_wconf 90' lang='lat' dir='ltr'><strong>est,</strong></span> <span class='ocrx_word' id='word_1_297' title='bbox 792 3254 837 3307; x_wconf 87' lang='lat' dir='ltr'><strong>hic</strong></span> <span class='ocrx_word' id='word_1_298' title='bbox 847 3257 967 3310; x_wconf 82' lang='lat' dir='ltr'><strong>maxime</strong></span> <span class='ocrx_word' id='word_1_299' title='bbox 978 3258 1115 3310; x_wconf 86' lang='lat' dir='ltr'><strong>Osthanes</strong></span> <span class='ocrx_word' id='word_1_300' title='bbox 1125 3259 1161 3310; x_wconf 91' lang='lat' dir='ltr'><strong>ad</strong></span> 
     </span>
     <span class='ocr_line' id='line_1_44' title="bbox 324 3318 1160 3391; baseline 0.011 -19"><span class='ocrx_word' id='word_1_301' title='bbox 324 3342 333 3351; x_wconf 88' lang='lat'><strong>·</strong></span> <span class='ocrx_word' id='word_1_302' title='bbox 361 3318 476 3383; x_wconf 89' lang='lat' dir='ltr'><strong>rabiem,</strong></span> <span class='ocrx_word' id='word_1_303' title='bbox 496 3336 552 3371; x_wconf 91' lang='lat' dir='ltr'><strong>non</strong></span> <span class='ocrx_word' id='word_1_304' title='bbox 564 3320 726 3377; x_wconf 88' lang='lat' dir='ltr'><strong>ariditatem</strong></span> <span class='ocrx_word' id='word_1_305' title='bbox 740 3325 821 3378; x_wconf 82' lang='lat' dir='ltr'><strong>niodo</strong></span> <span class='ocrx_word' id='word_1_306' title='bbox 835 3327 970 3380; x_wconf 87' lang='lat' dir='ltr'><strong>scientiae</strong></span> <span class='ocrx_word' id='word_1_307' title='bbox 982 3329 1051 3391; x_wconf 88' lang='lat' dir='ltr'><strong>eius,</strong></span> <span class='ocrx_word' id='word_1_308' title='bbox 1072 3328 1160 3381; x_wconf 83' lang='lat' dir='ltr'><strong>Grae·</strong></span> 
     </span>
     <span class='ocr_line' id='line_1_45' title="bbox 361 3389 1161 3509; baseline 0.009 -68"><span class='ocrx_word' id='word_1_309' title='bbox 361 3405 456 3442; x_wconf 85' lang='lat' dir='ltr'><strong>corrnn</strong></span> <span class='ocrx_word' id='word_1_310' title='bbox 468 3389 586 3457; x_wconf 91' lang='lat' dir='ltr'><strong>populos</strong></span> <span class='ocrx_word' id='word_1_311' title='bbox 598 3391 665 3509; x_wconf 82' lang='lat' dir='ltr'><strong>egit.</strong></span> <span class='ocrx_word' id='word_1_312' title='bbox 703 3393 864 3458; x_wconf 74' lang='lat' dir='ltr'><strong>Quanquam</strong></span> <span class='ocrx_word' id='word_1_313' title='bbox 876 3397 1077 3458; x_wconf 81' lang='lat' dir='ltr'><strong>animadverto,</strong></span> <span class='ocrx_word' id='word_1_314' title='bbox 1087 3412 1161 3449; x_wconf 90' lang='lat' dir='ltr'><strong>sum·</strong></span> 
     </span>
     <span class='ocr_line' id='line_1_46' title="bbox 359 3459 1163 3531; baseline 0.012 -22"><span class='ocrx_word' id='word_1_315' title='bbox 359 3474 434 3510; x_wconf 86' lang='lat' dir='ltr'><strong>mern</strong></span> <span class='ocrx_word' id='word_1_316' title='bbox 446 3459 589 3511; x_wconf 90' lang='lat' dir='ltr'><strong>literarum</strong></span> <span class='ocrx_word' id='word_1_317' title='bbox 601 3476 616 3510; x_wconf 92' lang='lat' dir='ltr'><strong>c</strong></span> <span class='ocrx_word' id='word_1_318' title='bbox 629 3460 758 3514; x_wconf 81' lang='lat' dir='ltr'><strong>critatem</strong></span> <span class='ocrx_word' id='word_1_319' title='bbox 769 3462 941 3531; x_wconf 85' lang='lat' dir='ltr'><strong>gloriamque</strong></span> <span class='ocrx_word' id='word_1_320' title='bbox 952 3478 986 3518; x_wconf 86' lang='lat' dir='ltr'><strong>ex</strong></span> <span class='ocrx_word' id='word_1_321' title='bbox 999 3482 1032 3515; x_wconf 85' lang='lat' dir='ltr'><strong>ea</strong></span> <span class='ocrx_word' id='word_1_322' title='bbox 1043 3468 1163 3519; x_wconf 81' lang='lat' dir='ltr'><strong>seientia</strong></span> 
     </span>
     <span class='ocr_line' id='line_1_47' title="bbox 361 3528 1163 3600; baseline 0.007 -24"><span class='ocrx_word' id='word_1_323' title='bbox 361 3528 516 3594; x_wconf 73' lang='lat' dir='ltr'><strong>anitiquitus</strong></span> <span class='ocrx_word' id='word_1_324' title='bbox 533 3532 562 3578; x_wconf 88' lang='lat' dir='ltr'><strong>et</strong></span> <span class='ocrx_word' id='word_1_325' title='bbox 578 3542 666 3593; x_wconf 89' lang='lat' dir='ltr'><strong>paene</strong></span> <span class='ocrx_word' id='word_1_326' title='bbox 681 3543 791 3596; x_wconf 85' lang='lat' dir='ltr'><strong>semper</strong></span> <span class='ocrx_word' id='word_1_327' title='bbox 808 3535 933 3597; x_wconf 87' lang='lat' dir='ltr'><strong>petitam.</strong></span> <span class='ocrx_word' id='word_1_328' title='bbox 970 3535 1051 3584; x_wconf 85' lang='lat' dir='ltr'><strong>Certe</strong></span> <span class='ocrx_word' id='word_1_329' title='bbox 1062 3532 1163 3600; x_wconf 79' lang='lat' dir='ltr'><strong>Pytha·</strong></span> 
     </span>
     <span class='ocr_line' id='line_1_48' title="bbox 361 3594 1162 3664; baseline 0.009 -21"><span class='ocrx_word' id='word_1_330' title='bbox 361 3608 454 3661; x_wconf 83' lang='lat' dir='ltr'><strong>goras,</strong></span> <span class='ocrx_word' id='word_1_331' title='bbox 466 3594 658 3660; x_wconf 81' lang='lat' dir='ltr'><strong>Empedocles,</strong></span> <span class='ocrx_word' id='word_1_332' title='bbox 682 3596 869 3664; x_wconf 89' lang='lat' dir='ltr'><strong>Democritus,</strong></span> <span class='ocrx_word' id='word_1_333' title='bbox 891 3602 971 3654; x_wconf 88' lang='lat' dir='ltr'><strong>Plato</strong></span> <span class='ocrx_word' id='word_1_334' title='bbox 983 3601 1018 3652; x_wconf 90' lang='lat' dir='ltr'><strong>ad</strong></span> <span class='ocrx_word' id='word_1_335' title='bbox 1039 3600 1109 3653; x_wconf 89' lang='lat' dir='ltr'><strong>hanc</strong></span> <span class='ocrx_word' id='word_1_336' title='bbox 1122 3598 1162 3650; x_wconf 92' lang='lat' dir='ltr'><strong>di-</strong></span> 
     </span>
     <span class='ocr_line' id='line_1_49' title="bbox 361 3660 1163 3751; baseline 0.011 -41"><span class='ocrx_word' id='word_1_337' title='bbox 361 3660 490 3710; x_wconf 89' lang='lat' dir='ltr'><strong>scendam</strong></span> <span class='ocrx_word' id='word_1_338' title='bbox 504 3662 678 3726; x_wconf 78' lang='lat' dir='ltr'><strong>navigavere,</strong></span> <span class='ocrx_word' id='word_1_339' title='bbox 699 3666 806 3718; x_wconf 82' lang='lat' dir='ltr'><strong>exsiliis</strong></span> <span class='ocrx_word' id='word_1_340' title='bbox 823 3672 925 3737; x_wconf 74' lang='lat' dir='ltr'><strong>perias,</strong></span> <span class='ocrx_word' id='word_1_341' title='bbox 946 3685 1028 3736; x_wconf 89' lang='lat' dir='ltr'><strong>quam</strong></span> <span class='ocrx_word' id='word_1_342' title='bbox 1035 3672 1163 3751; x_wconf 85' lang='lat' dir='ltr'><strong>peregri·</strong></span> 
     </span>
     <span class='ocr_line' id='line_1_50' title="bbox 361 3727 1161 3804; baseline 0.013 -26"><span class='ocrx_word' id='word_1_343' title='bbox 361 3727 532 3788; x_wconf 84' lang='lat' dir='ltr'><strong>nationibus,</strong></span> <span class='ocrx_word' id='word_1_344' title='bbox 553 3733 696 3796; x_wconf 88' lang='lat' dir='ltr'><strong>susceptis.</strong></span> <span class='ocrx_word' id='word_1_345' title='bbox 732 3736 815 3785; x_wconf 88' lang='lat' dir='ltr'><strong>Hanc</strong></span> <span class='ocrx_word' id='word_1_346' title='bbox 827 3740 931 3789; x_wconf 82' lang='lat' dir='ltr'><strong>reversi</strong></span> <span class='ocrx_word' id='word_1_347' title='bbox 945 3738 1161 3804; x_wconf 81' lang='lat' dir='ltr'><strong>praedicavere:</strong></span> 
     </span>
     <span class='ocr_line' id='line_1_51' title="bbox 360 3796 1162 3872; baseline 0.011 -24"><span class='ocrx_word' id='word_1_348' title='bbox 360 3796 434 3848; x_wconf 86' lang='lat' dir='ltr'><strong>hane</strong></span> <span class='ocrx_word' id='word_1_349' title='bbox 445 3796 473 3846; x_wconf 92' lang='lat' dir='ltr'><strong>in</strong></span> <span class='ocrx_word' id='word_1_350' title='bbox 484 3796 594 3847; x_wconf 86' lang='lat' dir='ltr'><strong>arcanis</strong></span> <span class='ocrx_word' id='word_1_351' title='bbox 605 3796 736 3854; x_wconf 83' lang='lat' dir='ltr'><strong>habuero.</strong></span> <span class='ocrx_word' id='word_1_352' title='bbox 774 3800 949 3855; x_wconf 87' lang='lat' dir='ltr'><strong>Democritus</strong></span> <span class='ocrx_word' id='word_1_353' title='bbox 960 3804 1162 3872; x_wconf 74' lang='lat' dir='ltr'><strong>Apollobechen</strong></span> 
     </span>
     <span class='ocr_line' id='line_1_52' title="bbox 362 3865 1163 3932; baseline 0.009 -15"><span class='ocrx_word' id='word_1_354' title='bbox 362 3866 502 3932; x_wconf 78' lang='lat' dir='ltr'><strong>Coptitem</strong></span> <span class='ocrx_word' id='word_1_355' title='bbox 514 3872 542 3918; x_wconf 91' lang='lat' dir='ltr'><strong>et</strong></span> <span class='ocrx_word' id='word_1_356' title='bbox 552 3865 712 3918; x_wconf 86' lang='lat' dir='ltr'><strong>Dardanum</strong></span> <span class='ocrx_word' id='word_1_357' title='bbox 726 3869 888 3924; x_wconf 84' lang='lat' dir='ltr'><strong>ePhoeoicc</strong></span> <span class='ocrx_word' id='word_1_358' title='bbox 899 3873 1069 3924; x_wconf 82' lang='lat' dir='ltr'><strong>illustrarit:</strong></span> <span class='ocrx_word' id='word_1_359' title='bbox 1085 3874 1163 3924; x_wconf 83' lang='lat' dir='ltr'><strong>rolu-</strong></span> 
     </span>
     <span class='ocr_line' id='line_1_53' title="bbox 361 3935 1162 4008; baseline 0.009 -22"><span class='ocrx_word' id='word_1_360' title='bbox 361 3935 480 3987; x_wconf 87' lang='lat' dir='ltr'><strong>minibus</strong></span> <span class='ocrx_word' id='word_1_361' title='bbox 490 3935 614 3988; x_wconf 85' lang='lat' dir='ltr'><strong>Dardani</strong></span> <span class='ocrx_word' id='word_1_362' title='bbox 625 3938 654 3989; x_wconf 92' lang='lat' dir='ltr'><strong>in</strong></span> <span class='ocrx_word' id='word_1_363' title='bbox 664 3939 819 4004; x_wconf 89' lang='lat' dir='ltr'><strong>sepulcrum</strong></span> <span class='ocrx_word' id='word_1_364' title='bbox 831 3943 888 3992; x_wconf 90' lang='lat' dir='ltr'><strong>eins</strong></span> <span class='ocrx_word' id='word_1_365' title='bbox 899 3942 1010 4008; x_wconf 88' lang='lat' dir='ltr'><strong>petitis:</strong></span> <span class='ocrx_word' id='word_1_366' title='bbox 1028 3943 1085 3992; x_wconf 91' lang='lat' dir='ltr'><strong>suis</strong></span> <span class='ocrx_word' id='word_1_367' title='bbox 1094 3957 1162 3994; x_wconf 80' lang='lat' dir='ltr'><strong>vero</strong></span> 
     </span>
     <span class='ocr_line' id='line_1_54' title="bbox 363 4005 1163 4077; baseline 0.004 -17"><span class='ocrx_word' id='word_1_368' title='bbox 363 4021 398 4060; x_wconf 83' lang='lat' dir='ltr'><strong>ex</strong></span> <span class='ocrx_word' id='word_1_369' title='bbox 408 4005 557 4074; x_wconf 88' lang='lat' dir='ltr'><strong>disciplina</strong></span> <span class='ocrx_word' id='word_1_370' title='bbox 568 4021 664 4058; x_wconf 91' lang='lat' dir='ltr'><strong>eorum</strong></span> <span class='ocrx_word' id='word_1_371' title='bbox 675 4008 775 4060; x_wconf 82' lang='lat' dir='ltr'><strong>editis:</strong></span> <span class='ocrx_word' id='word_1_372' title='bbox 788 4022 858 4075; x_wconf 82' lang='lat' dir='ltr'><strong>quae</strong></span> <span class='ocrx_word' id='word_1_373' title='bbox 868 4018 981 4077; x_wconf 87' lang='lat' dir='ltr'><strong>recepta</strong></span> <span class='ocrx_word' id='word_1_374' title='bbox 992 4012 1027 4063; x_wconf 89' lang='lat' dir='ltr'><strong>ab</strong></span> <span class='ocrx_word' id='word_1_375' title='bbox 1038 4011 1103 4063; x_wconf 90' lang='lat' dir='ltr'><strong>aliis</strong></span> <span class='ocrx_word' id='word_1_376' title='bbox 1115 4009 1163 4063; x_wconf 86' lang='lat' dir='ltr'><strong>ho·</strong></span> 
     </span>
     <span class='ocr_line' id='line_1_55' title="bbox 361 4076 1161 4147; baseline 0.004 -19"><span class='ocrx_word' id='word_1_377' title='bbox 361 4077 478 4138; x_wconf 88' lang='lat' dir='ltr'><strong>minum,</strong></span> <span class='ocrx_word' id='word_1_378' title='bbox 489 4082 572 4142; x_wconf 88' lang='lat' dir='ltr'><strong>atque</strong></span> <span class='ocrx_word' id='word_1_379' title='bbox 584 4076 784 4144; x_wconf 86' lang='lat' dir='ltr'><strong>transiisseper</strong></span> <span class='ocrx_word' id='word_1_380' title='bbox 795 4081 966 4142; x_wconf 89' lang='lat' dir='ltr'><strong>memoriam,</strong></span> <span class='ocrx_word' id='word_1_381' title='bbox 978 4095 1065 4147; x_wconf 88' lang='lat' dir='ltr'><strong>aeque</strong></span> <span class='ocrx_word' id='word_1_382' title='bbox 1076 4097 1109 4134; x_wconf 92' lang='lat' dir='ltr'><strong>ac</strong></span> <span class='ocrx_word' id='word_1_383' title='bbox 1120 4082 1161 4132; x_wconf 90' lang='lat' dir='ltr'><strong>ni·</strong></span> 
     </span>
     <span class='ocr_line' id='line_1_56' title="bbox 361 4146 1161 4209; baseline 0.005 -11"><span class='ocrx_word' id='word_1_384' title='bbox 361 4146 403 4199; x_wconf 88' lang='lat' dir='ltr'><strong>hil</strong></span> <span class='ocrx_word' id='word_1_385' title='bbox 416 4146 523 4209; x_wconf 88' lang='lat' dir='ltr'><strong>inrita,</strong></span> <span class='ocrx_word' id='word_1_386' title='bbox 535 4146 689 4198; x_wconf 89' lang='lat' dir='ltr'><strong>mirandum</strong></span> <span class='ocrx_word' id='word_1_387' title='bbox 700 4154 752 4198; x_wconf 89' lang='lat' dir='ltr'><strong>est.</strong></span> <span class='ocrx_word' id='word_1_388' title='bbox 789 4147 818 4199; x_wconf 91' lang='lat' dir='ltr'><strong>ln</strong></span> <span class='ocrx_word' id='word_1_389' title='bbox 831 4153 938 4201; x_wconf 84' lang='lat' dir='ltr'><strong>tantum</strong></span> <span class='ocrx_word' id='word_1_390' title='bbox 953 4150 1021 4203; x_wconf 83' lang='lat' dir='ltr'><strong>fides</strong></span> <span class='ocrx_word' id='word_1_391' title='bbox 1032 4153 1096 4203; x_wconf 90' lang='lat' dir='ltr'><strong>istis</strong></span> <span class='ocrx_word' id='word_1_392' title='bbox 1108 4151 1161 4202; x_wconf 84' lang='lat' dir='ltr'><strong>sas·</strong></span> 
     </span>
     <span class='ocr_line' id='line_1_57' title="bbox 363 4214 1161 4284; baseline 0.008 -18"><span class='ocrx_word' id='word_1_393' title='bbox 363 4231 417 4284; x_wconf 89' lang='lat' dir='ltr'><strong>que</strong></span> <span class='ocrx_word' id='word_1_394' title='bbox 428 4230 508 4268; x_wconf 89' lang='lat' dir='ltr'><strong>omna</strong></span> <span class='ocrx_word' id='word_1_395' title='bbox 525 4215 612 4278; x_wconf 87' lang='lat' dir='ltr'><strong>deest,</strong></span> <span class='ocrx_word' id='word_1_396' title='bbox 634 4214 715 4278; x_wconf 92' lang='lat' dir='ltr'><strong>adeo,</strong></span> <span class='ocrx_word' id='word_1_397' title='bbox 740 4217 804 4268; x_wconf 88' lang='lat' dir='ltr'><strong>utii</strong></span> <span class='ocrx_word' id='word_1_398' title='bbox 821 4219 868 4284; x_wconf 92' lang='lat' dir='ltr'><strong>qui</strong></span> <span class='ocrx_word' id='word_1_399' title='bbox 885 4223 1022 4272; x_wconf 85' lang='lat' dir='ltr'><strong>ceteruia</strong></span> <span class='ocrx_word' id='word_1_400' title='bbox 1034 4222 1095 4273; x_wconf 84' lang='lat' dir='ltr'><strong>riro</strong></span> <span class='ocrx_word' id='word_1_401' title='bbox 1111 4221 1161 4272; x_wconf 91' lang='lat' dir='ltr'><strong>illo</strong></span> 
     </span>
     <span class='ocr_line' id='line_1_58' title="bbox 361 4284 1162 4353; baseline 0.007 -18"><span class='ocrx_word' id='word_1_402' title='bbox 361 4286 497 4350; x_wconf 89' lang='lat' dir='ltr'><strong>probant,</strong></span> <span class='ocrx_word' id='word_1_403' title='bbox 519 4284 588 4338; x_wconf 87' lang='lat' dir='ltr'><strong>haec</strong></span> <span class='ocrx_word' id='word_1_404' title='bbox 600 4288 658 4336; x_wconf 89' lang='lat' dir='ltr'><strong>eius</strong></span> <span class='ocrx_word' id='word_1_405' title='bbox 670 4300 734 4338; x_wconf 89' lang='lat' dir='ltr'><strong>ease</strong></span> <span class='ocrx_word' id='word_1_406' title='bbox 741 4300 826 4353; x_wconf 91' lang='lat' dir='ltr'><strong>opera</strong></span> <span class='ocrx_word' id='word_1_407' title='bbox 837 4288 1003 4342; x_wconf 84' lang='lat' dir='ltr'><strong>inficientur.</strong></span> <span class='ocrx_word' id='word_1_408' title='bbox 1040 4289 1094 4342; x_wconf 86' lang='lat' dir='ltr'><strong>Sed</strong></span> <span class='ocrx_word' id='word_1_409' title='bbox 1107 4290 1162 4341; x_wconf 82' lang='lat' dir='ltr'><strong>fru-</strong></span> 
     </span>
     <span class='ocr_line' id='line_1_59' title="bbox 362 4355 1161 4411; baseline 0.013 -11"><span class='ocrx_word' id='word_1_410' title='bbox 362 4360 431 4403; x_wconf 88' lang='lat' dir='ltr'><strong>stra.</strong></span> <span class='ocrx_word' id='word_1_411' title='bbox 467 4355 550 4406; x_wconf 89' lang='lat' dir='ltr'><strong>Hunc</strong></span> <span class='ocrx_word' id='word_1_412' title='bbox 560 4356 635 4407; x_wconf 87' lang='lat' dir='ltr'><strong>enim</strong></span> <span class='ocrx_word' id='word_1_413' title='bbox 650 4355 770 4409; x_wconf 82' lang='lat' dir='ltr'><strong>maxime</strong></span> <span class='ocrx_word' id='word_1_414' title='bbox 787 4355 908 4410; x_wconf 84' lang='lat' dir='ltr'><strong>affixisse</strong></span> <span class='ocrx_word' id='word_1_415' title='bbox 919 4360 1020 4410; x_wconf 87' lang='lat' dir='ltr'><strong>animis</strong></span> <span class='ocrx_word' id='word_1_416' title='bbox 1029 4374 1088 4411; x_wconf 90' lang='lat' dir='ltr'><strong>eam</strong></span> <span class='ocrx_word' id='word_1_417' title='bbox 1099 4359 1161 4410; x_wconf 85' lang='lat' dir='ltr'><strong>dul·-</strong></span> 
     </span>
     <span class='ocr_line' id='line_1_60' title="bbox 363 4419 1162 4497; baseline 0.016 -30"><span class='ocrx_word' id='word_1_418' title='bbox 363 4419 486 4471; x_wconf 89' lang='lat' dir='ltr'><strong>cedinem</strong></span> <span class='ocrx_word' id='word_1_419' title='bbox 498 4431 616 4475; x_wconf 89' lang='lat' dir='ltr'><strong>constat.</strong></span> <span class='ocrx_word' id='word_1_420' title='bbox 653 4423 823 4493; x_wconf 77' lang='lat' dir='ltr'><strong>Plerumque</strong></span> <span class='ocrx_word' id='word_1_421' title='bbox 835 4427 961 4479; x_wconf 88' lang='lat' dir='ltr'><strong>miraculi</strong></span> <span class='ocrx_word' id='word_1_422' title='bbox 973 4436 1002 4482; x_wconf 88' lang='lat' dir='ltr'><strong>et</strong></span> <span class='ocrx_word' id='word_1_423' title='bbox 1012 4428 1072 4488; x_wconf 86' lang='lat' dir='ltr'><strong>hoc,</strong></span> <span class='ocrx_word' id='word_1_424' title='bbox 1090 4428 1162 4497; x_wconf 89' lang='lat' dir='ltr'><strong>pari·</strong></span> 
     </span>
     <span class='ocr_line' id='line_1_61' title="bbox 361 4491 1161 4560; baseline 0.014 -23"><span class='ocrx_word' id='word_1_425' title='bbox 361 4494 407 4537; x_wconf 82' lang='lat' dir='ltr'><strong>ter</strong></span> <span class='ocrx_word' id='word_1_426' title='bbox 417 4492 547 4555; x_wconf 83' lang='lat' dir='ltr'><strong>utrasque</strong></span> <span class='ocrx_word' id='word_1_427' title='bbox 558 4501 634 4544; x_wconf 91' lang='lat' dir='ltr'><strong>artes</strong></span> <span class='ocrx_word' id='word_1_428' title='bbox 644 4491 810 4546; x_wconf 84' lang='lat' dir='ltr'><strong>effloruisse:</strong></span> <span class='ocrx_word' id='word_1_429' title='bbox 831 4493 997 4550; x_wconf 82' lang='lat' dir='ltr'><strong>medicinam</strong></span> <span class='ocrx_word' id='word_1_430' title='bbox 1008 4499 1084 4560; x_wconf 89' lang='lat' dir='ltr'><strong>dico,</strong></span> <span class='ocrx_word' id='word_1_431' title='bbox 1106 4512 1161 4548; x_wconf 92' lang='lat' dir='ltr'><strong>ma·</strong></span> 
     </span>
     <span class='ocr_line' id='line_1_62' title="bbox 364 4555 1163 4636; baseline 0.021 -34"><span class='ocrx_word' id='word_1_432' title='bbox 364 4555 507 4636; x_wconf 74' lang='lat' dir='ltr'><strong>gicenque,</strong></span> <span class='ocrx_word' id='word_1_433' title='bbox 527 4559 621 4611; x_wconf 88' lang='lat' dir='ltr'><strong>eadem</strong></span> <span class='ocrx_word' id='word_1_434' title='bbox 635 4568 727 4614; x_wconf 88' lang='lat' dir='ltr'><strong>aetate</strong></span> <span class='ocrx_word' id='word_1_435' title='bbox 739 4563 814 4615; x_wconf 89' lang='lat' dir='ltr'><strong>illam</strong></span> <span class='ocrx_word' id='word_1_436' title='bbox 826 4564 1007 4632; x_wconf 83' lang='lat' dir='ltr'><strong>Hippocrate,</strong></span> <span class='ocrx_word' id='word_1_437' title='bbox 1027 4566 1097 4618; x_wconf 91' lang='lat' dir='ltr'><strong>haoc</strong></span> <span class='ocrx_word' id='word_1_438' title='bbox 1108 4567 1163 4619; x_wconf 92' lang='lat' dir='ltr'><strong>De·</strong></span> 
     </span>
     <span class='ocr_line' id='line_1_63' title="bbox 363 4624 1161 4702; baseline 0.023 -32"><span class='ocrx_word' id='word_1_439' title='bbox 363 4630 481 4702; x_wconf 75' lang='lat' dir='ltr'><strong>mocrito</strong></span> <span class='ocrx_word' id='word_1_440' title='bbox 492 4624 703 4691; x_wconf 78' lang='lat' dir='ltr'><strong>illustrantibus,</strong></span> <span class='ocrx_word' id='word_1_441' title='bbox 715 4634 790 4684; x_wconf 90' lang='lat' dir='ltr'><strong>circa</strong></span> <span class='ocrx_word' id='word_1_442' title='bbox 801 4633 1064 4701; x_wconf 86' lang='lat' dir='ltr'><strong>Peloponnesiacum</strong></span> <span class='ocrx_word' id='word_1_443' title='bbox 1076 4636 1161 4689; x_wconf 83' lang='lat' dir='ltr'><strong>Grae·</strong></span> 
     </span>
     <span class='ocr_line' id='line_1_64' title="bbox 364 4690 1161 4766; baseline 0.024 -30"><span class='ocrx_word' id='word_1_444' title='bbox 364 4704 424 4740; x_wconf 78' lang='lat' dir='ltr'><strong>erae</strong></span> <span class='ocrx_word' id='word_1_445' title='bbox 441 4690 554 4755; x_wconf 88' lang='lat' dir='ltr'><strong>bellum,</strong></span> <span class='ocrx_word' id='word_1_446' title='bbox 574 4699 646 4761; x_wconf 90' lang='lat' dir='ltr'><strong>qnod</strong></span> <span class='ocrx_word' id='word_1_447' title='bbox 661 4708 769 4766; x_wconf 83' lang='lat' dir='ltr'><strong>gestum</strong></span> <span class='ocrx_word' id='word_1_448' title='bbox 784 4708 828 4752; x_wconf 89' lang='lat' dir='ltr'><strong>est</strong></span> <span class='ocrx_word' id='word_1_449' title='bbox 843 4717 860 4753; x_wconf 87' lang='lat' dir='ltr'><strong>a</strong></span> <span class='ocrx_word' id='word_1_450' title='bbox 873 4705 937 4757; x_wconf 90' lang='grc'><strong>000</strong></span> <span class='ocrx_word' id='word_1_451' title='bbox 955 4704 1034 4757; x_wconf 89' lang='lat' dir='ltr'><strong>urbis</strong></span> <span class='ocrx_word' id='word_1_452' title='bbox 1048 4712 1161 4756; x_wconf 87' lang='lat' dir='ltr'><strong>nostrae</strong></span> 
     </span>
     <span class='ocr_line' id='line_1_65' title="bbox 362 4760 1160 4837; baseline 0.024 -31"><span class='ocrx_word' id='word_1_453' title='bbox 362 4772 445 4808; x_wconf 88' lang='lat' dir='ltr'><strong>anno.</strong></span> <span class='ocrx_word' id='word_1_454' title='bbox 482 4760 530 4810; x_wconf 79' lang='lat' dir='ltr'><strong>list</strong></span> <span class='ocrx_word' id='word_1_455' title='bbox 540 4772 568 4814; x_wconf 89' lang='lat' dir='ltr'><strong>et</strong></span> <span class='ocrx_word' id='word_1_456' title='bbox 580 4764 637 4816; x_wconf 85' lang='lat' dir='ltr'><strong>ulia</strong></span> <span class='ocrx_word' id='word_1_457' title='bbox 647 4772 768 4837; x_wconf 84' lang='lat' dir='ltr'><strong>magices</strong></span> <span class='ocrx_word' id='word_1_458' title='bbox 779 4768 875 4831; x_wconf 77' lang='lat' dir='ltr'><strong>tactio,</strong></span> <span class='ocrx_word' id='word_1_459' title='bbox 892 4787 909 4822; x_wconf 93' lang='lat' dir='ltr'><strong>a</strong></span> <span class='ocrx_word' id='word_1_460' title='bbox 918 4773 998 4825; x_wconf 84' lang='lat' dir='ltr'><strong>Mose</strong></span> <span class='ocrx_word' id='word_1_461' title='bbox 1009 4774 1160 4825; x_wconf 86' lang='lat' dir='ltr'><strong>etiamnum</strong></span> 
     </span>
     <span class='ocr_line' id='line_1_66' title="bbox 362 4826 1161 4901; baseline 0.021 -24"><span class='ocrx_word' id='word_1_462' title='bbox 362 4832 393 4877; x_wconf 90' lang='lat' dir='ltr'><strong>et</strong></span> <span class='ocrx_word' id='word_1_463' title='bbox 404 4826 527 4893; x_wconf 67' lang='lat' dir='ltr'><strong>horama</strong></span> <span class='ocrx_word' id='word_1_464' title='bbox 538 4831 645 4885; x_wconf 83' lang='lat' dir='ltr'><strong>ludaeis</strong></span> <span class='ocrx_word' id='word_1_465' title='bbox 658 4838 796 4901; x_wconf 88' lang='lat' dir='ltr'><strong>pendens,</strong></span> <span class='ocrx_word' id='word_1_466' title='bbox 816 4838 865 4891; x_wconf 89' lang='lat' dir='ltr'><strong>sed</strong></span> <span class='ocrx_word' id='word_1_467' title='bbox 876 4842 970 4893; x_wconf 90' lang='lat' dir='ltr'><strong>multis</strong></span> <span class='ocrx_word' id='word_1_468' title='bbox 982 4842 1103 4894; x_wconf 88' lang='lat' dir='ltr'><strong>millibus</strong></span> <span class='ocrx_word' id='word_1_469' title='bbox 1114 4857 1161 4894; x_wconf 90' lang='lat' dir='ltr'><strong>an·</strong></span> 
     </span>
     <span class='ocr_line' id='line_1_67' title="bbox 361 4899 1160 4979; baseline 0.025 -34"><span class='ocrx_word' id='word_1_470' title='bbox 361 4909 461 4978; x_wconf 74' lang='lat' dir='ltr'><strong>norum</strong></span> <span class='ocrx_word' id='word_1_471' title='bbox 484 4906 546 4962; x_wconf 88' lang='lat' dir='ltr'><strong>post</strong></span> <span class='ocrx_word' id='word_1_472' title='bbox 556 4899 741 4960; x_wconf 80' lang='lat' dir='ltr'><strong>annamrem.</strong></span> <span class='ocrx_word' id='word_1_473' title='bbox 778 4909 869 4959; x_wconf 84' lang='lat' dir='ltr'><strong>Tanto</strong></span> <span class='ocrx_word' id='word_1_474' title='bbox 891 4910 1029 4963; x_wconf 87' lang='lat' dir='ltr'><strong>recentior</strong></span> <span class='ocrx_word' id='word_1_475' title='bbox 1050 4918 1093 4964; x_wconf 90' lang='lat' dir='ltr'><strong>est</strong></span> <span class='ocrx_word' id='word_1_476' title='bbox 1109 4913 1160 4979; x_wconf 82' lang='lat' dir='ltr'><strong>Cy·</strong></span> 
     </span>
     <span class='ocr_line' id='line_1_68' title="bbox 360 4964 1160 5048; baseline 0.023 -33"><span class='ocrx_word' id='word_1_477' title='bbox 360 4979 433 5032; x_wconf 86' lang='lat' dir='ltr'><strong>prm.</strong></span> <span class='ocrx_word' id='word_1_478' title='bbox 469 4964 529 5016; x_wconf 87' lang='lat' dir='ltr'><strong>Non</strong></span> <span class='ocrx_word' id='word_1_479' title='bbox 551 4968 636 5019; x_wconf 87' lang='lat' dir='ltr'><strong>ierem</strong></span> <span class='ocrx_word' id='word_1_480' title='bbox 659 4980 687 5023; x_wconf 87' lang='lat' dir='ltr'><strong>et</strong></span> <span class='ocrx_word' id='word_1_481' title='bbox 701 4975 852 5027; x_wconf 78' lang='lat' dir='ltr'><strong>Alexandri</strong></span> <span class='ocrx_word' id='word_1_482' title='bbox 868 4976 964 5047; x_wconf 82' lang='lat' dir='ltr'><strong>Magni</strong></span> <span class='ocrx_word' id='word_1_483' title='bbox 986 4981 1160 5048; x_wconf 85' lang='lat' dir='ltr'><strong>temporibus</strong></span> 
     </span>
    </p>
   </div>
   <div class='ocr_carea' id='block_1_7' title="bbox 1206 409 2013 1939">
    <p class='ocr_par' dir='ltr' id='par_1_8' title="bbox 1206 409 2013 1371">
     <span class='ocr_line' id='line_1_69' title="bbox 1206 409 2011 495; baseline 0.005 -31"><span class='ocrx_word' id='word_1_484' title='bbox 1206 410 1329 495; x_wconf 70' lang='lat' dir='ltr'><strong>leretur:</strong></span> <span class='ocrx_word' id='word_1_485' title='bbox 1347 410 1492 494; x_wconf 79' lang='lat' dir='ltr'><strong>palamque</strong></span> <span class='ocrx_word' id='word_1_486' title='bbox 1503 409 1559 464; x_wconf 82' lang='lat' dir='ltr'><strong>luit</strong></span> <span class='ocrx_word' id='word_1_487' title='bbox 1575 410 1605 463; x_wconf 89' lang='lat' dir='ltr'><strong>ia</strong></span> <span class='ocrx_word' id='word_1_488' title='bbox 1618 417 1730 480; x_wconf 89' lang='lat' dir='ltr'><strong>tempus</strong></span> <span class='ocrx_word' id='word_1_489' title='bbox 1746 412 1817 467; x_wconf 81' lang='lat' dir='ltr'><strong>allud</strong></span> <span class='ocrx_word' id='word_1_490' title='bbox 1837 413 1911 467; x_wconf 88' lang='lat' dir='ltr'><strong>sacri</strong></span> <span class='ocrx_word' id='word_1_491' title='bbox 1922 415 2011 483; x_wconf 84' lang='lat' dir='ltr'><strong>prodi-</strong></span> 
     </span>
     <span class='ocr_line' id='line_1_70' title="bbox 1206 480 2010 619; baseline 0.004 -16"><span class='ocrx_word' id='word_1_492' title='bbox 1206 480 1522 616; x_wconf 41' lang='lat' dir='ltr'><strong>⁸¹(Rhea‘sihriffr‘iiiqun</strong></span> <span class='ocrx_word' id='word_1_493' title='bbox 1532 549 1666 616; x_wconf 87' lang='lat' dir='ltr'><strong>possedit,</strong></span> <span class='ocrx_word' id='word_1_494' title='bbox 1677 556 1705 604; x_wconf 91' lang='lat' dir='ltr'><strong>et</strong></span> <span class='ocrx_word' id='word_1_495' title='bbox 1716 551 1827 619; x_wconf 91' lang='lat' dir='ltr'><strong>quidem</strong></span> <span class='ocrx_word' id='word_1_496' title='bbox 1838 554 1875 606; x_wconf 91' lang='lat' dir='ltr'><strong>ad</strong></span> <span class='ocrx_word' id='word_1_497' title='bbox 1885 561 2010 606; x_wconf 88' lang='lat' dir='ltr'><strong>nostram</strong></span> 
     </span>
     <span class='ocr_line' id='line_1_71' title="bbox 1206 618 2011 691; baseline 0.002 -18"><span class='ocrx_word' id='word_1_498' title='bbox 1206 619 1378 675; x_wconf 86' lang='lat' dir='ltr'><strong>memoriam.</strong></span> <span class='ocrx_word' id='word_1_499' title='bbox 1416 618 1541 685; x_wconf 90' lang='lat' dir='ltr'><strong>Namque</strong></span> <span class='ocrx_word' id='word_1_500' title='bbox 1557 619 1665 671; x_wconf 83' lang='lat' dir='ltr'><strong>Tiberii</strong></span> <span class='ocrx_word' id='word_1_501' title='bbox 1686 622 1814 674; x_wconf 80' lang='lat' dir='ltr'><strong>Caesaris</strong></span> <span class='ocrx_word' id='word_1_502' title='bbox 1836 622 2011 691; x_wconf 82' lang='lat' dir='ltr'><strong>principatus</strong></span> 
     </span>
     <span class='ocr_line' id='line_1_72' title="bbox 1206 687 2012 755; baseline 0.004 -14"><span class='ocrx_word' id='word_1_503' title='bbox 1206 691 1324 742; x_wconf 88' lang='lat' dir='ltr'><strong>sustulit</strong></span> <span class='ocrx_word' id='word_1_504' title='bbox 1334 687 1457 742; x_wconf 83' lang='lat' dir='ltr'><strong>Druidas</strong></span> <span class='ocrx_word' id='word_1_505' title='bbox 1468 702 1575 749; x_wconf 88' lang='lat' dir='ltr'><strong>eorum,</strong></span> <span class='ocrx_word' id='word_1_506' title='bbox 1585 694 1615 740; x_wconf 90' lang='lat' dir='ltr'><strong>et</strong></span> <span class='ocrx_word' id='word_1_507' title='bbox 1625 688 1678 740; x_wconf 90' lang='lat' dir='ltr'><strong>hoc</strong></span> <span class='ocrx_word' id='word_1_508' title='bbox 1688 702 1775 755; x_wconf 84' lang='lat' dir='ltr'><strong>genus</strong></span> <span class='ocrx_word' id='word_1_509' title='bbox 1785 699 1879 743; x_wconf 85' lang='lat' dir='ltr'><strong>vatum</strong></span> <span class='ocrx_word' id='word_1_510' title='bbox 1891 692 2012 745; x_wconf 88' lang='lat' dir='ltr'><strong>medico·</strong></span> 
     </span>
     <span class='ocr_line' id='line_1_73' title="bbox 1207 754 2011 828; baseline 0.002 -18"><span class='ocrx_word' id='word_1_511' title='bbox 1207 774 1333 828; x_wconf 91' lang='lat' dir='ltr'><strong>rumque.</strong></span> <span class='ocrx_word' id='word_1_512' title='bbox 1369 757 1424 810; x_wconf 86' lang='lat' dir='ltr'><strong>Sed</strong></span> <span class='ocrx_word' id='word_1_513' title='bbox 1441 756 1507 824; x_wconf 91' lang='lat' dir='ltr'><strong>quid</strong></span> <span class='ocrx_word' id='word_1_514' title='bbox 1523 771 1575 823; x_wconf 83' lang='lat' dir='ltr'><strong>ego</strong></span> <span class='ocrx_word' id='word_1_515' title='bbox 1592 754 1661 810; x_wconf 85' lang='lat' dir='ltr'><strong>haec</strong></span> <span class='ocrx_word' id='word_1_516' title='bbox 1677 773 1889 827; x_wconf 87' lang='lat' dir='ltr'><strong>commemorem</strong></span> <span class='ocrx_word' id='word_1_517' title='bbox 1906 762 2011 813; x_wconf 86' lang='lat' dir='ltr'><strong>inerte</strong></span> 
     </span>
     <span class='ocr_line' id='line_1_74' title="bbox 1208 827 2012 895; baseline 0.002 -14"><span class='ocrx_word' id='word_1_518' title='bbox 1208 829 1350 881; x_wconf 89' lang='lat' dir='ltr'><strong>Oceanum</strong></span> <span class='ocrx_word' id='word_1_519' title='bbox 1368 841 1477 895; x_wconf 90' lang='lat' dir='ltr'><strong>quoque</strong></span> <span class='ocrx_word' id='word_1_520' title='bbox 1493 832 1683 892; x_wconf 87' lang='lat' dir='ltr'><strong>transgressa,</strong></span> <span class='ocrx_word' id='word_1_521' title='bbox 1704 827 1778 879; x_wconf 92' lang='lat' dir='ltr'><strong>etad</strong></span> <span class='ocrx_word' id='word_1_522' title='bbox 1797 837 1913 882; x_wconf 86' lang='lat' dir='ltr'><strong>naturae</strong></span> <span class='ocrx_word' id='word_1_523' title='bbox 1926 832 2012 883; x_wconf 87' lang='lat' dir='ltr'><strong>inane</strong></span> 
     </span>
     <span class='ocr_line' id='line_1_75' title="bbox 1207 894 2013 965; baseline 0.001 -15"><span class='ocrx_word' id='word_1_524' title='bbox 1207 895 1356 965; x_wconf 76' lang='lat' dir='ltr'><strong>pervecta!</strong></span> <span class='ocrx_word' id='word_1_525' title='bbox 1391 896 1537 947; x_wconf 87' lang='lat' dir='ltr'><strong>Britannia</strong></span> <span class='ocrx_word' id='word_1_526' title='bbox 1548 894 1878 962; x_wconf 88' lang='lat' dir='ltr'><strong>hodiequeeamattonite</strong></span> <span class='ocrx_word' id='word_1_527' title='bbox 1888 899 2013 951; x_wconf 86' lang='lat' dir='ltr'><strong>celebrat</strong></span> 
     </span>
     <span class='ocr_line' id='line_1_76' title="bbox 1208 964 2010 1034; baseline 0 -16"><span class='ocrx_word' id='word_1_528' title='bbox 1208 968 1294 1019; x_wconf 86' lang='lat' dir='ltr'><strong>tantis</strong></span> <span class='ocrx_word' id='word_1_529' title='bbox 1310 964 1560 1025; x_wconf 81' lang='lat' dir='ltr'><strong>caerimoniis,·ut</strong></span> <span class='ocrx_word' id='word_1_530' title='bbox 1575 964 1686 1018; x_wconf 88' lang='lat' dir='ltr'><strong>dedisse</strong></span> <span class='ocrx_word' id='word_1_531' title='bbox 1701 966 1794 1018; x_wconf 87' lang='lat' dir='ltr'><strong>Persis</strong></span> <span class='ocrx_word' id='word_1_532' title='bbox 1808 967 1896 1018; x_wconf 81' lang='lat' dir='ltr'><strong>rideri</strong></span> <span class='ocrx_word' id='word_1_533' title='bbox 1913 970 2010 1034; x_wconf 90' lang='lat' dir='ltr'><strong>possit.</strong></span> 
     </span>
     <span class='ocr_line' id='line_1_77' title="bbox 1209 1033 2011 1104; baseline 0 -15"><span class='ocrx_word' id='word_1_534' title='bbox 1209 1036 1289 1089; x_wconf 81' lang='lat' dir='ltr'><strong>Adeo</strong></span> <span class='ocrx_word' id='word_1_535' title='bbox 1300 1036 1355 1087; x_wconf 90' lang='lat' dir='ltr'><strong>ista</strong></span> <span class='ocrx_word' id='word_1_536' title='bbox 1365 1041 1426 1087; x_wconf 86' lang='lat' dir='ltr'><strong>toto</strong></span> <span class='ocrx_word' id='word_1_537' title='bbox 1437 1033 1540 1085; x_wconf 90' lang='lat' dir='ltr'><strong>mundo</strong></span> <span class='ocrx_word' id='word_1_538' title='bbox 1555 1049 1727 1097; x_wconf 87' lang='lat' dir='ltr'><strong>consensere,</strong></span> <span class='ocrx_word' id='word_1_539' title='bbox 1740 1050 1896 1104; x_wconf 90' lang='lat' dir='ltr'><strong>quanquam</strong></span> <span class='ocrx_word' id='word_1_540' title='bbox 1909 1038 2011 1089; x_wconf 80' lang='lat' dir='ltr'><strong>dheor-</strong></span> 
     </span>
     <span class='ocr_line' id='line_1_78' title="bbox 1211 1103 2008 1174; baseline 0.001 -16"><span class='ocrx_word' id='word_1_541' title='bbox 1211 1107 1241 1158; x_wconf 90' lang='lat' dir='ltr'><strong>di</strong></span> <span class='ocrx_word' id='word_1_542' title='bbox 1252 1112 1281 1159; x_wconf 89' lang='lat' dir='ltr'><strong>et</strong></span> <span class='ocrx_word' id='word_1_543' title='bbox 1292 1105 1344 1157; x_wconf 92' lang='lat' dir='ltr'><strong>sibi</strong></span> <span class='ocrx_word' id='word_1_544' title='bbox 1357 1105 1462 1173; x_wconf 86' lang='lat' dir='ltr'><strong>ignoto.</strong></span> <span class='ocrx_word' id='word_1_545' title='bbox 1497 1103 1556 1157; x_wconf 85' lang='lat' dir='ltr'><strong>Nec</strong></span> <span class='ocrx_word' id='word_1_546' title='bbox 1562 1105 1632 1155; x_wconf 92' lang='lat' dir='ltr'><strong>satis</strong></span> <span class='ocrx_word' id='word_1_547' title='bbox 1644 1106 1787 1156; x_wconf 83' lang='lat' dir='ltr'><strong>aestinrari</strong></span> <span class='ocrx_word' id='word_1_548' title='bbox 1798 1110 1905 1174; x_wconf 87' lang='lat' dir='ltr'><strong>potest,</strong></span> <span class='ocrx_word' id='word_1_549' title='bbox 1925 1122 2008 1174; x_wconf 89' lang='lat' dir='ltr'><strong>quan·</strong></span> 
     </span>
     <span class='ocr_line' id='line_1_79' title="bbox 1210 1174 2010 1245; baseline -0.001 -15"><span class='ocrx_word' id='word_1_550' title='bbox 1210 1183 1270 1230; x_wconf 89' lang='lat' dir='ltr'><strong>tum</strong></span> <span class='ocrx_word' id='word_1_551' title='bbox 1280 1174 1411 1228; x_wconf 85' lang='lat' dir='ltr'><strong>Romanis</strong></span> <span class='ocrx_word' id='word_1_552' title='bbox 1422 1174 1617 1240; x_wconf 83' lang='lat' dir='ltr'><strong>debeatur,qni</strong></span> <span class='ocrx_word' id='word_1_553' title='bbox 1628 1175 1767 1227; x_wconf 88' lang='lat' dir='ltr'><strong>sustulere</strong></span> <span class='ocrx_word' id='word_1_554' title='bbox 1777 1178 1943 1239; x_wconf 72' lang='lat' dir='ltr'><strong>nronstrain</strong></span> <span class='ocrx_word' id='word_1_555' title='bbox 1954 1179 2010 1245; x_wconf 85' lang='lat' dir='ltr'><strong>qui·</strong></span> 
     </span>
     <span class='ocr_line' id='line_1_80' title="bbox 1209 1242 2010 1310; baseline -0.001 -12"><span class='ocrx_word' id='word_1_556' title='bbox 1209 1246 1262 1298; x_wconf 91' lang='lat' dir='ltr'><strong>bus</strong></span> <span class='ocrx_word' id='word_1_557' title='bbox 1274 1244 1411 1298; x_wconf 84' lang='lat' dir='ltr'><strong>homiaem</strong></span> <span class='ocrx_word' id='word_1_558' title='bbox 1424 1243 1551 1295; x_wconf 83' lang='lat' dir='ltr'><strong>occidere</strong></span> <span class='ocrx_word' id='word_1_559' title='bbox 1563 1242 1804 1310; x_wconf 86' lang='lat' dir='ltr'><strong>religiosissimum</strong></span> <span class='ocrx_word' id='word_1_560' title='bbox 1817 1252 1892 1309; x_wconf 88' lang='lat' dir='ltr'><strong>erat,</strong></span> <span class='ocrx_word' id='word_1_561' title='bbox 1917 1245 2010 1299; x_wconf 86' lang='lat' dir='ltr'><strong>maadi</strong></span> 
     </span>
     <span class='ocr_line' id='line_1_81' title="bbox 1209 1314 1606 1371; baseline -0.013 -2"><span class='ocrx_word' id='word_1_562' title='bbox 1209 1330 1277 1371; x_wconf 78' lang='lat' dir='ltr'><strong>vero</strong></span> <span class='ocrx_word' id='word_1_563' title='bbox 1289 1314 1372 1368; x_wconf 90' lang='lat' dir='ltr'><strong>etiam</strong></span> <span class='ocrx_word' id='word_1_564' title='bbox 1384 1314 1606 1366; x_wconf 88' lang='lat' dir='ltr'><strong>saluberrimum.</strong></span> 
     </span>
    </p>

    <p class='ocr_par' dir='ltr' id='par_1_9' title="bbox 1210 1380 2010 1939">
     <span class='ocr_line' id='line_1_82' title="bbox 1245 1380 2008 1450; baseline 0.001 -12"><span class='ocrx_word' id='word_1_565' title='bbox 1245 1387 1279 1438; x_wconf 86' lang='lat' dir='ltr'><strong>V.</strong></span> <span class='ocrx_word' id='word_1_566' title='bbox 1300 1384 1335 1435; x_wconf 86' lang='lat' dir='ltr'><strong>tlt</strong></span> <span class='ocrx_word' id='word_1_567' title='bbox 1346 1384 1472 1437; x_wconf 87' lang='lat' dir='ltr'><strong>narrarit</strong></span> <span class='ocrx_word' id='word_1_568' title='bbox 1482 1380 1629 1449; x_wconf 79' lang='lat' dir='ltr'><strong>Osthanes,</strong></span> <span class='ocrx_word' id='word_1_569' title='bbox 1643 1381 1751 1449; x_wconf 89' lang='lat' dir='ltr'><strong>species</strong></span> <span class='ocrx_word' id='word_1_570' title='bbox 1762 1383 1823 1435; x_wconf 90' lang='lat' dir='ltr'><strong>eius</strong></span> <span class='ocrx_word' id='word_1_571' title='bbox 1834 1383 1928 1450; x_wconf 90' lang='lat' dir='ltr'><strong>plures</strong></span> <span class='ocrx_word' id='word_1_572' title='bbox 1938 1394 2008 1439; x_wconf 82' lang='lat' dir='ltr'><strong>suot.</strong></span> 
     </span>
     <span class='ocr_line' id='line_1_83' title="bbox 1210 1450 2010 1522; baseline -0.001 -13"><span class='ocrx_word' id='word_1_573' title='bbox 1210 1455 1336 1522; x_wconf 86' lang='lat' dir='ltr'><strong>Namque</strong></span> <span class='ocrx_word' id='word_1_574' title='bbox 1346 1460 1374 1506; x_wconf 92' lang='lat' dir='ltr'><strong>et</strong></span> <span class='ocrx_word' id='word_1_575' title='bbox 1384 1470 1466 1522; x_wconf 88' lang='lat' dir='ltr'><strong>aqua,</strong></span> <span class='ocrx_word' id='word_1_576' title='bbox 1484 1460 1513 1506; x_wconf 91' lang='lat' dir='ltr'><strong>et</strong></span> <span class='ocrx_word' id='word_1_577' title='bbox 1528 1450 1663 1521; x_wconf 86' lang='lat' dir='ltr'><strong>sphaeris,</strong></span> <span class='ocrx_word' id='word_1_578' title='bbox 1682 1457 1711 1503; x_wconf 92' lang='lat' dir='ltr'><strong>et</strong></span> <span class='ocrx_word' id='word_1_579' title='bbox 1723 1466 1798 1514; x_wconf 87' lang='lat' dir='ltr'><strong>aere,</strong></span> <span class='ocrx_word' id='word_1_580' title='bbox 1818 1454 1956 1518; x_wconf 73' lang='lat' dir='ltr'><strong>matellis,</strong></span> <span class='ocrx_word' id='word_1_581' title='bbox 1980 1464 2010 1508; x_wconf 90' lang='lat' dir='ltr'><strong>et</strong></span> 
     </span>
     <span class='ocr_line' id='line_1_84' title="bbox 1211 1520 2009 1591; baseline 0.001 -15"><span class='ocrx_word' id='word_1_582' title='bbox 1211 1526 1341 1586; x_wconf 90' lang='lat' dir='ltr'><strong>lucernis,</strong></span> <span class='ocrx_word' id='word_1_583' title='bbox 1361 1539 1394 1576; x_wconf 89' lang='lat' dir='ltr'><strong>ac</strong></span> <span class='ocrx_word' id='word_1_584' title='bbox 1409 1523 1545 1591; x_wconf 80' lang='lat' dir='ltr'><strong>pelvibus,</strong></span> <span class='ocrx_word' id='word_1_585' title='bbox 1564 1520 1774 1589; x_wconf 86' lang='lat' dir='ltr'><strong>securibusque,</strong></span> <span class='ocrx_word' id='word_1_586' title='bbox 1794 1528 1824 1574; x_wconf 90' lang='lat' dir='ltr'><strong>et</strong></span> <span class='ocrx_word' id='word_1_587' title='bbox 1838 1524 1933 1575; x_wconf 86' lang='lat' dir='ltr'><strong>multis</strong></span> <span class='ocrx_word' id='word_1_588' title='bbox 1947 1525 2009 1577; x_wconf 90' lang='lat' dir='ltr'><strong>aliis</strong></span> 
     </span>
     <span class='ocr_line' id='line_1_85' title="bbox 1211 1593 2007 1661; baseline 0.001 -15"><span class='ocrx_word' id='word_1_589' title='bbox 1211 1595 1301 1647; x_wconf 91' lang='lat' dir='ltr'><strong>modis</strong></span> <span class='ocrx_word' id='word_1_590' title='bbox 1312 1593 1570 1661; x_wconf 85' lang='lat' dir='ltr'><strong>dirinapromittit:</strong></span> <span class='ocrx_word' id='word_1_591' title='bbox 1587 1600 1736 1660; x_wconf 84' lang='lat' dir='ltr'><strong>praeterea</strong></span> <span class='ocrx_word' id='word_1_592' title='bbox 1744 1593 1921 1659; x_wconf 86' lang='lat' dir='ltr'><strong>umbrarum,</strong></span> <span class='ocrx_word' id='word_1_593' title='bbox 1939 1595 2007 1648; x_wconf 82' lang='lat' dir='ltr'><strong>inle-</strong></span> 
     </span>
     <span class='ocr_line' id='line_1_86' title="bbox 1213 1663 2009 1731; baseline -0.003 -15"><span class='ocrx_word' id='word_1_594' title='bbox 1213 1678 1362 1730; x_wconf 84' lang='lat' dir='ltr'><strong>rorurnque</strong></span> <span class='ocrx_word' id='word_1_595' title='bbox 1372 1663 1527 1730; x_wconf 83' lang='lat' dir='ltr'><strong>colloquia:</strong></span> <span class='ocrx_word' id='word_1_596' title='bbox 1540 1676 1611 1731; x_wconf 91' lang='lat' dir='ltr'><strong>quae</strong></span> <span class='ocrx_word' id='word_1_597' title='bbox 1625 1663 1717 1714; x_wconf 89' lang='lat' dir='ltr'><strong>omnia</strong></span> <span class='ocrx_word' id='word_1_598' title='bbox 1729 1670 1823 1716; x_wconf 89' lang='lat' dir='ltr'><strong>aetate</strong></span> <span class='ocrx_word' id='word_1_599' title='bbox 1833 1671 1927 1716; x_wconf 77' lang='lat' dir='ltr'><strong>nnmra</strong></span> <span class='ocrx_word' id='word_1_600' title='bbox 1938 1667 2009 1730; x_wconf 88' lang='lat' dir='ltr'><strong>prin·</strong></span> 
     </span>
     <span class='ocr_line' id='line_1_87' title="bbox 1212 1732 2010 1802; baseline 0 -17"><span class='ocrx_word' id='word_1_601' title='bbox 1212 1748 1277 1802; x_wconf 91' lang='lat' dir='ltr'><strong>ceps</strong></span> <span class='ocrx_word' id='word_1_602' title='bbox 1287 1733 1362 1786; x_wconf 88' lang='lat' dir='ltr'><strong>Nero</strong></span> <span class='ocrx_word' id='word_1_603' title='bbox 1373 1748 1444 1785; x_wconf 88' lang='lat' dir='ltr'><strong>runa</strong></span> <span class='ocrx_word' id='word_1_604' title='bbox 1452 1732 1577 1800; x_wconf 80' lang='lat' dir='ltr'><strong>salsaque</strong></span> <span class='ocrx_word' id='word_1_605' title='bbox 1588 1734 1733 1801; x_wconf 88' lang='lat' dir='ltr'><strong>comperit:</strong></span> <span class='ocrx_word' id='word_1_606' title='bbox 1748 1734 1848 1801; x_wconf 89' lang='lat' dir='ltr'><strong>quippe</strong></span> <span class='ocrx_word' id='word_1_607' title='bbox 1860 1750 1913 1784; x_wconf 88' lang='lat' dir='ltr'><strong>ann</strong></span> <span class='ocrx_word' id='word_1_608' title='bbox 1924 1733 2010 1785; x_wconf 89' lang='lat' dir='ltr'><strong>citha·</strong></span> 
     </span>
     <span class='ocr_line' id='line_1_88' title="bbox 1212 1801 2010 1922; baseline 0.001 -68"><span class='ocrx_word' id='word_1_609' title='bbox 1212 1818 1260 1855; x_wconf 90' lang='lat' dir='ltr'><strong>rae</strong></span> <span class='ocrx_word' id='word_1_610' title='bbox 1276 1802 1434 1922; x_wconf 71' lang='lat' dir='ltr'><strong>tragicique</strong></span> <span class='ocrx_word' id='word_1_611' title='bbox 1452 1809 1548 1854; x_wconf 89' lang='lat' dir='ltr'><strong>cautus</strong></span> <span class='ocrx_word' id='word_1_612' title='bbox 1563 1801 1651 1854; x_wconf 88' lang='lat' dir='ltr'><strong>libido</strong></span> <span class='ocrx_word' id='word_1_613' title='bbox 1663 1803 1707 1854; x_wconf 91' lang='lat' dir='ltr'><strong>illi</strong></span> <span class='ocrx_word' id='word_1_614' title='bbox 1719 1805 1806 1854; x_wconf 89' lang='lat' dir='ltr'><strong>maior</strong></span> <span class='ocrx_word' id='word_1_615' title='bbox 1817 1802 1879 1867; x_wconf 83' lang='lat' dir='ltr'><strong>luit,</strong></span> <span class='ocrx_word' id='word_1_616' title='bbox 1899 1801 2010 1855; x_wconf 77' lang='lat' dir='ltr'><strong>inmune</strong></span> 
     </span>
     <span class='ocr_line' id='line_1_89' title="bbox 1211 1870 2010 1939; baseline 0 -16"><span class='ocrx_word' id='word_1_617' title='bbox 1211 1887 1303 1925; x_wconf 88' lang='lat' dir='ltr'><strong>rerum</strong></span> <span class='ocrx_word' id='word_1_618' title='bbox 1347 1885 1508 1924; x_wconf 86' lang='lat' dir='ltr'><strong>umanarum</strong></span> <span class='ocrx_word' id='word_1_619' title='bbox 1529 1885 1636 1923; x_wconf 87' lang='lat' dir='ltr'><strong>summa</strong></span> <span class='ocrx_word' id='word_1_620' title='bbox 1661 1872 1798 1938; x_wconf 86' lang='lat' dir='ltr'><strong>gestiente</strong></span> <span class='ocrx_word' id='word_1_621' title='bbox 1817 1872 1846 1923; x_wconf 92' lang='lat' dir='ltr'><strong>in</strong></span> <span class='ocrx_word' id='word_1_622' title='bbox 1865 1870 2010 1939; x_wconf 74' lang='lat' dir='ltr'><strong>profundis</strong></span> 
     </span>
    </p>
   </div>
   <div class='ocr_carea' id='block_1_8' title="bbox 1191 1939 2010 2009">
    <p class='ocr_par' dir='ltr' id='par_1_10' title="bbox 1191 1939 2010 2009">
     <span class='ocr_line' id='line_1_90' title="bbox 1191 1939 2010 2009; baseline -0.002 -16"><span class='ocrx_word' id='word_1_623' title='bbox 1191 1966 1194 1971; x_wconf 95' lang='lat'>·</span> <span class='ocrx_word' id='word_1_624' title='bbox 1213 1941 1299 1993; x_wconf 88' lang='lat' dir='ltr'><strong>animi</strong></span> <span class='ocrx_word' id='word_1_625' title='bbox 1310 1942 1394 1992; x_wconf 80' lang='lat' dir='ltr'><strong>vitiis.</strong></span> <span class='ocrx_word' id='word_1_626' title='bbox 1441 1940 1619 2009; x_wconf 85' lang='lat' dir='ltr'><strong>Primumque</strong></span> <span class='ocrx_word' id='word_1_627' title='bbox 1630 1941 1768 2006; x_wconf 88' lang='lat' dir='ltr'><strong>imperare</strong></span> <span class='ocrx_word' id='word_1_628' title='bbox 1780 1939 1835 1994; x_wconf 91' lang='lat' dir='ltr'><strong>diis</strong></span> <span class='ocrx_word' id='word_1_629' title='bbox 1846 1941 2010 2008; x_wconf 74' lang='lat' dir='ltr'><strong>concupit-it,</strong></span> 
     </span>
    </p>
   </div>
   <div class='ocr_carea' id='block_1_9' title="bbox 1212 2009 2013 2632">
    <p class='ocr_par' dir='ltr' id='par_1_11' title="bbox 1212 2009 2013 2632">
     <span class='ocr_line' id='line_1_91' title="bbox 1213 2009 2011 2078; baseline -0.001 -17"><span class='ocrx_word' id='word_1_630' title='bbox 1213 2010 1422 2078; x_wconf 89' lang='lat' dir='ltr'><strong>necquidquam</strong></span> <span class='ocrx_word' id='word_1_631' title='bbox 1434 2010 1694 2078; x_wconf 85' lang='lat' dir='ltr'><strong>generosiusraluit.</strong></span> <span class='ocrx_word' id='word_1_632' title='bbox 1729 2009 1819 2063; x_wconf 86' lang='lat' dir='ltr'><strong>Nemo</strong></span> <span class='ocrx_word' id='word_1_633' title='bbox 1829 2026 1947 2078; x_wconf 86' lang='lat' dir='ltr'><strong>unquam</strong></span> <span class='ocrx_word' id='word_1_634' title='bbox 1960 2010 2011 2061; x_wconf 89' lang='lat' dir='ltr'><strong>ulli</strong></span> 
     </span>
     <span class='ocr_line' id='line_1_92' title="bbox 1213 2077 2012 2146; baseline -0.003 -14"><span class='ocrx_word' id='word_1_635' title='bbox 1213 2080 1314 2132; x_wconf 88' lang='lat' dir='ltr'><strong>artium</strong></span> <span class='ocrx_word' id='word_1_636' title='bbox 1326 2079 1447 2135; x_wconf 84' lang='lat' dir='ltr'><strong>relidiua</strong></span> <span class='ocrx_word' id='word_1_637' title='bbox 1458 2079 1537 2132; x_wconf 78' lang='lat' dir='ltr'><strong>iavit.</strong></span> <span class='ocrx_word' id='word_1_638' title='bbox 1572 2079 1612 2131; x_wconf 76' lang='lat' dir='ltr'><strong>ild</strong></span> <span class='ocrx_word' id='word_1_639' title='bbox 1624 2077 1700 2140; x_wconf 84' lang='lat' dir='ltr'><strong>haee,</strong></span> <span class='ocrx_word' id='word_1_640' title='bbox 1711 2094 1764 2130; x_wconf 92' lang='lat' dir='ltr'><strong>non</strong></span> <span class='ocrx_word' id='word_1_641' title='bbox 1776 2094 1841 2146; x_wconf 93' lang='lat' dir='ltr'><strong>opes</strong></span> <span class='ocrx_word' id='word_1_642' title='bbox 1853 2082 1878 2132; x_wconf 90' lang='lat' dir='ltr'><strong>ei</strong></span> <span class='ocrx_word' id='word_1_643' title='bbox 1889 2078 2012 2143; x_wconf 78' lang='lat' dir='ltr'><strong>defuere,</strong></span> 
     </span>
     <span class='ocr_line' id='line_1_93' title="bbox 1213 2148 2011 2216; baseline 0 -17"><span class='ocrx_word' id='word_1_644' title='bbox 1213 2165 1267 2200; x_wconf 89' lang='lat' dir='ltr'><strong>nun</strong></span> <span class='ocrx_word' id='word_1_645' title='bbox 1279 2151 1361 2211; x_wconf 82' lang='lat' dir='ltr'><strong>vires,</strong></span> <span class='ocrx_word' id='word_1_646' title='bbox 1372 2164 1428 2201; x_wconf 93' lang='lat' dir='ltr'><strong>non</strong></span> <span class='ocrx_word' id='word_1_647' title='bbox 1437 2148 1570 2201; x_wconf 89' lang='lat' dir='ltr'><strong>discentis</strong></span> <span class='ocrx_word' id='word_1_648' title='bbox 1580 2148 1730 2216; x_wconf 82' lang='lat' dir='ltr'><strong>ingenium,</strong></span> <span class='ocrx_word' id='word_1_649' title='bbox 1750 2148 1858 2216; x_wconf 89' lang='lat' dir='ltr'><strong>aliaque</strong></span> <span class='ocrx_word' id='word_1_650' title='bbox 1871 2164 1926 2201; x_wconf 90' lang='lat' dir='ltr'><strong>uon</strong></span> <span class='ocrx_word' id='word_1_651' title='bbox 1938 2149 2011 2216; x_wconf 91' lang='lat' dir='ltr'><strong>pati·</strong></span> 
     </span>
     <span class='ocr_line' id='line_1_94' title="bbox 1213 2217 2010 2285; baseline -0.001 -16"><span class='ocrx_word' id='word_1_652' title='bbox 1213 2226 1279 2270; x_wconf 86' lang='lat' dir='ltr'><strong>ente</strong></span> <span class='ocrx_word' id='word_1_653' title='bbox 1289 2218 1401 2269; x_wconf 85' lang='lat' dir='ltr'><strong>munda.</strong></span> <span class='ocrx_word' id='word_1_654' title='bbox 1436 2218 1600 2269; x_wconf 87' lang='lat' dir='ltr'><strong>lormensnm</strong></span> <span class='ocrx_word' id='word_1_655' title='bbox 1613 2224 1643 2269; x_wconf 86' lang='lat' dir='ltr'><strong>et</strong></span> <span class='ocrx_word' id='word_1_656' title='bbox 1658 2217 1841 2269; x_wconf 84' lang='lat' dir='ltr'><strong>indubitatum</strong></span> <span class='ocrx_word' id='word_1_657' title='bbox 1854 2219 2010 2285; x_wconf 83' lang='lat' dir='ltr'><strong>eaenrplum</strong></span> 
     </span>
     <span class='ocr_line' id='line_1_95' title="bbox 1213 2285 2012 2355; baseline -0.001 -15"><span class='ocrx_word' id='word_1_658' title='bbox 1213 2295 1257 2340; x_wconf 88' lang='lat' dir='ltr'><strong>est</strong></span> <span class='ocrx_word' id='word_1_659' title='bbox 1274 2287 1365 2339; x_wconf 81' lang='lat' dir='ltr'><strong>falsae</strong></span> <span class='ocrx_word' id='word_1_660' title='bbox 1376 2288 1460 2349; x_wconf 87' lang='lat' dir='ltr'><strong>artis,</strong></span> <span class='ocrx_word' id='word_1_661' title='bbox 1477 2302 1560 2355; x_wconf 90' lang='lat' dir='ltr'><strong>quarn</strong></span> <span class='ocrx_word' id='word_1_662' title='bbox 1579 2286 1728 2353; x_wconf 86' lang='lat' dir='ltr'><strong>dereliquit</strong></span> <span class='ocrx_word' id='word_1_663' title='bbox 1740 2285 1828 2337; x_wconf 88' lang='lat' dir='ltr'><strong>Nero:</strong></span> <span class='ocrx_word' id='word_1_664' title='bbox 1848 2288 2012 2353; x_wconf 87' lang='lat' dir='ltr'><strong>utinamque</strong></span> 
     </span>
     <span class='ocr_line' id='line_1_96' title="bbox 1212 2353 2013 2424; baseline -0.002 -15"><span class='ocrx_word' id='word_1_665' title='bbox 1212 2356 1318 2409; x_wconf 81' lang='lat' dir='ltr'><strong>interos</strong></span> <span class='ocrx_word' id='word_1_666' title='bbox 1338 2358 1432 2423; x_wconf 85' lang='lat' dir='ltr'><strong>potius</strong></span> <span class='ocrx_word' id='word_1_667' title='bbox 1450 2362 1479 2408; x_wconf 91' lang='lat' dir='ltr'><strong>et</strong></span> <span class='ocrx_word' id='word_1_668' title='bbox 1490 2371 1664 2424; x_wconf 89' lang='lat' dir='ltr'><strong>quoscunque</strong></span> <span class='ocrx_word' id='word_1_669' title='bbox 1682 2355 1716 2406; x_wconf 91' lang='lat' dir='ltr'><strong>de</strong></span> <span class='ocrx_word' id='word_1_670' title='bbox 1737 2353 1938 2419; x_wconf 85' lang='lat' dir='ltr'><strong>suspicionibus</strong></span> <span class='ocrx_word' id='word_1_671' title='bbox 1949 2356 2013 2407; x_wconf 82' lang='lat' dir='ltr'><strong>suis</strong></span> 
     </span>
     <span class='ocr_line' id='line_1_97' title="bbox 1212 2424 2011 2493; baseline -0.004 -15"><span class='ocrx_word' id='word_1_672' title='bbox 1212 2425 1281 2478; x_wconf 90' lang='lat' dir='ltr'><strong>deos</strong></span> <span class='ocrx_word' id='word_1_673' title='bbox 1293 2426 1489 2487; x_wconf 88' lang='lat' dir='ltr'><strong>consuluisset,</strong></span> <span class='ocrx_word' id='word_1_674' title='bbox 1502 2440 1583 2493; x_wconf 82' lang='lat' dir='ltr'><strong>quant</strong></span> <span class='ocrx_word' id='word_1_675' title='bbox 1594 2424 1771 2491; x_wconf 90' lang='lat' dir='ltr'><strong>lupanaribus</strong></span> <span class='ocrx_word' id='word_1_676' title='bbox 1782 2429 1863 2488; x_wconf 90' lang='lat' dir='ltr'><strong>atque</strong></span> <span class='ocrx_word' id='word_1_677' title='bbox 1875 2426 2011 2489; x_wconf 79' lang='lat' dir='ltr'><strong>prostitu-</strong></span> 
     </span>
     <span class='ocr_line' id='line_1_98' title="bbox 1213 2492 2011 2562; baseline -0.003 -16"><span class='ocrx_word' id='word_1_678' title='bbox 1213 2497 1249 2546; x_wconf 89' lang='lat' dir='ltr'><strong>tis</strong></span> <span class='ocrx_word' id='word_1_679' title='bbox 1265 2496 1428 2548; x_wconf 86' lang='lat' dir='ltr'><strong>mandasset</strong></span> <span class='ocrx_word' id='word_1_680' title='bbox 1448 2495 1639 2562; x_wconf 87' lang='lat' dir='ltr'><strong>inquisitiones</strong></span> <span class='ocrx_word' id='word_1_681' title='bbox 1650 2509 1712 2546; x_wconf 82' lang='lat' dir='ltr'><strong>easr</strong></span> <span class='ocrx_word' id='word_1_682' title='bbox 1730 2493 1805 2544; x_wconf 90' lang='lat' dir='ltr'><strong>nulla</strong></span> <span class='ocrx_word' id='word_1_683' title='bbox 1826 2492 1952 2558; x_wconf 83' lang='lat' dir='ltr'><strong>proiecto</strong></span> <span class='ocrx_word' id='word_1_684' title='bbox 1969 2507 2011 2544; x_wconf 87' lang='lat' dir='ltr'><strong>sa·</strong></span> 
     </span>
     <span class='ocr_line' id='line_1_99' title="bbox 1213 2561 2011 2632; baseline -0.003 -16"><span class='ocrx_word' id='word_1_685' title='bbox 1213 2579 1270 2626; x_wconf 88' lang='lat' dir='ltr'><strong>cra,</strong></span> <span class='ocrx_word' id='word_1_686' title='bbox 1292 2565 1482 2618; x_wconf 87' lang='lat' dir='ltr'><strong>barbarilicet</strong></span> <span class='ocrx_word' id='word_1_687' title='bbox 1499 2563 1608 2632; x_wconf 80' lang='lat' dir='ltr'><strong>ferique</strong></span> <span class='ocrx_word' id='word_1_688' title='bbox 1624 2568 1703 2627; x_wconf 90' lang='lat' dir='ltr'><strong>ritus,</strong></span> <span class='ocrx_word' id='word_1_689' title='bbox 1722 2576 1776 2613; x_wconf 89' lang='lat' dir='ltr'><strong>non</strong></span> <span class='ocrx_word' id='word_1_690' title='bbox 1787 2561 1908 2623; x_wconf 87' lang='lat' dir='ltr'><strong>mitiora,</strong></span> <span class='ocrx_word' id='word_1_691' title='bbox 1930 2577 2011 2629; x_wconf 88' lang='lat' dir='ltr'><strong>quam</strong></span> 
     </span>
    </p>
   </div>
   <div class='ocr_carea' id='block_1_10' title="bbox 1194 2629 2011 2700">
    <p class='ocr_par' dir='ltr' id='par_1_12' title="bbox 1194 2629 2011 2700">
     <span class='ocr_line' id='line_1_100' title="bbox 1194 2629 2011 2700; baseline -0.005 -14"><span class='ocrx_word' id='word_1_692' title='bbox 1194 2668 1196 2671; x_wconf 93' lang='lat'>-</span> <span class='ocrx_word' id='word_1_693' title='bbox 1214 2635 1402 2700; x_wconf 82' lang='lat' dir='ltr'><strong>cogitationes</strong></span> <span class='ocrx_word' id='word_1_694' title='bbox 1413 2633 1620 2698; x_wconf 79' lang='lat' dir='ltr'><strong>eius,luissent.</strong></span> <span class='ocrx_word' id='word_1_695' title='bbox 1656 2631 1771 2687; x_wconf 77' lang='lat' dir='ltr'><strong>Samius</strong></span> <span class='ocrx_word' id='word_1_696' title='bbox 1781 2629 1823 2682; x_wconf 88' lang='lat' dir='ltr'><strong>sic</strong></span> <span class='ocrx_word' id='word_1_697' title='bbox 1834 2645 1885 2684; x_wconf 89' lang='lat' dir='ltr'><strong>nos</strong></span> <span class='ocrx_word' id='word_1_698' title='bbox 1895 2631 2011 2699; x_wconf 87' lang='lat' dir='ltr'><strong>replerit</strong></span> 
     </span>
    </p>
   </div>
   <div class='ocr_carea' id='block_1_11' title="bbox 1213 2703 2013 3734">
    <p class='ocr_par' dir='ltr' id='par_1_13' title="bbox 1213 2703 1327 2755">
     <span class='ocr_line' id='line_1_101' title="bbox 1213 2703 1327 2755; baseline -0.009 0"><span class='ocrx_word' id='word_1_699' title='bbox 1213 2703 1327 2755; x_wconf 90' lang='lat' dir='ltr'><strong>umbris.</strong></span> 
     </span>
    </p>

    <p class='ocr_par' dir='ltr' id='par_1_14' title="bbox 1213 2769 2013 3734">
     <span class='ocr_line' id='line_1_102' title="bbox 1248 2769 2009 2842; baseline -0.004 -18"><span class='ocrx_word' id='word_1_700' title='bbox 1248 2771 1296 2825; x_wconf 86' lang='lat' dir='ltr'><strong>Vl.</strong></span> <span class='ocrx_word' id='word_1_701' title='bbox 1316 2772 1385 2825; x_wconf 83' lang='lat' dir='ltr'><strong>Sunt</strong></span> <span class='ocrx_word' id='word_1_702' title='bbox 1396 2772 1530 2840; x_wconf 89' lang='lat' dir='ltr'><strong>quaedam</strong></span> <span class='ocrx_word' id='word_1_703' title='bbox 1541 2772 1635 2842; x_wconf 87' lang='lat' dir='ltr'><strong>Magis</strong></span> <span class='ocrx_word' id='word_1_704' title='bbox 1644 2772 1782 2841; x_wconf 76' lang='lat' dir='ltr'><strong>perfugia,</strong></span> <span class='ocrx_word' id='word_1_705' title='bbox 1801 2770 1891 2824; x_wconf 77' lang='lat' dir='ltr'><strong>veluti</strong></span> <span class='ocrx_word' id='word_1_706' title='bbox 1902 2769 2009 2838; x_wconf 86' lang='lat' dir='ltr'><strong>lentigi-</strong></span> 
     </span>
     <span class='ocr_line' id='line_1_103' title="bbox 1214 2840 2009 2910; baseline -0.003 -16"><span class='ocrx_word' id='word_1_707' title='bbox 1214 2856 1275 2895; x_wconf 87' lang='lat' dir='ltr'><strong>nem</strong></span> <span class='ocrx_word' id='word_1_708' title='bbox 1287 2841 1455 2895; x_wconf 88' lang='lat' dir='ltr'><strong>habentibus</strong></span> <span class='ocrx_word' id='word_1_709' title='bbox 1466 2858 1519 2893; x_wconf 90' lang='lat' dir='ltr'><strong>non</strong></span> <span class='ocrx_word' id='word_1_710' title='bbox 1531 2843 1645 2910; x_wconf 87' lang='lat' dir='ltr'><strong>obsequi</strong></span> <span class='ocrx_word' id='word_1_711' title='bbox 1659 2843 1776 2902; x_wconf 88' lang='lat' dir='ltr'><strong>numina,</strong></span> <span class='ocrx_word' id='word_1_712' title='bbox 1787 2846 1836 2893; x_wconf 91' lang='lat' dir='ltr'><strong>aut</strong></span> <span class='ocrx_word' id='word_1_713' title='bbox 1846 2840 1929 2892; x_wconf 86' lang='lat' dir='ltr'><strong>cerni.</strong></span> <span class='ocrx_word' id='word_1_714' title='bbox 1958 2840 2009 2892; x_wconf 93' lang='lat' dir='ltr'><strong>Ob·</strong></span> 
     </span>
     <span class='ocr_line' id='line_1_104' title="bbox 1213 2909 2009 2964; baseline -0.005 0"><span class='ocrx_word' id='word_1_715' title='bbox 1213 2919 1271 2964; x_wconf 87' lang='lat' dir='ltr'><strong>stet</strong></span> <span class='ocrx_word' id='word_1_716' title='bbox 1281 2911 1355 2963; x_wconf 77' lang='lat' dir='ltr'><strong>forte</strong></span> <span class='ocrx_word' id='word_1_717' title='bbox 1367 2909 1420 2961; x_wconf 90' lang='lat' dir='ltr'><strong>hoc</strong></span> <span class='ocrx_word' id='word_1_718' title='bbox 1431 2914 1458 2961; x_wconf 90' lang='lat' dir='ltr'><strong>in</strong></span> <span class='ocrx_word' id='word_1_719' title='bbox 1473 2910 1539 2962; x_wconf 74' lang='lat' dir='ltr'><strong>illo!</strong></span> <span class='ocrx_word' id='word_1_720' title='bbox 1576 2911 1653 2963; x_wconf 85' lang='lat' dir='ltr'><strong>Nihil</strong></span> <span class='ocrx_word' id='word_1_721' title='bbox 1664 2911 1794 2964; x_wconf 75' lang='lat' dir='ltr'><strong>nmnrbris</strong></span> <span class='ocrx_word' id='word_1_722' title='bbox 1803 2910 1903 2964; x_wconf 85' lang='lat' dir='ltr'><strong>deluit.</strong></span> <span class='ocrx_word' id='word_1_723' title='bbox 1938 2909 2009 2961; x_wconf 86' lang='lat' dir='ltr'><strong>Nam</strong></span> 
     </span>
     <span class='ocr_line' id='line_1_105' title="bbox 1214 2978 2008 3047; baseline -0.006 -14"><span class='ocrx_word' id='word_1_724' title='bbox 1214 2981 1275 3033; x_wconf 90' lang='lat' dir='ltr'><strong>dies</strong></span> <span class='ocrx_word' id='word_1_725' title='bbox 1286 2979 1392 3047; x_wconf 85' lang='lat' dir='ltr'><strong>eligere</strong></span> <span class='ocrx_word' id='word_1_726' title='bbox 1402 2986 1494 3031; x_wconf 86' lang='lat' dir='ltr'><strong>certos</strong></span> <span class='ocrx_word' id='word_1_727' title='bbox 1506 2980 1622 3030; x_wconf 88' lang='lat' dir='ltr'><strong>liberum</strong></span> <span class='ocrx_word' id='word_1_728' title='bbox 1633 2989 1710 3032; x_wconf 68' lang='lat' dir='ltr'><strong>erate</strong></span> <span class='ocrx_word' id='word_1_729' title='bbox 1731 2980 1850 3046; x_wconf 88' lang='lat' dir='ltr'><strong>pecudes</strong></span> <span class='ocrx_word' id='word_1_730' title='bbox 1861 2993 1935 3041; x_wconf 83' lang='lat' dir='ltr'><strong>sero,</strong></span> <span class='ocrx_word' id='word_1_731' title='bbox 1951 2978 2008 3047; x_wconf 92' lang='lat' dir='ltr'><strong>qui·</strong></span> 
     </span>
     <span class='ocr_line' id='line_1_106' title="bbox 1213 3047 2009 3111; baseline -0.009 -7"><span class='ocrx_word' id='word_1_732' title='bbox 1213 3052 1266 3104; x_wconf 91' lang='lat' dir='ltr'><strong>bus</strong></span> <span class='ocrx_word' id='word_1_733' title='bbox 1278 3065 1333 3102; x_wconf 89' lang='lat' dir='ltr'><strong>oon</strong></span> <span class='ocrx_word' id='word_1_734' title='bbox 1345 3048 1398 3100; x_wconf 90' lang='lat' dir='ltr'><strong>nisi</strong></span> <span class='ocrx_word' id='word_1_735' title='bbox 1409 3057 1470 3100; x_wconf 88' lang='lat' dir='ltr'><strong>ater</strong></span> <span class='ocrx_word' id='word_1_736' title='bbox 1481 3048 1653 3111; x_wconf 80' lang='lat' dir='ltr'><strong>colorasset,</strong></span> <span class='ocrx_word' id='word_1_737' title='bbox 1675 3048 1768 3101; x_wconf 82' lang='lat' dir='ltr'><strong>lacile.</strong></span> <span class='ocrx_word' id='word_1_738' title='bbox 1804 3050 1874 3102; x_wconf 82' lang='lat' dir='ltr'><strong>h&#39;anr</strong></span> <span class='ocrx_word' id='word_1_739' title='bbox 1887 3047 2009 3100; x_wconf 78' lang='lat' dir='ltr'><strong>huorines</strong></span> 
     </span>
     <span class='ocr_line' id='line_1_107' title="bbox 1213 3117 2009 3185; baseline -0.004 -14"><span class='ocrx_word' id='word_1_740' title='bbox 1213 3119 1361 3171; x_wconf 89' lang='lat' dir='ltr'><strong>immolare</strong></span> <span class='ocrx_word' id='word_1_741' title='bbox 1376 3119 1459 3170; x_wconf 88' lang='lat' dir='ltr'><strong>etiam</strong></span> <span class='ocrx_word' id='word_1_742' title='bbox 1471 3117 1666 3185; x_wconf 88' lang='lat' dir='ltr'><strong>gratissimum.</strong></span> <span class='ocrx_word' id='word_1_743' title='bbox 1702 3118 1805 3184; x_wconf 90' lang='lat' dir='ltr'><strong>Magus</strong></span> <span class='ocrx_word' id='word_1_744' title='bbox 1816 3118 1851 3170; x_wconf 91' lang='lat' dir='ltr'><strong>ad</strong></span> <span class='ocrx_word' id='word_1_745' title='bbox 1863 3133 1926 3169; x_wconf 83' lang='lat' dir='ltr'><strong>eunt</strong></span> <span class='ocrx_word' id='word_1_746' title='bbox 1937 3117 2009 3169; x_wconf 82' lang='lat' dir='ltr'><strong>Tiri·</strong></span> 
     </span>
     <span class='ocr_line' id='line_1_108' title="bbox 1214 3185 2009 3255; baseline -0.003 -16"><span class='ocrx_word' id='word_1_747' title='bbox 1214 3188 1434 3250; x_wconf 83' lang='lat' dir='ltr'><strong>datesrenerat,</strong></span> <span class='ocrx_word' id='word_1_748' title='bbox 1453 3189 1645 3240; x_wconf 78' lang='lat' dir='ltr'><strong>droieniacum</strong></span> <span class='ocrx_word' id='word_1_749' title='bbox 1664 3187 1698 3240; x_wconf 90' lang='lat' dir='ltr'><strong>de</strong></span> <span class='ocrx_word' id='word_1_750' title='bbox 1717 3202 1748 3240; x_wconf 87' lang='lat' dir='ltr'><strong>se</strong></span> <span class='ocrx_word' id='word_1_751' title='bbox 1764 3187 1931 3255; x_wconf 89' lang='lat' dir='ltr'><strong>triumphum</strong></span> <span class='ocrx_word' id='word_1_752' title='bbox 1944 3185 2009 3238; x_wconf 78' lang='lat' dir='ltr'><strong>affe·</strong></span> 
     </span>
     <span class='ocr_line' id='line_1_109' title="bbox 1215 3256 2010 3325; baseline -0.006 -15"><span class='ocrx_word' id='word_1_753' title='bbox 1215 3274 1287 3321; x_wconf 90' lang='lat' dir='ltr'><strong>rens,</strong></span> <span class='ocrx_word' id='word_1_754' title='bbox 1309 3264 1338 3311; x_wconf 90' lang='lat' dir='ltr'><strong>et</strong></span> <span class='ocrx_word' id='word_1_755' title='bbox 1349 3257 1412 3310; x_wconf 89' lang='lat' dir='ltr'><strong>ideo</strong></span> <span class='ocrx_word' id='word_1_756' title='bbox 1424 3257 1572 3324; x_wconf 74' lang='lat' dir='ltr'><strong>provinciis</strong></span> <span class='ocrx_word' id='word_1_757' title='bbox 1583 3257 1686 3325; x_wconf 83' lang='lat' dir='ltr'><strong>gravis.</strong></span> <span class='ocrx_word' id='word_1_758' title='bbox 1724 3256 1864 3325; x_wconf 88' lang='lat' dir='ltr'><strong>Narigare</strong></span> <span class='ocrx_word' id='word_1_759' title='bbox 1874 3257 2010 3316; x_wconf 88' lang='lat' dir='ltr'><strong>noluerat,</strong></span> 
     </span>
     <span class='ocr_line' id='line_1_110' title="bbox 1215 3326 2011 3395; baseline -0.001 -17"><span class='ocrx_word' id='word_1_760' title='bbox 1215 3327 1343 3395; x_wconf 90' lang='lat' dir='ltr'><strong>quoniam</strong></span> <span class='ocrx_word' id='word_1_761' title='bbox 1355 3341 1491 3395; x_wconf 81' lang='lat' dir='ltr'><strong>exspuere</strong></span> <span class='ocrx_word' id='word_1_762' title='bbox 1508 3329 1534 3376; x_wconf 90' lang='lat' dir='ltr'><strong>in</strong></span> <span class='ocrx_word' id='word_1_763' title='bbox 1547 3329 1646 3390; x_wconf 89' lang='lat' dir='ltr'><strong>maria,</strong></span> <span class='ocrx_word' id='word_1_764' title='bbox 1666 3326 1784 3394; x_wconf 90' lang='lat' dir='ltr'><strong>aliisque</strong></span> <span class='ocrx_word' id='word_1_765' title='bbox 1797 3328 1953 3378; x_wconf 89' lang='lat' dir='ltr'><strong>mortalium</strong></span> <span class='ocrx_word' id='word_1_766' title='bbox 1965 3341 2011 3377; x_wconf 89' lang='lat' dir='ltr'><strong>ne·</strong></span> 
     </span>
     <span class='ocr_line' id='line_1_111' title="bbox 1214 3395 2011 3462; baseline -0.004 -14"><span class='ocrx_word' id='word_1_767' title='bbox 1214 3398 1392 3450; x_wconf 87' lang='lat' dir='ltr'><strong>cessitatibus</strong></span> <span class='ocrx_word' id='word_1_768' title='bbox 1412 3395 1517 3448; x_wconf 84' lang='lat' dir='ltr'><strong>violare</strong></span> <span class='ocrx_word' id='word_1_769' title='bbox 1538 3401 1664 3448; x_wconf 89' lang='lat' dir='ltr'><strong>naturam</strong></span> <span class='ocrx_word' id='word_1_770' title='bbox 1686 3411 1745 3447; x_wconf 92' lang='lat' dir='ltr'><strong>eam</strong></span> <span class='ocrx_word' id='word_1_771' title='bbox 1767 3395 1883 3448; x_wconf 80' lang='lat' dir='ltr'><strong>iasnon</strong></span> <span class='ocrx_word' id='word_1_772' title='bbox 1904 3402 2011 3462; x_wconf 90' lang='lat' dir='ltr'><strong>putant.</strong></span> 
     </span>
     <span class='ocr_line' id='line_1_112' title="bbox 1214 3465 2011 3533; baseline -0.006 -16"><span class='ocrx_word' id='word_1_773' title='bbox 1214 3467 1314 3533; x_wconf 80' lang='lat' dir='ltr'><strong>Magus</strong></span> <span class='ocrx_word' id='word_1_774' title='bbox 1324 3481 1416 3517; x_wconf 88' lang='lat' dir='ltr'><strong>seeum</strong></span> <span class='ocrx_word' id='word_1_775' title='bbox 1428 3465 1591 3519; x_wconf 74' lang='lat' dir='ltr'><strong>adduxerat.</strong></span> <span class='ocrx_word' id='word_1_776' title='bbox 1620 3465 1739 3532; x_wconf 85' lang='lat' dir='ltr'><strong>Magicis</strong></span> <span class='ocrx_word' id='word_1_777' title='bbox 1751 3466 1835 3518; x_wconf 87' lang='lat' dir='ltr'><strong>etiam</strong></span> <span class='ocrx_word' id='word_1_778' title='bbox 1847 3465 1940 3518; x_wconf 87' lang='lat' dir='ltr'><strong>coenis</strong></span> <span class='ocrx_word' id='word_1_779' title='bbox 1950 3477 2011 3515; x_wconf 84' lang='lat' dir='ltr'><strong>enm</strong></span> 
     </span>
     <span class='ocr_line' id='line_1_113' title="bbox 1214 3529 2013 3600; baseline 0 -17"><span class='ocrx_word' id='word_1_780' title='bbox 1214 3537 1384 3585; x_wconf 75' lang='lat' dir='ltr'><strong>initiaverat.</strong></span> <span class='ocrx_word' id='word_1_781' title='bbox 1419 3535 1479 3587; x_wconf 89' lang='lat' dir='ltr'><strong>Nun</strong></span> <span class='ocrx_word' id='word_1_782' title='bbox 1491 3543 1655 3586; x_wconf 89' lang='lat' dir='ltr'><strong>tamencum</strong></span> <span class='ocrx_word' id='word_1_783' title='bbox 1668 3551 1779 3600; x_wconf 86' lang='lat' dir='ltr'><strong>regnum</strong></span> <span class='ocrx_word' id='word_1_784' title='bbox 1793 3535 1818 3585; x_wconf 89' lang='lat' dir='ltr'><strong>ei</strong></span> <span class='ocrx_word' id='word_1_785' title='bbox 1831 3534 1916 3594; x_wconf 86' lang='lat' dir='ltr'><strong>daret,</strong></span> <span class='ocrx_word' id='word_1_786' title='bbox 1940 3529 2013 3583; x_wconf 91' lang='lat' dir='ltr'><strong>hanc</strong></span> 
     </span>
     <span class='ocr_line' id='line_1_114' title="bbox 1215 3596 2011 3666; baseline -0.001 -13"><span class='ocrx_word' id='word_1_787' title='bbox 1215 3596 1253 3653; x_wconf 79' lang='lat' dir='ltr'><strong>ab</strong></span> <span class='ocrx_word' id='word_1_788' title='bbox 1261 3617 1294 3653; x_wconf 86' lang='lat' dir='ltr'><strong>eu</strong></span> <span class='ocrx_word' id='word_1_789' title='bbox 1306 3603 1431 3666; x_wconf 88' lang='lat' dir='ltr'><strong>accipere</strong></span> <span class='ocrx_word' id='word_1_790' title='bbox 1442 3609 1529 3652; x_wconf 89' lang='lat' dir='ltr'><strong>artem</strong></span> <span class='ocrx_word' id='word_1_791' title='bbox 1541 3604 1638 3653; x_wconf 83' lang='lat' dir='ltr'><strong>valuit.</strong></span> <span class='ocrx_word' id='word_1_792' title='bbox 1667 3603 1784 3653; x_wconf 86' lang='lat' dir='ltr'><strong>Proinde</strong></span> <span class='ocrx_word' id='word_1_793' title='bbox 1795 3603 1835 3652; x_wconf 88' lang='lat' dir='ltr'><strong>ita</strong></span> <span class='ocrx_word' id='word_1_794' title='bbox 1846 3614 2011 3666; x_wconf 88' lang='lat' dir='ltr'><strong>persuasum</strong></span> 
     </span>
     <span class='ocr_line' id='line_1_115' title="bbox 1214 3668 2011 3734; baseline 0.001 -13"><span class='ocrx_word' id='word_1_795' title='bbox 1214 3673 1260 3733; x_wconf 91' lang='lat' dir='ltr'><strong>sit,</strong></span> <span class='ocrx_word' id='word_1_796' title='bbox 1271 3668 1466 3731; x_wconf 88' lang='lat' dir='ltr'><strong>intestabilem,</strong></span> <span class='ocrx_word' id='word_1_797' title='bbox 1475 3671 1593 3734; x_wconf 88' lang='lat' dir='ltr'><strong>irritam,</strong></span> <span class='ocrx_word' id='word_1_798' title='bbox 1606 3673 1712 3721; x_wconf 88' lang='lat' dir='ltr'><strong>inanem</strong></span> <span class='ocrx_word' id='word_1_799' title='bbox 1724 3683 1793 3732; x_wconf 88' lang='lat' dir='ltr'><strong>esse,</strong></span> <span class='ocrx_word' id='word_1_800' title='bbox 1809 3668 1955 3721; x_wconf 89' lang='lat' dir='ltr'><strong>habentem</strong></span> <span class='ocrx_word' id='word_1_801' title='bbox 1967 3678 2011 3722; x_wconf 86' lang='lat' dir='ltr'><strong>ta·</strong></span> 
     </span>
    </p>
   </div>
   <div class='ocr_carea' id='block_1_12' title="bbox 1193 3732 2011 3804">
    <p class='ocr_par' dir='ltr' id='par_1_15' title="bbox 1193 3732 2011 3804">
     <span class='ocr_line' id='line_1_116' title="bbox 1193 3732 2011 3804; baseline -0.002 -13"><span class='ocrx_word' id='word_1_802' title='bbox 1193 3732 1199 3795; x_wconf 66' lang='grc' dir='ltr'>ζ</span> <span class='ocrx_word' id='word_1_803' title='bbox 1215 3755 1281 3791; x_wconf 86' lang='lat' dir='ltr'><strong>men</strong></span> <span class='ocrx_word' id='word_1_804' title='bbox 1288 3738 1420 3804; x_wconf 91' lang='lat' dir='ltr'><strong>quasdam</strong></span> <span class='ocrx_word' id='word_1_805' title='bbox 1431 3740 1559 3791; x_wconf 79' lang='lat' dir='ltr'><strong>veritatis</strong></span> <span class='ocrx_word' id='word_1_806' title='bbox 1577 3742 1699 3791; x_wconf 86' lang='lat' dir='ltr'><strong>urnbras:</strong></span> <span class='ocrx_word' id='word_1_807' title='bbox 1719 3737 1807 3789; x_wconf 87' lang='lat' dir='ltr'><strong>sedin</strong></span> <span class='ocrx_word' id='word_1_808' title='bbox 1820 3736 1862 3789; x_wconf 86' lang='lat' dir='ltr'><strong>his</strong></span> <span class='ocrx_word' id='word_1_809' title='bbox 1872 3738 2011 3791; x_wconf 83' lang='lat' dir='ltr'><strong>renehcas</strong></span> 
     </span>
    </p>
   </div>
   <div class='ocr_carea' id='block_1_13' title="bbox 1214 3804 2089 4015">
    <p class='ocr_par' dir='ltr' id='par_1_16' title="bbox 1214 3804 2089 4015">
     <span class='ocr_line' id='line_1_117' title="bbox 1215 3804 2011 3876; baseline 0.003 -17"><span class='ocrx_word' id='word_1_810' title='bbox 1215 3813 1291 3859; x_wconf 90' lang='lat' dir='ltr'><strong>artes</strong></span> <span class='ocrx_word' id='word_1_811' title='bbox 1301 3804 1415 3871; x_wconf 86' lang='lat' dir='ltr'><strong>pollere,</strong></span> <span class='ocrx_word' id='word_1_812' title='bbox 1438 3820 1492 3857; x_wconf 90' lang='lat' dir='ltr'><strong>non</strong></span> <span class='ocrx_word' id='word_1_813' title='bbox 1511 3810 1640 3875; x_wconf 85' lang='lat' dir='ltr'><strong>magicas.</strong></span> <span class='ocrx_word' id='word_1_814' title='bbox 1677 3810 1798 3871; x_wconf 77' lang='lat' dir='ltr'><strong>Quaerat</strong></span> <span class='ocrx_word' id='word_1_815' title='bbox 1808 3808 1919 3875; x_wconf 87' lang='lat' dir='ltr'><strong>aliquis,</strong></span> <span class='ocrx_word' id='word_1_816' title='bbox 1940 3824 2011 3876; x_wconf 89' lang='lat' dir='ltr'><strong>quae</strong></span> 
     </span>
     <span class='ocr_line' id='line_1_118' title="bbox 1214 3873 2010 3945; baseline 0.001 -17"><span class='ocrx_word' id='word_1_817' title='bbox 1214 3877 1271 3928; x_wconf 91' lang='lat' dir='ltr'><strong>sint</strong></span> <span class='ocrx_word' id='word_1_818' title='bbox 1282 3873 1389 3925; x_wconf 86' lang='lat' dir='ltr'><strong>mentiti</strong></span> <span class='ocrx_word' id='word_1_819' title='bbox 1398 3880 1506 3926; x_wconf 79' lang='lat' dir='ltr'><strong>veteres</strong></span> <span class='ocrx_word' id='word_1_820' title='bbox 1517 3877 1606 3945; x_wconf 87' lang='lat' dir='ltr'><strong>Magi,</strong></span> <span class='ocrx_word' id='word_1_821' title='bbox 1622 3893 1680 3929; x_wconf 90' lang='lat' dir='ltr'><strong>cnm</strong></span> <span class='ocrx_word' id='word_1_822' title='bbox 1695 3877 1919 3929; x_wconf 89' lang='lat' dir='ltr'><strong>adolescentibus</strong></span> <span class='ocrx_word' id='word_1_823' title='bbox 1931 3879 2010 3929; x_wconf 76' lang='lat' dir='ltr'><strong>uirbis</strong></span> 
     </span>
     <span class='ocr_line' id='line_1_119' title="bbox 1214 3943 2089 4015; baseline 0.001 -19"><span class='ocrx_word' id='word_1_824' title='bbox 1214 3946 1290 3996; x_wconf 88' lang='lat' dir='ltr'><strong>risus</strong></span> <span class='ocrx_word' id='word_1_825' title='bbox 1301 3943 1399 4008; x_wconf 76' lang='lat' dir='ltr'><strong>Apion,</strong></span> <span class='ocrx_word' id='word_1_826' title='bbox 1410 3947 1609 4010; x_wconf 78' lang='lat' dir='ltr'><strong>grammmieue</strong></span> <span class='ocrx_word' id='word_1_827' title='bbox 1622 3948 1704 4010; x_wconf 88' lang='lat' dir='ltr'><strong>artis,</strong></span> <span class='ocrx_word' id='word_1_828' title='bbox 1724 3946 1877 4013; x_wconf 87' lang='lat' dir='ltr'><strong>prodiderit</strong></span> <span class='ocrx_word' id='word_1_829' title='bbox 1888 3963 2008 4015; x_wconf 74' lang='lat' dir='ltr'><strong>epirote·</strong></span> <span class='ocrx_word' id='word_1_830' title='bbox 2035 3986 2048 3997; x_wconf 84' lang='grc'>.</span> <span class='ocrx_word' id='word_1_831' title='bbox 2084 3952 2089 3963; x_wconf 83' lang='grc'>’</span> 
     </span>
    </p>
   </div>
   <div class='ocr_carea' id='block_1_14' title="bbox 1194 4011 2033 4085">
    <p class='ocr_par' dir='ltr' id='par_1_17' title="bbox 1194 4011 2033 4085">
     <span class='ocr_line' id='line_1_120' title="bbox 1194 4011 2033 4085; baseline 0.005 -20"><span class='ocrx_word' id='word_1_832' title='bbox 1194 4076 1197 4082; x_wconf 31' lang='grc' dir='ltr'>Ι</span> <span class='ocrx_word' id='word_1_833' title='bbox 1213 4013 1335 4082; x_wconf 88' lang='lat' dir='ltr'><strong>phaliam</strong></span> <span class='ocrx_word' id='word_1_834' title='bbox 1347 4011 1474 4077; x_wconf 87' lang='lat' dir='ltr'><strong>herbam,</strong></span> <span class='ocrx_word' id='word_1_835' title='bbox 1494 4030 1566 4082; x_wconf 90' lang='lat' dir='ltr'><strong>quae</strong></span> <span class='ocrx_word' id='word_1_836' title='bbox 1583 4017 1611 4068; x_wconf 89' lang='lat' dir='ltr'><strong>iu</strong></span> <span class='ocrx_word' id='word_1_837' title='bbox 1624 4019 1748 4085; x_wconf 76' lang='lat' dir='ltr'><strong>Aegypto</strong></span> <span class='ocrx_word' id='word_1_838' title='bbox 1764 4025 1911 4069; x_wconf 75' lang='lat' dir='ltr'><strong>rotaretur</strong></span> <span class='ocrx_word' id='word_1_839' title='bbox 1931 4018 2033 4069; x_wconf 87' lang='lat' dir='ltr'><strong>osiri·&#39;</strong></span> 
     </span>
    </p>
   </div>
   <div class='ocr_carea' id='block_1_15' title="bbox 1212 4082 2014 5048">
    <p class='ocr_par' dir='ltr' id='par_1_18' title="bbox 1212 4082 2014 5048">
     <span class='ocr_line' id='line_1_121' title="bbox 1214 4082 2010 4147; baseline -0.001 -11"><span class='ocrx_word' id='word_1_840' title='bbox 1214 4092 1267 4146; x_wconf 89' lang='lat' dir='ltr'><strong>tes,</strong></span> <span class='ocrx_word' id='word_1_841' title='bbox 1277 4082 1407 4147; x_wconf 80' lang='lat' dir='ltr'><strong>divinam,</strong></span> <span class='ocrx_word' id='word_1_842' title='bbox 1429 4091 1457 4135; x_wconf 91' lang='lat' dir='ltr'><strong>et</strong></span> <span class='ocrx_word' id='word_1_843' title='bbox 1474 4091 1573 4137; x_wconf 88' lang='lat' dir='ltr'><strong>contro</strong></span> <span class='ocrx_word' id='word_1_844' title='bbox 1583 4088 1677 4138; x_wconf 88' lang='lat' dir='ltr'><strong>omnia</strong></span> <span class='ocrx_word' id='word_1_845' title='bbox 1689 4087 1841 4140; x_wconf 71' lang='lat' dir='ltr'><strong>reneliciar</strong></span> <span class='ocrx_word' id='word_1_846' title='bbox 1856 4087 1938 4137; x_wconf 90' lang='lat' dir='ltr'><strong>sedai</strong></span> <span class='ocrx_word' id='word_1_847' title='bbox 1951 4093 2010 4136; x_wconf 90' lang='lat' dir='ltr'><strong>tota</strong></span> 
     </span>
     <span class='ocr_line' id='line_1_122' title="bbox 1215 4154 2010 4223; baseline -0.003 -16"><span class='ocrx_word' id='word_1_848' title='bbox 1215 4159 1370 4214; x_wconf 89' lang='lat' dir='ltr'><strong>erueretur,</strong></span> <span class='ocrx_word' id='word_1_849' title='bbox 1380 4154 1475 4205; x_wconf 89' lang='lat' dir='ltr'><strong>statim</strong></span> <span class='ocrx_word' id='word_1_850' title='bbox 1487 4169 1549 4207; x_wconf 90' lang='lat' dir='ltr'><strong>eum</strong></span> <span class='ocrx_word' id='word_1_851' title='bbox 1561 4155 1606 4222; x_wconf 90' lang='lat' dir='ltr'><strong>qui</strong></span> <span class='ocrx_word' id='word_1_852' title='bbox 1618 4156 1747 4217; x_wconf 89' lang='lat' dir='ltr'><strong>eruisset,</strong></span> <span class='ocrx_word' id='word_1_853' title='bbox 1759 4156 1842 4207; x_wconf 88' lang='lat' dir='ltr'><strong>mori:</strong></span> <span class='ocrx_word' id='word_1_854' title='bbox 1854 4170 1937 4223; x_wconf 85' lang='lat' dir='ltr'><strong>seque</strong></span> <span class='ocrx_word' id='word_1_855' title='bbox 1948 4168 2010 4206; x_wconf 85' lang='lat' dir='ltr'><strong>ero·</strong></span> 
     </span>
     <span class='ocr_line' id='line_1_123' title="bbox 1215 4221 2009 4290; baseline -0.003 -15"><span class='ocrx_word' id='word_1_856' title='bbox 1215 4239 1292 4275; x_wconf 91' lang='lat' dir='ltr'><strong>oasse</strong></span> <span class='ocrx_word' id='word_1_857' title='bbox 1302 4223 1415 4274; x_wconf 90' lang='lat' dir='ltr'><strong>umbras</strong></span> <span class='ocrx_word' id='word_1_858' title='bbox 1425 4221 1459 4272; x_wconf 89' lang='lat' dir='ltr'><strong>ad</strong></span> <span class='ocrx_word' id='word_1_859' title='bbox 1472 4223 1685 4290; x_wconf 90' lang='lat' dir='ltr'><strong>percontandum</strong></span> <span class='ocrx_word' id='word_1_860' title='bbox 1699 4227 1870 4286; x_wconf 90' lang='lat' dir='ltr'><strong>Homerum,</strong></span> <span class='ocrx_word' id='word_1_861' title='bbox 1894 4238 2009 4290; x_wconf 86' lang='lat' dir='ltr'><strong>quanam</strong></span> 
     </span>
     <span class='ocr_line' id='line_1_124' title="bbox 1215 4293 2010 4362; baseline 0 -19"><span class='ocrx_word' id='word_1_862' title='bbox 1215 4293 1315 4360; x_wconf 89' lang='lat' dir='ltr'><strong>patria,</strong></span> <span class='ocrx_word' id='word_1_863' title='bbox 1336 4293 1490 4358; x_wconf 85' lang='lat' dir='ltr'><strong>quibusque</strong></span> <span class='ocrx_word' id='word_1_864' title='bbox 1507 4293 1667 4358; x_wconf 85' lang='lat' dir='ltr'><strong>parentibus</strong></span> <span class='ocrx_word' id='word_1_865' title='bbox 1683 4298 1790 4362; x_wconf 84' lang='lat' dir='ltr'><strong>genitus</strong></span> <span class='ocrx_word' id='word_1_866' title='bbox 1803 4301 1885 4355; x_wconf 88' lang='lat' dir='ltr'><strong>esset,</strong></span> <span class='ocrx_word' id='word_1_867' title='bbox 1904 4308 1956 4345; x_wconf 90' lang='lat' dir='ltr'><strong>oon</strong></span> <span class='ocrx_word' id='word_1_868' title='bbox 1967 4300 2010 4344; x_wconf 90' lang='lat' dir='ltr'><strong>ta·</strong></span> 
     </span>
     <span class='ocr_line' id='line_1_125' title="bbox 1214 4360 1976 4429; baseline -0.001 -15"><span class='ocrx_word' id='word_1_869' title='bbox 1214 4377 1278 4414; x_wconf 89' lang='lat' dir='ltr'><strong>meu</strong></span> <span class='ocrx_word' id='word_1_870' title='bbox 1288 4375 1372 4412; x_wconf 90' lang='lat' dir='ltr'><strong>ausus</strong></span> <span class='ocrx_word' id='word_1_871' title='bbox 1384 4360 1518 4426; x_wconf 79' lang='lat' dir='ltr'><strong>profiteri,</strong></span> <span class='ocrx_word' id='word_1_872' title='bbox 1533 4362 1599 4428; x_wconf 88' lang='lat' dir='ltr'><strong>quid</strong></span> <span class='ocrx_word' id='word_1_873' title='bbox 1610 4363 1665 4414; x_wconf 91' lang='lat' dir='ltr'><strong>sibi</strong></span> <span class='ocrx_word' id='word_1_874' title='bbox 1679 4364 1855 4429; x_wconf 88' lang='lat' dir='ltr'><strong>respondisse</strong></span> <span class='ocrx_word' id='word_1_875' title='bbox 1865 4361 1976 4414; x_wconf 86' lang='lat' dir='ltr'><strong>diceret.</strong></span> 
     </span>
     <span class='ocr_line' id='line_1_126' title="bbox 1249 4424 2010 4500; baseline -0.005 -17"><span class='ocrx_word' id='word_1_876' title='bbox 1249 4429 1311 4483; x_wconf 85' lang='lat' dir='ltr'><strong>vu.</strong></span> <span class='ocrx_word' id='word_1_877' title='bbox 1330 4424 1476 4482; x_wconf 73' lang='lat' dir='ltr'><strong>peculiare</strong></span> <span class='ocrx_word' id='word_1_878' title='bbox 1494 4431 1627 4483; x_wconf 87' lang='lat' dir='ltr'><strong>vanitatis</strong></span> <span class='ocrx_word' id='word_1_879' title='bbox 1646 4432 1686 4483; x_wconf 91' lang='lat' dir='ltr'><strong>sit</strong></span> <span class='ocrx_word' id='word_1_880' title='bbox 1706 4439 1918 4500; x_wconf 86' lang='lat' dir='ltr'><strong>argumentum,</strong></span> <span class='ocrx_word' id='word_1_881' title='bbox 1938 4427 2010 4497; x_wconf 89' lang='lat' dir='ltr'><strong>quod</strong></span> 
     </span>
     <span class='ocr_line' id='line_1_127' title="bbox 1214 4499 2012 4567; baseline -0.005 -15"><span class='ocrx_word' id='word_1_882' title='bbox 1214 4499 1375 4553; x_wconf 88' lang='lat' dir='ltr'><strong>animalium</strong></span> <span class='ocrx_word' id='word_1_883' title='bbox 1387 4504 1549 4551; x_wconf 82' lang='lat' dir='ltr'><strong>curatorum</strong></span> <span class='ocrx_word' id='word_1_884' title='bbox 1562 4501 1652 4567; x_wconf 87' lang='lat' dir='ltr'><strong>talpas</strong></span> <span class='ocrx_word' id='word_1_885' title='bbox 1667 4502 1787 4554; x_wconf 87' lang='lat' dir='ltr'><strong>maxime</strong></span> <span class='ocrx_word' id='word_1_886' title='bbox 1799 4503 1951 4562; x_wconf 84' lang='lat' dir='ltr'><strong>mirantur,</strong></span> <span class='ocrx_word' id='word_1_887' title='bbox 1968 4504 2012 4550; x_wconf 90' lang='lat' dir='ltr'><strong>tot</strong></span> 
     </span>
     <span class='ocr_line' id='line_1_128' title="bbox 1214 4569 2013 4637; baseline -0.004 -15"><span class='ocrx_word' id='word_1_888' title='bbox 1214 4570 1305 4622; x_wconf 89' lang='lat' dir='ltr'><strong>modis</strong></span> <span class='ocrx_word' id='word_1_889' title='bbox 1317 4584 1334 4620; x_wconf 92' lang='lat' dir='ltr'><strong>a</strong></span> <span class='ocrx_word' id='word_1_890' title='bbox 1344 4583 1435 4621; x_wconf 88' lang='lat' dir='ltr'><strong>rerum</strong></span> <span class='ocrx_word' id='word_1_891' title='bbox 1447 4575 1547 4621; x_wconf 88' lang='lat' dir='ltr'><strong>natura</strong></span> <span class='ocrx_word' id='word_1_892' title='bbox 1559 4569 1711 4631; x_wconf 85' lang='lat' dir='ltr'><strong>damnatas,</strong></span> <span class='ocrx_word' id='word_1_893' title='bbox 1724 4571 1860 4622; x_wconf 77' lang='lat' dir='ltr'><strong>caecitate</strong></span> <span class='ocrx_word' id='word_1_894' title='bbox 1873 4575 2013 4637; x_wconf 89' lang='lat' dir='ltr'><strong>perpetua,</strong></span> 
     </span>
     <span class='ocr_line' id='line_1_129' title="bbox 1214 4638 2012 4702; baseline -0.003 -11"><span class='ocrx_word' id='word_1_895' title='bbox 1214 4638 1336 4693; x_wconf 90' lang='lat' dir='ltr'><strong>tenebris</strong></span> <span class='ocrx_word' id='word_1_896' title='bbox 1351 4638 1501 4690; x_wconf 88' lang='lat' dir='ltr'><strong>etiamnum</strong></span> <span class='ocrx_word' id='word_1_897' title='bbox 1517 4638 1580 4691; x_wconf 89' lang='lat' dir='ltr'><strong>aliis</strong></span> <span class='ocrx_word' id='word_1_898' title='bbox 1595 4639 1730 4699; x_wconf 80' lang='lat' dir='ltr'><strong>delusam,</strong></span> <span class='ocrx_word' id='word_1_899' title='bbox 1750 4638 1923 4702; x_wconf 86' lang='lat' dir='ltr'><strong>sepultisque</strong></span> <span class='ocrx_word' id='word_1_900' title='bbox 1937 4638 2012 4689; x_wconf 78' lang='lat' dir='ltr'><strong>simi·</strong></span> 
     </span>
     <span class='ocr_line' id='line_1_130' title="bbox 1213 4704 2014 4776; baseline -0.004 -17"><span class='ocrx_word' id='word_1_901' title='bbox 1213 4708 1264 4761; x_wconf 91' lang='lat' dir='ltr'><strong>les.</strong></span> <span class='ocrx_word' id='word_1_902' title='bbox 1300 4706 1392 4760; x_wconf 87' lang='lat' dir='ltr'><strong>Nullis</strong></span> <span class='ocrx_word' id='word_1_903' title='bbox 1403 4723 1489 4776; x_wconf 90' lang='lat' dir='ltr'><strong>aeque</strong></span> <span class='ocrx_word' id='word_1_904' title='bbox 1504 4706 1622 4759; x_wconf 88' lang='lat' dir='ltr'><strong>credunt</strong></span> <span class='ocrx_word' id='word_1_905' title='bbox 1641 4708 1726 4760; x_wconf 83' lang='lat' dir='ltr'><strong>estis:</strong></span> <span class='ocrx_word' id='word_1_906' title='bbox 1746 4704 1850 4754; x_wconf 79' lang='lat' dir='ltr'><strong>nullum</strong></span> <span class='ocrx_word' id='word_1_907' title='bbox 1867 4704 2014 4770; x_wconf 86' lang='lat' dir='ltr'><strong>religionis</strong></span> 
     </span>
     <span class='ocr_line' id='line_1_131' title="bbox 1214 4772 2013 4839; baseline -0.004 -10"><span class='ocrx_word' id='word_1_908' title='bbox 1214 4792 1247 4829; x_wconf 81' lang='lat' dir='ltr'><strong>aa</strong></span> <span class='ocrx_word' id='word_1_909' title='bbox 1285 4777 1346 4829; x_wconf 90' lang='lat' dir='ltr'><strong>cius</strong></span> <span class='ocrx_word' id='word_1_910' title='bbox 1356 4777 1479 4828; x_wconf 88' lang='lat' dir='ltr'><strong>iudicant</strong></span> <span class='ocrx_word' id='word_1_911' title='bbox 1490 4775 1607 4827; x_wconf 68' lang='lat' dir='ltr'><strong>animale</strong></span> <span class='ocrx_word' id='word_1_912' title='bbox 1639 4781 1670 4826; x_wconf 92' lang='lat' dir='ltr'><strong>ut</strong></span> <span class='ocrx_word' id='word_1_913' title='bbox 1680 4773 1705 4824; x_wconf 89' lang='lat' dir='ltr'><strong>si</strong></span> <span class='ocrx_word' id='word_1_914' title='bbox 1715 4773 1775 4839; x_wconf 89' lang='lat' dir='ltr'><strong>quis</strong></span> <span class='ocrx_word' id='word_1_915' title='bbox 1786 4786 1835 4823; x_wconf 88' lang='lat' dir='ltr'><strong>cor</strong></span> <span class='ocrx_word' id='word_1_916' title='bbox 1846 4772 1906 4822; x_wconf 90' lang='lat' dir='ltr'><strong>eius</strong></span> <span class='ocrx_word' id='word_1_917' title='bbox 1916 4788 2013 4827; x_wconf 85' lang='lat' dir='ltr'><strong>recens</strong></span> 
     </span>
     <span class='ocr_line' id='line_1_132' title="bbox 1212 4791 2014 4914; baseline -0.001 -17"><span class='ocrx_word' id='word_1_918' title='bbox 1212 4791 1405 4914; x_wconf 61' lang='lat' dir='ltr'><strong>paffltansque</strong></span> <span class='ocrx_word' id='word_1_919' title='bbox 1417 4843 1542 4904; x_wconf 81' lang='lat' dir='ltr'><strong>devoret,</strong></span> <span class='ocrx_word' id='word_1_920' title='bbox 1563 4842 1740 4895; x_wconf 68' lang='lat' dir='ltr'><strong>divinationis</strong></span> <span class='ocrx_word' id='word_1_921' title='bbox 1751 4846 1881 4891; x_wconf 88' lang='lat' dir='ltr'><strong>etrerum</strong></span> <span class='ocrx_word' id='word_1_922' title='bbox 1893 4842 2014 4896; x_wconf 87' lang='lat' dir='ltr'><strong>efficien-</strong></span> 
     </span>
     <span class='ocr_line' id='line_1_133' title="bbox 1213 4908 2014 4977; baseline -0.001 -10"><span class='ocrx_word' id='word_1_923' title='bbox 1213 4915 1310 4967; x_wconf 87' lang='lat' dir='ltr'><strong>darum</strong></span> <span class='ocrx_word' id='word_1_924' title='bbox 1322 4919 1437 4965; x_wconf 78' lang='lat' dir='ltr'><strong>eventus</strong></span> <span class='ocrx_word' id='word_1_925' title='bbox 1447 4914 1621 4977; x_wconf 87' lang='lat' dir='ltr'><strong>promittant.</strong></span> <span class='ocrx_word' id='word_1_926' title='bbox 1664 4910 1758 4962; x_wconf 88' lang='lat' dir='ltr'><strong>Dente</strong></span> <span class='ocrx_word' id='word_1_927' title='bbox 1770 4908 1864 4976; x_wconf 91' lang='lat' dir='ltr'><strong>talpae</strong></span> <span class='ocrx_word' id='word_1_928' title='bbox 1875 4912 1954 4965; x_wconf 74' lang='lat' dir='ltr'><strong>rivae</strong></span> <span class='ocrx_word' id='word_1_929' title='bbox 1966 4928 2014 4965; x_wconf 83' lang='lat' dir='ltr'><strong>ex-</strong></span> 
     </span>
     <span class='ocr_line' id='line_1_134' title="bbox 1213 4978 2010 5048; baseline -0.006 -11"><span class='ocrx_word' id='word_1_930' title='bbox 1213 4990 1297 5045; x_wconf 85' lang='lat' dir='ltr'><strong>emto,</strong></span> <span class='ocrx_word' id='word_1_931' title='bbox 1316 4981 1409 5033; x_wconf 75' lang='lat' dir='ltr'><strong>sanari</strong></span> <span class='ocrx_word' id='word_1_932' title='bbox 1422 4980 1546 5032; x_wconf 88' lang='lat' dir='ltr'><strong>dentium</strong></span> <span class='ocrx_word' id='word_1_933' title='bbox 1565 4979 1679 5032; x_wconf 89' lang='lat' dir='ltr'><strong>dolores</strong></span> <span class='ocrx_word' id='word_1_934' title='bbox 1693 4978 1845 5048; x_wconf 85' lang='lat' dir='ltr'><strong>adalligato</strong></span> <span class='ocrx_word' id='word_1_935' title='bbox 1862 4980 2010 5035; x_wconf 81' lang='lat' dir='ltr'><strong>affirnram.</strong></span> 
     </span>
    </p>
   </div>
   <div class='ocr_carea' id='block_1_16' title="bbox 359 5034 2012 5615">
    <p class='ocr_par' dir='ltr' id='par_1_19' title="bbox 359 5034 2012 5615">
     <span class='ocr_line' id='line_1_135' title="bbox 361 5034 2012 5119; baseline 0.012 -35"><span class='ocrx_word' id='word_1_936' title='bbox 361 5034 674 5117; x_wconf 79' lang='lat' dir='ltr'><strong>auctoritatem-addidit</strong></span> <span class='ocrx_word' id='word_1_937' title='bbox 684 5043 855 5106; x_wconf 70' lang='lat' dir='ltr'><strong>professioni</strong></span> <span class='ocrx_word' id='word_1_938' title='bbox 864 5050 1001 5119; x_wconf 79' lang='lat' dir='ltr'><strong>secundus</strong></span> <span class='ocrx_word' id='word_1_939' title='bbox 1014 5049 1163 5115; x_wconf 86' lang='lat' dir='ltr'><strong>Osthanes,</strong></span> <span class='ocrx_word' id='word_1_940' title='bbox 1212 5055 1314 5106; x_wconf 86' lang='lat' dir='ltr'><strong>cetera</strong></span> <span class='ocrx_word' id='word_1_941' title='bbox 1324 5065 1358 5103; x_wconf 86' lang='lat' dir='ltr'><strong>ex</strong></span> <span class='ocrx_word' id='word_1_942' title='bbox 1369 5064 1403 5101; x_wconf 90' lang='lat' dir='ltr'><strong>eo</strong></span> <span class='ocrx_word' id='word_1_943' title='bbox 1421 5048 1532 5101; x_wconf 86' lang='lat' dir='ltr'><strong>animali</strong></span> <span class='ocrx_word' id='word_1_944' title='bbox 1549 5049 1654 5117; x_wconf 88' lang='lat' dir='ltr'><strong>piacita</strong></span> <span class='ocrx_word' id='word_1_945' title='bbox 1668 5063 1774 5111; x_wconf 87' lang='lat' dir='ltr'><strong>eornm,</strong></span> <span class='ocrx_word' id='word_1_946' title='bbox 1794 5051 1853 5103; x_wconf 87' lang='lat' dir='ltr'><strong>suis</strong></span> <span class='ocrx_word' id='word_1_947' title='bbox 1863 5050 2012 5103; x_wconf 87' lang='lat' dir='ltr'><strong>reddemus</strong></span> 
     </span>
     <span class='ocr_line' id='line_1_136' title="bbox 361 5111 2010 5189; baseline -0.001 -17"><span class='ocrx_word' id='word_1_948' title='bbox 361 5111 1159 5188; x_wconf 59' lang='lat' dir='ltr'><strong>muniemus0¹⁰rnatus.prinsquaquodnenodum·</strong></span> <span class='ocrx_word' id='word_1_949' title='bbox 1206 5121 1289 5173; x_wconf 86' lang='lat' dir='ltr'><strong>locis.</strong></span> <span class='ocrx_word' id='word_1_950' title='bbox 1324 5118 1541 5185; x_wconf 87' lang='lat' dir='ltr'><strong>Necquidqusm</strong></span> <span class='ocrx_word' id='word_1_951' title='bbox 1557 5118 1728 5185; x_wconf 88' lang='lat' dir='ltr'><strong>probabilius</strong></span> <span class='ocrx_word' id='word_1_952' title='bbox 1742 5120 1908 5184; x_wconf 81' lang='lat' dir='ltr'><strong>invenietur,</strong></span> <span class='ocrx_word' id='word_1_953' title='bbox 1928 5136 2010 5189; x_wconf 91' lang='lat' dir='ltr'><strong>quam</strong></span> 
     </span>
     <span class='ocr_line' id='line_1_137' title="bbox 360 5174 2012 5257; baseline -0.001 -14"><span class='ocrx_word' id='word_1_954' title='bbox 360 5179 411 5234; x_wconf 59' lang='lat' dir='ltr'><strong>“ir</strong></span> <span class='ocrx_word' id='word_1_955' title='bbox 423 5174 517 5226; x_wconf 59' lang='grc' dir='ltr'><strong>(ΠΜ</strong></span> <span class='ocrx_word' id='word_1_956' title='bbox 527 5180 663 5226; x_wconf 61' lang='lat' dir='ltr'><strong>‘mmm</strong></span> <span class='ocrx_word' id='word_1_957' title='bbox 676 5182 844 5247; x_wconf 76' lang='lat' dir='ltr'><strong>peragravit,</strong></span> <span class='ocrx_word' id='word_1_958' title='bbox 1211 5191 1298 5243; x_wconf 89' lang='lat' dir='ltr'><strong>muris</strong></span> <span class='ocrx_word' id='word_1_959' title='bbox 1308 5188 1402 5240; x_wconf 84' lang='lat' dir='ltr'><strong>aranei</strong></span> <span class='ocrx_word' id='word_1_960' title='bbox 1413 5187 1552 5240; x_wconf 86' lang='lat' dir='ltr'><strong>morsibus</strong></span> <span class='ocrx_word' id='word_1_961' title='bbox 1561 5188 1705 5241; x_wconf 81' lang='lat' dir='ltr'><strong>adversari</strong></span> <span class='ocrx_word' id='word_1_962' title='bbox 1716 5192 1906 5257; x_wconf 88' lang='lat' dir='ltr'><strong>eas‚quoniam</strong></span> <span class='ocrx_word' id='word_1_963' title='bbox 1918 5197 1947 5243; x_wconf 92' lang='lat' dir='ltr'><strong>et</strong></span> <span class='ocrx_word' id='word_1_964' title='bbox 1955 5196 2012 5242; x_wconf 87' lang='lat' dir='ltr'><strong>ter·</strong></span> 
     </span>
     <span class='ocr_line' id='line_1_138' title="bbox 395 5242 1873 5328; baseline 0.011 -35"><span class='ocrx_word' id='word_1_965' title='bbox 395 5242 444 5325; x_wconf 40' lang='grc' dir='ltr'><strong>ΙΙΙ..</strong></span> <span class='ocrx_word' id='word_1_966' title='bbox 462 5243 586 5327; x_wconf 73' lang='lat' dir='ltr'><strong>Exstant</strong></span> <span class='ocrx_word' id='word_1_967' title='bbox 597 5249 673 5295; x_wconf 88' lang='lat' dir='ltr'><strong>certe</strong></span> <span class='ocrx_word' id='word_1_968' title='bbox 689 5252 717 5298; x_wconf 89' lang='lat' dir='ltr'><strong>et</strong></span> <span class='ocrx_word' id='word_1_969' title='bbox 735 5251 807 5314; x_wconf 88' lang='lat' dir='ltr'><strong>apud</strong></span> <span class='ocrx_word' id='word_1_970' title='bbox 824 5253 910 5307; x_wconf 86' lang='lat' dir='ltr'><strong>italas</strong></span> <span class='ocrx_word' id='word_1_971' title='bbox 926 5262 1024 5324; x_wconf 82' lang='lat' dir='ltr'><strong>gentes</strong></span> <span class='ocrx_word' id='word_1_972' title='bbox 1039 5258 1163 5328; x_wconf 76' lang='lat' dir='ltr'><strong>vestigia</strong></span> <span class='ocrx_word' id='word_1_973' title='bbox 1210 5274 1243 5312; x_wconf 90' lang='lat' dir='ltr'><strong>ra</strong></span> <span class='ocrx_word' id='word_1_974' title='bbox 1254 5259 1353 5311; x_wconf 89' lang='lat' dir='ltr'><strong>orbitis</strong></span> <span class='ocrx_word' id='word_1_975' title='bbox 1364 5262 1407 5321; x_wconf 83' lang='lat' dir='ltr'><strong>(ut</strong></span> <span class='ocrx_word' id='word_1_976' title='bbox 1417 5255 1546 5323; x_wconf 84' lang='lat' dir='ltr'><strong>diximus)</strong></span> <span class='ocrx_word' id='word_1_977' title='bbox 1557 5258 1690 5325; x_wconf 85' lang='lat' dir='ltr'><strong>depressa</strong></span> <span class='ocrx_word' id='word_1_978' title='bbox 1700 5259 1873 5312; x_wconf 76' lang='lat' dir='ltr'><strong>aduersatus.</strong></span> 
     </span>
     <span class='ocr_line' id='line_1_139' title="bbox 360 5309 2010 5397; baseline 0.01 -36"><span class='ocrx_word' id='word_1_979' title='bbox 360 5309 421 5393; x_wconf 78' lang='lat' dir='ltr'><strong>eius</strong></span> <span class='ocrx_word' id='word_1_980' title='bbox 430 5327 459 5363; x_wconf 89' lang='lat' dir='ltr'><strong>ra</strong></span> <span class='ocrx_word' id='word_1_981' title='bbox 471 5313 615 5395; x_wconf 79' lang='lat' dir='ltr'><strong>duodecim</strong></span> <span class='ocrx_word' id='word_1_982' title='bbox 627 5314 730 5397; x_wconf 81' lang='lat' dir='ltr'><strong>tabulis</strong></span> <span class='ocrx_word' id='word_1_983' title='bbox 742 5320 865 5383; x_wconf 88' lang='lat' dir='ltr'><strong>nostris,</strong></span> <span class='ocrx_word' id='word_1_984' title='bbox 887 5325 1004 5392; x_wconf 86' lang='lat' dir='ltr'><strong>aliisque</strong></span> <span class='ocrx_word' id='word_1_985' title='bbox 1015 5342 1159 5394; x_wconf 81' lang='lat' dir='ltr'><strong>argumen-</strong></span> <span class='ocrx_word' id='word_1_986' title='bbox 1245 5326 1318 5382; x_wconf 89' lang='lat' dir='ltr'><strong>Vlll.</strong></span> <span class='ocrx_word' id='word_1_987' title='bbox 1337 5327 1436 5380; x_wconf 81' lang='lat' dir='ltr'><strong>cetero</strong></span> <span class='ocrx_word' id='word_1_988' title='bbox 1447 5324 1572 5380; x_wconf 75' lang='lat' dir='ltr'><strong>dentium</strong></span> <span class='ocrx_word' id='word_1_989' title='bbox 1583 5328 1728 5382; x_wconf 89' lang='lat' dir='ltr'><strong>doloribus</strong></span> <span class='ocrx_word' id='word_1_990' title='bbox 1735 5334 1780 5393; x_wconf 85' lang='lat' dir='ltr'><strong>(ut</strong></span> <span class='ocrx_word' id='word_1_991' title='bbox 1789 5329 1873 5383; x_wconf 90' lang='lat' dir='ltr'><strong>iidem</strong></span> <span class='ocrx_word' id='word_1_992' title='bbox 1885 5332 2010 5387; x_wconf 86' lang='lat' dir='ltr'><strong>narrant)</strong></span> 
     </span>
     <span class='ocr_line' id='line_1_140' title="bbox 360 5384 2011 5466; baseline 0.004 -27"><span class='ocrx_word' id='word_1_993' title='bbox 360 5384 404 5439; x_wconf 63' lang='lat' dir='ltr'><strong>lib</strong></span> <span class='ocrx_word' id='word_1_994' title='bbox 416 5397 486 5447; x_wconf 71' lang='lat' dir='ltr'><strong>quae</strong></span> <span class='ocrx_word' id='word_1_995' title='bbox 498 5397 589 5465; x_wconf 73' lang='lat' dir='ltr'><strong>priore</strong></span> <span class='ocrx_word' id='word_1_996' title='bbox 600 5385 740 5466; x_wconf 78' lang='lat' dir='ltr'><strong>volumine</strong></span> <span class='ocrx_word' id='word_1_997' title='bbox 752 5392 876 5451; x_wconf 83' lang='lat' dir='ltr'><strong>exposui.</strong></span> <span class='ocrx_word' id='word_1_998' title='bbox 911 5392 1158 5448; x_wconf 82' lang='lat' dir='ltr'><strong>DCLVlldemum</strong></span> <span class='ocrx_word' id='word_1_999' title='bbox 1211 5397 1456 5459; x_wconf 85' lang='lat' dir='ltr'><strong>medeturcanum,</strong></span> <span class='ocrx_word' id='word_1_1000' title='bbox 1477 5398 1522 5464; x_wconf 88' lang='lat' dir='ltr'><strong>qui</strong></span> <span class='ocrx_word' id='word_1_1001' title='bbox 1537 5398 1614 5451; x_wconf 87' lang='lat' dir='ltr'><strong>rabie</strong></span> <span class='ocrx_word' id='word_1_1002' title='bbox 1629 5400 1781 5466; x_wconf 87' lang='lat' dir='ltr'><strong>perierunt,</strong></span> <span class='ocrx_word' id='word_1_1003' title='bbox 1800 5398 1922 5464; x_wconf 85' lang='lat' dir='ltr'><strong>capitum</strong></span> <span class='ocrx_word' id='word_1_1004' title='bbox 1939 5396 2011 5448; x_wconf 89' lang='lat' dir='ltr'><strong>cinis</strong></span> 
     </span>
     <span class='ocr_line' id='line_1_141' title="bbox 359 5451 2009 5532; baseline 0.002 -19"><span class='ocrx_word' id='word_1_1005' title='bbox 359 5463 432 5500; x_wconf 71' lang='lat'><strong>⁸⁰⁰⁰</strong></span> <span class='ocrx_word' id='word_1_1006' title='bbox 444 5451 534 5513; x_wconf 62' lang='lat' dir='ltr'><strong>Uibu·</strong></span> <span class='ocrx_word' id='word_1_1007' title='bbox 545 5454 592 5505; x_wconf 80' lang='lat' dir='ltr'><strong>Cn·</strong></span> <span class='ocrx_word' id='word_1_1008' title='bbox 604 5454 733 5509; x_wconf 84' lang='lat' dir='ltr'><strong>ecrneho</strong></span> <span class='ocrx_word' id='word_1_1009' title='bbox 744 5455 878 5519; x_wconf 64' lang='lat' dir='ltr'><strong>Lentulo.</strong></span> <span class='ocrx_word' id='word_1_1010' title='bbox 898 5458 928 5510; x_wconf 88' lang='lat' dir='ltr'><strong>P.</strong></span> <span class='ocrx_word' id='word_1_1011' title='bbox 938 5460 1047 5515; x_wconf 84' lang='lat' dir='ltr'><strong>Licinio</strong></span> <span class='ocrx_word' id='word_1_1012' title='bbox 1057 5467 1158 5518; x_wconf 85' lang='lat' dir='ltr'><strong>Crasso</strong></span> <span class='ocrx_word' id='word_1_1013' title='bbox 1212 5474 1397 5522; x_wconf 88' lang='lat' dir='ltr'><strong>crematorum</strong></span> <span class='ocrx_word' id='word_1_1014' title='bbox 1406 5467 1467 5518; x_wconf 87' lang='lat' dir='ltr'><strong>sine</strong></span> <span class='ocrx_word' id='word_1_1015' title='bbox 1479 5470 1615 5531; x_wconf 83' lang='lat' dir='ltr'><strong>carnibus,</strong></span> <span class='ocrx_word' id='word_1_1016' title='bbox 1633 5469 1786 5522; x_wconf 86' lang='lat' dir='ltr'><strong>instillatus</strong></span> <span class='ocrx_word' id='word_1_1017' title='bbox 1797 5482 1831 5521; x_wconf 91' lang='lat' dir='ltr'><strong>ex</strong></span> <span class='ocrx_word' id='word_1_1018' title='bbox 1843 5467 1905 5520; x_wconf 89' lang='lat' dir='ltr'><strong>oleo</strong></span> <span class='ocrx_word' id='word_1_1019' title='bbox 1916 5481 1950 5532; x_wconf 80' lang='lat' dir='ltr'><strong>cy</strong></span> <span class='ocrx_word' id='word_1_1020' title='bbox 1972 5466 2009 5518; x_wconf 93' lang='lat' dir='ltr'><strong>ri·</strong></span> 
     </span>
     <span class='ocr_line' id='line_1_142' title="bbox 359 5479 2012 5615; baseline 0.013 -51"><span class='ocrx_word' id='word_1_1021' title='bbox 359 5517 436 5568; x_wconf 74' lang='lat' dir='ltr'><strong>coss.</strong></span> <span class='ocrx_word' id='word_1_1022' title='bbox 449 5527 717 5581; x_wconf 87' lang='lat' dir='ltr'><strong>senatusconsultum</strong></span> <span class='ocrx_word' id='word_1_1023' title='bbox 735 5523 841 5581; x_wconf 84' lang='lat' dir='ltr'><strong>iactum</strong></span> <span class='ocrx_word' id='word_1_1024' title='bbox 860 5533 912 5592; x_wconf 84' lang='lat' dir='ltr'><strong>est,</strong></span> <span class='ocrx_word' id='word_1_1025' title='bbox 927 5528 1053 5583; x_wconf 87' lang='lat' dir='ltr'><strong>nehomo</strong></span> <span class='ocrx_word' id='word_1_1026' title='bbox 1063 5535 1158 5589; x_wconf 77' lang='lat' dir='ltr'><strong>immo·</strong></span> <span class='ocrx_word' id='word_1_1027' title='bbox 1211 5550 1430 5606; x_wconf 73' lang='lat' dir='ltr'><strong>repensurum.</strong></span> <span class='ocrx_word' id='word_1_1028' title='bbox 1449 5535 1775 5615; x_wconf 75' lang='lat' dir='ltr'><strong>cuiusepartedpleant.</strong></span> <span class='ocrx_word' id='word_1_1029' title='bbox 1812 5537 1934 5591; x_wconf 80' lang='lat' dir='ltr'><strong>Casinus</strong></span> <span class='ocrx_word' id='word_1_1030' title='bbox 1944 5479 2012 5588; x_wconf 60' lang='lat' dir='ltr'><strong>Xerse</strong></span> 
     </span>
    </p>
   </div>
   <div class='ocr_carea' id='block_1_17' title="bbox 0 0 2200 6004">
    <p class='ocr_par' dir='ltr' id='par_1_20' title="bbox 0 0 2200 6004">
     <span class='ocr_line' id='line_1_143' title="bbox 0 0 2200 6004; baseline 0 0"><span class='ocrx_word' id='word_1_1031' title='bbox 0 0 2200 6004; x_wconf 95' lang='lat' dir='ltr'><strong> </strong></span> 
     </span>
    </p>
   </div>
  </div>
 </body>
</html>
