4356 6014
266 448 281 459 .
347 367 410 427 234
458 365 491 427 c.
528 362 678 427 norun
711 356 919 422 sacunor
954 354 1115 419 aaron
1150 356 1333 421 uranon.
1359 310 1452 420 'mn
1474 350 1610 420 xviri.
1644 359 1738 421 car.
1768 363 1886 422 m-sn

350 532 417 586 grae
427 515 588 570 rubentibus
598 508 961 578 intenmedsnetplurias.
973 510 1044 562 cnm
1054 508 1146 563 orien-
1197 515 1390 578 tempestates.
1426 509 1457 564 st
1467 509 1586 563 volitare
1596 509 1691 576 plnres
1700 506 1800 564 stellae
1818 510 1997 576 ridebuntur,

351 590 388 639 tis
399 594 483 654 atque
495 584 649 638 occidentis
660 579 733 632 radii
744 579 850 645 rubent,
873 579 948 632 coire
959 579 1078 646 pluries.
1114 577 1146 631 st
1197 593 1253 648 que
1264 578 1395 634 seruntur
1404 579 1586 642 albescentes,
1592 586 1690 631 ventos
1701 595 1736 632 ex
1748 580 1783 631 iis
1794 581 1919 647 partibus
1930 597 1998 633 nun·

351 661 425 709 circa
445 653 616 707 occidentem
631 649 781 701 rubescunt
793 648 889 713 nubea,
909 649 1089 701 serenitatem
1101 646 1144 700 lu·
1196 651 1315 703 tiabunt.
1343 651 1399 702 Aut
1408 650 1433 700 si
1442 648 1626 710 cursitabunt,
1636 655 1729 700 certm
1739 666 1745 700 :
1757 651 1782 700 si
1793 649 1823 701 id
1834 649 1862 700 in
1872 650 1996 717 pluribus

351 733 430 778 turae
442 723 498 775 diei
508 717 653 787 spondent.
688 716 719 770 si
734 720 764 770 in
779 724 881 771 exortu
895 724 1063 788 spargentur
1079 731 1144 785 par·
1196 719 1323 840 partibus
1333 720 1391 781 liet,
1401 720 1591 771 inconstantes
1603 724 1700 769 ventos
1711 716 1862 778 effundent.
1887 718 1916 771 Si
1928 721 1995 771 stel-

350 795 400 848 tim
421 792 456 843 ad
474 791 618 849 Austrum,
638 788 739 854 partim
751 786 785 838 ad
796 788 971 854 Aquilonem,
991 802 1061 855 pura
1070 788 1146 839 eirca
1209 804 1287 841 arum
1298 789 1454 842 errantium
1464 786 1586 854 aliquam
1599 786 1680 840 orbes
1691 786 1864 851 incluserint,
1878 788 1994 841 imbres.

350 877 411 917 eum
421 858 559 911 serenitas
570 856 607 907 sit
616 857 691 918 licet,
713 857 833 924 pluriam
844 862 937 908 tamen
946 864 1098 923 ventosque
1108 858 1145 910 sl·
1196 856 1267 910 Sunt
1276 859 1306 909 in
1318 862 1398 925 signo
1411 858 1510 909 cancri
1521 856 1593 921 duae
1605 855 1705 909 stellae
1717 870 1826 923 parrae,
1847 857 1935 910 Aselli
1945 872 1994 925 ap·

348 928 525 998 gnificabunt.
563 926 593 977 si
606 926 633 976 in
646 933 710 978 ortu
722 927 808 977 autin
818 940 921 978 occasu
936 928 1073 978 connecti
1088 940 1146 978 cer·
1198 927 1329 994 pellatae,
1348 928 1479 995 exiguum
1501 927 1574 978 inter
1585 926 1651 977 illas
1660 926 1780 991 spatium
1791 926 1934 978 obtinente
1945 942 1995 977 nu·

347 1005 448 1051 nentur
463 994 545 1056 radii,
565 994 690 1047 imbrem.
727 993 756 1047 Si
767 997 794 1046 in
806 1009 906 1047 occasu
918 998 977 1047 eiua
988 996 1075 1062 pluet,
1096 1000 1146 1046 aut
1195 996 1304 1059 herma,
1324 995 1567 1064 quanri’raesepiu
1582 993 1731 1062 appellent.
1767 995 1919 1046 llaeecum
1930 1012 2021 1048 cae·-

307 1068 310 1075 '
347 1066 418 1119 radii
438 1066 467 1115 in
489 1078 521 1116 ac
540 1064 640 1115 nubem
662 1061 781 1124 trahent,
800 1077 928 1131 asperam
949 1064 977 1114 in
989 1065 1144 1130 proximum
1196 1065 1226 1117 lo
1244 1079 1343 1118 sereno
1364 1079 1498 1132 apparere
1518 1065 1646 1127 desierit,
1667 1070 1749 1116 atrox
1759 1061 1848 1115 hiems
1858 1065 1993 1131 sequitur.

348 1137 420 1189 diem
431 1138 624 1200 tempestatem
636 1132 841 1201 significabunt.
871 1136 938 1184 Cum
951 1136 1061 1185 oriente
1072 1132 1145 1184 radii
1196 1132 1225 1187 st
1237 1133 1353 1186 alteram
1366 1149 1460 1186 earum
1472 1133 1646 1201 Aquiloniam
1657 1133 1748 1201 caligo
1759 1131 1885 1195 abstulit,
1894 1135 1995 1186 Auster

347 1221 403 1259 non
423 1203 547 1255 illustres
568 1202 735 1264 eminebunt,
757 1205 882 1269 quamvis
895 1201 1062 1253 circumdati
1074 1202 1145 1253 nube
1196 1204 1617 1271 saeritssiAustrinanr,Aquilo.
1629 1201 1994 1270 Arcuseumsuntdupliees,

347 1290 404 1328 non
415 1276 482 1336 sint,
494 1272 616 1340 pluriam
629 1271 803 1337 portenderit.
840 1270 871 1322 st
881 1278 947 1323 ante
958 1276 1086 1322 exortum
1098 1286 1146 1321 nu·
1196 1273 1306 1339 pluvias
1318 1274 1461 1325 nuntient:
1470 1288 1487 1323 a
1499 1273 1609 1340 pluuiis,
1619 1271 1798 1341 serenitatem
1811 1287 1866 1323 non
1877 1271 1993 1338 perinde

347 1346 398 1399 bes
409 1341 605 1411 globabuntur,
616 1340 735 1393 hiemem
746 1354 872 1407 ”peram
884 1339 1096 1392 denuntiabunt.
1115 1339 1144 1391 si
1196 1348 1312 1394 certam.
1342 1340 1965 1407 circulinoricircasideraaliqua,pluriam.

345 1416 381 1467 ab
394 1420 457 1466 ortu
468 1411 650 1492 repellentur,
669 1416 698 1462 et
714 1410 749 1463 ad
763 1424 890 1461 occasum
903 1409 1028 1475 abibunt,
1038 1407 1144 1461 sereni·
1231 1410 1358 1464 LXXXl.
1378 1413 1445 1463 Cum
1465 1417 1574 1465 aestate
1593 1409 1783 1463 vehementius
1800 1411 1894 1462 tonuit
1910 1426 1992 1478 quant

345 1489 443 1536 tatem.
478 1480 507 1532 Sl
518 1480 605 1532 nubes
616 1477 709 1532 Solem
727 1478 955 1541 circumcludent,
977 1485 1080 1547 quanto
1094 1478 1144 1529 mi·
1197 1480 1286 1542 fulsit,
1298 1487 1393 1533 ventos
1404 1496 1439 1533 ex
1449 1496 1482 1533 ea
1494 1489 1574 1548 parte
1585 1481 1747 1533 denuntiat:
1764 1479 1894 1532 contrusi
1905 1481 1993 1533 minus

347 1568 398 1605 nus
420 1547 532 1603 luminis
552 1548 721 1615 relinquent,
740 1555 820 1600 tanto
841 1547 981 1600 turbidior
994 1554 1145 1615 tempestas
1196 1550 1299 1611 tonuit,
1317 1550 1442 1602 imbrem.
1480 1553 1545 1601 Cum
1562 1564 1660 1603 sereno
1672 1550 1751 1602 caelo
1762 1550 1902 1619 fulgetrae
1913 1557 1995 1601 erunt

346 1621 414 1675 erit:
434 1619 459 1669 si
469 1630 536 1670 aero
549 1619 635 1671 etiam
647 1617 750 1686 duplex
762 1617 838 1669 orbis
849 1617 944 1680 luerit,
966 1631 1001 1670 eo
1012 1617 1145 1669 atrocior.
1197 1625 1226 1672 et
1237 1620 1372 1682 tonitrua,
1383 1617 1561 1672 abhiemabit.
1585 1619 1765 1672 Atrocissime
1775 1626 1878 1681 antem,
1888 1633 1949 1670 cum
1960 1633 1993 1671 ex

346 1689 427 1754 Quod
437 1689 461 1739 si
470 1687 501 1738 in
514 1692 614 1740 exortu
625 1687 682 1751 het,
692 1687 734 1738 ita
742 1693 774 1739 ut
786 1688 934 1739 rubescant
944 1687 1040 1750 nubea,
1056 1686 1144 1738 maxi·
1198 1688 1327 1741 omnibus
1338 1694 1463 1755 quatuor·
1474 1690 1598 1757 partibus
1610 1687 1681 1740 caeli
1695 1687 1857 1756 iulgurabit.
1881 1687 1948 1739 Cum
1958 1688 1993 1739 ab

345 1774 392 1811 ma
402 1755 564 1811 ostendetur
573 1762 736 1823 tempestas.
773 1754 803 1808 Si
814 1771 869 1807 non
880 1756 1033 1819 ambibunt,
1044 1754 1093 1807 sed
1106 1756 1146 1806 in·
1197 1759 1464 1825 Aquilonetantum,
1485 1761 1670 1825 inposterum
1690 1756 1995 1825 diemaquamporten·

346 1829 486 1888 cumbcnt,
509 1840 703 1893 aquoconque
718 1832 801 1878 rente
818 1825 932 1890 luerint,
951 1840 1013 1878 eum
1036 1831 1145 1892 porten·
1195 1827 1249 1879 dit.
1269 1826 1709 1895 CumaSeptenrtrione‚rentum
1721 1840 1794 1879 eum.
1817 1827 1884 1878 cum
1895 1827 1930 1878 ab
1940 1828 1994 1877 llu-

346 1897 422 1949 dent.
458 1894 655 1957 Siameridie,
667 1902 696 1947 et
706 1893 832 1947 imbrem.
869 1894 900 1947 Si
911 1895 1006 1948 oriens
1017 1896 1146 1962 cingetur
1196 1897 1616 1960 stro,vel00m,anthvonio,
1638 1894 1996 1963 noeteserenaiulgurare·

346 1966 423 2028 orbe,
443 1979 478 2017 ex
499 1979 554 2031 qua
565 1970 644 2031 parte
654 1965 679 2015 is
689 1980 720 2017 se
731 1965 832 2030 aperit,
850 1971 1028 2031 exspectetur
1039 1971 1145 2015 ventus.
1196 1967 1244 2030 rit,
1261 1973 1374 2018 ventum
1385 1973 1413 2020 et
1424 1965 1540 2019 imbrem
1551 1981 1585 2018 er
1602 1964 1701 2019 iisdem
1713 1964 1874 2033 regionibus
1884 1964 1996 2027 demon:

346 2036 377 2089 Si
389 2040 465 2088 totus
477 2033 624 2086 deduxerit
637 2034 803 2102 aequaliter,
820 2035 1001 2089 serenitatem
1012 2032 1098 2085 dabit.
1116 2032 1144 2084 si
1197 2036 1309 2088 strabit.
1343 2037 1481 2089 Tonitrua
1489 2035 1629 2090 matutina
1639 2041 1753 2091 rentum
1764 2033 1930 2104 significant,
1944 2032 1994 2085 inr-

345 2108 374 2158 in
386 2111 486 2156 exortu
497 2103 582 2170 longe
593 2102 688 2156 radios
700 2119 750 2171 per
761 2103 846 2155 nubes
857 2105 1027 2172 porriget,et
1039 2101 1146 2154 medius

347 2175 401 2227 erit
410 2173 517 2235 inanis,
528 2173 651 2240 pluriam
664 2172 844 2240 significabit.
880 2173 910 2225 Si
921 2179 987 2225 ante
999 2178 1089 2223 ortum
1101 2186 1145 2223 ra·

346 2242 388 2295 dii
397 2258 428 2296 se
439 2242 595 2307 ostendent,
606 2258 706 2310 aquam
717 2250 876 2295 otrentum.
895 2241 925 2293 Si
936 2242 1011 2294 circa
1021 2241 1148 2294 occiden-

345 2320 406 2366 tem
417 2310 550 2364 candidus
562 2312 682 2364 circulus
702 2313 766 2376 erit,
786 2313 878 2363 noctis
897 2312 985 2364 leuem
996 2318 1146 2378 tempesta·

346 2389 413 2435 tem.
450 2380 482 2433 Si
493 2381 607 2446 nebula,
626 2380 872 2435 vehementiorem.
907 2380 937 2433 Si
948 2381 1084 2433 candente
1094 2378 1146 2433 So·

346 2452 384 2514 le,
397 2455 519 2503 rentum.
556 2450 587 2503 Si
599 2457 661 2503 ater
672 2451 793 2504 circulus
805 2451 903 2514 luerit,
924 2465 959 2505 er
969 2465 1024 2518 qua
1034 2450 1148 2519 regione

347 2521 373 2572 ia
383 2522 494 2585 ruperit
505 2534 544 2581 se,
555 2525 667 2572 rentum
680 2535 820 2587 magnum.

382 2585 510 2641 LXXIX.
520 2587 714 2640 Prosiosaaint
722 2589 886 2642 iureLunae
893 2589 1049 2656 praesagia.
1061 2590 1148 2652 Quae

346 2665 405 2712 tarn
417 2671 480 2712 eam
498 2658 619 2710 maxime
631 2657 763 2710 observat
773 2661 923 2726 Aegyptus.
960 2652 990 2710 Si
1001 2659 1148 2726 splendens

347 2734 445 2781 exerta
455 2741 526 2794 puro
537 2729 628 2779 nitore
638 2725 728 2790 fulsit,
738 2729 932 2780 serenitatem:
948 2729 973 2780 ai
984 2728 1148 2789 rubicunda,

347 2802 461 2849 ventes:
483 2797 510 2847 si
528 2796 619 2865 nigra,
638 2796 749 2863 pluvias
769 2798 937 2863 portendere
949 2798 1079 2850 creditur.
1116 2800 1147 2850 ln

346 2867 443 2936 quinta
454 2879 559 2917 cornua
570 2866 630 2917 eius
645 2864 754 2927 obtusa,
776 2866 914 2932 pluriam:
936 2872 1030 2920 erecta
1041 2865 1147 2919 etinfe-

346 2942 392 2989 sta
402 2940 500 2990 ventos
512 2948 622 3001 semper
632 2932 800 3001 significant:
823 2943 924 3001 quarta
944 2942 1040 2986 tannen
1059 2937 1161 3004 nturi·⁴

346 3021 400 3058 me.
437 3005 528 3056 cornu
540 3005 600 3057 eiua
615 3003 847 3069 septemtrionale
863 3001 1049 3055 acuminatum
1062 3010 1148 3069 atque

345 3071 479 3141 rigidum,
488 3071 569 3122 illum
579 3072 855 3140 praesagitventum:
867 3071 1147 3135 isileriua,Auatrun1:

347 3148 464 3208 utraque
474 3145 560 3203 reete,
580 3147 689 3194 noctem
703 3149 852 3193 ventosam.
891 3139 922 3194 Si
934 3147 1059 3209 quartam
1072 3141 1147 3193 orbis

305 3214 310 3221 '
345 3210 449 3263 rutilus
460 3208 558 3276 cingit,
567 3216 668 3263 rentes
679 3216 708 3263 et
718 3211 821 3263 imbres
832 3211 1032 3278 praemonebit.
1068 3210 1147 3277 Apud

296 3292 300 3299 '
345 3281 502 3336 Varronem
521 3278 563 3332 lta
582 3286 640 3331 est:
661 3279 801 3348 Siqnarto
815 3281 862 3332 die
872 3280 954 3333 Luna
964 3281 1018 3333 erit
1028 3278 1145 3344 directa,

345 3364 476 3420 magnam
487 3354 683 3416 tempestatem
695 3351 723 3401 iri
736 3348 807 3401 arari
818 3350 987 3418 praesagiret,
1004 3348 1090 3401 nisisi
1102 3365 1146 3403 co·

345 3436 443 3474 ronam
455 3419 531 3473 eirca
542 3434 573 3470 ae
584 3415 706 3483 habebit,
726 3426 754 3471 et
769 3434 830 3472 eam
841 3419 991 3473 sinceram:
1013 3420 1145 3486 quoniam

344 3489 396 3542 illo
403 3488 486 3541 niodo
494 3502 549 3541 non
558 3492 624 3538 ante
631 3489 739 3554 plenam
746 3488 853 3543 Lunam
865 3487 1047 3542 hiematurum
1055 3497 1146 3541 osten·

347 3557 399 3610 dit.
437 3557 466 3609 Si
478 3554 632 3625 plenilunio
642 3572 693 3623 per
702 3557 848 3612 dimidium
860 3575 931 3626 pura
942 3561 1006 3622 erit,
1029 3559 1089 3611 dies
1100 3574 1144 3610 ae·

345 3624 624 3691 renossignilicabitr
644 3627 771 3691 sirntila,
789 3635 901 3681 uentos:
915 3630 1084 3699 nigrescens,
1094 3628 1145 3679 im·

344 3694 420 3746 lires.
456 3692 487 3743 si
496 3694 588 3762 caligo
600 3694 676 3745 erbis
687 3696 785 3747 nubem
796 3698 949 3761 incluserit,
964 3704 1072 3760 ventos,
1092 3712 1147 3763 que

346 3779 378 3816 se
388 3760 506 3828 ruperit:
526 3762 550 3814 si
560 3762 665 3831 gemini
677 3762 760 3815 orbes
771 3765 917 3829 cinxerint,
929 3766 1061 3818 maiorem
1074 3772 1145 3817 tem·

312 3834 320 3845 ”
345 3836 493 3901 pestatem.
515 3832 553 3884 Et
561 3830 755 3898 magis,sitres
764 3841 854 3896 erunt,
862 3841 911 3884 aut
919 3835 1147 3902 nigri,autinter-

347 3901 425 3968 rupti
436 3907 522 3966 atque
533 3899 670 3953 distracti.
699 3900 822 3955 Nascens
833 3901 924 3965 Luna,
936 3904 961 3954 si
975 3917 1057 3954 cornu
1068 3917 1146 3969 supe·

346 3974 424 4025 riore
435 3970 536 4023 obatre
547 3977 653 4039 surget,
665 3970 773 4038 pluvias
785 3970 947 4025 decrescens
959 3972 1047 4023 dabit:
1068 3974 1092 4022 si
1103 3972 1145 4023 in·

346 4042 461 4105 feriore,
480 4046 547 4094 unte
565 4041 762 4109 plenilunium:
783 4042 809 4094 si
828 4044 856 4092 in
869 4041 961 4093 media
972 4041 1086 4110 nigritia
1097 4041 1148 4093 illa

346 4112 442 4177 fuerit,
453 4111 571 4165 imbrem
583 4113 610 4163 in
622 4110 786 4179 plenilunio.
821 4109 851 4163 Si
867 4111 949 4178 plena
964 4113 1038 4163 eirea
1054 4126 1084 4164 se
1096 4110 1145 4163 ha·

345 4184 540 4245 bebitorbenr‚
558 4181 914 4304 erqnapartelsmarime
926 4181 1091 4248 splendebit,
1111 4196 1147 4234 ex

346 4269 381 4305 ea
390 4260 501 4306 rentum
515 4250 652 4306 ostendet
691 4252 701 4302 i
712 4251 741 4303 in
753 4256 817 4304 ortu
828 4265 932 4303 cornua
941 4251 1079 4303 crassiora
1089 4250 1147 4303 lue·

346 4323 413 4385 rint,
431 4321 573 4376 horridam
585 4326 789 4388 tempestatem.
826 4320 856 4373 Si
870 4327 935 4373 ante
952 4326 1078 4387 quartam
1090 4336 1146 4372 non

346 4392 516 4457 apparuerit,
526 4399 609 4445 rento
621 4390 745 4444 Favonio
757 4390 852 4453 llante,
862 4390 990 4442 hiemalis
1002 4396 1063 4443 toto
1075 4405 1148 4442 men·

347 4474 379 4511 se
389 4458 453 4510 crit.
471 4458 503 4511 Si
514 4460 622 4513 decimo
634 4467 715 4514 sexto
725 4458 916 4513 vehementius
927 4459 1054 4511 flammea
1064 4474 1147 4526 appa·

347 4526 446 4589 ruerit,
452 4540 566 4593 asperas
573 4535 752 4596 tempestates
760 4532 929 4598 praesagiat.
941 4527 1011 4580 Sunt
1022 4537 1049 4581 et
1060 4530 1147 4596 ipsius

347 4596 444 4647 Lunae
455 4603 520 4655 ocu
531 4597 655 4662 articuli,
666 4599 776 4665 quoties
787 4600 816 4650 in
827 4599 944 4666 angulos
955 4597 1030 4650 Solis
1041 4597 1147 4658 incidit,

347 4663 490 4784 plerispre
505 4664 579 4716 inter
593 4680 643 4718 eos
662 4674 770 4719 tantum
782 4667 992 4721 observantibus
1003 4668 1149 4734 praesagia

349 4734 424 4795 eius,
466 4748 499 4786 oc
518 4739 569 4795 est,
587 4734 683 4797 tertia,
703 4736 837 4802 septima,
856 4737 1012 4799 undecima,
1032 4734 1149 4787 decima·

235 4794 249 4813 ⁸
348 4803 456 4870 quinta,
466 4801 657 4865 decimanona,
676 4803 905 4873 vigesimatertia,
926 4803 1148 4872 vigesimasepti-

349 4885 402 4932 ma,
414 4878 443 4924 et
453 4869 642 4923 interlunium.

384 4940 498 4993 1.xxx.
514 4940 613 4991 l'ertio
624 4940 687 4991 loco
697 4941 841 4994 stellarum
853 4942 1075 4995 obseruationem
1087 4955 1148 4993 esse

349 5016 470 5078 oportet.
504 5007 669 5060 Discurrere
688 5009 878 5063 eaeridentur
890 5011 1039 5074 interdum,
1058 5013 1147 5061 renti·

348 5094 401 5147 que
412 5077 537 5147 protinus
548 5082 712 5145 sequuntur,
729 5078 757 5130 in
768 5093 886 5145 quorum
897 5088 977 5148 parte
987 5081 1030 5131 ita
1041 5092 1148 5147 praesa·

368 5149 451 5202 isere.
488 5145 602 5199 Casium
619 5159 682 5198 cum
693 5148 850 5215 aequaliter
860 5155 949 5201 totum
961 5150 1016 5202 erit
1026 5146 1147 5216 splendi-

369 5234 424 5282 um,
440 5215 568 5270 articulis
579 5223 746 5280 temporum,
766 5231 836 5284 quos
849 5221 1052 5284 proposuimus,
1070 5223 1149 5268 autu·

348 5303 441 5341 ornum
452 5300 580 5341 serenum
592 5285 800 5353 praesagibant,
813 5292 841 5339 et
852 5285 994 5353 frigidum.
1021 5286 1050 5338 Si
1062 5302 1110 5339 rer
1121 5291 1149 5338 et

349 5366 442 5412 aestas
453 5372 508 5410 non
522 5356 581 5408 sine
592 5355 675 5423 riguo
685 5354 780 5421 aliquo
798 5355 968 5417 transierint,
987 5361 1148 5408 autumnum

350 5442 477 5481 somnum
488 5432 517 5480 et
525 5422 800 5490 densum,minusque
810 5431 953 5475 ventosum
965 5424 1077 5476 suomet.
1096 5429 1149 5476 llu-

349 5497 442 5549 tunrni
462 5496 599 5550 serenitas
619 5500 763 5546 ventosam
777 5490 893 5545 hiemem
905 5492 983 5544 lacit.
1019 5497 1086 5544 Cum
1110 5508 1150 5545 re·

368 5572 432 5619 ente
444 5566 590 5618 stellarum
601 5563 698 5635 lulgor
708 5562 881 5624 obscuratur,
891 5567 920 5613 et
930 5561 959 5611 id
971 5574 1061 5627 neque
1073 5562 1151 5613 nubi·

347 5580 386 5696 h,
407 5649 496 5703 neque
514 5635 640 5704 callglne,
660 5632 756 5703 pluvia
777 5636 827 5687 aut
842 5644 941 5701 graves
953 5628 1151 5682 denuntiantur

1197 2106 1274 2158 brem
1284 2105 1445 2158 meridiana.

1233 2174 1370 2226 bXXXll.
1383 2175 1476 2229 Nubes
1487 2189 1548 2228 cum
1558 2189 1657 2228 sereno
1669 2173 1748 2227 caelo
1759 2172 1894 2253 teruntur,
1903 2185 1920 2223 a
1929 2184 1994 2237 qna·

1199 2239 1994 2383 iili{iiiiiiinexitiabiles§.3iniit

1198 2385 1236 2436 Et
1248 2381 1301 2435 boc
1313 2383 1336 2434 ai
1346 2383 1381 2434 ab
1392 2385 1526 2454 Aquilone
1536 2386 1594 2449 liat,
1611 2389 1723 2436 rentes:
1743 2385 1767 2434 si
1779 2382 1813 2434 ab
1823 2382 1934 2441 Austro,
1944 2379 1995 2429 im·

1198 2451 1262 2504 bres
1274 2452 1450 2520 portenderit.
1485 2451 1551 2507 Sole
1561 2453 1706 2507 occidente
1716 2451 1741 2505 si
1756 2459 1920 2522 antraque
1930 2460 1993 2520 par·

1199 2530 1229 2575 te
1244 2523 1303 2575 eius
1323 2522 1430 2575 caelum
1451 2529 1556 2592 petent,
1578 2528 1771 2591 tempestatem
1789 2521 1995 2592 significabunt.

1202 2590 1400 2645 Vehementius
1411 2599 1490 2645 atrae
1501 2595 1536 2646 ab
1547 2593 1666 2656 oriente,
1677 2592 1707 2642 in
1718 2596 1827 2663 noctem
1837 2606 1935 2660 aquam
1946 2591 1996 2643 mi·

1199 2669 1315 2714 nentur:
1326 2662 1362 2713 ab
1373 2662 1525 2725 occidente,
1533 2665 1561 2713 in
1572 2668 1714 2730 posterum
1721 2658 1803 2715 diens.
1820 2662 1850 2714 Si
1859 2662 1997 2724 nubes,ut

1200 2731 1306 2785 vellera
1316 2731 1406 2797 lanae,
1426 2741 1591 2800 spargentur
1601 2730 1707 2785 multae
1719 2731 1755 2785 ab
1767 2733 1883 2793 emente,
1895 2744 1996 2798 aquarn

1199 2801 1227 2851 in
1239 2800 1361 2853 triduum
1372 2805 1558 2870 praesagierit.
1594 2802 1662 2854 Cum
1675 2801 1706 2852 in
1722 2801 1909 2855 cacuminibus
1921 2814 1998 2875 mon5

1199 2870 1268 2920 tium
1278 2871 1366 2923 nubea
1377 2870 1529 2932 consident,
1551 2869 1694 2923 hiemabit.
1731 2871 1762 2923 Si
1773 2870 1919 2923 cacumina
1929 2882 1997 2935 pura

1199 2938 1479 3003 flent,disserenabit.
1515 2939 1593 2990 Nube
1603 2937 1719 3005 grauida
1729 2938 1902 3001 candicante,
1922 2935 1997 3005 quod

1198 3006 1297 3057 nocant
1307 3014 1499 3072 tempestatem
1510 3007 1610 3068 albam,
1621 3007 1728 3074 mando
1738 3007 1903 3058 imminebit.
1931 3006 1998 3057 Cae·

1197 3073 1227 3127 lo
1238 3075 1363 3143 quamvis
1382 3090 1481 3127 sereno
1500 3074 1638 3127 nubecula
1649 3075 1774 3141 quamuis
1784 3087 1873 3141 parva
1883 3081 1998 3127 rentum

1198 3143 1383 3211 procellosum
1399 3142 1486 3196 dabit.

1232 3213 1382 3269 LXXXlll.
1401 3212 1702 3266 Nebulaeemontibus
1713 3209 1922 3272 descendentes,
1944 3217 1997 3262 aut

1197 3283 1277 3336 caelo
1289 3282 1418 3336 cadentes
1425 3318 1434 3348 ,
1445 3283 1490 3336 rel
1502 3284 1532 3336 in
1541 3281 1661 3335 vallibus
1670 3280 1804 3344 sidentes,
1814 3280 1995 3333 serenitatem

1217 3354 1374 3406 ronrittunt.

1198 3368 1215 3422 Ρ
1233 3420 1384 3474 LXXXlV.
1402 3422 1442 3474 Ab
1462 3419 1505 3473 his
1524 3420 1630 3474 terreni
1647 3420 1726 3490 ignes
1744 3418 1871 3487 proxime
1889 3416 1996 3484 signiti-

1198 3497 1275 3543 cant:
1299 3490 1396 3558 pallidi
1414 3506 1541 3558 namque,
1560 3495 1827 3556 murmurantesque,
1848 3491 1996 3553 tempesta-

1189 3567 1259 3625 ¹tuni
1278 3560 1371 3612 nuntii
1390 3563 1564 3613 sentiuntur:
1585 3560 1697 3627 pluviae
1718 3558 1802 3611 etiam
1823 3558 1851 3607 in
1871 3552 1995 3606 lucernis

1197 3629 1285 3695 hingi.
1322 3627 1354 3680 Si
1363 3626 1489 3682 flexuose
1498 3630 1599 3681 volitet
1609 3628 1731 3692 llanrmn,
1751 3632 1872 3680 rentum.
1907 3622 1995 3676 Etlu·

1198 3700 1272 3749 nrina
1281 3713 1342 3749 eum
1355 3713 1391 3750 ex
1401 3712 1463 3750 sese
1473 3698 1597 3750 dannatus
1608 3695 1833 3760 elidunt,nutri1
1844 3690 1995 3773 accendun-

1197 3772 1253 3817 tur.
1289 3768 1359 3819 ltem
1375 3780 1437 3818 cum
1454 3767 1484 3817 in
1504 3781 1537 3817 eo
1558 3766 1708 3832 pendentes
1718 3768 1916 3819 coacervantur
1926 3774 1996 3812 sero·

1197 3836 1289 3887 tiliae:
1310 3834 1356 3887 rel
1377 3849 1438 3886 cum
1448 3834 1615 3887 tollentibus
1626 3835 1699 3888 ollas
1710 3836 1793 3888 carbo
1804 3829 1993 3886 adhaerescit:

1198 3910 1247 3957 aut
1257 3918 1320 3956 cum
1332 3904 1496 3956 contectusi
1535 3906 1558 3954 is
1569 3920 1584 3956 e
1595 3919 1625 3957 se
1637 3904 1763 3957 favillam
1775 3902 1899 3963 discutit,
1920 3899 1993 3951 acin·

1198 3973 1324 4026 tillamre
1335 3973 1451 4026 emittit:
1470 3990 1502 4026 re
1525 3988 1585 4024 cum
1599 3975 1669 4027 einis
1681 3977 1707 4026 in
1716 3972 1782 4029 loco
1793 3970 1954 4030 concrescit,
1966 3974 1995 4018 et

1198 4058 1259 4095 eum
1271 4042 1356 4095 carbo
1368 4040 1546 4095 uehementer
1557 4044 1690 4110 perlucet.

1232 4111 1371 4165 LXXXV.
1389 4115 1442 4166 Est
1463 4119 1494 4165 et
1513 4128 1647 4180 aquarum
1665 4110 1844 4181 significatio.
1880 4106 1959 4159 lllare
1971 4104 1996 4188 si

1197 4182 1379 4251 tranquillum
1391 4185 1418 4234 in
1429 4188 1512 4249 portu
1522 4198 1540 4233 a
1550 4197 1630 4234 cursu
1641 4181 1734 4243 ambit,
1745 4187 1774 4233 et
1784 4180 1994 4232 murmuraverit

1198 4253 1274 4305 intra
1284 4269 1322 4316 se,
1333 4260 1444 4305 ventum
1457 4251 1602 4319 praedicit.
1621 4252 1651 4304 Si
1662 4250 1858 4313 identidem,et
1868 4244 1995 4306 hiemem,

1198 4330 1226 4376 et
1237 4322 1362 4375 imbrem.
1393 4321 1493 4375 Litora
1503 4323 1635 4390 ripaeque
1647 4321 1672 4372 si
1683 4317 1852 4374 resonabunt
1864 4314 1995 4380 tranquil·-

1198 4392 1237 4453 lo‚
1256 4406 1381 4460 asperam
1402 4397 1608 4459 tempestatem:
1631 4391 1698 4443 item
1718 4390 1802 4442 maris
1821 4386 1993 4454 ipsiustran·

1199 4461 1286 4528 quillo
1298 4464 1415 4524 sonitus,
1431 4476 1583 4527 spumaeve
1594 4459 1743 4528 dispersae,
1764 4464 1812 4510 aut
1832 4469 1918 4522 aquae
1937 4451 1996 4503 bul·

1197 4530 1297 4582 lantes.
1334 4530 1483 4582 Pulmones
1492 4530 1592 4580 marini
1602 4530 1629 4579 in
1641 4529 1751 4595 pelago,
1759 4525 1878 4595 plurium
1889 4521 1994 4574 dlemm

1199 4597 1318 4652 hiemem
1333 4600 1511 4666 portendunt.
1547 4596 1635 4663 Saepe
1647 4603 1675 4648 et
1693 4595 1805 4646 silentio
1825 4589 1998 4651 intumescit,

1198 4657 1998 4737 llatuquealtiussolitoianrintraseesserentosi'atetur.

1234 4735 1385 4788 LXXXVl.
1405 4734 1540 4801 liquidem
1562 4739 1591 4785 et
1610 4731 1744 4783 montium
1760 4731 1879 4787 sonibus,
1899 4738 1997 4778 nemo-

1199 4820 1316 4872 rumque
1328 4806 1449 4870 mugitus
1463 4800 1623 4868 praedicunt
1634 4806 1682 4869 :pet
1691 4798 1751 4849 sine
1762 4809 1838 4856 aura,
1850 4806 1921 4859 quae
1931 4811 1995 4848 sen·

1200 4875 1297 4934 tiator,
1317 4872 1386 4922 iolla
1400 4870 1534 4922 ludentia.
1570 4864 1801 4934 Lanugopopuli,
1821 4868 1871 4914 aut
1890 4863 1997 4931 spinae,

1200 4941 1334 4995 colitans:
1351 4940 1484 5006 aquisque
1494 4938 1586 5004 pluma
1595 4936 1736 4988 innatans.
1771 4935 1859 4999 Atque
1869 4933 1955 4984 etiam
1966 4933 1995 4984 in

1200 5010 1304 5077 canapis
1316 5014 1511 5075 tempestatem
1523 5014 1665 5058 tenturam
1677 5002 1848 5072 praecedens
1863 5016 1929 5055 suus
1940 5000 1994 5052 rra·

1200 5093 1264 5147 gor:
1284 5076 1358 5129 caeli
1369 5076 1479 5144 quidem
1491 5088 1616 5128 murmur
1625 5088 1679 5126 non
1691 5073 1804 5125 dubiam
1816 5064 1901 5124 habet
1910 5070 1994 5137 signi·

1199 5146 1365 5200 ilcationem.

1234 5214 1400 5268 LXXXVll.
1430 5213 1615 5280 Praesagiunt
1636 5216 1665 5263 et
1685 5202 1826 5262 animalia.
1863 5203 1993 5272 Delphini

1199 5284 1353 5354 tranquillo
1364 5283 1434 5336 mari
1446 5281 1631 5345 lascivientes,
1651 5278 1756 5344 llatunr,
1772 5294 1806 5333 ex
1818 5292 1872 5346 que
1881 5275 1995 5357 veniunt

1199 5363 1297 5425 parte:
1317 5356 1383 5406 item
1400 5356 1563 5420 spargentes
1583 5366 1681 5419 aquam
1694 5350 1819 5414 turbato,
1840 5342 1995 5411 tranquilli·

1200 5433 1297 5478 tntem.
1334 5422 1435 5489 loligo
1454 5420 1591 5484 volitans,
1612 5417 1732 5474 conchae
1753 5416 1994 5472 adhaerescentes,

1201 5493 1293 5548 echini
1306 5492 1449 5559 adigentes
1459 5505 1531 5552 sese,
1542 5498 1591 5543 ant
1602 5505 1687 5544 arena
1695 5489 1883 5547 saburrantes,
1891 5489 1995 5548 tempe·

1201 5566 1284 5615 statis
1295 5565 1375 5629 signa
1386 5568 1459 5611 sunt.
1478 5559 1571 5612 Ranae
1583 5575 1691 5629 quoque
1701 5558 1777 5611 ultra
1786 5555 1899 5607 solitum
1911 5563 1993 5603 rora·

1202 5632 1251 5685 les.
1274 5634 1310 5685 Et
1321 5631 1424 5684 iulicae
1435 5628 1572 5682 matutino
1584 5628 1723 5700 clangore.
1745 5625 1816 5681 ltem
1827 5621 1918 5690 mergi
1929 5632 1995 5672 aaa
