4356 6014
363 357 425 417 232
474 351 507 412 C.
534 349 688 414 PblNll
716 344 931 410 securim
965 345 1137 408 Nai'oit.
1171 344 1366 407 iiisroie
1399 343 1651 407 iiuxvui.
1685 345 1776 404 CAP.
1800 346 1849 404 74.
1875 347 1921 405 li.

368 503 608 559 dendisidelsitur.
641 495 747 553 Namsl
761 497 1164 565 parumtostumstquerebu·
1213 497 1333 565 uesperi.
1370 495 1475 560 Ortinto
1496 493 1561 547 idus
1582 493 1749 548 Nouembris
1768 478 1881 563 g'ladius
1900 494 2013 551 Orionis

281 580 290 594 ⁶
368 582 442 628 snum
458 574 606 627 collectum
624 570 670 629 sit,
685 570 735 619 aut
749 564 1035 630 cammerinum,
1051 568 1164 620 inimica
1215 567 1344 620 occidere
1354 567 1462 634 incipit.
1481 563 1590 617 Deinde
1600 564 1637 614 lll
1647 563 1864 632 ldusVergiliae
1873 565 2013 618 occidunt.

368 644 476 696 lnnmei
488 653 597 694 menese
613 643 665 690 est.
1249 638 1280 688 ln
1290 635 1333 688 his
1346 642 1503 704 temporum
1516 630 1673 685 interuallis
1684 632 1895 701 operraeasti'ca,
1917 649 2015 702 napos,

405 707 603 766 Diuturaitatis
622 717 723 756 causae
742 703 845 771 plures.
880 703 1071 771 hutinipslus
1081 704 1164 772 grani
1215 704 1352 774 raphanos
1374 719 1478 766 serere,
1498 704 1599 770 quihus
1619 700 1718 755 diebus
1740 703 1869 758 diximus.
1906 705 2016 774 Vulgus

368 782 456 840 corio,
470 792 530 829 cunr
546 782 587 827 est
601 775 783 836 numerosius,
800 778 832 824 ut
843 773 935 825 milio:
955 782 1004 825 aut
1019 775 1096 824 sueni
1106 773 1165 840 pin·
1215 774 1326 843 agreste
1346 779 1376 828 et
1396 788 1466 842 rapa
1485 778 1550 842 post
1570 772 1695 827 ciconiae
1711 772 1863 825 discessum
1875 774 1950 826 niele
1961 770 2018 826 seui

369 844 549 920 guedine‚qui
559 857 608 908 pru
620 841 734 894 humore
745 841 846 893 sullicit
856 849 1015 905 tautum,ut
1025 856 1163 895 mansee:
1216 850 1305 913 putat.
1341 844 1399 897 Nos
1422 843 1534 895 omnino
1549 846 1614 908 post
1634 841 1807 905 vulcanalia,
1828 844 2017 910 etpraecucia

370 924 420 970 aut
428 912 621 972 amaritudine,
640 918 672 962 ut
681 910 777 977 lupino
789 922 818 962 et
830 911 992 963 cicerculae.
1028 912 1059 962 ln
1070 911 1164 962 tritico
1218 914 1400 981 cumpanieo.
1435 910 1827 965 AFidicuiaeautemocessu
1842 913 1953 975 niciam,
1974 912 2016 965 ia·

369 983 488 1039 maxime
508 987 636 1033 crescunt
654 980 794 1042 animalia,
813 982 943 1047 queniam
954 980 1098 1046 spissitate
1114 995 1165 1032 sua
1216 983 1320 1045 reolus,
1344 982 1488 1049 pabulum:
1509 980 1943 1034 hoesdentenunaseniubent.
1978 982 2019 1033 Et

369 1050 542 1114 concalescit,
554 1055 583 1101 et
594 1046 702 1101 iuriure
713 1062 807 1101 crasso
818 1049 945 1101 vestitur.
964 1050 1089 1101 'l'enuior
1099 1047 1163 1101 bor·
1215 1051 1323 1104 irondis
1334 1048 1541 1118 pmeparandae
1553 1057 1661 1116 tempus
1673 1048 1727 1101 hec
1737 1057 1788 1102 est.
1817 1051 1891 1102 Unus
1906 1050 2019 1103 ironda·

366 1125 421 1176 deo
436 1121 526 1188 pelea,
546 1117 627 1170 exilis
643 1124 673 1170 et
686 1117 836 1185 leguminis
856 1117 921 1170 ideo
942 1133 997 1168 nun
1019 1123 1164 1186 generant.
1215 1128 1262 1174 tor
1279 1127 1400 1187 quatuor
1420 1119 1580 1171 frondarias
1596 1121 1707 1171 iiscinas
1724 1119 1865 1188 complere
1875 1121 1903 1171 in
1915 1119 1961 1172 die
1972 1121 2016 1171 iu-

366 1192 443 1245 Faba
462 1187 645 1241 crassioribus
666 1187 767 1238 tunicis
784 1186 918 1254 operitur,
939 1188 974 1238 ob
987 1185 1040 1238 hoe
1051 1187 1165 1239 efferre·
1216 1196 1290 1242 stunt
1302 1189 1394 1242 habet.
1429 1187 1459 1240 Si
1469 1188 1648 1241 decrescente
1659 1188 1738 1240 Luna
1750 1196 1941 1257 praeparetur,
1960 1203 2017 1242 nou

368 1261 431 1313 scit.
468 1257 585 1321 Quidam
607 1257 696 1322 ipsum
716 1256 840 1308 triticum
859 1255 1052 1308 diuturnitatis
1073 1256 1166 1323 gratia
1216 1262 1359 1328 putrescit
1395 1257 1508 1311 iridem
1520 1257 1617 1324 colligi
1626 1273 1682 1309 non
1694 1264 1815 1324 oportet.

368 1333 520 1396 aspergunt
535 1340 656 1388 amurca,
671 1325 750 1378 mille
768 1324 1073 1392 modiosqnadraatali.
1109 1325 1166 1377 Alii
1253 1328 1425 1381 vindemiam
1444 1327 1552 1394 antiqui
1569 1341 1708 1393 nunquam
1721 1328 1918 1381 existimavere
1928 1332 2017 1380 maiu-

368 1396 533 1450 Chalcidica
552 1403 600 1447 aut
623 1395 721 1447 Carica
741 1403 834 1456 creta,
853 1400 902 1446 aut
919 1397 1003 1447 etiarn
1015 1386 1165 1446 absinthio.
1217 1412 1275 1450 ram
1296 1404 1362 1449 aute
1382 1397 1603 1465 aequinoctium:
1634 1397 1818 1462 sam-passim
1838 1398 1899 1464 rapi
1921 1412 2015 1449 cerno.

367 1470 419 1521 list
430 1471 459 1519 et
471 1464 599 1532 Olynthi,
610 1480 643 1516 ac
655 1462 779 1515 Cerinthi
791 1464 922 1517 Euboeae
931 1471 1097 1533 terre,quae
1108 1477 1167 1515 cnr·
1217 1467 1403 1530 Quamobrem
1424 1474 1453 1519 et
1474 1464 1556 1517 huius
1571 1473 1697 1533 tempora
1708 1467 1781 1518 noda
1792 1467 2016 1535 argumentisque

367 1537 459 1605 rumpi
473 1536 624 1587 nousiuat.
659 1533 1165 1602 Necierecondltainspicaiaedun·
1217 1537 1372 1605 signentur.
1407 1534 1497 1603 leges
1513 1535 1556 1588 ita
1567 1549 1597 1588 se
1619 1534 1732 1588 habeut:
1752 1535 1839 1588 Orant
1852 1537 1972 1589 calidam
1982 1550 2017 1589 ns

366 1615 422 1660 tur.
458 1605 613 1657 Utilissime
624 1608 719 1655 tamen
730 1613 875 1656 servantum
889 1604 919 1655 in
928 1603 1084 1666 scrobibus,
1094 1607 1165 1670 ‘ques
1218 1607 1316 1672 legito,
1329 1605 1383 1657 hec
1392 1613 1445 1668 est,
1457 1606 1486 1655 in
1499 1605 1558 1655 eius
1569 1604 1705 1666 siccitate,
1725 1619 1759 1656 ac
1768 1606 1823 1657 nisi
1832 1606 1924 1659 imber
1933 1607 2018 1658 inter·

365 1679 439 1728 slros
452 1680 567 1734 secant,
586 1679 619 1723 at
635 1671 663 1723 in
674 1673 861 1739 Cappadocia,
882 1680 911 1727 et
930 1672 1100 1726 inThracia.
1134 1672 1167 1724 ln
1217 1675 1336 1729 uenerit.
1371 1676 1454 1726 llaec
1464 1690 1500 1726 ne
1510 1675 1598 1741 legito
1608 1673 1791 1737 rorulentam,
1809 1674 1861 1728 hoc
1871 1681 1922 1738 cst,
1934 1675 1960 1726 si
1970 1688 2017 1727 roa

366 1741 505 1812 Hispuuiu
525 1750 555 1795 et
574 1740 679 1805 Africa,
699 1749 765 1794 ante
786 1742 1168 1804 omniautsiccosoloilant,
1219 1751 1369 1798 nocturnus
1385 1743 1484 1807 luerit3
1506 1743 1653 1810 necprius,
1673 1758 1753 1863 quam
1765 1743 1830 1797 Sole
1840 1744 2016 1797 discutiatur.

367 1819 479 1867 curant:
502 1825 565 1862 mex
578 1811 702 1875 utpalea
716 1813 916 1865 substernatur.
944 1812 1181 1865 &aeternarum
1221 1814 1400 1870 vindemiare
1417 1813 1549 1880 incipite,
1573 1825 1672 1864 cuma
1709 1812 1850 1880 palmitem
1871 1814 2016 1881 pampinus

368 1879 685 1950 spicssusconduntur.
715 1880 759 1931 lta
769 1880 942 1935 frumentari
953 1882 1068 1933 nulluss
1098 1880 1168 1932 ritus
1218 1885 1404 1951 procumbere
1414 1883 1549 1950 coeperit,
1560 1887 1610 1933 aut
1621 1889 1800 1934 cumexemto
1813 1882 2016 1936 acinoexden·

366 1957 506 2021 penetret,
522 1955 628 2001 eertum
649 1947 773 2001 estnihil
785 1950 940 2003 maletieum
954 1951 1039 2003 nasei.
1103 1965 1167 2002 arro
1219 1956 1303 2006 sltate
1314 1952 1492 2005 intervallum
1503 1964 1559 2003 non
1570 1950 1704 2018 compleri
1718 1953 1888 2020 apparuerit,
1907 1953 2014 2005 acinum

367 2025 529 2103 auctorest,
546 2018 587 2100 sic
598 2016 741 2070 conditum
752 2020 877 2072 triticum
887 2021 988 2074 durare
1001 2022 1080 2072 anais
1092 2019 1168 2101 quin·
1219 2039 1273 2076 neu
1283 2022 1389 2091 augeri.
1424 2024 1525 2075 Aornos
1536 2020 1670 2104 plurimos
1681 2020 1746 2084 lert,
1763 2022 1787 2071 si
1799 2022 1946 2089 contingat
1957 2034 2015 2072 cre·

273 2112 278 2133 ·
368 2087 712 2212 aretinarum
727 2088 1169 2227 at‘er10hur.r.¹:ure
1220 2088 1775 2231 renituit.i·⁰⁶ruur.iiau
1795 2084 2017 2214 titularii

369 2232 404 2281 si.
439 2229 515 2281 idem
536 2227 631 2280 tabant
651 2226 870 2295 aPyrrhiregis
886 2236 988 2291 aetate
1007 2230 1035 2279 in
1048 2226 1166 2295 quodam
1220 2233 1282 2285 leus
1293 2237 1321 2284 et
1331 2231 1419 2293 lacus,
1439 2228 1492 2283 xx
1503 2230 1646 2297 iugeribus
1661 2244 1745 2281 unum
1757 2229 1858 2282 sullicit
1869 2228 2016 2291 torculum.

368 2312 453 2364 specu
470 2297 632 2350 Ambraciae
651 2312 738 2364 usque
758 2297 793 2348 ad
809 2298 955 2364 piraticum
970 2298 1097 2365 Pompeii
1107 2297 1168 2348 bia·
1222 2302 1356 2353 l’remunt
1366 2300 1451 2364 aliqui
1471 2299 1599 2364 singulis,
1618 2299 1716 2350 utilius
1735 2298 1817 2362 binis,
1835 2298 1902 2351 lieet
1917 2310 2019 2363 magna

369 2367 419 2433 gni
436 2364 540 2419 bellurn
562 2365 686 2429 durasse,
712 2366 794 2418 anais
809 2368 922 2418 circites¹
935 2372 1045 2417 centurn
1061 2366 1167 2432 viginti.
1220 2366 1529 2435 sitrastitassingulis.
1565 2366 1726 2433 Longitudo
1743 2366 1772 2417 in
1787 2364 1831 2416 his
1845 2366 1943 2428 refert,
1962 2381 2019 2418 uon

371 2434 462 2486 Ciceri
474 2440 581 2484 unium
599 2436 694 2485 sullae
714 2432 850 2487 bestiolae
865 2436 893 2487 ln
905 2434 1012 2487 horreis
1024 2437 1169 2485 innascun·
1221 2436 1390 2491 cmssitudos
1411 2437 1537 2503 spatiosa
1547 2436 1647 2488 melius
1660 2439 1794 2501 premunt.
1817 2435 1930 2503 Antiqui
1943 2434 2018 2487 runi.

370 2510 424 2555 tur.
460 2499 531 2554 Sunt
541 2502 587 2568 qui
597 2503 689 2554 urceis
700 2502 794 2556 cinare
803 2506 963 2567 substratis,
974 2512 1002 2557 et
1013 2504 1094 2556 illitis
1105 2517 1167 2555 ace·
1220 2508 1272 2560 hus
1282 2504 1416 2574 vittisque
1427 2504 1756 2566 loreiseadetrahehant,
1773 2511 1801 2556 et
1811 2505 1945 2556 vectibus.
1976 2504 2019 2554 ln·

368 2580 429 2624 tum
446 2567 621 2634 habentibus,
641 2571 811 2639 leguminum
822 2590 937 2628 acervos
948 2575 1169 2641 superingerant,
1220 2584 1266 2628 tra
1277 2584 1387 2629 eentum
1401 2590 1488 2628 annos
1498 2577 1611 2628 iuventa
1621 2572 1869 2638 Graecanica,mali
1879 2572 1957 2640 rugis
1968 2585 2022 2639 per

369 2644 412 2693 ita
421 2655 477 2692 non
487 2642 563 2693 nasci
575 2642 712 2695 maleficia
724 2643 879 2697 credentes.
913 2645 970 2697 atii
982 2646 1028 2713 qui
1040 2643 1069 2694 in
1080 2642 1168 2695 salsa·
1221 2645 1351 2700 cochleas
1359 2645 1542 2708 bellantibus,
1553 2646 1625 2712 palis
1636 2644 1718 2696 afflrn
1733 2642 1826 2697 arbori
1836 2640 1928 2704 stelle,
1943 2656 1961 2691 a
1971 2654 2021 2709 pa·

370 2711 514 2762 messanis
535 2711 610 2758 cadis
620 2726 709 2779 gypso
720 2714 846 2765 illinunt:
868 2714 919 2767 alii
929 2714 976 2782 qui
994 2715 1098 2765 lentem
1108 2727 1169 2764 ace·
1221 2715 1256 2768 iis
1267 2730 1348 2773 areas
1358 2715 1481 2784 lapidum
1491 2715 1638 2767 attollente
1647 2729 1740 2767 seeum
1752 2713 1869 2766 arbores
1880 2708 1953 2778 quod
1964 2722 2020 2761 ma·

369 2788 400 2833 to
423 2776 597 2842 luerpiiialo
614 2784 789 2840 respergant,
807 2785 998 2838 simusque
1017 2783 1080 2835 0120
1090 2783 1169 2833 inum·
1220 2787 1447 2844 ximeprobaiur.
1484 2779 2018 2842 latras-igintidueshosannoelnidir·

299 2872 304 2881 =
370 2856 447 2917 gant.
477 2843 532 2898 Sed
541 2841 705 2896 brevissima
720 2841 889 2905 observatio,
901 2840 974 2909 quod
985 2841 1062 2893 vitiis
1072 2857 1169 2895 carere
1222 2856 1289 2909 tum,
1299 2848 1393 2914 parvis
1404 2845 1501 2913 prelis,
1513 2852 1541 2899 et
1551 2845 1650 2896 asinori
1662 2844 1806 2907 torculari,
1818 2845 1947 2899 aedilicio
1955 2848 2017 2898 bre·

371 2918 457 2979 reiis,
478 2913 631 2968 interlunio
650 2912 756 2981 legere·
790 2910 883 2972 Quart
903 2912 1051 2978 plurimum
1072 2910 1168 2974 refert,
1221 2917 1356 2979 riore,‚et
1367 2916 1442 2969 maio
1453 2917 1481 2966 in
1493 2914 1719 2977 mediodecreto,
1741 2915 2022 2984 tympanaimposita

370 2987 487 3039 condere
498 2985 559 3053 quis
570 2982 658 3044 malit,
675 2994 710 3032 an
721 2981 848 3035 vendere.
873 2982 1022 3035 crescente
1031 2982 1105 3035 enim
1115 2980 1170 3033 Lu·
1220 2986 1344 3037 vinaceis
1355 2999 1473 3053 superne
1483 2991 1544 3036 teto
1556 2984 1677 3052 pondere
1687 2997 1796 3052 urgere,
1809 2990 1838 3037 et
1848 2992 1933 3055 supe'r
1942 2986 2021 3053 prela

370 3072 407 3109 ua
417 3056 556 3108 frumenta
568 3052 761 3121 grandescunt.
1221 3061 1382 3108 eonstruere
1393 3054 1560 3123 congeriem.

406 3124 532 3177 LliKlV.
550 3124 682 3190 Sequitur
701 3136 736 3174 ss
756 3118 892 3174 divisione
911 3126 1068 3189 temporum
1090 3125 1170 3172 autu-
1258 3126 1320 3176 iius
1334 3131 1364 3176 et
1385 3137 1470 3190 poma
1489 3122 1640 3190 colligendi
1658 3128 1781 3192 tempus,
1800 3127 1831 3177 et
1849 3123 2021 3186 ehsemtio,

371 3208 451 3246 mnus
462 3209 480 3244 a
492 3191 636 3244 Fidicuine
652 3206 752 3243 occasu
763 3190 799 3242 ad
813 3191 1029 3257 aequinoctium,
1049 3206 1083 3243 ac
1093 3190 1169 3241 dein-2
1223 3208 1283 3247 mm
1294 3192 1407 3262 aliquod
1419 3193 1589 3255 maturitate,
1607 3208 1664 3246 non
1674 3199 1851 3261 tempestate,
1871 3191 2020 3245 deciderit:

370 3261 604 3329 ‘lthrssffissfflm
617 3258 1052 3328 ⁰⁰⁰⁸⁸i¹msi¹¹ffi¹¹mqssthiwit·
1085 3259 1169 3312 inhia
1222 3263 1275 3317 huc
1285 3271 1313 3316 et
1325 3262 1415 3317 faeces
1426 3261 1677 3330 exprimendithoc
1687 3271 1718 3317 et
1729 3262 1872 3315 deirutum
1883 3260 2021 3331 coquendi

371 3331 528 3385 intervallis
549 3331 717 3400 significant,
738 3329 828 3397 pridie
847 3330 914 3383 ldus
925 3332 1043 3400 Augusti
1058 3330 1169 3383 Atticae
1222 3334 1323 3386 silente
1335 3334 1415 3386 Luna
1428 3332 1524 3385 nortui
1546 3339 1595 3385 ant
1613 3334 1638 3384 sl
1655 3333 1788 3396 interdiu,
1807 3332 1901 3401 plena:
1920 3331 2021 3384 setona

372 3405 466 3471 Equus
476 3403 569 3455 oriens
580 3401 703 3473 vesperi,-
715 3401 842 3469 Aegypto
855 3410 883 3453 et
891 3402 1002 3456 Curari
1013 3398 1170 3468 Delphinus
1224 3404 1323 3457 diebus
1333 3410 1383 3456 aut
1394 3410 1458 3456 unte
1480 3408 1609 3455 exortum
1622 3404 1728 3466 Lunae,
1749 3408 1798 3455 aut
1809 3408 1874 3471 post
1884 3414 2020 3453 οιοιιιιιιιι.

372 3470 510 3523 occidens.
545 3469 584 3520 Xl
597 3469 716 3523 Kalend.
729 3469 901 3538 Septembris
913 3472 1030 3527 Caesari
1042 3479 1074 3524 et
1083 3473 1169 3538 Assy·
1223 3474 1282 3527 Nec
1293 3472 1328 3525 de
1340 3473 1452 3527 novella
1462 3472 1529 3537 rite,
1541 3480 1590 3525 aut
1602 3473 1737 3541 palustri,
1757 3488 1809 3526 uec
1820 3472 1875 3523 nisi
1886 3487 1901 3523 e
1913 3476 2022 3522 matura

371 3541 439 3601 riae,
451 3539 536 3591 steila
546 3552 615 3604 quae
626 3541 804 3595 vindemitor
814 3542 984 3610 appellatur,
994 3542 1102 3595 exoriri
1113 3556 1170 3593 ma·
1222 3558 1284 3606 uva,
1295 3558 1345 3596 nec
1357 3544 1412 3596 nisi
1423 3542 1499 3594 loliis
1511 3542 1741 3611 despumandom:
1754 3542 1820 3609 qnia
1830 3544 1854 3592 si
1866 3540 1944 3608 ligno
1955 3553 2020 3591 con·

373 3622 409 3659 ne
419 3608 527 3670 incipit,
536 3607 694 3660 vindemiae
704 3613 893 3692 maturitatem
906 3613 1078 3678 promittens.
1091 3612 1171 3693 ‘Eius
1224 3613 1351 3681 tingatur
1361 3628 1420 3676 ras,
1439 3611 1567 3664 adustum
1580 3628 1613 3664 ao
1624 3612 1761 3665 iumosurn
1774 3608 1836 3663 lieri
1847 3608 2022 3690 putant-lu·

372 3680 566 3795 iiiiiiii
578 3676 1171 3812 {iiiimxiiiirihharii.
1222 3677 2024 3802 :iiiiiiiiiiiiviitiiiiiiiiiilt:

372 3809 548 3873 vindemitor
557 3813 686 3935 aequitu
698 3813 787 3865 Nonis
798 3819 933 3870 exoritur.
950 3818 1060 3870 atticae
1071 3819 1170 3868 Aretu-
1223 3820 1318 3883 currit,
1339 3817 1473 3884 frigidum
1492 3818 1580 3886 picari
1611 3834 1642 3870 ro
1661 3815 1929 3871 nihiloducentium.
1964 3813 2023 3867 asu

372 3897 420 3935 rus
430 3884 580 3944 matutino,
589 3890 618 3934 et
651 3882 953 3965 aqittaocciditmane.
989 3885 1170 3947 Quintoldus
1222 3890 1278 3940 ient
1289 3896 1318 3939 et
1333 3886 1467 3938 Kalendis
1477 3888 1611 3950 ianuarii,
1632 3887 1744 3941 defectu
1758 3901 1904 3949 vasorum,
1923 3882 2021 3936 riade·

372 3950 553 4020 Septembris,
570 3953 683 4004 Caesari
696 3951 810 4018 Capella
821 3953 910 4003 oritur
920 3954 1037 4019 vesperi.
1074 3959 1172 4008 Arctu·
1223 3959 1345 4009 miantes
1360 3956 1426 4018 vidi,
1448 3957 1616 4026 piscinisque
1628 3958 1822 4019 massamuti,
1843 3955 1966 4007 sutrina
1982 3950 2023 4006 ci·

370 4036 419 4075 rus
430 4036 498 4075 vero
508 4019 615 4072 medius
626 4021 716 4088 pridie
726 4019 801 4082 ldus,
813 4020 1056 4075 vehementissimo
1068 4024 1172 4092 signiti-
1224 4026 1302 4079 tundi
1314 4026 1416 4092 priora,
1426 4034 1458 4077 ut
1468 4027 1553 4078 dubia
1563 4029 1761 4095 reciperentur.
1797 4027 1861 4079 lloc
1870 4031 1927 4076 tam
1937 4036 2022 4089 saepe

372 4099 439 4145 catu
449 4098 525 4144 terra
535 4092 658 4156 marique
666 4090 781 4157 perdies
793 4092 921 4157 quinque.
943 4093 1025 4144 liatio
1037 4092 1172 4146 eiusheee
1224 4102 1361 4164 proventu
1380 4096 1467 4146 nimio
1486 4098 1585 4160 evenit,
1608 4112 1690 4166 quam
1703 4096 1821 4151 saevitis
1830 4093 2022 4147 insidiantium

370 4161 505 4214 traditur:
524 4158 553 4211 si
565 4158 705 4226 Delphlno
717 4160 862 4213 occidente
872 4160 975 4214 imbres
986 4160 1100 4224 tuerint,
1117 4177 1172 4214 non
1225 4166 1336 4218 caritati
1347 4164 1432 4217 civili.
1469 4162 1523 4217 Sed
1545 4170 1626 4234 nequi
1637 4167 1850 4235 patrisfamilias
1860 4160 1959 4215 modus
1968 4165 2022 4223 est,

371 4229 484 4284 tuturos
496 4244 548 4296 per
556 4233 714 4283 Arcturum.
742 4228 858 4297 Simrum
870 4231 988 4283 orientis
1000 4233 1060 4283 eius
1070 4231 1172 4285 sideris
1225 4250 1333 4288 annena
1344 4234 1476 4302 maiusque
1485 4236 1552 4287 anni
1562 4237 1613 4289 uti.
1642 4237 1673 4288 ld
1683 4251 1822 4306 peraeque
1833 4235 1917 4291 etism
1928 4230 2022 4283 lucro·

372 4306 502 4354 serretur
521 4297 698 4354 hirundinum
718 4299 826 4352 abituri
847 4315 966 4368 namque
985 4300 1172 4368 deprehensae
1225 4305 1375 4358 sissinium.
1393 4304 1755 4374 lleilquadevinlsaffatim
1766 4300 1922 4359 dictasunt.
1951 4301 2024 4351 lteris

373 4368 524 4421 intereunt.
562 4370 760 4424 Decimosexto
778 4369 921 4424 Kalendas
939 4372 1069 4423 Octobris
1083 4373 1173 4442 Aegy·
1224 4375 1369 4429 uindemia
1388 4373 1464 4428 iacta
1484 4375 1586 4428 olivam
1603 4391 1664 4428 esse
1676 4376 1846 4444 rapiendam,
1867 4367 2024 4438 etqasesd

373 4442 424 4515 pto
435 4436 526 4503 Spica,
538 4454 619 4523 quam
632 4440 814 4526 tenetlsirgo,
823 4441 948 4526 exoritur
958 4442 1106 4504 matutino,
1117 4450 1174 4495 ete·
1226 4446 1317 4500 oleum
1328 4447 1479 4514 pertinent,
1500 4460 1628 4515 quaeque
1645 4445 1681 4498 ad
1692 4446 1882 4515 vergiliarum
1891 4451 2024 4495 nemu·

373 4505 1174 4653 {lillqlilexi-1¹22nstiggi‘ijccaitdttmetcnlflniinsfflaftgtatm
1225 4515 1458 4647 apqsqqqquqtm,
1472 4592 1616 4651 quaesunt
1627 4582 1794 4643 necareris,
1811 4580 1978 4632 adiicientur
1988 4575 2026 4629 ds

374 4652 557 4721 commissura
577 4645 696 4699 Piscium
718 4649 856 4710 occidens,
876 4651 1021 4718 ipsumque
1042 4651 1172 4717 nequino·
1225 4654 1314 4716 Luna,
1329 4653 1480 4720 ventisque,
1502 4665 1529 4703 et
1547 4652 1710 4718 praesagiis,
1729 4649 1879 4701 utsittota
1893 4645 2026 4721 sideralis

376 4707 426 4758 ctis
442 4709 519 4762 sidus
532 4712 593 4764 viil
605 4714 745 4769 Kalendas
757 4717 896 4774 Octobris,
934 4719 1042 4772 Deinde
1058 4734 1172 4771 comen·
1225 4724 1299 4776 ratio
1311 4721 1444 4789 perlecta.
1474 4714 2028 4786 Namquel'irgiliusetiamlnnusseses

374 4775 448 4828 tiuut
467 4779 554 4845 (quod
564 4789 608 4833 est
618 4790 721 4851 rarum)
742 4784 897 4852 Philippus,
919 4788 1069 4856 Callippus,
1090 4787 1172 4851 iloni-
1225 4792 1324 4843 Lause
1342 4788 1495 4856 digerenda
1509 4787 1645 4854 quaedem
1656 4785 1773 4854 putavit,
1782 4783 1939 4834 Democriti
1949 4797 2028 4836 secu·

375 4842 465 4908 theut,
477 4847 678 4913 Parmeniscus,
689 4855 793 4914 conon,
804 4856 910 4912 Criton.
920 4857 1106 4920 Oensccritus,
1119 4858 1173 4908 liu·
1225 4867 1271 4913 tus
1283 4859 1511 4912 ostentationem.
1533 4856 1590 4908 Nor
1603 4856 1694 4924 legum
1705 4853 1825 4912 utilitas,
1838 4865 1910 4917 quae
1921 4851 1952 4903 is
1962 4858 2027 4904 toto

375 4912 472 4997 d⁰.¹¹¹⁸’
484 4917 521 4968 lV
530 4916 672 4972 Kalendas
683 4924 812 4975 Octobris
823 4926 966 4992 Capellam
977 4928 1118 4979 matutino
1129 4942 1174 4979 eu·
1226 4944 1321 4998 opere,
1331 4929 1358 4978 in
1370 4926 1423 4978 hac
1434 4940 1544 4993 quoque
1554 4932 1647 4977 movet
1660 4930 1748 4991 parte.
1766 4922 1866 4974 Omnia
1877 4934 1949 4987 quae
1960 4934 2026 4974 eae·

375 4984 454 5045 rirrrl,
464 4992 493 5035 et
503 4984 541 5038 lli
552 4985 693 5041 Kalendas
701 4991 823 5043 lluedes.
841 4992 928 5048 Serto
939 4996 1035 5048 Nonas
1041 4997 1174 5050 Octobris
1226 5000 1500 5062 duntur,earpuntur,
1508 4993 1671 5055 renduntur,
1683 4990 2028 5045 innocentiusdecreseen·

376 5053 605 5136 Attienecerosa
622 5060 748 5110 exuritur
766 5076 855 5115 mane.
891 5066 973 5118 Asiae
986 5064 1174 5119 etCaesaril'
1226 5076 1254 5119 te
1265 5068 1353 5127 Luna,
1369 5080 1450 5133 mam
1462 5070 1607 5118 crescente
1619 5066 1698 5117 liunt.
1728 5060 1853 5124 Stercus,
1864 5060 1920 5112 nisi
1930 5058 2025 5111 decre·

376 5118 520 5175 Kalendas
530 5123 693 5177 Heniochus
705 5128 807 5181 oceidit
823 5134 971 5187 matutine.
1008 5136 1173 5187 TertiuKa-
1226 5135 1512 5198 srentcLunanetau
1542 5127 2028 5187 comissimeiutermensuaadiut·

374 5190 474 5273 lendes
483 5193 596 5245 Caesari
608 5194 832 5251 Coronaesoriri
855 5201 968 5269 incipit:
989 5208 1018 5255 et
1038 5204 1173 5271 postridie
1226 5207 1500 5273 diequestercuratu.
1545 5219 1633 5266 erres,
1643 5196 2025 5265 iureneoauieteaboedoes

375 5261 736 5344 occiduntiloedirespsrl.
766 5267 829 5320 vlit
840 5270 904 5323 ldus
915 5272 1049 5325 Octobris
1061 5275 1173 5327 Caesari
1226 5273 1627 5329 decrescentebuaacastratsa
1637 5266 2025 5337 evsiummsuppnsitu.

375 5328 486 5400 iulpens
498 5348 526 5383 sn
537 5332 648 5386 &rona
667 5335 751 5388 stella
770 5339 867 5390 entur.
904 5342 941 5392 Et
951 5342 989 5394 lll
1002 5342 1067 5395 idos
1078 5345 1174 5412 Verqi·
1226 5342 1435 5399 Semianimes
1451 5344 1534 5411 plena
1551 5351 1633 5396 noent
1650 5343 1749 5395 tacito.
1767 5340 1903 5396 arhusan
1917 5333 2027 5389 radices

375 5400 559 5469 lisevespsn.
596 5403 690 5456 lilibus
701 5407 812 5458 Gerena
825 5413 895 5459 teta
931 5409 1173 5464 SestoKalesdas
1225 5412 1526 5481 Lunaplesaoperito.
1546 5407 2027 5466 llumidisloeisinterlunieserite,

374 5467 542 5524 Novembris
551 5470 670 5557 Suculae
689 5475 798 5542 uesperi
808 5477 980 5530 exufflatur.
994 5521 1000 5533 .
1015 5479 1110 5535 Pridie
1120 5482 1175 5534 Ka·
1228 5483 1523 5539 etcircaiutcrlunium
1534 5484 1693 5551 quatriduo.
1709 5473 2026 5596 Venillariqueqqemiru·

373 5536 473 5593 lendes
494 5542 609 5596 Οιαιιι
628 5545 761 5599 Arcturus
782 5543 899 5597 occidit:
921 5551 951 5598 et
970 5546 1092 5603 Suculae
1112 5566 1176 5604 eso·
1226 5561 1322 5607 menta
1331 5567 1365 5604 ao
1376 5551 1527 5618 legumina,
1537 5558 1567 5604 et
1576 5554 1657 5606 nendi
1667 5554 1743 5606 circs
1753 5555 1905 5601 extmmm
1979 5555 2023 5595 aar

375 5607 557 5666 riustureurs
568 5611 643 5668 este.
678 5616 788 5680 essm
809 5616 905 5669 Nonas
920 5617 1055 5669 manns
1070 5621 1175 5675 eocldlt
1227 5621 1579 5685 iuhenttseninariaeass
1592 5610 2025 5692 pensauriensium
