4374 6014
25 5880 112 5996 L

262 345 294 408 C.
330 340 481 405 PLlNll
515 337 725 401 sacuam
758 337 921 403 NATUR
954 338 1138 412 Bistua
1175 340 1259 401 ata.
1282 286 1442 399 Xllel.
1475 342 1571 402 CAP.
1599 343 1717 403 32-38.
1774 345 1836 408 sos

186 511 257 566 qnae
268 493 440 547 rotunditate
452 490 594 554 differunt,
614 468 891 559 minutissimarum
903 497 986 558 atquo

186 566 284 628 hirtae,
306 562 478 617 tenuioribus
497 562 595 623 testis,
615 576 700 615 carna
719 560 858 613 duriores.
893 562 987 613 Mituli

188 649 305 704 quoque,
326 632 495 692 utmuriccs,
519 632 612 682 cinere
632 631 784 685 causticam
805 632 859 680 rint
872 629 986 683 haheat:

142 726 149 741 ·
188 714 218 758 et
228 705 261 755 ad
275 703 375 769 lepras,
389 701 548 766 lentigines,
559 699 692 752 maculas.
727 699 869 750 Laruntur
879 714 987 766 quoquo

187 773 292 842 plumbi
304 770 385 821 niodo
399 768 433 821 ad
445 782 580 835 genarum
591 768 797 830 crassitudinum,
807 777 836 819 ct
844 768 986 821 oculorum

186 842 342 909 albugines,
361 838 563 903 caliginesque,
584 845 668 903 atquc
680 841 707 888 iu
719 837 784 889 aliis
795 839 919 904 partibus
930 852 987 891 sor·

188 912 255 965 dida
266 910 388 968 hulcera,
398 907 552 973 capitisque
564 907 685 973 pusulas.
701 908 804 958 Cannas
815 923 880 959 veru
891 922 987 963 eurum

188 981 224 1036 ad
234 982 312 1032 canis
324 980 435 1028 murias
448 978 635 1041 imponuntur.
646 976 681 1027 ht
692 975 831 1041 pelorides
839 976 987 1035 emolliunt

187 1051 295 1105 airum:
315 1050 382 1099 item
394 1052 522 1097 emtores
531 1059 566 1095 ca
575 1060 647 1110 aqua
657 1044 747 1097 mulsa
758 1042 896 1095 drachmis
908 1045 986 1099 birds.

187 1120 242 1185 Qui
254 1114 443 1170 vehementius
455 1114 561 1177 uolunt,
571 1114 676 1166 addunt
685 1115 841 1168 cucumeris
851 1114 932 1165 sativi
945 1128 987 1165 ra·

187 1188 259 1241 dicis
271 1182 850 1250 siccataedrachmam,etsphronitriduas.
862 1181 988 1237 'letheae

186 1255 356 1315 torminibus
370 1262 400 1307 ot
411 1253 600 1306 inflationibus
612 1260 770 1305 occurrunt.
806 1252 988 1304 inueniuntur

186 1325 241 1383 hae
252 1327 279 1378 lu
290 1325 368 1377 loliis
378 1326 492 1375 marinis
502 1331 648 1391 sugentes,
670 1322 819 1389 langorum
835 1323 928 1373 verius
938 1336 987 1389 ge·

187 1399 276 1459 neris,
298 1409 379 1462 quam
392 1394 518 1461 piscium.
552 1393 673 1444 Easdem
685 1400 715 1443 et
724 1401 876 1443 tenesmum
888 1390 987 1441 dissol-

187 1474 265 1528 vunt,
286 1479 438 1530 renumque
458 1463 535 1516 ritis.
571 1462 703 1514 Nascitur
720 1463 796 1514 etin
813 1463 882 1511 ntari
899 1460 989 1527 obsig-

138 1540 167 1597 ι
188 1530 764 1604 ιιὶιιιιιιιιιιιιιιιιιιιιιιιι.νοοιιι
779 1531 856 1582 circa
867 1520 987 1597 ripoa-

187 1607 231 1659 rin
245 1608 364 1656 maxime
375 1603 502 1670 Aegypti,
516 1601 618 1653 exilius
629 1602 766 1653 terrestri.
786 1599 883 1653 Alsum
894 1600 988 1661 solvit,

189 1682 219 1728 et
229 1674 322 1726 noxiis
332 1673 496 1724 animalibus
508 1672 641 1722 intentius
652 1670 760 1721 liberat.
777 1669 894 1721 solvunt
905 1676 933 1721 et
944 1684 986 1721 se·

189 1746 262 1813 piac.
292 1744 322 1796 ln
334 1743 395 1793 cibo
406 1742 508 1791 dantur
519 1755 579 1791 cum
590 1742 663 1800 oleo,
675 1745 703 1792 et
714 1737 781 1799 sale,
791 1745 820 1789 et
830 1737 932 1797 farina,
944 1738 989 1789 de·

189 1821 297 1864 coetae.
321 1813 440 1863 Muenna
449 1810 542 1861 salam
552 1824 612 1860 cum
624 1808 692 1860 felle
704 1809 815 1859 taurino
827 1806 919 1858 illitae
931 1822 988 1857 um·

188 1883 283 1942 bilico,
304 1882 395 1931 aluum
406 1880 528 1929 solvunt.
567 1880 611 1928 lus
622 1879 737 1945 piscium
749 1880 779 1928 in
789 1881 884 1942 patina
895 1882 988 1927 cocto·

187 1967 249 2005 rum
262 1964 323 2000 cunr
336 1949 454 2000 lactucis
464 1954 618 1999 tenesmum
631 1946 757 1998 discutit.
782 1946 882 1997 cancri
893 1944 989 1994 duria.

188 2020 255 2072 tiles
264 2017 324 2069 triti
336 2033 371 2069 ea
381 2032 454 2084 aqua
465 2017 533 2083 poti,
554 2018 644 2068 aluum
655 2017 765 2075 sistunt,
786 2015 893 2065 urinam
905 2014 988 2076 cient,

188 2089 219 2141 in
231 2090 293 2139 vino
304 2086 405 2138 alvum.
420 2086 544 2138 ademtis
555 2084 677 2138 brachiis
689 2083 813 2136 calculos
823 2085 929 2149 pellunt
940 2084 988 2133 tri·

189 2152 987 2223 buscholiscummyrrhatriti,singuliseorumdrachmis.

189 2226 264 2283 lleos
286 2233 315 2279 et
336 2226 494 2277 inflationes
506 2232 637 2276 castorea
649 2238 711 2275 cuns
731 2222 940 2283 daucisemine,
961 2226 990 2271 ct

189 2296 366 2368 petroselini,
378 2303 510 2362 quantum
522 2296 607 2346 ternis
617 2293 713 2360 digitis
723 2300 897 2353 summanus
908 2288 990 2341 mulsi

191 2367 275 2420 calidi
291 2363 400 2433 cyathis
410 2370 546 2430 quatuor:
558 2367 678 2414 tormina
692 2374 756 2411 sero
768 2376 828 2411 cum
840 2358 943 2411 anetho
955 2373 989 2410 ex

189 2437 361 2488 rinomixto.
398 2432 529 2500 Erythini
551 2433 580 2482 in
602 2432 664 2481 cibo
675 2429 762 2481 sumti
771 2430 874 2479 sistunt
889 2427 990 2478 aluum.

190 2503 385 2574 Dysentericis
404 2501 552 2552 medentur
571 2515 655 2551 ranae
676 2513 738 2549 cum
758 2498 839 2548 scilla
850 2496 991 2557 decoctae,

189 2575 234 2629 ita
246 2581 278 2625 ut
288 2571 393 2642 pastilli
406 2572 485 2620 liant:
498 2569 542 2619 uel
553 2582 705 2621 carcaram
717 2582 780 2619 cum
793 2566 991 2627 mellatenam,

191 2649 225 2725 ut
235 2641 322 2724 tradit
334 2641 491 2720 Qilss·
515 2637 617 2687 Morbo
628 2637 706 2718 regio
718 2636 917 2687 salsamentum
929 2649 990 2685 cunt

193 2707 813 2842 attaliitiaiaailtll‘iai.
833 2773 991 2839 nana..

192 2851 260 2903 item
271 2847 400 2914 torpedo:
424 2847 492 2898 item
504 2845 637 2897 rhombus
651 2846 742 2896 uirus:
765 2844 829 2896 dein
842 2842 992 2895 remittitur

190 2920 221 2973 in
232 2934 316 2973 mare.
353 2916 470 2983 Scorpio
482 2916 604 2967 marinus
622 2923 737 2966 necatus
748 2915 776 2965 in
787 2913 866 2974 uino,
884 2910 992 2963 vesicae

190 2989 269 3049 titia,
281 2995 309 3040 et
321 2986 443 3040 calculos
454 2993 543 3036 sanat.
564 2984 658 3050 Lapis,
669 2985 715 3050 qui
728 2984 867 3034 invenitur
877 2982 904 3031 in
916 2996 992 3031 acor.

183 3059 284 3126 'pionis
294 3056 394 3107 marini
406 3055 505 3116 cauda,
518 3054 640 3121 pondere
652 3053 727 3105 oboli
740 3061 838 3121 potus:
862 3048 991 3115 enhydri-

191 3126 236 3177 dis
248 3130 336 3177 iecur:
357 3125 532 3176 blendiorum
546 3124 615 3172 cinis
632 3137 692 3172 cum
706 3129 777 3171 ruta.
814 3119 993 3168 inueniuntur

190 3202 220 3249 et
232 3195 259 3246 in
271 3193 370 3246 bacchi
382 3193 463 3260 piscia
473 3192 628 3258 eapitereu
640 3189 738 3256 lapilli.
752 3188 790 3239 lli
802 3188 862 3254 poti
875 3200 908 3237 ex
921 3200 993 3252 aqua

192 3263 343 3317 calculosis
365 3263 508 3328 praeclare
528 3260 682 3311 medentur.
724 3260 808 3309 hirrnt
827 3264 856 3307 et
877 3257 992 3305 urticam

190 3334 328 3386 marinam
350 3333 378 3380 in
394 3332 457 3381 rino
475 3336 569 3395 potam
591 3327 738 3395 prodesset
758 3327 823 3377 item
836 3324 992 3392 pulmonem

190 3404 330 3456 marinum
341 3398 484 3450 decoctum
497 3398 523 3447 in
536 3411 617 3462 aqua.
641 3396 700 3447 Ora
710 3396 803 3462 sepiae
813 3395 920 3445 urinam
934 3407 991 3443 mo·

190 3478 267 3531 sent
279 3483 431 3535 renumque
444 3466 560 3535 pituitas
571 3464 732 3517 extrahunt.
760 3464 852 3531 llnpta
861 3462 994 3514 conuulsa

191 3539 285 3593 cancri
305 3537 454 3590 duviatiles
474 3537 535 3587 triti
553 3534 581 3584 in
601 3534 709 3584 asinino
729 3534 802 3586 lacte
820 3532 993 3585 niaximesa·

190 3616 275 3663 aaut:
288 3607 380 3661 echini
391 3622 455 3659 reru
468 3621 528 3656 cum
538 3606 625 3672 spinis
638 3603 696 3655 suis
709 3603 816 3655 contusi
827 3603 854 3651 in
868 3601 931 3652 vino
942 3614 992 3666 po·

191 3679 359 3733 ticalculos.
395 3675 498 3728 Modus
512 3674 629 3742 singulis
645 3672 767 3725 hemina:
788 3672 893 3723 bibitur
905 3670 994 3720 donec

108 3810 112 3815 .
192 3750 297 3820 prosit:
312 3754 340 3800 et
352 3747 424 3799 alias
437 3747 464 3798 in
477 3747 546 3797 cibis
556 3745 591 3795 ad
605 3742 658 3794 hoc
670 3743 826 3809 proliciunt.
857 3738 995 3805 Purgatur

192 3818 286 3873 vesica
297 3823 325 3869 et
337 3817 476 3886 pertinum
489 3814 560 3866 cibo.
595 3814 637 3863 Ea
650 3811 693 3863 his
703 3827 795 3863 mares
804 3810 855 3861 alii
866 3808 995 3871 donacas,

193 3888 243 3941 alii
254 3888 335 3940 stilos
347 3893 461 3939 vocant:
478 3884 595 3936 sentinas
607 3881 739 3948 onychas.
777 3880 891 3931 Urinam
903 3893 995 3929 mares

193 3966 315 4010 mouent.
353 3956 503 4008 Dulciores
514 3953 635 4005 lentiuae
645 3958 708 4003 stant
720 3958 749 4001 et
760 3949 926 4001 unicolores.
948 3945 995 3999 Se·

193 4029 258 4096 piae
269 4040 377 4093 qnoque
389 4041 441 4074 ura
452 4025 560 4074 urinam
572 4027 692 4080 movent,
704 4035 784 4071 renes
796 4022 923 4086 purgant.

230 4093 358 4147 xxxin.
377 4090 577 4142 Enterocelicia
598 4089 678 4155 lepus
698 4088 818 4138 illinitur
834 4090 917 4138 tritus
933 4098 994 4136 cum

194 4164 288 4217 atelle.
310 4162 391 4212 lecur
401 4175 511 4227 quoqne
523 4158 669 4223 aquaticae
681 4157 820 4216 colubrae,
834 4157 899 4205 item
913 4151 996 4219 hydri

193 4234 295 4285 tritum
316 4238 475 4296 potumque,
497 4225 646 4278 calculosis
668 4224 791 4291 prodest.
828 4221 996 4273 ischiadicos

194 4308 290 4356 autem
302 4299 421 4350 liberant
433 4296 604 4347 salsamenta
614 4308 648 4344 es
658 4293 748 4344 siluro
761 4290 853 4342 inlusa
864 4291 995 4357 clystere,

195 4375 332 4426 evacuata
343 4366 420 4433 prius
432 4366 504 4416 siro.
516 4362 595 4415 Sedis
606 4363 723 4414 attritas
733 4362 804 4413 cinis
815 4377 830 4413 e
841 4360 996 4426 capiteom-

194 4439 282 4509 gilum
306 4436 526 4501 mullorumque:
547 4432 748 4484 comburuntur
766 4438 859 4481 autem
878 4429 905 4479 in
915 4426 996 4479 fictili

193 4522 277 4561 vasa:
289 4504 363 4558 illini
374 4519 434 4555 cum
447 4503 530 4555 melle
542 4502 655 4554 debent.
691 4502 761 4565 ltem
773 4499 872 4566 capitis
883 4513 995 4549 maena-

193 4594 257 4634 rum
269 4577 340 4628 cinis
350 4580 379 4626 et
389 4574 424 4625 ad
436 4572 585 4641 rhagadas,
604 4579 633 4625 ct
643 4570 679 4623 sd
691 4569 892 4638 condylomata
901 4567 996 4618 utilis:

195 4648 270 4702 sicut
280 4642 450 4714 pelamidum
461 4643 598 4694 salsarum
610 4642 731 4708 capitum
743 4639 822 4700 cinis,
845 4636 890 4688 rel
899 4636 995 4703 cybio·

196 4733 258 4771 rum
280 4730 341 4769 cum
362 4712 454 4765 melle.
491 4710 622 4778 Torpedo
635 4709 763 4777 apposita
774 4706 945 4776 procidentis
957 4706 997 4757 in·

196 4788 307 4840 teranci
316 4783 443 4837 morbum
456 4780 495 4833 ibi
505 4787 624 4833 coercet.
636 4780 807 4831 Cancrorum
818 4775 996 4828 fluviatilium

198 4857 266 4908 cinis
278 4870 311 4908 ex
324 4853 388 4906 olea
399 4856 428 4904 et
441 4867 512 4914 cera,
523 4850 608 4901 rimas
619 4850 648 4900 in
659 4847 842 4915 eudemparte
852 4846 996 4899 eniendatz

197 4926 265 4977 item
279 4930 307 4975 et
316 4922 416 4975 marini
429 4922 520 4973 cancri
534 4920 647 4987 polline.

233 4991 360 5045 xxxta
383 4991 476 5043 Panos
494 4991 666 5041 salsamenta
684 4984 807 5041 coracini
828 4983 996 5037 discutiunt:

198 5062 328 5115 sciaenae
340 5061 484 5113 interanea
501 5067 531 5112 et
548 5073 679 5126 squamae
690 5058 865 5111 combustae:
887 5050 997 5118 scorpio

197 5130 228 5186 ln
239 5135 303 5184 rino
316 5131 456 5191 decoctus,
468 5130 509 5181 ita
519 5135 551 5181 ut
562 5128 710 5181 foveantur
721 5143 754 5180 ea
767 5127 824 5177 illo.
841 5122 875 5175 ht
888 5119 999 5174 echino·

198 5216 259 5257 rum
273 5208 363 5255 testae
374 5207 506 5251 contusae
516 5204 545 5251 et
556 5214 617 5250 exa
638 5212 674 5248 ua
683 5196 783 5256 illitae,
803 5190 998 5259 incipientibus

198 5273 276 5340 panis
288 5270 431 5321 resistunt.
441 5268 579 5318 Maricam
592 5213 637 5317 red
648 5278 830 5348 purpurarum
843 5262 912 5313 cinis
922 5266 998 5311 utro-

199 5356 255 5409 que
267 5337 360 5398 modo,
381 5336 439 5386 slve
449 5336 589 5387 discutere
604 5350 673 5403 opus
684 5343 722 5386 ιιι
741 5333 917 5398 incipientes,
938 5328 998 5381 aire

200 5412 351 5462 concoctos
361 5403 497 5454 emittere.
521 5404 639 5464 Quidam
651 5404 692 5456 ita
704 5406 869 5468 componunt
880 5398 998 5451 modica·

198 5483 337 5531 mentum:
359 5484 442 5524 cerae
453 5479 482 5523 et
491 5470 580 5522 thuris
590 5471 735 5525 drachmas
746 5471 812 5532 xx,
833 5483 945 5536 spumae
956 5480 999 5535 m·

200 5547 276 5615 genti
288 5543 349 5606 XL,
361 5541 463 5593 cineris
475 5542 608 5591 muricum
619 5542 654 5603 X,
672 5542 728 5594 olei
737 5540 840 5593 veteris
851 5537 998 5589 heminam.

216 5618 320 5696 “rqsunt
332 5627 382 5735 pqq
391 5626 421 5662 se
431 5608 605 5671 mlaauanta
615 5616 704 5663 cocta
739 5608 838 5662 cancri
850 5606 999 5661 lluriatiles

264 5699 335 5739 ara.
389 5695 419 5734 ιΓ

1039 493 1102 549 triti
1111 493 1294 548 mundorum
1304 489 1417 558 pusulas
1427 491 1592 550 discutiunt:
1613 493 1683 545 daia
1698 506 1734 545 aa
1746 494 1837 561 oaplta

1040 580 1212 619 maenarum:
1233 564 1300 614 item
1314 575 1410 613 earnm
1421 560 1552 613 decoctae
1563 567 1593 613 et
1602 561 1760 628 impositae.
1796 560 1837 615 Si·

1039 636 1147 687 militer
1155 646 1256 702 percus
1265 632 1356 683 salsas
1366 646 1384 682 a
1393 631 1483 694 capite
1494 630 1565 680 einis
1575 629 1658 682 melle
1669 630 1776 682 addito.
1787 630 1837 686 Pe·

1039 704 1173 757 lauritium
1184 702 1287 768 capitis
1297 700 1580 766 cininautsquatinac
1592 700 1676 763 piscis
1685 701 1837 752 cutiacom·

1039 775 1129 825 busta
1155 775 1233 823 llaec
1244 776 1299 831 eat,
1309 784 1364 835 qua
1373 768 1492 819 dirimas
1503 769 1608 836 lignum
1621 768 1720 833 poliri:
1730 770 1797 836 quia
1808 777 1838 824 et

1041 844 1138 894 emori
1149 841 1264 893 fabriles
1274 854 1340 889 usus
1350 844 1462 889 exeunt.
1489 837 1610 889 Prosunt
1620 844 1648 888 et
1659 839 1793 890 amandos
1803 838 1836 889 il.

1039 911 1121 964 litae:
1134 912 1202 963 item
1212 909 1348 960 sauricum
1359 905 1403 957 nel
1412 912 1691 972 purpurarumtestae
1698 908 1836 959 tiniacum

1040 981 1135 1033 mella:
1146 980 1286 1033 efficacias
1297 982 1481 1028 crematarum
1490 991 1550 1027 cum
1558 976 1760 1027 carnibnssuis.
1772 978 1837 1028 car·

1039 1050 1175 1102 bunculns
1183 1048 1362 1101 verendorum
1374 1046 1503 1112 privatim
1516 1046 1837 1097 salsamentacoctacum

1040 1118 1123 1170 malle
1135 1123 1202 1171 resti
1249 1124 1316 1168 runt.
1328 1117 1364 1166 st
1374 1115 1513 1178 testam,si
1522 1113 1839 1178 descenderitcochlca·

1039 1203 1100 1240 rum
1111 1202 1208 1254 spuma
1218 1189 1229 1238 i
1254 1187 1292 1236 ‘ni
1303 1185 1408 1235 nolunt.

1074 1271 1189 1324 XXXV.
1209 1273 1311 1323 Urinae
1328 1269 1560 1322 incontinentiam
1580 1267 1757 1336 hippocampi
1770 1267 1837 1318 tosti

1040 1349 1070 1394 et
1082 1341 1109 1392 ln
1122 1342 1184 1393 cibo
1204 1341 1315 1408 saepius
1337 1342 1422 1391 sumti
1434 1339 1589 1391 emendant.
1626 1342 1693 1390 ltem
1705 1336 1839 1403 ophidion

1041 1412 1192 1480 pisclculus
1204 1406 1310 1476 congro
1319 1410 1420 1460 similis
1432 1420 1493 1460 cum
1507 1408 1559 1458 lilii
1572 1408 1674 1459 radice.
1706 1404 1839 1457 Piscicull

1042 1482 1150 1542 atinati,
1158 1496 1191 1532 ex
1203 1481 1364 1532 ventreeius
1376 1494 1422 1546 qur
1434 1478 1608 1529 devoraverit
1618 1475 1768 1536 exemti,et
1780 1489 1839 1526 crc-

1041 1551 1118 1611 mati,
1136 1552 1178 1602 ita
1187 1558 1218 1600 ut
1230 1550 1298 1600 cinis
1310 1563 1405 1599 eorum
1419 1548 1531 1598 bibatur
1540 1561 1574 1599 ea
1585 1560 1666 1612 aqua.
1702 1545 1800 1595 labent
1809 1547 1839 1594 et

1041 1619 1169 1671 cochleas
1179 1618 1325 1671 Aldcanas
1335 1632 1397 1668 cum
1409 1632 1459 1669 sua
1468 1631 1551 1669 carne
1562 1614 1696 1677 comburi,
1706 1614 1839 1666 clamem·

1042 1704 1094 1756 que
1105 1705 1139 1740 ex
1150 1689 1213 1740 rino
1224 1688 1340 1755 Signino
1353 1686 1421 1737 dari.

1076 1774 1203 1827 xxxvl.
1221 1773 1357 1842 Podagris
1368 1771 1591 1837 articulariisque
1602 1768 1706 1821 morbis
1717 1764 1787 1817 utile
1797 1768 1840 1815 est

1043 1841 1179 1905 oleum,in
1194 1859 1248 1912 quo
1260 1842 1375 1894 decocta
1385 1842 1442 1891 sint
1453 1855 1581 1891 ranarum
1595 1839 1742 1890 intestina:
1753 1840 1782 1885 et
1792 1846 1839 1882 ru-

1041 1914 1122 1964 betae
1135 1914 1204 1963 cinis
1215 1927 1274 1962 cum
1286 1911 1368 1977 adipe
1380 1918 1483 1963 vetere.
1519 1909 1638 1970 Quidam
1650 1913 1677 1959 et
1689 1902 1786 1954 hordei
1799 1901 1840 1953 cl·

1042 1997 1135 2033 nerem
1147 1981 1290 2042 adiiciunt,
1299 1981 1383 2032 trium
1396 1994 1486 2031 rerum
1499 1992 1586 2044 aequo
1600 1975 1729 2043 pondere.
1741 1969 1841 2021 lubeat

1043 2057 1072 2103 et
1081 2051 1176 2118 lepore
1188 2051 1294 2100 nrnrlrm
1306 2050 1412 2100 recenti
1423 2047 1574 2115 podagram
1587 2042 1688 2095 fricari.
1716 2038 1840 2090 fibrinis

1043 2136 1151 2187 quoquc
1163 2119 1281 2186 pellibus
1293 2117 1421 2177 calceari,
1433 2116 1552 2165 maxime
1563 2110 1673 2164 l’uutlci
1684 2108 1756 2160 libri.
1771 2108 1841 2158 ltem

1044 2191 1123 2240 vituli
1144 2188 1255 2239 marini:
1279 2187 1358 2238 cuius
1379 2192 1407 2237 et
1423 2182 1639 2250 adepsprodcst.
1677 2178 1801 2231 Necnon
1814 2181 1843 2228 et

1043 2261 1143 2326 bryon,
1154 2257 1188 2307 de
1201 2272 1253 2324 quo
1265 2255 1392 2316 diximus,
1402 2253 1528 2304 lactucae
1540 2245 1842 2317 sintlle,rugosioribus

1044 2327 1131 2388 loliis,
1151 2327 1211 2377 sine
1223 2325 1310 2376 caule.
1346 2324 1451 2375 Natura
1468 2329 1509 2373 est
1521 2322 1547 2372 ei
1558 2321 1690 2387 styptica.
1727 2313 1842 2382 imposi-

1044 2404 1157 2461 tumque
1169 2395 1240 2446 lenit
1252 2395 1371 2459 impetus
1382 2391 1533 2457 podagrae.
1570 2391 1639 2440 ltem
1652 2388 1726 2452 alga,
1743 2385 1777 2437 tle
1788 2397 1843 2450 qus

1044 2467 1104 2532 ipsa
1115 2465 1218 2513 dictum
1231 2469 1287 2512 est:
1299 2463 1518 2523 observaturque
1529 2457 1556 2506 iu
1568 2472 1609 2518 ea,
1620 2472 1654 2507 ne
1665 2454 1744 2505 arida
1754 2454 1841 2519 impu·

1045 2542 1136 2585 natur.
1175 2530 1323 2583 l'ernioacn
1335 2527 1462 2578 erstendat
1475 2527 1568 2590 pulmo
1578 2527 1717 2581 marinus,
1740 2519 1842 2572 macti·

1044 2620 1097 2670 que
1110 2600 1208 2652 marini
1221 2600 1290 2649 cinis
1301 2612 1335 2648 ex
1348 2596 1493 2657 elamitem
1507 2591 1657 2643 lluriatiles
1666 2590 1740 2649 triti,
1748 2589 1842 2654 sicque

1045 2673 1136 2723 cinere
1147 2676 1175 2720 et
1186 2669 1249 2720 tileo
1261 2665 1384 2717 subacti:
1399 2671 1427 2716 et
1437 2662 1516 2712 siluri
1528 2660 1623 2726 adeps.
1654 2660 1690 2708 Et
1701 2658 1729 2707 in
1742 2657 1844 2708 articu-
1906 2658 1916 2675 ⁰

1045 2743 1094 2803 lis,
1118 2739 1276 2790 ntorborum
1290 2738 1408 2800 impetus
1420 2731 1517 2782 sedant
1529 2743 1613 2779 ranae
1624 2726 1739 2778 subinde
1751 2741 1844 2777 recen·

1046 2818 1089 2862 tes
1100 2808 1261 2874 impositae:
1273 2804 1383 2873 quidam
1395 2802 1529 2851 dissectas
1541 2796 1758 2863 iubentimponi.
1778 2795 1844 2845 Cur·

1045 2895 1096 2948 pus
1108 2885 1192 2944 auget
1204 2878 1246 2926 ius
1257 2872 1429 2932 mitulorum,
1441 2876 1470 2922 et
1481 2867 1656 2920 concharum.

1079 2962 1218 3015 xxxvii.
1237 2958 1406 3018 Conritlales,
1417 2963 1447 3008 ut
1457 2953 1585 3011 dixinrus,
1604 2949 1751 3015 coagulum
1764 2946 1845 2999 rituli

1046 3035 1144 3085 marini
1157 3033 1254 3083 hibunt
1265 3044 1324 3079 cum
1338 3028 1410 3080 lacte
1421 3026 1530 3091 equino,
1549 3020 1702 3079 asiniuuve,
1723 3024 1772 3068 aut
1782 3031 1843 3067 cum

1047 3103 1142 3154 Punici
1153 3116 1243 3160 succo,
1254 3098 1363 3166 quidam
1376 3110 1408 3146 cx
1420 3100 1499 3144 aceto
1513 3089 1612 3141 nrulso.
1623 3088 1680 3139 Nec
1692 3102 1745 3136 nun
1757 3082 1844 3150 aliqui

1047 3187 1096 3239 per
1115 3186 1145 3220 se
1164 3168 1262 3234 pilulas
1281 3165 1424 3216 devorant.
1461 3162 1623 3211 Castoreant
1635 3158 1663 3207 iu
1676 3155 1746 3206 aceti
1759 3152 1844 3203 annisi

1047 3236 1156 3307 cyathis
1169 3237 1258 3288 tribus
1269 3235 1369 3285 ieiunis
1382 3234 1472 3281 datur.
1510 3227 1561 3277 llis
1574 3242 1652 3286 rcro,
1676 3226 1721 3289 qui
1733 3222 1843 3288 saepius

1047 3309 1119 3360 curri
1141 3307 1243 3365 iunior,
1257 3305 1379 3370 clystere
1390 3300 1509 3350 inlusum
1523 3296 1636 3345 nririlice
1648 3291 1768 3358 prodest.
1790 3291 1842 3340 Ca·

1047 3387 1134 3429 sitiret
1154 3373 1300 3425 drachmae
1317 3371 1388 3422 dunc
1400 3383 1460 3419 esse
1473 3364 1625 3423 debebunt,
1646 3360 1737 3410 mellis
1748 3366 1775 3409 et
1788 3358 1843 3408 ulei

1047 3445 1194 3505 sextarius,
1213 3450 1241 3493 et
1264 3456 1351 3507 aquae
1372 3433 1544 3488 tantundem.
1580 3430 1620 3481 ad
1638 3443 1767 3495 praesens
1779 3439 1844 3477 reru

1047 3514 1184 3580 correptis
1196 3510 1301 3561 olfactu
1312 3505 1442 3558 subvenit
1450 3515 1509 3552 cum
1522 3507 1611 3551 aceto.
1648 3496 1738 3548 Datur
1749 3501 1777 3546 et
1789 3510 1846 3547 mu·

1047 3583 1136 3636 stelae
1159 3581 1281 3632 orariuae
1298 3578 1385 3640 iecur,
1407 3575 1474 3624 item
1493 3572 1593 3621 muris:
1612 3566 1656 3619 rel
1672 3565 1845 3619 testudinum

1047 3668 1169 3719 sanguis.

1082 3735 1237 3791 xxxviii.
1255 3730 1384 3785 Febrium
1397 3726 1532 3780 circuitus
1544 3721 1620 3776 tollit
1633 3722 1712 3773 iecur
1722 3714 1847 3785 delphini

1049 3815 1191 3879 gustatum
1204 3809 1268 3856 ante
1279 3800 1459 3852 accessiones.
1476 3791 1663 3861 liippocampi
1676 3797 1809 3841 necantur
1818 3787 1846 3839 iu

1049 3893 1141 3939 roseo,
1152 3882 1184 3926 ut
1195 3877 1385 3943 perungantur
1397 3884 1429 3920 ae
1450 3866 1473 3917 ri
1485 3868 1510 3916 in
1524 3861 1634 3930 frigidis
1647 3859 1779 3912 febribus.
1810 3856 1848 3907 Et

1049 3948 1104 4015 ipsi
1126 3945 1281 4011 alligantur
1297 3939 1399 4008 aegris.
1430 3884 1504 3988 htem
1518 3947 1550 3984 cs
1563 3931 1651 3984 asello
1663 3931 1739 4009 pisce
1749 3923 1848 4004 lapilli,

1050 4018 1096 4085 qui
1108 4016 1191 4083 plena
1204 4014 1282 4064 huna
1294 4009 1470 4060 inueniuntur
1482 4004 1510 4054 in
1533 4002 1635 4068 capite,
1655 3998 1807 4072 alligantur
1818 4007 1847 4043 sa

1049 4085 1177 4139 linteolo.
1213 4080 1297 4147 Pugri
1308 4075 1451 4128 fluviatilis
1472 4070 1653 4137 longissimus
1664 4064 1733 4115 deus
1743 4059 1846 4128 capillo

1049 4152 1231 4216 adalligatus,
1253 4153 1292 4199 ita
1302 4154 1333 4198 ut
1345 4146 1465 4211 quinque
1478 4140 1576 4190 diebus
1586 4150 1648 4189 eunt
1659 4133 1706 4199 qui
1715 4131 1848 4196 alligare·

1050 4223 1096 4282 rit,
1117 4236 1172 4269 nna
1183 4224 1279 4270 cernat
1289 4229 1386 4281 aeger:
1407 4226 1492 4263 ranae
1504 4209 1532 4258 in
1545 4207 1627 4256 triuio
1639 4201 1772 4251 decoctae
1784 4196 1847 4248 oleo

1050 4290 1167 4342 abiectis
1177 4286 1469 4349 carnibus,perunctos
1482 4276 1602 4329 liberant
1613 4268 1766 4387 quartanis.
1777 4266 1848 4318 Sunt

1051 4358 1099 4427 qui
1110 4355 1300 4424 strangulatas
1312 4353 1340 4402 in
1352 4352 1424 4410 oleo,
1433 4352 1508 4414 ipsas
1518 4345 1614 4395 clama
1635 4339 1761 4404 alligent,
1773 4333 1848 4385 oleo·

1051 4444 1104 4497 que
1124 4442 1158 4478 eo
1171 4428 1334 4493 perungant.
1370 4419 1426 4470 Cor
1437 4426 1531 4468 earum
1543 4407 1726 4486 adalligatum
1738 4402 1847 4470 lrigora

1051 4497 1169 4551 febrium
1182 4494 1293 4545 minuit:
1316 4495 1345 4542 et
1356 4487 1458 4545 oleum,
1478 4482 1505 4532 in
1519 4493 1573 4546 quo
1586 4478 1720 4528 intestina
1731 4472 1848 4523 decocta

1049 4570 1115 4620 sint.
1150 4562 1273 4617 Μιιίιιι
1284 4566 1376 4610 autem
1388 4550 1531 4620 quartanis
1542 4548 1672 4606 liberant,
1683 4542 1785 4594 ablatis
1796 4555 1847 4591 uu·

1050 4638 1151 4706 guibus
1163 4647 1246 4684 ranae
1257 4626 1438 4693 adalligatae,
1450 4628 1478 4674 et
1490 4619 1613 4671 rubetae.
1641 4615 1719 4666 lecur
1730 4612 1791 4663 eius
1801 4609 1848 4662 rel

1051 4721 1100 4758 cor
1109 4703 1280 4766 adalligatur
1291 4697 1318 4748 in
1330 4710 1420 4763 panna
1433 4687 1612 4755 leucophaea.
1640 4682 1738 4735 Cancri
1748 4679 1846 4732 fluvia·
1940 4732 1947 4745 .

1050 4776 1116 4828 tiles
1126 4772 1188 4823 triti
1201 4773 1229 4821 in
1241 4768 1304 4820 oleo
1315 4774 1344 4817 et
1355 4777 1436 4832 aqua,
1447 4756 1588 4828 perunctia
1600 4760 1665 4805 ante
1675 4750 1848 4831 accessiones

1050 4847 1079 4897 in
1091 4840 1217 4894 febribus
1239 4840 1364 4905 prosunt.
1401 4822 1756 4898 aliquietpiperaddunt.
1791 4815 1850 4871 alil
1934 4860 1940 4865 .

1051 4914 1181 4965 decoctos
1191 4908 1226 4960 ad
1238 4906 1388 4974 quartatio
1399 4901 1463 4951 rino
1476 4915 1491 4950 e
1503 4896 1613 4949 balineo
1624 4890 1743 4960 egressis
1752 4889 1848 4942 bibere

1050 4980 1207 5034 suadentia
1220 4977 1373 5045 quartanis.
1403 4967 1494 5035 Aliqui
1508 4980 1571 5019 vero
1584 4963 1725 5013 sinistrum
1737 4957 1847 5011 oculum

1053 5049 1182 5103 devorari
1195 5047 1301 5099 iubent.
1312 5041 1388 5110 Magi
1399 5052 1507 5108 quoque
1519 5032 1606 5086 oculis
1618 5046 1713 5083 eorum
1724 5034 1787 5107 ante
1799 5023 1848 5075 So·

1051 5122 1087 5174 lia
1098 5124 1190 5172 ortum
1203 5113 1364 5182 adalligatis
1375 5123 1475 5176 aegro,
1495 5105 1537 5157 ita
1553 5110 1584 5155 ut
1596 5116 1696 5155 caecos
1706 5095 1849 5149 dimittant
1868 5090 1881 5119 ·
1949 5096 1956 5109 ·

1051 5192 1081 5244 in
1094 5203 1203 5257 aquam,
1214 5184 1353 5239 tertianas
1365 5178 1440 5245 abigi
1452 5177 1625 5244 promittunt.
1654 5167 1772 5221 Eosdem
1785 5175 1848 5241 qcu·

1051 5260 1095 5313 los
1107 5273 1168 5312 cum
1182 5256 1311 5310 carnibus
1320 5250 1455 5305 luscinias
1470 5246 1498 5298 io
1511 5243 1582 5312 pelle
1595 5240 1704 5292 ceruina
1715 5230 1848 5294 adalliga-

1052 5338 1105 5391 tos,
1125 5334 1269 5396 praestare
1287 5321 1409 5391 vigiliam
1428 5329 1526 5369 somno
1549 5311 1645 5376 fugato
1657 5301 1780 5356 tradunt.
1816 5297 1848 5349 ln

1006 5394 1009 5409 '
1051 5398 1208 5465 lethargum
1220 5393 1394 5464 vergentibus
1417 5380 1687 5453 coagulabalaenae,
1707 5364 1848 5419 autrituli

1052 5468 1153 5520 marini
1165 5466 1199 5518 ad
1212 5464 1347 5516 olfactum
1356 5464 1481 5511 utuntur.
1518 5448 1572 5500 arii
1583 5440 1745 5519 sanguinem
1758 5441 1845 5518 testu·

1053 5539 1149 5590 dinurn
1159 5533 1320 5602 lethargicis
1331 5530 1452 5582 illinunt,
1477 5514 1619 5571 Tertianis
1629 5506 1734 5561 medem
1745 5507 1850 5557 dicutur

1053 5608 1086 5662 et'
1094 5604 1249 5676 spondylus
1258 5615 1360 5671 percas
1371 5592 1554 5715 aqlgrlligutusr
1566 5577 1710 5650 quartanis
1720 5572 1850 5631 cochleae
