4330 6014
251 314 256 325 -
293 273 326 335 C.
367 271 514 335 aaron
556 267 763 334 sacuam
804 272 972 336 Nerua.
1016 274 1202 340 fllsroit
1247 275 1335 339 ΗΒ.
1358 277 1395 337 V.
1440 276 1645 344 CAN-h.
1764 288 1803 350 75

146 424 266 479 Flamen
276 419 365 484 Laud,
376 427 405 474 et
415 423 506 490 ipsum
518 422 692 491 navigiorum
703 435 800 490 capax.
834 421 954 483 Boradir

147 492 278 562 oppidum
291 499 320 545 et
332 492 689 558 portus,ll1elrauatiurius
701 493 876 560 navigabilis.

78 594 96 613 ..
182 563 252 629 Siga
272 561 402 627 oppidum
422 577 457 613 ex
472 563 590 615 adverso
610 560 755 625 Malachae
771 564 799 614 in
816 562 953 630 Hispania

148 632 233 694 sitae,
266 628 403 697 Syphacis
422 632 515 698 regia,
538 631 655 683 ulterius
677 634 732 683 iam
755 632 951 685 Mauritaniae.

148 701 274 768 Namque
286 699 335 751 diu
346 714 443 766 regum
456 702 568 751 nentina
578 701 733 764 obtinuere,
749 712 779 753 ut
790 700 954 770 Bogurdiana

147 770 339 839 appellaretur
348 770 464 822 sauma:
475 771 597 838 itemque
602 769 717 832 Bocchi,
728 785 798 837 quae
808 786 879 823 nunc
887 772 954 823 Cae·

145 841 286 893 raniensis.
323 839 364 893 Ab
375 855 409 892 ea
420 846 516 908 portus
527 841 645 909 hlagnus
656 856 673 890 a
682 842 776 907 spatio
787 841 951 908 appellatus,

146 909 249 963 civium
260 909 450 961 Romanorum
463 910 602 977 oppidum.
623 911 718 962 Amnis
728 909 871 974 Mulucha,
881 911 952 962 Boc·

147 978 189 1031 chi
200 979 495 1047 Masaesylorumque
511 982 582 1031 tinia.
619 979 708 1039 Quiza
724 980 864 1032 Xenitaua
877 995 954 1047 pere·

146 1048 457 1184 ornando
470 1048 854 1171 oronnam

146 1191 197 1249 sti,
217 1187 294 1254 legio
304 1186 435 1239 secunda.
471 1188 540 1253 lieni
553 1188 665 1239 colonia
675 1188 812 1250 eiusdem,
834 1188 954 1239 deducta

147 1255 263 1309 cohorte
273 1256 428 1322 praetoria,
437 1257 557 1323 Gunngi.
571 1256 952 1323 PromontoriumApollinis:

147 1327 334 1393 oppidumque
345 1325 385 1376 ibi
396 1326 608 1377 celeberrimum
620 1327 767 1386 Caesarea,
784 1333 867 1377 antea
877 1326 951 1377 roci·

148 1403 239 1447 tatum
251 1396 302 1457 iol,
318 1395 401 1447 lubae
411 1396 498 1462 regia,
515 1410 532 1444 a
544 1394 615 1445 Divo
627 1394 743 1446 Claudio
754 1394 881 1446 coloniae
892 1394 953 1446 iure

148 1464 266 1517 donata:
287 1463 409 1516 eiusdem
422 1466 499 1515 iussu
511 1463 638 1515 deductis
649 1464 798 1525 veteranis,
813 1462 953 1529 Oppidum

150 1548 269 1585 norum:
279 1541 307 1584 et
316 1532 399 1585 Latio
411 1534 487 1595 dato,
499 1535 612 1600 Tipasa.
636 1533 789 1599 itemquae
802 1534 952 1600 Vespasia·

148 1618 187 1655 aa
199 1603 369 1668 imperatore
381 1603 478 1656 eodem
491 1618 603 1655 munere
613 1602 746 1654 donatum
760 1604 875 1654 lession.
903 1605 954 1655 Cu·

147 1671 226 1725 lunia
239 1672 358 1740 Augusti
376 1674 538 1725 Ruscuniae.
574 1673 756 1725 llusucuriuni
774 1672 889 1725 civitate
904 1672 954 1722 ho·

148 1748 278 1794 auratum
291 1742 445 1795 aClaudio.
466 1742 591 1793 Rusazus
601 1742 713 1794 colonia
722 1742 850 1807 Augusti.
871 1739 954 1793 Saldo

148 1810 261 1864 colonia
272 1812 405 1864 eiusdem.
431 1811 500 1863 item
512 1811 626 1879 Igilgili.
646 1811 784 1879 Oppidum
796 1812 892 1862 'Puera
901 1812 953 1862 im·

148 1880 272 1946 pnsitum
288 1882 373 1944 nitori,
395 1881 539 1932 cttlumini
550 1884 713 1947 Ampsagae.
750 1883 826 1933 lutus
842 1880 955 1932 colonia

146 1951 281 2016 Augusta,
292 1964 363 2016 quae
374 1950 440 2001 item
452 1949 605 2002 Succabar:
617 1951 685 2002 item
696 1951 886 2016 Tubusuptus.
912 1949 956 2000 Ci-

146 2018 263 2071 nitates:
274 2018 386 2081 'l'imici,
399 2020 532 2087 Tigarae.
565 2020 706 2087 Flpniiuar
719 2018 864 2081 Sardabal,
874 2021 955 2079 Ares,

145 2086 254 2140 Nabrr:
269 2103 338 2156 gens
348 2089 504 2141 Macurebi:
520 2088 620 2141 flumen
631 2089 713 2141 Usar:
732 2102 801 2155 gens
813 2088 953 2139 Nabadcs.

145 2156 266 2211 Flumen
277 2162 425 2226 Ampsaga,
440 2158 520 2211 abest
531 2174 548 2209 a
560 2161 697 2211 Caesarea
709 2157 857 2210 CCXXXH
869 2157 954 2208 milli·

146 2225 198 2281 bus
210 2241 351 2292 passuum.
391 2227 539 2296 Utriusque
551 2227 738 2280 Mauritaniae
749 2224 895 2294 longitudo
906 2225 953 2278 de·

144 2297 203 2348 cies
216 2297 335 2364 triginta
345 2311 443 2349 norem
455 2298 534 2360 mili,
554 2296 675 2349 latitudo
686 2295 953 2365 quadringentorum

141 2366 409 2433 mxagimaseptem
420 2368 488 2419 mill.
501 2382 642 2434 passuum.
775 2372 781 2385 “

177 2435 215 2487 ll.
233 2437 274 2487 Ab
291 2439 430 2503 Ampsaga
448 2436 579 2489 Numidia
593 2442 651 2497 est,
672 2433 858 2485 Massinissae
877 2432 955 2485 clara

140 2503 266 2567 nemine,
286 2504 471 2573 Metagonitis
481 2513 558 2558 terra
567 2520 584 2553 a
596 2504 710 2555 Graecis
721 2501 878 2569 appellata:
899 2501 957 2553 Nu·

139 2571 238 2625 midae
249 2588 314 2625 rere
326 2574 468 2626 Nomades
478 2588 495 2622 a
522 2572 694 2623 ermutamlis
707 2571 825 2636 pabulis,
835 2571 956 2635 mapalia

138 2657 205 2703 rua,
224 2640 277 2694 hoc
289 2649 343 2702 est,
360 2642 468 2702 domus,
484 2588 618 2706 phustas
629 2639 865 2690 circumferentes.
903 2638 956 2701 0p·

137 2710 230 2777 pidar
247 2710 339 2770 Cultu,
356 2709 503 2770 Rusicade,
513 2716 542 2760 et
553 2709 589 2759 ab
600 2722 634 2760 ea
644 2706 831 2774 quadraginta
842 2710 905 2755 octo
916 2705 955 2755 M.

133 2792 281 2847 passuum
293 2778 320 2827 in
331 2777 532 2829 mediterraneo
543 2774 653 2827 colonia
665 2776 752 2837 Cirta,
772 2774 954 2826 Sittianorum

135 2845 331 2980 afflata
344 2843 954 2979 ⁰²tiit'atitaattrahendi?

333 2950 340 2964 ι
884 2946 892 2973 p
943 2939 955 2955 ”

138 2998 210 3036 rnen
221 2982 333 3033 Armua.
356 2982 493 3049 Oppidum
504 2983 632 3035 Tabraca
643 2982 744 3034 ciuium
757 2980 954 3033 Romanorum.

140 3054 241 3105 Tusca
249 3050 356 3112 fluvius,
368 3051 514 3104 Numidiae
526 3052 607 3103 linis:
624 3066 674 3103 nec
685 3057 798 3116 praeter
807 3051 955 3102 marnroris

141 3118 288 3173 Numidici
302 3118 477 3188 ferarumque
490 3127 655 3187 protentum
666 3118 741 3171 aliud
752 3119 870 3186 insigne.

178 3188 229 3240 ill.
247 3190 270 3239 A
281 3191 382 3252 Tusca,
396 3190 551 3258 Zeugitana
560 3191 648 3257 regio,
659 3196 688 3241 et
699 3202 771 3256 quae
781 3188 894 3256 proprie
904 3203 953 3240 ro·

143 3264 225 3312 uetur
236 3257 338 3321 Africa,
349 3266 400 3311 cst.
415 3260 483 3311 Tria
495 3261 698 3327 promontoria:
710 3256 876 3310 Candidum:
888 3272 954 3309 moa

144 3326 293 3395 Apollinis,
310 3328 456 3381 adversum
469 3329 625 3381 Sardiniae:
647 3327 792 3388 Mercurii,
807 3326 953 3379 adversum

145 3396 268 3459 Siciliae,
288 3397 316 3448 in
328 3397 416 3448 altum
429 3398 629 3464 procurrentia,
650 3397 720 3449 duos
731 3396 855 3448 efficiunt
864 3398 954 3447 sinus:

145 3467 367 3533 Hipponensem,
376 3467 530 3533 proximum
543 3468 578 3518 ab
590 3467 701 3533 oppidu,
711 3466 785 3533 qued
796 3465 954 3532 Hipponem

147 3536 271 3587 dirutum
281 3542 392 3609 vocant,
413 3536 597 3604 Diarrhytum
608 3551 625 3588 a
635 3534 749 3586 Graecis
761 3535 877 3598 dictum,
893 3549 955 3601 pro·

148 3612 212 3672 pter
222 3619 358 3670 aquarum
370 3605 487 3673 irrigua.
509 3605 558 3657 Cui
571 3605 717 3656 finitimum
729 3603 893 3665 Theudalis,
905 3605 955 3654 im·

147 3689 232 3726 mune
244 3674 386 3739 oppidum,
399 3675 507 3742 longius
517 3689 533 3723 a
543 3672 638 3727 litore.
648 3672 718 3725 Dein
731 3673 954 3738 promontorium

147 3742 295 3811 Apollinis,
304 3751 333 3796 et
344 3744 372 3794 iu
380 3742 954 3804 alternsinuUticaciuiumliemauorum,

149 3813 263 3864 Catoms
274 3821 364 3865 morte
375 3813 490 3863 nobilis:
506 3812 608 3865 humen
618 3811 756 3880 Bagrada.
792 3812 893 3870 lmeus,
906 3811 956 3861 Ca-

148 3890 208 3933 stra
218 3882 362 3933 Cornelia:
379 3882 490 3933 colonia
500 3878 648 3949 Carthago,
660 3895 776 3948 magnae
786 3880 813 3930 in
824 3879 955 3944 vestigiis

150 3950 342 4017 Carthaginis:
364 3950 618 4002 colunialllarulla.
655 3950 777 4017 Oppida:
800 3951 889 4015 Carpi,
904 3948 955 3997 Mi·

149 4034 207 4080 sua,
218 4028 247 4071 et
258 4021 375 4071 liberum
383 4022 488 4087 Clupea
498 4021 526 4070 in
536 4021 725 4086 promuntorio
733 4018 875 4070 Mercurii.
887 4018 955 4068 ltem

149 4088 238 4140 libera
249 4091 376 4152 Curubis,
386 4089 528 4158 Neapolis.
551 4090 618 4140 Mon
630 4089 738 4141 Africae
750 4088 837 4154 ipsius
848 4087 905 4138 alia
916 4086 956 4135 di·

149 4157 276 4209 stiuctio.
312 4158 535 4228 Libyphoenices
546 4166 688 4220 vocamur,
698 4157 905 4224 quiByzacium
915 4156 956 4204 in.

150 4225 258 4278 colunt.
292 4229 337 4281 lta
352 4231 509 4296 appellatur
524 4230 601 4293 regio
619 4227 687 4279 CCL
698 4227 736 4277 Μ.
748 4240 822 4293 pass.
835 4240 886 4292 per
903 4225 955 4276 cir·

154 4293 273 4355 auitum,
293 4295 447 4351 fertilitatis
467 4298 597 4358 eximiae,
619 4311 680 4347 cum
701 4294 854 4346 centesima
876 4293 956 4359 iruge

154 4361 290 4428 agricolis
307 4364 402 4417 foenus
417 4368 547 4420 reddente
560 4374 642 4418 terra
678 4364 735 4415 Hic
746 4362 849 4430 oppida
860 4361 956 4421 libera,

152 4431 263 4497 Leptis,
273 4432 459 4499 Adrumetunr,
472 4432 748 4503 Ruspina,Thapsus.
759 4430 824 4481 lude
832 4428 955 4488 'thesea

153 4501 346 4566 Macomades,
357 4506 474 4573 Tacape.
485 4506 606 4557 Sabrata
616 4502 779 4566 coritingens
789 4497 895 4566 Syrtim
907 4498 957 4547 mi·

154 4583 263 4631 uorem,
283 4572 411 4641 adquam
426 4574 577 4627 Numidiae
594 4577 623 4624 et
639 4570 749 4623 Africae
767 4571 802 4622 ah
817 4568 956 4634 Ampsaga

153 4638 297 4706 longitudo
308 4642 442 4696 DLXXX
453 4645 492 4694 M.
504 4657 647 4709 passuum:
659 4637 789 4701 latitudo,
802 4639 956 4706 quecogni·

154 4715 209 4759 tunt
221 4716 274 4772 est,
287 4712 330 4763 CC
341 4711 380 4763 M.
394 4715 435 4765 aa
446 4727 518 4778 pars,
530 4726 611 4779 quam
618 4710 738 4762 Africam
746 4706 955 4776 appellavimus,

154 4776 288 4830 dividitur
296 4780 326 4832 iu
338 4781 408 4833 duas
419 4783 584 4849 provincias,
606 4786 728 4833 veterem
739 4786 767 4831 et
779 4792 887 4840 noram,
903 4776 956 4827 dis·

154 4853 241 4899 metas
264 4847 344 4902 fossa
364 4852 440 4903 iuter
458 4849 619 4902 Africanum
638 4855 800 4917 sequentem
816 4854 845 4899 et
864 4862 954 4915 reges,

153 4914 261 4969 Thenas
271 4935 360 4986 usque
371 4919 515 4988 perducta,
530 4918 606 4987 quod
617 4917 748 4987 oppidum
762 4914 955 4985 aCartlmgiue

152 4987 229 5043 abest
239 4989 350 5043 CCXV!
361 4992 401 5042 M.
413 5006 490 5057 pass.

184 5059 231 5111 lV.
251 5060 368 5111 Tertius
386 5061 464 5110 sinus
484 5057 618 5109 dividitur
636 5056 666 5107 in
684 5054 819 5123 gemines,
840 5055 956 5105 duarum

153 5126 275 5196 Syrtium
293 5128 398 5180 vadoso
411 5143 444 5180 ac
456 5127 599 5192 reciproco
611 5124 680 5175 mari
692 5126 775 5176 diros.
811 5122 851 5174 Ad
864 5122 955 5189 proxi-

151 5212 238 5259 mam,
258 5212 332 5265 quae
346 5200 440 5249 minor
455 5203 512 5257 est,
532 5211 550 5247 a
565 5193 733 5259 Carthagine
753 5192 818 5243 CCC
834 5193 872 5243 M.
884 5206 957 5258 pass.

152 5265 287 5334 Polybius
304 5267 408 5320 tradit:
429 5266 520 5335 ipsam
536 5269 646 5315 centum
664 5262 703 5314 Μ.
718 5275 848 5328 passuum
869 5260 957 5320 aditu,

152 5336 216 5388 CCC
225 5338 266 5389 Μ.
278 5337 396 5389 ambitu.
433 5336 472 5386 Et
482 5342 557 5387 terra
568 5338 677 5393 autem,
695 5330 815 5382 siderum
827 5331 957 5381 observa·

151 5405 243 5470 Bone,
261 5406 299 5459 ad
311 5421 372 5458 eam
385 5421 436 5473 per
452 5404 564 5458 deserta
579 5399 684 5462 areum,
703 5412 805 5465 perque
817 5404 958 5463 serpentes

152 5472 206 5527 iter
216 5482 269 5528 est.
298 5476 451 5542 Excipiunt
461 5473 550 5526 saltus
561 5469 662 5538 repleti
673 5469 794 5522 terarum
806 5466 959 5517 multitudi-

151 5557 199 5598 ωε
222 5550 251 5599 et
260 5546 404 5598 introrsus
414 5542 626 5610 elephantorum
637 5536 820 5599 solitudines,
839 5550 903 5588 mex
914 5533 959 5587 de·

1004 433 1081 477 serta
1090 434 1178 492 vain,
1187 428 1318 500 ultraque
1327 429 1520 491 Garamantes,
1529 429 1564 481 ab
1574 430 1691 501 Angylis
1702 436 1808 491 dierum

1005 493 1054 545 xit
1067 495 1167 550 itinere
1180 500 1326 553 datantes.
1362 500 1451 566 Super
1461 498 1526 550 illos
1539 498 1617 553 fuere
1630 519 1699 570 gens
1712 506 1809 573 Psylli,

1004 577 1087 628 super
1098 579 1167 629 quos
1185 567 1262 619 lacus
1275 568 1454 637 Lycomedis,
1477 569 1595 620 ‹lesertis
1613 572 1808 627 circumdatus.

1003 631 1130 698 Augylae
1141 634 1196 699 ipsi
1206 636 1297 688 aredio
1308 640 1365 690 lere
1375 640 1468 706 spatio
1475 639 1603 691 locuntur
1610 641 1645 692 ab
1651 643 1809 712 Aethiopia,

1005 714 1077 767 quae
1094 700 1129 752 ad
1147 703 1320 757 occidentem
1337 710 1441 776 vergit,
1461 712 1643 778 etaregione
1660 714 1809 779 quaeduas

1005 772 1105 837 Syrtes
1114 771 1269 833 interiacet,
1279 777 1338 838 pari
1351 780 1479 844 utrinque
1491 780 1652 831 intervallo:
1664 781 1714 832 sed
1726 781 1809 834 litore

1006 842 1081 891 inter
1091 841 1161 892 duas
1168 839 1275 906 Syrtes,
1286 842 1354 892 CCL
1368 846 1405 894 Μ.
1414 862 1554 911 passuum.
1571 848 1609 900 lbi
1619 849 1715 901 civitas
1721 851 1810 904 Oeen·

1006 909 1054 970 sis,
1066 911 1170 977 Cinyps
1180 910 1280 961 fluvius
1290 924 1324 960 ac
1333 912 1421 979 regio.
1459 917 1580 982 Oppida:
1602 919 1743 986 Neapolis,
1755 919 1809 972 Ga·

1006 978 1287 1045 phera,Abrotnnum,
1300 979 1394 1045 Leptis
1406 982 1505 1045 altera,
1517 1001 1587 1052 quae
1596 990 1809 1055 cognominatur

1005 1063 1115 1113 magna.
1152 1048 1218 1100 lude
1230 1047 1323 1116 Syrtis
1336 1052 1433 1112 nraior,
1445 1052 1561 1104 circuitu
1575 1056 1710 1120 bcxxv,
1731 1059 1808 1111 aditu

1006 1126 1101 1170 autem
1111 1117 1227 1170 cccxii
1240 1120 1278 1169 M.
1290 1133 1429 1184 passuum.
1466 1120 1533 1172 lude
1544 1126 1646 1176 accolit
1657 1142 1727 1194 gens
1737 1128 1807 1180 Cisi-

1006 1189 1116 1255 padum.
1153 1187 1183 1238 ln
1194 1187 1291 1239 intiriro
1307 1187 1367 1238 sinu
1383 1187 1439 1239 tuit
1455 1202 1506 1239 ora
1518 1190 1719 1261 Lotophagon,
1739 1210 1809 1265 quos

1006 1259 1117 1323 quidam
1129 1256 1402 1319 Alachroasdinere,
1423 1255 1458 1308 ad
1468 1256 1663 1313 Philaenorum
1679 1280 1755 1317 araas
1774 1282 1809 1319 ex

1005 1343 1092 1382 arena
1102 1336 1166 1379 sunt
1176 1342 1234 1379 eae.
1270 1328 1310 1379 Ab
1322 1325 1365 1378 his
1377 1344 1431 1379 non
1444 1330 1539 1394 procul
1553 1344 1570 1381 a
1582 1333 1749 1387 coritineute
1760 1349 1809 1401 pn-

1005 1398 1049 1449 lus
1061 1403 1139 1448 rasta
1155 1412 1261 1449 aninam
1273 1398 1418 1448 'l'ritoneru
1436 1413 1589 1466 nourenque
1600 1400 1635 1451 ab
1647 1416 1680 1452 eo
1699 1405 1809 1470 accipit,

1005 1464 1161 1515 Pallantias
1177 1466 1320 1531 appellata
1332 1466 1519 1529 Callimacho,
1542 1476 1571 1520 et
1587 1470 1658 1520 citra
1676 1473 1808 1525 nrinorem

1006 1533 1112 1601 Syrtim
1126 1549 1187 1583 esse
1204 1533 1289 1583 dicta:
1311 1547 1329 1583 a
1344 1535 1439 1584 multis
1454 1551 1520 1587 vero
1536 1538 1610 1589 inter
1622 1536 1690 1588 duas
1701 1538 1809 1606 Syrtes.

1006 1601 1242 1663 Promontorium,
1262 1600 1336 1669 qued
1347 1607 1480 1655 maiorem
1494 1606 1624 1671 includit,
1648 1607 1753 1660 Borion
1764 1623 1811 1676 ap·

1007 1671 1138 1740 pellatur.
1176 1670 1255 1722 Ultra
1267 1672 1421 1738 Cyrenaica
1432 1674 1585 1739 provincia.

1042 1741 1082 1793 Ad
1105 1740 1177 1791 hunc
1193 1740 1274 1791 linem
1292 1740 1384 1792 Africa
1400 1758 1416 1793 a
1430 1742 1514 1794 durio
1533 1746 1674 1812 Ampsaga
1693 1746 1810 1813 populos

1006 1808 1098 1861 XXV}
1113 1809 1206 1873 habet,
1217 1811 1262 1877 qui
1275 1810 1399 1862 Romano
1411 1818 1510 1879 parent
1521 1812 1646 1880 imperio.
1667 1814 1696 1865 ln
1709 1814 1751 1866 his
1764 1831 1810 1869 co·

1007 1880 1098 1930 lunias
1107 1880 1154 1940 Vl,
1166 1886 1278 1945 praeter
1288 1880 1342 1930 iam
1351 1882 1540 1948 supradictas,
1553 1881 1692 1948 Uthinam,
1703 1885 1812 1938 Tabur-

1006 1949 1062 2001 bin.
1099 1948 1208 2015 Oppida
1218 1950 1316 2001 civium
1329 1951 1516 2002 Romanorum
1529 1952 1594 2016 xV;
1618 1968 1652 2004 er
1672 1955 1772 2020 quibus
1785 1958 1812 2006 in

1007 2019 1209 2070 mediterraneo
1221 2018 1538 2084 dicendaAzuritanum,
1550 2022 1733 2086 Abutucense,
1742 2025 1814 2076 Abu·

1006 2090 1108 2148 riense,
1119 2088 1296 2154 Canopicum,
1314 2088 1517 2154 Chilnranense,
1533 2091 1723 2153 Simittuense,
1739 2093 1813 2145 Thu-

1006 2156 1162 2216 nusidense,
1173 2158 1390 2219 l'uburnicerrse,
1409 2159 1642 2226 Tynidrumensc,
1653 2160 1813 2229 Tibigense,

1007 2225 1204 2288 Uritauaduo,
1226 2228 1315 2277 maius
1332 2234 1360 2279 et
1372 2229 1474 2279 minus:
1496 2228 1635 2295 vagense.
1654 2230 1810 2296 ,Oppidum

1008 2294 1140 2346 latinum
1151 2311 1233 2346 unum
1246 2296 1429 2348 Usalitanum.
1449 2296 1587 2364 Oppidum
1598 2298 1812 2363 stipendiarium

1006 2379 1100 2426 unani,
1111 2366 1216 2415 Castris
1227 2365 1371 2417 Corneliis.
1408 2367 1516 2432 Oppida
1528 2367 1616 2418 libera
1629 2367 1760 2436 triginta:
1777 2384 1812 2422 ex

1007 2432 1107 2500 quibus
1120 2433 1237 2483 dicenda
1246 2434 1320 2485 intus
1330 2435 1515 2497 Acolitanunr,
1535 2435 1740 2499 Acharitanum,
1749 2438 1812 2489 Avi·

1007 2516 1102 2561 nense,
1114 2501 1313 2563 abzinitnnum,
1325 2503 1539 2568 Canopitanum,
1553 2504 1812 2567 Melzitanum,Ma·

1008 2576 1132 2632 terense,
1155 2565 1378 2634 Salaphitanum,
1399 2570 1610 2635 'Pusdritanum,
1632 2572 1812 2640 Tiphicense,

1008 2637 1174 2699 Tunicense,
1187 2635 1415 2700 'PheudensefTa
1436 2647 1554 2699 estense,
1566 2643 1698 2707 Tigense,
1712 2642 1810 2694 Ulusu·
1830 2644 1834 2653 '

1008 2705 1158 2766 britanum,
1170 2704 1297 2771 Vagense
1307 2706 1393 2768 aliud,
1430 2710 1530 2769 isense,
1542 2710 1686 2761 Zamense.
1715 2711 1757 2762 Ea
1768 2727 1811 2764 re·

1009 2774 1087 2840 liquo
1102 2789 1218 2826 numero
1238 2789 1291 2824 uon
1307 2775 1437 2827 civitates
1454 2784 1576 2840 tautum,
1596 2778 1645 2829 sed
1663 2778 1814 2848 pleraeque

1009 2845 1094 2896 etiam
1108 2845 1235 2894 nationes
1246 2844 1306 2895 iure
1317 2843 1372 2896 diri
1385 2851 1514 2911 possunt:
1534 2854 1565 2896 ut
1576 2846 1749 2912 Natabudes,
1762 2851 1813 2902 Ca·

1008 2913 1123 2980 pritani,
1134 2912 1278 2975 Misulani,
1290 2912 1466 2976 Sabarhares,
1482 2915 1611 2982 Massyli,
1624 2917 1744 2980 Nisives,
1755 2918 1811 2971 Va·

1007 2998 1143 3043 rnecures,
1157 2980 1262 3042 Ethini,
1278 2983 1405 3044 Mussini,
1415 2982 1581 3045 Marchubii,
1597 2992 1625 3036 et
1637 2992 1698 3036 tota
1710 2987 1814 3038 Gaetu·

1007 3051 1047 3103 lin
1063 3051 1099 3103 ad
1114 3051 1215 3103 ssumen
1230 3050 1328 3118 Nigris
1334 3088 1343 3117 ,
1365 3052 1411 3120 qui
1421 3051 1542 3104 siricam
1558 3055 1593 3105 ab
1607 3052 1756 3121 Aethiopia
1773 3054 1812 3106 di·

1006 3122 1090 3171 rimie.

1043 3189 1074 3240 V.
1095 3188 1258 3254 Cyrenaica,
1266 3188 1362 3241 eadem
1371 3188 1812 3258 Pentapolitanaregio,illustra·

1007 3264 1054 3309 tur
1067 3258 1232 3309 Hammonis
1244 3260 1367 3319 oraculo,
1388 3259 1463 3325 quod
1476 3274 1493 3309 a
1504 3260 1621 3325 Cyrenis
1632 3261 1711 3312 abest
1723 3262 1811 3316 CCCC

1007 3328 1046 3379 M.
1058 3341 1203 3394 passuum:
1224 3327 1303 3379 sonte
1314 3327 1403 3379 Solis:
1425 3328 1538 3379 urbibus
1549 3329 1670 3380 maxime
1680 3331 1812 3396 quinque,

1006 3397 1151 3457 Berenice,
1171 3397 1297 3458 Arsinoe,
1316 3395 1498 3459 Ptolemaide,
1514 3397 1672 3462 Apellonia,
1686 3399 1813 3465 ipsaCy-

1007 3481 1082 3517 reue.
1119 3465 1268 3528 Berenice,
1291 3469 1317 3515 in
1331 3464 1423 3533 Syrtis
1435 3467 1538 3518 entiam
1550 3481 1636 3517 cornu
1648 3474 1704 3528 est,
1727 3482 1813 3534 quon·

1008 3535 1070 3586 dam
1082 3541 1182 3587 vocata
1192 3534 1375 3602 Hesperidum
1387 3535 1624 3601 supradictarum,
1646 3537 1813 3602 vagantibus

1008 3603 1144 3656 Graeciae
1161 3603 1273 3656 lnbulis.
1310 3604 1369 3658 Nec
1385 3604 1481 3670 procul
1493 3612 1558 3656 ante
1571 3603 1701 3670 oppidum
1712 3605 1812 3657 nunus

1007 3671 1133 3736 Lethon,
1155 3673 1234 3724 lucus
1244 3688 1340 3735 sacer,
1354 3673 1408 3724 ubi
1421 3674 1607 3741 Hesperidum
1620 3673 1694 3725 horti
1706 3689 1809 3728 memo·

1007 3750 1114 3793 rantur.
1149 3743 1234 3793 Abest
1245 3759 1261 3793 a
1271 3741 1355 3809 Lepti
1367 3743 1537 3798 cchxxv
1550 3745 1587 3795 Μ.
1600 3758 1738 3809 passuum.
1770 3743 1811 3795 Ab

1008 3827 1042 3863 ea
1051 3811 1179 3871 Arsinoe,
1200 3810 1338 3863 'l'euchira
1353 3813 1491 3873 uocitata,
1515 3812 1604 3863 XLlll
1620 3813 1659 3864 M.
1670 3827 1810 3879 passuum.

1007 3881 1045 3931 Et
1055 3880 1155 3932 deinde
1166 3879 1333 3940 Ptolemais,
1354 3881 1470 3949 antiquo
1489 3883 1599 3933 nomine
1610 3881 1712 3944 Barce,
1732 3881 1811 3934 XXH

1008 3949 1047 4000 M.
1058 3964 1196 4016 passuum.
1234 3951 1302 4001 Mox
1319 3948 1370 4000 xi.
1386 3949 1425 3999 M.
1443 3965 1571 4016 passuum
1589 3951 1811 4017 promontorium

1008 4018 1119 4086 Phycus
1136 4033 1185 4085 per
1195 4020 1334 4070 Creticum
1350 4033 1427 4069 mare
1443 4023 1582 4080 excurrit,
1604 4018 1711 4068 distans
1721 4015 1811 4067 CCCL

1007 4088 1047 4139 M.
1058 4101 1188 4154 passuum
1206 4103 1223 4138 a
1236 4089 1365 4140 'l'aenaro
1383 4088 1537 4139 Laconicae
1553 4086 1759 4153 promontorio,
1795 4097 1812 4134 a

1008 4159 1090 4209 Creta
1107 4173 1173 4207 vern
1191 4157 1253 4222 ipsa
1264 4156 1365 4208 CXXV
1375 4155 1414 4206 Μ.
1451 4155 1520 4205 Post
1531 4154 1558 4204 id
1571 4156 1696 4218 Cyrene,
1715 4167 1732 4202 a
1743 4150 1812 4202 marl

1007 4225 1132 4276 undecim
1144 4226 1182 4277 M.
1194 4240 1334 4291 passuum.
1345 4225 1367 4274 A
1379 4222 1522 4288 Phycunte
1531 4219 1706 4286 Apolloniam
1719 4217 1812 4272 XXlV

1007 4294 1046 4344 Μ.
1058 4308 1203 4359 passuum,
1240 4293 1274 4344 nd
1291 4292 1493 4343 Cherronesum
1510 4286 1680 4341 Lxxxvul
1698 4290 1735 4341 M.
1751 4304 1810 4357 pas·

1007 4377 1095 4412 suunt.
1132 4362 1210 4413 Unde
1234 4358 1448 4411 Catabathmum
1478 4357 1589 4411 CCXV!
1610 4357 1648 4408 M.
1670 4373 1810 4426 passuum.

1007 4430 1139 4480 Accidunt
1149 4427 1346 4485 Marmaridae,
1358 4424 1539 4477 aParaetonii
1548 4426 1636 4480 ferme
1648 4432 1762 4498 regione
1774 4426 1809 4481 ad

1008 4497 1102 4564 Syrtin
1118 4513 1203 4563 usque
1219 4496 1354 4546 maiorem
1372 4496 1504 4559 porrecti.
1541 4496 1611 4548 Post
1626 4514 1674 4550 ees
1692 4500 1811 4550 Ararau-

1008 4566 1099 4626 celes,
1122 4571 1151 4616 et
1162 4567 1215 4615 iam
1227 4566 1256 4614 in
1267 4578 1317 4614 ora
1327 4561 1419 4629 Syrtis
1435 4564 1622 4629 Nasamones,
1643 4583 1711 4635 quos
1727 4574 1811 4621 antea

1007 4635 1211 4688 Mesammones
1219 4633 1319 4684 Graeci
1332 4634 1516 4700 appellavere,
1528 4638 1563 4687 ab
1574 4637 1810 4704 argumentoloci,

1008 4705 1113 4756 medios
1124 4702 1197 4753 inter
1213 4717 1310 4754 arenas
1326 4704 1405 4756 sitos.
1443 4706 1614 4773 Cyrenaicus
1629 4721 1696 4775 ager
1706 4707 1759 4758 XV
1772 4706 1809 4757 M.

1009 4788 1136 4842 passuum
1150 4771 1300 4824 latitudine
1311 4772 1436 4837 aliture,
1457 4777 1602 4828 arboribus
1615 4774 1718 4827 fertilis
1728 4774 1810 4828 habe·

1007 4852 1060 4896 tur.
1097 4841 1280 4894 lntuseodem
1291 4844 1382 4910 spatio
1400 4843 1525 4912 frugibus
1537 4852 1659 4897 tantum:
1682 4846 1808 4897 mortri-

1007 4915 1087 4982 ginta
1105 4912 1145 4963 Μ.
1165 4925 1295 4977 passuum
1315 4912 1472 4977 latitudine,
1492 4921 1520 4965 et
1539 4913 1608 4968 CCL
1624 4915 1664 4966 M.
1679 4928 1810 4981 passuum

1007 4982 1191 5049 longitudine,
1202 4983 1293 5034 lasere
1303 4983 1396 5033 modo.

1043 5052 1111 5104 Post
1122 5050 1294 5104 Nasamones
1304 5051 1430 5106 Ashistae
1441 5058 1469 5103 et
1479 5051 1577 5103 Macae
1589 5051 1693 5103 vivunt.
1731 5050 1812 5102 Ultra

1009 5136 1057 5172 eos
1070 5120 1298 5175 Hammauientes
1314 5120 1461 5173 duodecim
1478 5119 1584 5172 dierum
1599 5122 1702 5172 itinere
1718 5135 1735 5170 a
1746 5119 1812 5187 Syr·

1008 5191 1083 5241 tibus
1095 5190 1246 5242 maioribus
1258 5190 1293 5241 ad
1304 5188 1486 5250 occidentem,
1499 5197 1526 5243 et
1538 5191 1591 5256 ipsi
1604 5199 1812 5258 quaquaversus

1009 5258 1101 5310 arenis
1115 5258 1289 5312 circumdati:
1310 5264 1410 5326 puteos
1425 5266 1516 5309 tamen
1538 5257 1610 5310 haud
1631 5256 1757 5309 difficiles
1771 5254 1812 5304 bi·

1009 5332 1072 5378 ndm
1083 5325 1171 5380 ferme
1183 5330 1339 5380 cubitorum
1350 5329 1494 5380 inveniunt
1504 5326 1662 5387 altitudine,
1673 5322 1711 5373 ihi
1720 5330 1812 5375 retia·

1008 5397 1157 5464 gnautlbas
1167 5397 1356 5449 Marinitnniae
1367 5397 1455 5464 aquis.
1484 5394 1591 5448 Domus
1601 5396 1660 5446 sale
1671 5390 1814 5445 mentibus

1009 5466 1115 5520 suisex¹
1377 5472 1551 5518 construunt.
1587 5461 1628 5511 Ab
1640 5457 1681 5508 his
1692 5450 1727 5504 ad
1739 5458 1814 5517 Tro·

1009 5535 1099 5606 glody
1418 5534 1482 5594 'aga
1492 5532 1596 5583 dierum
1613 5523 1730 5586 wilei,
1753 5546 1818 5590 cum
