4330 6014
335 287 393 349 (bil
478 282 509 342 (l.
552 283 704 346 eutitii
748 282 954 344 suebant
999 279 1168 340 NATDR.

353 439 430 508 glum
442 435 589 489 duodecim
601 436 640 488 M.
653 436 687 488 D.
700 449 772 503 pass.
799 430 1014 498 indeApeanini
1033 428 1107 481 silva
1114 428 1159 479 Sr-

350 510 390 571 la,
403 508 623 574 promontorium
642 505 822 568 Leucopetra
838 500 890 551 llll
912 501 1035 565 napaei.
1063 498 1103 548 Ab
1123 512 1158 549 ea

350 578 440 631 Locri
449 574 641 643 cognominati
657 571 876 638 apremontorio
887 567 1037 636 Zephyrio,
1057 570 1158 620 abnui

350 662 370 699 a
380 646 471 699 Silero
483 645 586 698 (chlil
600 644 638 695 Μ.
651 655 792 705 passuum.

388 717 425 767 Et
436 714 587 768 includitur
597 713 726 777 Europae
737 709 815 760 sinus
824 709 939 774 primus,
958 706 987 757 in
999 719 1087 773 eoque
1099 718 1157 756 ma·

355 787 398 837 ria
410 787 615 849 nuncupantur:
636 779 710 832 unde
721 777 850 845 irrumpit
860 775 1037 838 Atlanticum,
1048 776 1084 827 ab
1093 774 1158 827 aliis

350 845 892 979 inlisisinlilllt
902 846 1068 983 istm
1078 843 1157 981 “lif

348 999 431 1045 tenue
443 987 594 1055 llispaaias
606 986 698 1039 illuit:
713 987 749 1038 ab
760 985 825 1037 aliis
836 985 982 1046 Ibericum,
994 990 1044 1035 aut
1055 984 1156 1035 Baisa-

350 1063 458 1114 ticum:
479 1073 545 1111 mox
567 1056 708 1110 Gallicum
729 1061 795 1107 ante
818 1054 1026 1136 Narbonensem
1040 1054 1157 1135 ⁸provin·

349 1123 1025 1264 limittittl'illln.⁸lt⁰ntl.ll⁰‚¹¹il
1034 1123 1158 1267 Atii.

347 1284 425 1331 aum,
447 1268 579 1320 enostris
599 1265 711 1332 plurimi
726 1262 849 1315 inieram
869 1268 978 1314 necant.
997 1260 1157 1313 UitraSici·

350 1338 418 1390 liam
440 1335 475 1387 ad
497 1334 674 1395 salentinos,
695 1333 846 1384 Ausonium
866 1331 1004 1399 Polybius
1025 1331 1156 1398 appellat.

349 1404 551 1461 Eratosthenes
563 1410 656 1454 autem
672 1402 747 1453 inter
757 1401 862 1453 ostium
874 1402 976 1453 Oceani
994 1405 1022 1451 et
1032 1399 1156 1451 Sardini-

349 1469 1157 1607 :cirilli1cianmals..ilicinis

349 1617 446 1666 ticum.

384 1683 433 1733 xl.
451 1679 562 1732 insulae
584 1694 633 1746 per
654 1676 722 1741 bam
739 1679 827 1728 meria
845 1677 953 1742 primae
975 1677 1097 1728 omnium
1115 1674 1157 1726 Pi·

347 1759 452 1820 tynam
463 1766 481 1801 a
491 1749 606 1802 Graecis
617 1748 718 1810 dictae,
728 1763 746 1797 a
757 1745 860 1798 irutiee
871 1746 954 1812 pineo
966 1762 973 1795 :
997 1761 1069 1796 nunc
1082 1744 1156 1796 libu-

348 1836 398 1877 sus
417 1824 534 1872 roratur
554 1825 693 1884 utraque,
715 1816 828 1868 civitate
848 1815 1015 1878 foederata,
1036 1821 1155 1882 sngumo

348 1891 423 1943 irato
439 1887 632 1941 interfluente:
665 1893 762 1951 patent
778 1885 869 1938 xiivl
886 1883 927 1934 Μ.
948 1900 1024 1952 pass.
1049 1885 1157 1936 Abeunt

348 1975 366 2012 a
376 1959 479 2011 Dianio
490 1955 676 2023 septingentis
697 1954 797 2006 stadiis
809 1971 816 2003 ι
836 1953 955 2005 totidem
965 1953 1096 2007 Dianium
1107 1969 1157 2021 per

350 2029 533 2081 confinentem
546 2023 827 2091 aCnrtbuginenora.
847 2024 1024 2075 Tantundem
1035 2022 1157 2090 nPityu·

346 2099 387 2152 sis
399 2101 425 2148 in
435 2098 533 2157 altum,
548 2093 683 2146 Baleares
693 2093 773 2155 dune,
796 2098 825 2144 et
836 2092 986 2145 Sucronem
997 2108 1095 2145 uersus
1106 2094 1157 2144 Go-

262 2212 266 2229 ,
347 2167 479 2221 lebraria
497 2165 632 2217 Baleares
643 2162 732 2214 funda
744 2163 899 2224 bellicosas,
920 2163 1155 2229 GraeciGymna-

338 2238 407 2289 -sios
417 2237 523 2288 dixere.
551 2234 645 2287 Maior
654 2240 766 2285 centuni
778 2232 847 2283 mili
860 2247 990 2297 passuum
1004 2231 1157 2298 longitudi-

348 2322 391 2368 ne,
406 2306 525 2358 circuitu
536 2320 603 2356 vero
615 2302 787 2355 CCCLXXV
796 2302 836 2353 Μ.
855 2301 966 2367 Oppida
986 2299 1071 2353 habet
1091 2301 1156 2353 eiri-

347 2392 394 2427 nm
405 2378 593 2427 llunranorum
606 2372 731 2424 Palmum
749 2376 777 2423 et
789 2369 971 2422 Pollentiam:
991 2370 1102 2432 Latina,
1114 2371 1157 2420 Ci-

347 2447 434 2506 nium,
448 2450 477 2496 et
487 2445 595 2495 Cunici:
608 2451 638 2494 et
650 2441 835 2501 foederatum,
847 2437 1023 2491 Bocchorum
1032 2438 1096 2491 init.
1116 2440 1156 2491 Ab

347 2531 381 2568 ea
393 2514 472 2567 XXX
483 2514 521 2564 M.
533 2526 606 2578 pass.
619 2509 705 2562 distat
715 2512 824 2561 minor:
846 2509 1031 2576 longitudine,
1054 2509 1105 2559 XL
1116 2509 1156 2559 Μ.

348 2582 520 2636 circuituCL
530 2582 647 2647 M.pass.
657 2579 792 2630 Civitates
801 2578 1156 2641 hubetiamnonem,ilani·

346 2667 445 2714 seram,
456 2652 616 2719 Magonem.
638 2652 661 2702 A
672 2649 777 2701 maiore
788 2648 838 2699 iiii
849 2648 888 2699 Μ.
897 2664 968 2716 pass.
979 2650 1102 2700 inultum
1110 2648 1156 2699 ab·

347 2733 391 2774 est
397 2719 1034 2788 Capraria,insidi0eanaufragiisreteregione
1042 2718 1155 2769 Palmae

346 2790 431 2851 urbis,
449 2791 622 2851 Maenariae,
635 2804 667 2839 ac
677 2787 830 2854 Tiquadra,
843 2794 872 2839 et
883 2802 971 2854 parva
979 2787 1155 2839 Hannibalis.

345 2862 432 2914 Drusi
445 2865 523 2911 terra
533 2864 677 2924 serpentes
689 2856 781 2925 fugat,
792 2856 975 2908 colubrariae
987 2858 1069 2922 parit.
1088 2857 1155 2908 ideo

346 2928 598 2987 iniustaomnibus,
619 2926 674 2978 nisi
691 2927 873 2978 Ebusitauam
891 2932 994 2978 terram
1010 2925 1155 2977 inferenti·

345 3001 407 3051 hus.
436 2996 537 3049 Graeci
558 2993 712 3060 ophiusam
734 2996 839 3047 dixere.
874 2995 1025 3047 cuniculos
1046 2997 1155 3047 Ebusus

346 3068 446 3134 gignit,
458 3065 623 3131 populantes
633 3064 795 3115 Balearium
807 3079 919 3117 messes.
939 3064 1009 3117 Sunt
1019 3066 1091 3116 aliae
1103 3064 1155 3114 XX

347 3137 435 3188 ierme
447 3148 548 3200 parvae
559 3132 631 3184 mari
641 3132 756 3185 vadoso.

382 3203 492 3256 Galliae
503 3208 596 3254 autem
608 3217 667 3264 ora,
681 3203 710 3253 in
720 3201 851 3254 Rhodani
863 3204 946 3266 ostio,
957 3203 1076 3254 Metina:
1090 3215 1154 3250 nior

348 3288 420 3340 quae
430 3274 550 3325 Blaseon
560 3279 690 3324 vocatur:
702 3278 761 3325 tres
768 3270 938 3326 Stoechades
949 3288 966 3323 a
976 3272 1073 3323 vicinis
1082 3272 1156 3321 ilias·

345 3343 506 3395 siiiensibus
518 3342 611 3394 dictae
622 3347 738 3407 propter
749 3340 884 3404 ordinem,
904 3358 974 3409 quas
985 3343 1055 3393 item
1068 3340 1155 3391 nonii-

344 3418 414 3464 nant
430 3412 551 3479 singulis
567 3410 720 3471 vocabulis,
739 3408 854 3472 Protea,
870 3418 901 3463 et
915 3412 1023 3473 Meeen,
1044 3425 1115 3476 quae
1126 3418 1155 3460 et

346 3481 538 3547 Pomponiana
554 3486 687 3531 vocatur:
707 3479 794 3532 tertia
810 3483 940 3549 liypaee.
976 3482 1017 3533 Ab
1037 3477 1154 3530 hisStu·

344 3551 429 3611 rium,
449 3549 602 3610 Phoenice,
625 3547 718 3600 Phila:
740 3549 830 3613 Lero,
851 3556 880 3602 et
890 3550 996 3601 Lerina
1006 3548 1153 3599 adversum

344 3620 510 3684 Antipolim,
520 3618 548 3668 in
561 3632 615 3682 qua
626 3615 767 3684 Vergoani
779 3618 875 3686 oppidi
886 3619 1029 3670 mensoria.

382 3688 442 3739 llll.
463 3688 492 3738 lu
504 3686 539 3738 Li
561 3687 652 3738 ustico
674 3689 746 3739 mari
758 3697 802 3740 est
813 3689 941 3748 Corsica,
961 3701 1041 3754 qoam
1052 3685 1153 3737 Graeci

346 3758 460 3823 cyrnon
476 3700 670 3822 appeiiarere,
691 3757 741 3808 sed
755 3759 850 3810 'Tusco
862 3759 989 3824 propior:
1009 3761 1154 3820 aseptem-

346 3826 440 3883 mione
460 3826 488 3875 in
501 3824 644 3877 meridiem
656 3827 789 3892 proiecta,
799 3826 885 3892 longa
895 3840 1024 3892 passuum
1036 3822 1081 3874 CL
1093 3824 1153 3874 mil-

346 3894 404 3947 lia:
433 3894 493 3945 iata
514 3896 621 3948 maiore
642 3911 677 3947 ex
696 3902 775 3962 purte
792 3895 1008 3963 quinquaginta:
1031 3893 1152 3943 circuitu

348 3963 493 4017 CCCXXV
514 3966 554 4017 Μ.
582 3966 667 4018 Abest
687 3980 705 4015 a
722 3965 798 4016 radis
811 3963 1000 4015 Volaterranis
1022 3962 1103 4013 Llili
1113 3963 1152 4013 M.

347 4048 420 4101 pass.
449 4034 584 4087 civitates
602 4033 822 4094 babctlilililll,
846 4041 874 4083 et
891 4031 1028 4082 colonias:
1051 4032 1153 4083 Maiis·

305 4134 309 4145 ι
347 4118 419 4166 nm,
439 4120 458 4155 a
471 4105 501 4156 C.
512 4105 604 4156 Mario
624 4104 790 4156 deductam:
811 4099 941 4160 Alei-ism,
968 4115 986 4151 a
1005 4100 1152 4152 Dictatore

345 4172 434 4225 Nulla.
452 4174 533 4225 Citra
544 4180 586 4225 est
598 4173 719 4241 Oglasa:
742 4172 817 4221 intra
828 4183 894 4219 vero
904 4170 1051 4236 sexaginta
1061 4169 1153 4223 millia

346 4257 476 4308 manum
488 4259 506 4294 a
517 4244 640 4304 Corsica,
652 4240 781 4292 Planaris
790 4253 829 4289 as
849 4237 908 4289 ecie
921 4237 1006 4298 dicta,
1027 4239 1152 4304 aequalis

345 4311 430 4373 fretu,
450 4313 569 4380 ideoque
580 4311 696 4378 navigiis
707 4307 802 4359 fallax.
844 4306 1040 4373 mpliorllrgo,
1061 4315 1090 4359 et
1103 4311 1152 4360 Ca·

346 4384 452 4445 praria,
462 4397 545 4449 quam
557 4382 657 4432 Graeci
668 4377 782 4440 Aegllon
794 4377 906 4427 dixere:
918 4375 985 4426 item
998 4378 1149 4444 Argilium:

345 4458 376 4500 et
394 4450 536 4511 Dianium,
557 4464 640 4515 quam
661 4444 850 4495 Artemisium:
873 4445 972 4497 ambae
987 4456 1086 4500 contra
1100 4449 1152 4499 Go-

345 4533 442 4571 sanum
456 4521 534 4570 litus:
548 4523 577 4567 et
587 4517 724 4577 Barpana,
735 4510 888 4577 Manuaria,
899 4515 1087 4581 Columbaria,
1097 4515 1152 4569 Ve-

344 4590 433 4641 naria.
455 4589 514 4640 ilva
534 4598 596 4636 cum
613 4582 822 4643 reminemus,
838 4584 956 4637 circuitu
970 4591 1079 4637 centum
1090 4587 1140 4638 aiii

344 4659 394 4718 iia,
414 4672 432 4709 s
453 4652 608 4719 Populonio
629 4649 735 4710 decem,
756 4667 774 4702 a
790 4652 906 4707 Graecis
921 4653 1052 4707 Aethalis
1066 4655 1150 4706 dieta.

344 4728 386 4779 Ab
397 4741 430 4777 aa
440 4720 572 4774 Plnnsma
583 4717 727 4771 xxxviii
741 4719 781 4772 Μ.
807 4723 848 4775 Ab
869 4723 911 4775 iiis
930 4724 1007 4776 ultra
1017 4725 1151 4777 'Tiberina

346 4795 421 4847 ostie
429 4793 459 4841 in
470 4790 589 4838 Antiano
601 4790 713 4849 Astura,
734 4803 798 4840 mox
810 4791 957 4855 Palmaria,
979 4795 1103 4855 Sinonia,
1122 4800 1150 4845 et

345 4864 493 4915 adversum
505 4853 633 4910 Forutias
644 4856 770 4910 Pontiae.
791 4860 821 4910 in
832 4862 986 4913 Puteolano
1004 4871 1098 4916 autem
1112 4864 1149 4913 si-

345 4944 383 4981 nu
401 4923 578 4985 Pandataria,
600 4926 756 4993 Prochyta:
777 4944 830 4979 non
852 4931 886 4982 ab
902 4932 1011 4984 Aeneae
1034 4932 1150 4995 nutrice,

344 4996 395 5048 neti
405 4991 469 5056 quia
480 4992 596 5054 profusa
608 4998 642 5048 ab
653 5000 773 5049 Aenaria
782 5006 851 5050 erat.
869 5000 988 5051 Aenaria
999 5003 1061 5067 ipss
1070 5018 1087 5053 n
1095 5010 1150 5053 sta·

344 5065 423 5115 tione
434 5063 543 5113 narium
554 5065 675 5128 Aeneae,
695 5067 820 5118 liomero
832 5067 953 5120 inarime
963 5069 1048 5132 diets,
1065 5071 1149 5123 (irae-

344 5131 389 5209 ciq
396 5126 557 5209 Philotimo,
575 5149 631 5187 non
644 5151 662 5188 a
671 5136 815 5188 simiarum
829 5136 1018 5202 multitudine,
1040 5145 1086 5204 (ut
1100 5142 1149 5194 aii·

341 5214 390 5321 gur
412 5202 627 5274 existtmarere)
651 5206 701 5257 sed
722 5223 739 5258 ιι
759 5206 864 5273 figlinis
886 5206 1036 5261 dnliomn.
1072 5212 1150 5264 inter

366 5266 526 5336 ausilypum
537 5280 567 5325 et
577 5273 723 5342 Neapolim
735 5275 879 5340 Megaris:
898 5291 964 5329 mox
986 5279 1148 5335 esurrento

240 5376 244 5385 .
342 5345 409 5393 octo
428 5338 555 5393 millibus
574 5358 707 5410 passuum
727 5344 871 5407 distantes,
891 5347 997 5398 Tiberii
1016 5349 1149 5416 principis

338 5408 528 5544 gemm
540 5413 674 5480 Capreae,
695 5415 812 5465 metuito
831 5415 1019 5484 quadraginta
1030 5419 1147 5470 millium

394 5496 407 5531 s
476 5514 483 5530 .

1213 273 1405 339 iiis'ltllt.
1448 278 1534 340 illl.
1557 276 1620 338 lli
1665 276 1756 338 cAl’.
1781 278 1817 336 il
1834 308 1848 323 ·
1865 278 1912 335 it.

1208 428 1290 496 lngus
1300 428 1424 482 Aiiieum
1437 430 1588 499 attingens,
1608 424 1750 489 Sardinia,
1771 426 1862 478 minus
1883 431 1948 477 octo
1960 427 2021 478 mil·
2077 380 2085 391 ·

1210 498 1283 550 libus
1294 513 1425 566 passuum
1438 501 1597 553 acorsicee
1609 498 1752 559 extremis,
1771 498 1923 549 etiamnum
1935 510 2020 564 enge·

1204 569 1280 620 “etim
1293 583 1342 621 eas
1359 571 1536 621 arctantibus
1549 567 1652 619 insulis
1666 568 1771 636 parvis,
1793 580 1864 634 qnae
1876 567 2022 617 &inicula-

1210 639 1268 690 riae
1290 638 1480 707 appellantur:
1511 640 1634 705 itemque
1655 637 1824 698 Phintonis,
1850 642 1879 686 et
1898 635 2020 687 Fossae:

1210 708 1338 775 aquibus
1356 709 1461 762 fretum
1478 708 1622 775 ipsum'l'a
1642 705 1707 758 bros
1722 705 1894 757 nominatur.
1924 704 2019 757 Surdi-

1210 777 1259 828 nis
1268 777 1303 828 ab
1318 779 1426 831 orieme
1444 784 1550 846 petens,
1573 779 1619 829 ci,
1639 775 1766 827 ‘xxviii‘
1775 775 1866 826 millia
1873 788 2019 843 passuum:

1211 847 1246 898 ab
1267 844 1424 911 occidente,
1445 848 1572 900 CLXXV
1586 846 1689 898 millia:
1710 844 1867 908 anaetidis,
1887 842 2018 897 Lxxvll

1210 916 1355 969 milliens
1374 920 1592 985 septemtrione,
1615 913 1739 966 CXXV:
1771 916 1890 966 circuitu
1913 911 2019 965 DLliV

1191 1000 1193 1003 ·
1210 986 1314 1038 millia:
1337 987 1418 1039 abest
1432 988 1466 1038 ab
1479 986 1573 1038 Africa
1585 984 1748 1037 Caralitano
1765 983 1960 1050 promontorio
1970 984 2020 1035 dn·

1210 1056 1400 1118 centemiliia,
1421 1056 1575 1108 aGadibus
1586 1052 1801 1121 quatuordecies
1812 1059 1938 1105 centens.
1961 1054 2021 1105 tlu-

1210 1127 1259 1178 bet
1270 1130 1327 1176 eta
1338 1124 1495 1177 Gorditano
1513 1124 1706 1193 promontorio
1727 1123 1797 1174 duas
1819 1123 2021 1190 insulanense

1209 1200 1345 1246 vocantur
1364 1196 1507 1246 Herculis:
1529 1210 1547 1247 a
1567 1193 1712 1255 Sulcensi,
1739 1194 1859 1244 Enosis:
1881 1191 2017 1244 scamil-

1209 1270 1285 1325 tano‚
1303 1263 1452 1315 licerium.
1479 1264 1600 1327 Quidam
1622 1262 1696 1314 haud
1713 1262 1862 1328 proculab
1879 1276 1912 1314 es
1933 1263 2019 1313 etiam

1209 1332 1355 1384 Berelidas
1368 1340 1482 1399 ponunt,
1503 1339 1531 1385 et
1542 1331 1695 1393 Collodem,
1715 1336 1743 1381 et
1756 1347 1839 1396 quam
1851 1338 1952 1381 rocant
1962 1332 2019 1382 lle·

1209 1416 1256 1453 ras
1267 1402 1351 1454 lutra.
1369 1403 1549 1455 Celeberrimi
1560 1403 1587 1453 in
1600 1416 1633 1453 ea
1644 1399 1820 1468 populorum,
1831 1399 1954 1462 ilienses,
1963 1400 2019 1452 ila·

1211 1471 1274 1534 ieri,
1292 1472 1380 1522 Corsi.
1405 1472 1688 1539 OppidoiumliVill,
1706 1468 1853 1531 Sulcitani,
1863 1468 2019 1530 Valentini,

1209 1538 1399 1608 Neapolitani,
1420 1543 1568 1603 Boscnses,
1589 1540 1745 1592 Caralitcnl
1765 1540 1866 1592 citium
1877 1540 2017 1591 Ronman-

1209 1622 1281 1670 rum,
1303 1617 1333 1661 et
1343 1609 1490 1663 Norenses.
1510 1611 1627 1663 colonia
1638 1617 1730 1662 autem
1743 1624 1806 1671 uns,
1818 1622 1889 1675 quas
1901 1612 2019 1660 vocatur

1208 1679 1245 1730 ad
1256 1681 1356 1731 turrim
1364 1679 1524 1747 Libysonis.
1535 1679 1693 1733 Sardiniam
1705 1679 1794 1747 ipsam
1804 1680 1941 1730 Timaeus
1951 1677 2019 1729 San·

1208 1748 1337 1800 daliotim
1350 1752 1501 1816 appellavit
1511 1751 1546 1802 ab
1557 1749 1651 1815 elligie
1661 1749 1767 1810 soleae,
1778 1746 2019 1815 Myrsiluelehnn-

1209 1833 1268 1868 sam
1292 1820 1510 1871 asiniiiitudine
1528 1819 1649 1885 vestigii.
1679 1821 1782 1870 Contra
1792 1818 1958 1869 Paestanum
1981 1818 2020 1867 ei·
2067 1828 2074 1845 ·

1209 1900 1276 1937 rtem
1292 1889 1429 1939 Leueasin
1447 1895 1503 1951 est,
1522 1902 1540 1939 a
1559 1888 1656 1940 Sirene
1675 1888 1713 1940 ibi
1735 1888 1845 1954 sepulta
1865 1885 2018 1953 appellata.

1210 1958 1315 2026 contra
1326 1957 1444 2019 Veliam,
1460 1957 1571 2019 Pontia,
1585 1964 1615 2009 et
1626 1958 1705 2017 iscla,
1715 1962 1850 2025 utraeque
1862 1970 1916 2007 uno
1929 1957 2019 2007 nonii·

1209 2036 1245 2077 ne
1256 2026 1432 2087 Oenotrides,
1451 2034 1644 2095 argumentum
1665 2042 1811 2094 possessae
1828 2026 2018 2077 aboenotriis

1209 2094 1319 2147 ltaliae.
1339 2098 1445 2157 Qintia
1453 2098 1589 2149 Vibonem
1599 2112 1712 2165 parvae,
1724 2110 1795 2165 quse
1805 2094 2019 2147 rotanturitltn·

1210 2167 1310 2225 casiae,
1327 2165 1362 2216 ab
1376 2166 1483 2232 Ulyssis
1500 2169 1622 2235 specula.

1245 2232 1321 2285 XIV.
1340 2237 1444 2287 Verum
1457 2244 1523 2288 ante
1534 2252 1629 2289 omnes
1640 2236 1769 2289 claritate
1781 2234 1886 2299 Sicilia,
1904 2233 2019 2287 Sicania

1209 2302 1371 2370 Thucydidi
1381 2306 1466 2368 dieta,
1486 2307 1637 2358 'Trinacria
1652 2306 1788 2372 pluribus,
1798 2314 1846 2357 aut
1858 2304 2019 2371 Triquetra,

1210 2374 1381 2439 atriangula
1402 2375 1508 2440 specie:
1531 2376 1651 2428 circuitu
1671 2382 1782 2443 patens,
1804 2382 1835 2427 ut
1854 2381 1954 2427 auctor
1974 2380 2020 2426 est

1209 2443 1341 2508 Agrippa,
1361 2442 1501 2497 Dcxvlll
1513 2445 1551 2495 M.
1574 2461 1647 2512 pass.
1668 2445 1807 2514 quondam
1826 2446 1927 2497 Bratio
1947 2456 2018 2509 egro

1210 2510 1375 2574 cohaereant
1392 2528 1457 2565 niort
1467 2514 1604 2565 interfuso
1616 2516 1688 2566 mari
1697 2516 1797 2567 avrilsa
1805 2515 1858 2566 XV
1867 2515 1905 2565 M.
1916 2513 1944 2563 ln
1956 2513 2019 2563 ion·

1209 2581 1361 2649 gitudinem
1375 2581 1459 2645 freto,
1471 2584 1499 2635 in
1511 2583 1687 2636 latitudinem
1700 2591 1793 2636 autem
1806 2585 1864 2637 MD
1874 2597 1945 2651 pass.
1957 2584 2019 2633 iux·

1209 2657 1241 2702 ta
1252 2650 1409 2703 calnomum
1422 2652 1567 2722 ithegism.
1586 2655 1627 2706 Ab
1638 2653 1690 2705 boc
1701 2654 1861 2707 dehiscendi
1872 2664 2016 2719 argumen-

1210 2725 1249 2782 to,
1270 2720 1407 2840 Rhegium
1424 2724 1524 2776 Graeci
1537 2739 1636 2776 nonien
1653 2724 1755 2776 dedere
1769 2724 1881 2790 oppido,
1901 2723 1928 2772 in
1946 2734 2017 2771 ιιιιιι-

1209 2790 1274 2856 gine
1295 2790 1338 2840 ita
1350 2792 1395 2844 ine
1415 2792 1481 2843 sito.
1509 2795 1539 2845 ln
1555 2808 1590 2845 eo
1607 2792 1681 2846 freto
1700 2801 1743 2845 cst
1759 2793 1891 2860 scopulus
1906 2789 2015 2858 Scylla:

1208 2860 1277 2909 item
1288 2857 1454 2926 Charybdis,
1466 2876 1542 2913 mare
1554 2866 1721 2914 vorticosum
1730 2880 1737 2911 :
1747 2864 1830 2914 nntbo
1841 2863 1918 2913 clara
1928 2859 2017 2911 sueri·

1208 2928 1258 2979 tia.
1287 2928 1375 2994 ipsius
1394 2932 1573 2997 'l'riquetrae,
1596 2938 1626 2981 ut
1642 2932 1773 2989 diximus,
1796 2930 2018 2994 promontorium

1210 2996 1324 3048 Pelorus
1344 3004 1472 3060 vocatur,
1494 3000 1626 3049 adsersus
1643 2998 1765 3064 Scyllam
1787 3010 1903 3059 vergens
1919 2998 1949 3047 in
1961 2998 2018 3048 lta·

1209 3066 1288 3116 liam:
1299 3064 1458 3132 Pachynum
1470 3068 1499 3117 in
1511 3066 1670 3128 Graeciam,
1682 3063 1822 3116 ccccxl.
1831 3064 1870 3113 Μ.
1882 3064 1918 3113 ab
1928 3076 1963 3114 eo
1976 3064 2020 3114 di·

1208 3140 1302 3185 stante
1313 3133 1517 3200 Peloponneso:
1539 3136 1704 3203 Lilybaeum
1716 3135 1743 3184 ln
1754 3133 1876 3184 Airicstn
1887 3132 2017 3187 CLXXX

1208 3204 1247 3254 M.
1259 3203 1408 3255 intervallo
1424 3205 1585 3255 aMercurii
1601 3202 1808 3271 promontorio:
1829 3208 1859 3254 ct
1880 3202 2016 3253 acereli-

1208 3277 1275 3324 teno
1292 3270 1439 3324 Sardiniae
1460 3274 1530 3325 CXC
1543 3272 1583 3325 M.
1605 3274 1683 3325 inter
1700 3289 1731 3325 se
1745 3279 1838 3324 autem
1859 3270 1929 3324 haec
1948 3284 2014 3339 pro·

1208 3342 1350 3392 monteria
1362 3357 1395 3392 ac
1409 3343 1501 3394 latera
1518 3343 1624 3395 distant
1643 3341 1687 3393 his
1701 3344 1808 3411 spatiis.
1827 3344 1952 3394 Terreno
1970 3340 2015 3392 iti·

1208 3424 1275 3461 nere
1287 3425 1303 3461 ιι
1314 3408 1414 3463 Peloro
1429 3412 1588 3480 Pachynum
1606 3414 1690 3465 cxci
1703 3415 1742 3465 M.
1758 3427 1830 3479 pass.
1856 3412 1924 3464 inde
1934 3410 2014 3477 Lily·

1208 3482 1306 3531 bneum
1329 3481 1373 3531 CC
1389 3482 1428 3532 Μ.
1446 3483 1509 3533 inde
1526 3481 1669 3545 Pelorum,
1689 3483 1799 3534 chx.
1828 3481 1961 3533 Coloniae
1975 3479 2015 3533 ibi

1208 3551 1344 3615 quinque:
1368 3550 1451 3602 urbes
1471 3567 1504 3602 ac
1518 3553 1647 3604 civitates
1664 3553 1763 3604 Lliill.
1788 3550 1923 3603 APeloro
1938 3562 2015 3601 mare

1207 3619 1316 3671 lonium
1336 3633 1386 3671 ora
1400 3628 1554 3688 spectante,
1568 3622 1699 3690 oppidum
1710 3622 1841 3674 Messana
1853 3621 1952 3672 civium
1962 3620 2015 3670 llo·

1208 3702 1362 3749 manorum,
1382 3691 1430 3758 qui
1440 3690 1601 3744 Mamertini
1616 3698 1759 3744 noconius.
1789 3689 2015 3741 Promontorium

1208 3759 1382 3825 Drepanum:
1405 3759 1516 3813 colonia
1530 3762 1759 3823 Tauromenium,
1776 3776 1848 3828 quae
1862 3765 1947 3810 antes
1957 3757 2014 3810 Na·

1206 3842 1266 3889 xos,
1281 3826 1507 3881 flumenAsines:
1529 3844 1610 3883 mons
1621 3833 1708 3885 Aetna
1718 3829 1863 3883 nocturnis
1878 3828 2015 3880 mirusin·

1208 3896 1323 3948 cendiis.
1345 3899 1444 3950 Crater
1455 3901 1515 3951 eius
1526 3909 1605 3968 patet
1617 3903 1722 3953 ambitu
1735 3901 1806 3952 stad.
1817 3899 1878 3950 xx.
1902 3895 2016 3948 Parilia

1207 3966 1425 4017 Tauromenium
1448 3975 1476 4020 et
1494 3971 1623 4022 catinam
1638 3986 1726 4040 osque
1743 3971 1869 4037 pervenit
1888 3964 2014 4018 ferrens:

1205 4034 1303 4103 fragor
1311 4050 1379 4087 vero
1390 4037 1425 4087 nd
1436 4038 1580 4092 Maronem
1592 4048 1621 4091 et
1630 4039 1773 4093 Gemellos
1785 4039 1878 4090 colles.
1899 4034 2015 4103 Scopuli

1205 4110 1263 4157 tres
1273 4105 1436 4173 Cyclopum,
1456 4115 1555 4175 portus
1567 4111 1683 4178 Ulyssis,
1696 4110 1806 4161 colonia
1816 4106 1925 4157 Cutina.
1949 4104 2015 4155 iln-

1205 4177 1282 4226 mina
1292 4192 1299 4224 ι
1311 4173 1502 4242 Symaethum,
1514 4180 1623 4231 Terias.
1642 4181 1718 4231 lutus
1728 4173 1931 4295 Laestrygonii
1941 4184 2015 4223 oeni·

1206 4245 1244 4310 pi.
1272 4246 1394 4311 Oppido:
1419 4246 1566 4310 Leontini,
1586 4249 1723 4316 Megaris:
1746 4247 1834 4298 amnis
1877 4244 2014 4312 sntsgies.

1206 4313 1324 4365 Colonia
1335 4314 1501 4382 Syracusae,
1520 4332 1581 4369 cunr
1594 4319 1673 4370 fonte
1684 4315 1830 4369 Arethusa.
1850 4314 2013 4379 Quanquam

1205 4390 1235 4434 et
1245 4385 1408 4446 Temenitis,
1431 4392 1459 4438 et
1480 4387 1667 4450 Archidemia,
1690 4396 1718 4439 et
1739 4387 1868 4454 Magnes,
1889 4390 1919 4436 et
1940 4384 2012 4450 Cya-

1205 4467 1259 4515 ne,
1288 4460 1317 4505 et
1342 4455 1468 4507 Milichie
1494 4457 1587 4509 iontes
1615 4458 1643 4508 in
1672 4457 1849 4522 Syracusano
1878 4456 2014 4517 potantur

1205 4536 1283 4591 agro.
1311 4522 1413 4574 Portus
1429 4524 1649 4588 Naustathmos,
1671 4526 1774 4576 iumen
1794 4523 1928 4582 Elorum,
1950 4530 2014 4585 pro·

1205 4594 1375 4642 montorium
1397 4592 1577 4661 Pachynum:
1600 4610 1617 4645 a
1638 4609 1693 4660 qua
1714 4593 1808 4643 fronte
1828 4588 1944 4640 Siciliae
1962 4587 2014 4640 ilu-

1205 4674 1268 4711 men
1281 4661 1462 4722 llirminium,
1484 4663 1614 4728 oppidum
1629 4660 1785 4721 camarina,
1802 4657 1903 4710 ilurius
1915 4658 2012 4711 Gelas.

1205 4729 1490 4849 tirbensis
1505 4727 2012 4864 stihtlcrlurlttt·

1206 4865 1316 4917 Selinus
1336 4864 1474 4934 oppidum.
1505 4867 1671 4935 Lilybaeum
1684 4871 1718 4920 ab
1729 4836 1767 4921 ’eo
1783 4834 2013 4934 promontorium,

1204 4934 1346 5002 Drepana,
1366 4950 1445 4986 mons
1457 4936 1544 5003 Eryx.
1562 4938 1684 5009 Oppida:
1707 4935 1903 4999 Panhormum,
1918 4933 2012 5001 Seius,

1203 5006 1387 5057 liimeracum
1398 5002 1493 5068 iiurio,
1505 5006 1699 5074 Cephaloedis‚
1711 5003 2012 5072 Aluntiumngmnyr·

1203 5086 1279 5135 num,
1289 5074 1429 5141 Tyndaris
1442 5076 1561 5142 colonia,
1572 5076 1703 5146 oppidum
1710 5077 1815 5146 Mylae,
1827 5083 1855 5129 et
1866 5075 1938 5128 unde
1949 5088 2012 5127 cos-

1206 5145 1306 5211 pimus,
1326 5143 1451 5195 Pelorus.

1238 5212 1331 5277 intus,
1352 5213 1472 5266 Latinae
1492 5216 1674 5281 conditionis,
1694 5217 1884 5283 Cettturipini,
1905 5213 2010 5273 Netinis

1203 5280 1361 5348 Segestani.
1382 5281 1573 5350 stipendiarii,
1592 5287 1726 5349 Assorini,
1749 5288 1912 5343 Aetnenses,
1934 5287 2006 5348 Agy·

1203 5350 1267 5415 rini,
1284 5355 1420 5416 Acestsei,
1440 5355 1584 5419 Aetnenses,
1600 5357 1705 5421 Bidini,
1717 5358 1851 5418 warini,
1870 5351 2009 5420 Cseyrini,

1202 5420 1397 5488 Drepanitani,
1419 5425 1561 5492 Ergetini,
1580 5426 1786 5490 Echetiienses,
1808 5422 1931 5495 Eryvlnh
1950 5420 2007 5470 ΕΗ·

1201 5489 1303 5553 teilini,
1323 5491 1410 5554 Etini,
1430 5493 1561 5562 linguini,
1583 5497 1695 5560 Gelani,
1714 5496 1848 5557 Galatini,
1871 5490 2007 5547 llalesini,

377 5549 719 5607 transihenensem
740 5560 874 5620 musque
895 5562 1082 5623 conspectum,
1104 5572 1148 5624 pe·
1201 5560 1374 5623 llennensee,
1394 5563 1563 5631 iiyblenses,
1582 5568 1775 5629 llerbltenses,
1793 5562 2008 5619 timentes,
