4374 6014
355 363 418 427 354
489 363 521 423 C.
554 359 700 420 PLlNll
731 353 937 417 SECUNDI
958 351 1130 416 sinidio
1156 351 1334 415 alsiosa
1357 352 1445 414 aits.
1466 350 1583 412 XXX.
1618 352 1713 415 CAP.
1736 356 1856 419 sema

361 511 454 580 Aliqui
472 512 586 564 miscent
598 509 701 560 viscum
714 512 743 559 et
755 505 939 574 portulacam,
961 504 1012 558 alii
1022 504 1096 559 acris
1107 504 1157 559 ilo·

359 599 420 638 rem
431 588 460 635 ct
471 582 583 639 riscum,
593 579 634 627 ita
645 584 676 627 ut
687 579 772 628 tertio
784 577 830 627 die
840 576 960 627 solvant.

395 648 548 704 xxxviii.
568 645 735 711 Sanguinem
748 646 824 696 sistit
844 644 872 696 ia
885 644 997 695 naribus
1007 659 1101 697 sevum
1119 660 1157 715 ex

361 725 473 774 omento
485 714 618 783 pecudum
631 713 760 765 inditum.
789 715 858 767 item
870 714 1017 832 coagstlum
1029 729 1064 766 aa
1075 728 1157 780 aqua,

359 786 631 852 maximeugninum,
653 783 817 835 subductum
837 783 882 834 rol
894 785 921 833 ia
938 798 1026 845 usam,
1047 783 1156 836 etiamsi

361 859 419 909 alia
430 870 484 906 non
497 853 614 919 prosint.
649 853 742 919 ddcps
752 852 896 904 anserinus
907 867 968 903 cum
981 853 1082 919 butyro
1095 852 1157 918 pari

360 923 483 995 pondere
493 921 613 989 pastillis
624 921 757 989 ingestus.
778 920 960 973 cochlearum
970 928 1090 973 terrena.
1101 920 1155 973 Sed

361 1001 389 1047 et
400 995 407 1042 i
428 1007 476 1045 sas
486 997 629 1042 extractae
640 993 729 1042 testis.
754 991 777 1041 E
788 990 900 1042 naribus
911 988 1043 1042 fluentem
1053 993 1157 1042 sistunt

361 1008 490 1115 coelicae
502 1062 640 1112 contritae
651 1059 739 1110 tronti
749 1059 851 1111 illitae:
872 1060 967 1111 aranei
980 1058 1050 1111 tela:
1072 1059 1155 1128 galli·

360 1132 440 1184 narei
452 1129 628 1191 cerebellum,
640 1129 684 1180 vel
694 1130 816 1198 sanguis,
838 1126 974 1195 profluvia
984 1145 1018 1181 ea
1029 1128 1156 1182 cerebro:

360 1202 428 1253 item
440 1200 622 1261 columbinus,
644 1199 681 1249 ob
700 1196 728 1248 id
744 1204 869 1251 senatus
881 1205 1091 1265 concretaeque.
1127 1196 1159 1249 Si

360 1284 428 1322 vero
439 1283 474 1321 ex
484 1270 596 1319 vulnere
608 1267 756 1319 immodice
776 1267 854 1330 tluat,
876 1268 933 1319 timi
955 1268 1085 1319 caballini
1097 1281 1157 1318 cum

310 1340 316 1349 '
357 1338 549 1406 putaminibus
571 1350 688 1387 osorum
707 1338 823 1389 cremati
843 1337 912 1389 cinis
926 1336 1075 1405 impositus
1086 1337 1157 1388 mire

360 1408 444 1460 sistit.

396 1475 523 1528 XXXIX.
541 1473 709 1529 Vulneribus
730 1472 857 1524 medetur
875 1485 1007 1541 oesypum
1019 1486 1080 1523 cum
1091 1469 1156 1522 hor·

361 1543 408 1597 dei
419 1548 511 1597 cinere
521 1550 550 1595 et
561 1543 694 1610 serogirm
707 1545 802 1609 aequis
815 1542 947 1609 partibas.
981 1542 1022 1593 Ad
1033 1542 1158 1593 carcino-

360 1620 438 1666 mata
455 1628 565 1680 quoque
586 1626 619 1663 ac
639 1615 779 1678 serpentia
789 1612 873 1664 salet.
909 1610 1011 1662 Erudit
1021 1617 1050 1662 et
1062 1611 1156 1662 hulce-

360 1697 423 1734 rum
436 1684 588 1749 marginesr
610 1696 760 1747 carnesque
781 1687 974 1733 excrescentes
985 1680 1020 1731 ad
1033 1680 1156 1748 aequali·

359 1756 449 1803 tatem
460 1751 571 1818 redigit.
602 1750 701 1817 Expiet
712 1766 829 1819 quoquc,
842 1759 871 1803 et
883 1750 919 1801 ed
932 1749 1085 1801 cicatricem
1097 1764 1157 1815 per.

361 1819 446 1872 ducit.
483 1821 587 1887 Magna
597 1821 639 1869 ris
651 1827 679 1870 et
690 1821 720 1870 in
731 1820 823 1872 cinere
835 1820 969 1888 pecudum
982 1819 1038 1868 tinri
1049 1818 1083 1870 ad
1096 1833 1156 1869 oar·

327 1916 331 1923 ·
360 1890 507 1951 cinomata,
529 1888 624 1940 addito
636 1889 722 1940 nitro:
740 1896 788 1940 aut
800 1892 827 1941 ia
844 1890 937 1941 cinere
953 1902 987 1939 ex
998 1889 1105 1938 ossibus
1116 1887 1156 1938 ie·

358 1958 465 2008 mittum
477 1960 649 2025 agninorum,
660 1960 808 2026 praecipue
821 1960 849 2009 in
861 1956 903 2008 his
912 1956 1078 2018 hulceribus,
1087 1971 1155 2024 quae

359 2026 519 2079 cicatricem
531 2042 586 2078 non
597 2028 719 2078 trahunt.
739 2030 843 2094 Magna
854 2024 1072 2092 etpulmonibus,
1080 2040 1156 2091 prae·

360 2094 442 2161 cipue
453 2097 579 2146 arietum.
616 2096 820 2148 Excresceates
841 2110 938 2147 carnes
958 2095 987 2145 ia
998 2091 1157 2146 hulceribus

359 2164 396 2217 ad
406 2165 605 2231 aequalitatem
618 2164 810 2216 efficacissime
820 2165 965 2216 reducum.
1000 2163 1079 2214 Fiam
1091 2179 1158 2231 qao·

359 2248 414 2302 que
434 2235 495 2300 ipso
517 2234 612 2284 eiiam
629 2235 683 2286 sub
699 2239 773 2285 testo
795 2234 931 2285 calefacto
948 2238 976 2284 et
985 2233 1100 2284 subacto
1113 2241 1157 2285 tu-

358 2318 422 2355 mor
441 2304 586 2354 vulnerum
607 2303 737 2355 sedatur:
757 2303 869 2355 tistulue
891 2309 1155 2369 purgantursanun·

359 2378 474 2438 tresque:
496 2373 563 2424 i-tcm
574 2372 756 2440 epinyctides.
793 2370 904 2424 Summa
915 2386 983 2424 vero
994 2372 1037 2423 ris
1046 2375 1073 2423 ia
1085 2372 1158 2424 cani·

358 2442 391 2492 ni
412 2441 511 2507 capitis
533 2444 640 2493 sinere:
661 2442 854 2493 excrescentia
872 2441 967 2493 omnia
986 2441 1079 2508 spodii
1098 2443 1158 2496 vice

360 2510 454 2563 erodit
464 2525 497 2560 uc
508 2517 646 2577 persanat.
666 2511 701 2561 lit
712 2511 820 2561 murino
832 2512 896 2562 timo
908 2510 1068 2563 eraduntur.
1088 2511 1158 2564 ltem

358 2579 497 2631 mustelae
509 2579 565 2630 timi
577 2580 679 2631 cincre.
715 2578 842 2631 Duritias
860 2580 943 2632 etiarn
955 2580 983 2631 in
994 2582 1053 2632 alto
1064 2579 1157 2634 hulce·

359 2663 430 2710 rum,
441 2654 470 2700 et
480 2651 667 2700 carcinomata
676 2652 851 2716 persequitur
862 2649 1017 2716 multipeda
1023 2651 1101 2714 trita,
1112 2650 1159 2702 ad·

360 2719 552 2771 mixtaresina
567 2718 756 2770 terebinthina
778 2726 806 2770 et
827 2718 964 2786 sinopide.
999 2720 1158 2789 Eademque

358 2787 511 2906 ultilissima
520 2795 586 2838 sunt
596 2790 625 2839 in
637 2786 855 2852 hishulceribur,
861 2803 931 2856 quae
938 2789 1077 2842 vermibus
1085 2790 1158 2857 peri·

359 2857 502 2907 citantur.

395 2923 469 2985 Quin
490 2928 519 2974 et
538 2921 673 2974 termium
685 2924 809 2989 ipsorum
826 2938 930 2990 genera
941 2926 1080 2974 mirandos
1091 2943 1158 2975 arana

358 2986 470 3045 habeut.
506 2992 615 3053 cosses,
631 2991 717 3059 quiin
729 2992 804 3059 ligno
817 2997 976 3052 nascuntur,
987 2997 1088 3043 sanant
1098 2991 1157 3043 hul-

358 3078 424 3114 cera
433 3060 534 3112 omnia.
569 3060 674 3111 Nomas
686 3075 751 3111 vero
762 3060 900 3111 combusti
911 3075 972 3110 cum
984 3061 1044 3127 pari
1057 3062 1157 3127 ponde·

356 3130 482 3190 scenici,
498 3135 527 3179 et
539 3143 573 3180 cx
585 3130 648 3180 oleo
660 3128 736 3179 illiti.
771 3129 898 3181 Vulnera
908 3130 1033 3180 recentia
1043 3133 1156 3199 conglu-

356 3202 450 3252 tinant
460 3200 574 3258 terreni,
592 3197 663 3249 adeo
677 3202 708 3247 ut
718 3211 818 3249 nervos
831 3211 943 3264 quoqne
953 3198 1089 3250 abscissos
1102 3200 1157 3251 illi·

356 3267 524 3322 tissulidari
541 3268 614 3319 intra
633 3267 780 3332 septimum
794 3266 866 3319 diem
877 3268 1023 3333 persuasio
1038 3272 1090 3320 sit:
1105 3271 1157 3322 ita·

357 3354 411 3407 que
431 3341 460 3391 ia
471 3338 554 3389 melle
570 3338 721 3389 servandos
732 3344 853 3389 censent.
891 3338 967 3389 Cinis
980 3353 1075 3390 eorum
1087 3354 1157 3390 mar·

357 3409 435 3477 gines
452 3408 595 3460 hulcerum
608 3406 736 3458 duriores
746 3406 876 3471 absumit,
897 3423 958 3459 cum
969 3413 1030 3475 pice
1042 3408 1156 3477 liquida,

356 3479 403 3529 rel
412 3478 523 3529 simblio
534 3475 627 3528 melle.
655 3475 773 3537 Quidam
787 3477 922 3529 arefactis
934 3479 962 3529 in
974 3478 1039 3531 Sole
1050 3478 1085 3530 ad
1098 3479 1156 3531 vul·

356 3560 425 3598 acra
436 3561 470 3597 er
483 3552 564 3595 aceto
577 3550 702 3608 utuntur,
720 3561 770 3598 aec
781 3546 901 3609 solvunt,
911 3548 964 3598 nisi
975 3548 1060 3600 biduo
1071 3549 1156 3601 iater-

355 3615 451 3665 missu.
488 3612 591 3664 Eadem
608 3614 717 3665 ratione
731 3621 760 3667 et
780 3616 955 3669 cochlearum
973 3623 1083 3670 terrena
1095 3634 1156 3685 pro·

357 3686 437 3733 sunt:
458 3685 589 3747 totaeque
601 3688 737 3746 exemtac,
756 3689 838 3737 tusae
850 3680 877 3736 ct
888 3688 1045 3753 impositae,
1064 3704 1157 3739 recen-

357 3748 525 3802 tiavulacra
537 3749 736 3817 conglutinant,
754 3758 783 3804 ct
794 3769 889 3805 nomas
900 3755 1010 3807 sistunt.
1048 3758 1157 3825 Herpes

360 3832 470 3888 quoque
480 3817 613 3868 aniraala
623 3818 737 3870 Graccis
749 3830 878 3883 tuemur,
887 3838 942 3889 quo
954 3826 1103 3890 praecipue
1114 3841 1157 3876 sa·

356 3896 462 3941 uantur
473 3901 651 3954 quaecunque
662 3896 787 3954 serpant.
824 3889 961 3944 cochleae
982 3900 1098 3959 promam
1115 3895 1157 3945 eis

356 3973 417 4009 cum
429 3957 511 4008 testis
522 3955 579 4006 suis
592 3968 684 4008 tusae:
697 3973 757 4009 cum
770 3959 885 4026 myrrha
895 3961 1006 4027 quidem
1019 3969 1048 4014 et
1064 3960 1156 4025 thure,

356 4030 441 4081 etiam
453 4024 593 4093 praecisos
605 4041 704 4078 nereos
716 4043 816 4081 sanare
829 4029 969 4085 dicuntur.
996 4031 1155 4084 Dracoimm

354 4113 465 4168 qaoque
485 4094 570 4163 adeps
590 4096 712 4149 siccatus
731 4099 760 4149 ia
771 4098 836 4151 Sole
848 4114 1015 4167 magnopere
1026 4101 1155 4168 prodest:

353 4167 422 4221 item
444 4164 593 4234 gallinacei
614 4168 760 4221 cerebrum
778 4171 936 4221 recentibus
956 4170 1054 4240 plagis.
1091 4172 1155 4227 Sele

353 4238 480 4305 viperino
491 4236 518 4286 in
530 4236 591 4289 cibo
611 4243 713 4299 sumto,
733 4238 848 4290 traduat
860 4247 888 4291 et
898 4237 1013 4293 hulcera
1024 4243 1156 4295 tractabi-

352 4306 427 4359 liora
438 4307 507 4367 ileri,
518 4321 551 4357 ac
561 4306 655 4357 sanari
667 4306 796 4359 celerius.
832 4311 967 4361 Antonius
977 4312 1088 4378 quidem
1100 4329 1155 4365 me·

354 4373 435 4425 dicus
457 4390 518 4426 cum
540 4374 690 4427 incidisset
709 4377 876 4429 insanabilia
897 4378 1024 4440 hulcera,
1043 4383 1154 4449 ripcras

355 4441 479 4494 edendas
489 4444 583 4505 dabat,
596 4445 723 4513 miraque
735 4447 879 4499 celeritate
891 4450 1067 4515 personabat.
1086 4452 1157 4503 Tro-

257 4532 264 4543 ·
353 4509 478 4561 solidum
499 4514 568 4563 einis
586 4516 725 4582 margines
737 4513 878 4569 hulcerum
892 4517 977 4570 duros
989 4520 1081 4571 aulert
1093 4536 1156 4572 cum

353 4579 451 4632 melle:
473 4580 542 4631 item
562 4582 624 4633 timi
642 4584 793 4637 columbini
814 4587 884 4638 cinis
908 4603 968 4639 mim
990 4589 1156 4641 arsenicoet

352 4648 446 4708 melle,
468 4662 501 4699 ea
522 4664 591 4715 quae
605 4653 826 4706 credendasunt.
863 4656 987 4708 Bubonis
1008 4658 1151 4709 cerebram

354 4731 416 4768 cum
429 4716 511 4783 adipe
530 4723 660 4772 aiiserino
676 4724 745 4776 aiire
757 4724 872 4777 vulnera
883 4725 985 4778 dicitur
995 4726 1151 4795 glutinare:

354 4800 424 4852 quae
437 4800 502 4836 reru
520 4796 655 4842 vocantur
666 4792 806 4855 cacoethc,
828 4795 899 4847 cinis
911 4795 1042 4848 lominum
1054 4798 1152 4849 arietis

353 4868 415 4904 cum
427 4853 499 4906 lactc
509 4854 649 4923 muliebri,
669 4860 817 4929 diligenter
827 4865 904 4929 prius
916 4866 1001 4917 elutis
1012 4864 1151 4919 linteolis:

351 4922 431 4974 ulula
443 4923 501 4973 avis
513 4931 591 4975 cocta
603 4927 630 4977 ia
643 4929 716 4991 olco,
739 4932 784 4981 cui
800 4932 908 5000 liquato
921 4937 1056 4986 miscetur
1068 4935 1151 5003 buty-

351 5007 411 5044 rum
425 4992 536 5043 orillum
554 5000 582 5043 ct
603 4997 666 5046 mel.
705 5000 856 5053 tluiccrum
869 5003 948 5056 labra
960 5005 1075 5056 duriora
1085 5019 1151 5072 apes

351 5063 379 5114 ia
392 5062 472 5114 melle
485 5067 610 5113 mortuae
634 5067 786 5119 castillione.
824 5073 860 5122 Et
876 5073 1077 5139 elephantiasin
1089 5092 1150 5127 san·

350 5134 415 5199 guis
437 5140 465 5183 et
485 5129 555 5182 cinis
568 5133 711 5185 mustelae.
748 5136 903 5191 Verberant
920 5142 1047 5206 uulnera,
1065 5154 1150 5213 atque

347 5201 469 5321 timeris,
489 5197 609 5266 pellibus
630 5200 724 5254 orium
745 5209 903 5263 recentibus
921 5212 1059 5280 impositis
1081 5216 1150 5269 obli·

366 5284 434 5322 eraa
449 5284 489 5320 ur.

384 5339 445 5391 Xl..
463 5336 649 5390 Articulorum
666 5337 797 5393 fracturis
809 5346 878 5400 einis
890 5349 1023 5403 feminum
1033 5351 1149 5419 pecudis

348 5408 530 5472 peculiariter
547 5407 687 5460 medetur:
718 5410 858 5465 etlicacius
879 5433 939 5470 cum
963 5436 1035 5472 cera.
1072 5422 1147 5474 ldsm

347 5476 581 5530 medicamentum
593 5474 625 5528 ht
639 5494 672 5532 ex
685 5482 810 5533 maxillis
820 5486 903 5536 simul
914 5489 994 5549 ustis,
1006 5504 1147 5559 cornuque

347 5549 459 5598 cerrino
471 5556 499 5599 et
510 5561 574 5599 esra
586 5549 696 5603 mollita
707 5566 833 5604 rosaceo.
870 5555 986 5606 Ossibus
998 5556 1094 5609 tractis
1105 5576 1148 5613 ca·

346 5611 442 5664 ninum
463 5618 605 5670 cerebrum
627 5620 744 5676 linteolo
763 5621 847 5688 illito,
867 5624 1055 5693 superpositis
1065 5627 1147 5694 lanis,

1208 521 1279 575 quae
1290 503 1409 558 subinde
1417 500 1621 568 suffundantur,
1632 503 1691 557 iere
1701 504 1769 558 XlV
1778 506 1879 562 diebus
1889 508 2008 562 solidat:

1207 591 1260 628 nec
1269 576 1376 627 tardius
1387 574 1455 625 cinis
1466 574 1603 626 silvestris
1611 575 1697 627 muris
1711 591 1772 628 cum
1781 580 1878 631 melle:
1891 586 1940 631 aut
1951 595 2010 632 rer·

1207 645 1293 697 mium
1306 653 1492 705 terrenorum,
1507 644 1555 709 qui
1567 644 1652 693 etiam
1662 658 1728 696 osss
1738 647 1871 700 extrahit.

1242 714 1316 767 XLI.
1336 714 1489 766 Cicatrices
1502 712 1540 764 ad
1549 711 1671 765 colorem
1682 714 1790 767 reducit
1800 716 1936 784 pecudum
1948 717 2010 786 prul·

1208 799 1264 845 mo,
1276 784 1423 850 praecipue
1434 797 1470 835 ex
1484 782 1584 845 ariete,
1603 796 1698 834 sevum
1716 797 1750 834 ea
1771 788 1859 838 nitro:
1881 786 2009 841 lacertae

1208 853 1304 904 viridis
1327 854 1415 904 cinis:
1436 851 1563 904 vernatio
1587 853 1717 918 anguium
1741 867 1776 904 ex
1796 856 1861 907 vino
1877 856 2010 908 decoctae

1208 924 1303 974 dmum
1315 922 1501 974 columbinum
1514 936 1575 972 eum
1589 920 1682 972 atelle.
1716 921 1788 987 itera
1798 920 1954 992 vitiligines
1965 925 2009 976 al·

1208 993 1259 1044 bas
1271 1007 1305 1044 ex
1316 992 1390 1042 vino.
1426 990 1468 1042 Ad
1485 989 1648 1057 vitiliginem
1661 996 1690 1042 et
1700 992 1878 1045 cantharides
1894 1007 1954 1043 cum
1966 1008 2010 1046 ru·

1209 1068 1258 1114 tae
1273 1060 1405 1113 foliorum
1427 1059 1533 1111 duabus
1553 1058 1681 1126 partibus
1703 1059 1732 1111 in
1753 1058 1828 1121 Sole,
1850 1062 1940 1113 donec
1956 1062 2010 1114 ion

1210 1132 1294 1181 micet
1305 1131 1387 1191 cutis,
1404 1127 1567 1181 tolerandae
1577 1135 1650 1180 sant.
1689 1129 1792 1182 Postea
1810 1129 1915 1193 lovere,
1933 1133 2007 1184 oleo·

1210 1215 1262 1267 que
1273 1213 1435 1267 perungere,
1457 1199 1654 1261 necessarium,
1674 1200 1833 1267 iterumque
1844 1199 1957 1263 illinire,
1967 1200 2009 1252 id·

1209 1285 1262 1337 que
1274 1268 1373 1321 diebus
1385 1268 1511 1337 pluribus
1531 1266 1634 1331 iacere,
1656 1277 1785 1322 carentes
1805 1269 2007 1322 exbulceratio·

1208 1354 1271 1389 nem
1283 1338 1377 1389 altam.
1413 1337 1453 1390 sd
1476 1338 1588 1390 easdem
1607 1338 1759 1401 vitiligines
1770 1345 1799 1387 et
1812 1354 1921 1389 nauseas
1934 1340 2007 1391 illini

1208 1406 1306 1456 iubent
1327 1420 1388 1455 cunr
1409 1403 1503 1454 radice
1523 1400 1713 1468 lapathorum:
1734 1405 1901 1473 gallinarum
1914 1409 2006 1460 harum

1209 1473 1365 1534 candidum,
1385 1478 1526 1524 servatum
1543 1472 1572 1522 in
1592 1471 1657 1524 oleo
1669 1480 1764 1526 vetere
1775 1490 1878 1528 cornea
1888 1477 2007 1543 pyxide:

1208 1543 1437 1610 vespertilionum
1458 1544 1635 1609 sanguinem:
1660 1541 1697 1594 iel
1716 1543 1859 1597 herinacei
1875 1560 1909 1597 ex
1926 1561 2005 1613 aqua.

1210 1612 1336 1665 Scabiem
1351 1626 1428 1673 vero,
1447 1611 1565 1663 bubonis
1588 1612 1730 1664 cerebrum
1752 1629 1812 1665 cum
1834 1613 2006 1681 aphronitro,

1208 1682 1257 1734 sed
1270 1682 1438 1734 anteomaia
1457 1682 1572 1748 sanguis
1592 1683 1715 1747 cuniam,
1735 1683 1847 1736 sedant:
1868 1686 2006 1751 pruritum

1208 1751 1338 1803 cochleae
1350 1752 1481 1811 asinatae,
1494 1750 1578 1810 latae,
1587 1752 1734 1813 contritae,
1744 1752 1842 1805 illitae.

1243 1820 1331 1873 xhii.
1349 1820 1511 1882 drrrndines,
1521 1827 1550 1872 et
1560 1819 1625 1881 tela,
1636 1836 1760 1888 quaeque
1770 1822 1825 1874 alia
1836 1821 2006 1877 extrahenda

1209 1898 1273 1961 pent
1283 1891 1404 1957 corpori,
1416 1893 1514 1941 evocat
1530 1900 1590 1940 mas
1602 1888 1740 1943 dissectus
1751 1892 1905 1958 impositus.
1925 1892 2006 1946 Prae·

1209 1959 1291 2026 cipue
1301 1974 1368 2011 sero
1378 1960 1485 2011 lacerta
1494 1958 1622 2021 dissecta,
1634 1965 1665 2010 ut
1677 1962 1723 2012 rel»
1733 1967 1818 2027 caput
1828 1963 1888 2014 eius
1898 1969 2005 2013 tantum

1210 2035 1356 2081 contusam
1380 2044 1443 2080 cum
1463 2028 1523 2080 sale
1544 2029 1714 2096 mipositom.
1752 2029 1891 2083 cochlea
1912 2047 1946 2083 cx
1963 2030 2007 2083 his

1210 2113 1280 2167 quae
1292 2099 1429 2166 gregatim
1440 2097 1511 2149 lolia
1522 2105 1672 2161 sectantur,
1694 2106 1827 2153 contusae
1846 2100 2007 2168 impositas·

1210 2183 1263 2235 que
1276 2184 1337 2218 mim
1350 2171 1439 2230 testis,
1452 2175 1480 2219 et
1493 2183 1542 2220 eae
1554 2182 1624 2235 quac
1636 2168 1810 2231 manduntur,
1825 2178 1954 2222 eremias
1966 2175 2007 2222 te·

1210 2238 1275 2289 stis:
1297 2237 1351 2289 sed
1367 2253 1427 2288 cunr
1444 2238 1549 2305 leporis
1567 2239 1682 2306 coagulo
1700 2238 1897 2290 efficacissime.
1935 2241 2008 2292 Ossa

1210 2321 1244 2357 aa
1285 2308 1340 2357 'um
1353 2307 1469 2359 eundem
1482 2322 1542 2358 cum
1561 2307 1678 2374 coagulo
1689 2308 1875 2374 cuiuscunque
1886 2310 2007 2375 quadru-

1210 2392 1244 2444 pe
1265 2379 1289 2428 is
1301 2376 1375 2427 intra
1386 2377 1499 2429 tertium
1510 2377 1585 2429 diem
1593 2378 1748 2443 approbant
1758 2376 1895 2428 ellectum.
1933 2379 2009 2429 laau·

1211 2446 1311 2499 dantur
1321 2454 1350 2498 et
1360 2445 1536 2498 cantharides
1548 2448 1631 2498 tritae
1642 2461 1702 2498 cunt
1713 2446 1801 2496 farina
1812 2444 1918 2498 hordei.

1244 2515 1344 2570 Xblll.
1361 2518 1391 2568 ln
1404 2516 1587 2568 muliebribus
1604 2516 1684 2567 usalis
1705 2516 1881 2567 mearbraaae
1893 2529 1911 2564 a
1923 2524 2007 2580 partu

1210 2588 1302 2639 ovium
1315 2587 1473 2653 proliciunt,
1487 2586 1560 2639 sicut
1572 2589 1602 2637 in
1612 2585 1702 2653 capris
1713 2585 1869 2636 retulimus.
1896 2584 2005 2636 Fretum

1210 2670 1320 2724 quoque
1331 2656 1472 2723 pecudum'
1485 2656 1597 2707 eosdem
1609 2671 1675 2706 usus
1693 2653 1784 2706 habet.
1821 2653 2007 2705 Locustarum

1210 2725 1303 2777 suffitu
1311 2728 1486 2794 stranguriae
1498 2723 1774 2776 niaximcmulierum
1786 2721 1924 2774 im'antur.
1942 2722 2007 2774 Gal·

1209 2794 1378 2847 lioaceorum
1391 2803 1477 2847 testes
1489 2795 1606 2846 subinde
1617 2794 1642 2845 si
1652 2809 1669 2844 a
1678 2799 1812 2860 conceptu
1822 2791 1887 2844 edat
1900 2793 2005 2855 mulier,

1209 2866 1340 2917 maresia
1352 2872 1432 2915 utero
1445 2865 1504 2915 lieri
1516 2865 1654 2916 dicuntur.
1687 2863 1787 2915 l'artus
1799 2869 1947 2929 conceptos
1959 2861 2006 2928 hy·

1208 2936 1325 2984 smmum
1337 2934 1408 2982 einis
1420 2939 1502 2992 potus
1513 2935 1655 2984 continet:
1676 2939 1800 2984 maturat
1816 2931 1941 2983 caninum
1961 2931 2004 2982 las

1209 3003 1315 3066 potum,
1335 3002 1433 3047 evocat
1446 3000 1605 3050 membrana
1615 3018 1631 3050 e
1642 3016 1740 3052 eanum
1753 3001 1892 3063 secundis,
1913 3000 1937 3050 si
1953 3006 2005 3054 ter·

1209 3082 1267 3118 ram
1279 3081 1334 3118 aon
1345 3065 1480 3131 attigerit.
1516 3065 1639 3116 bumbos
1651 3068 1865 3131 parturientium
1878 3076 1956 3136 potus
1967 3070 2005 3119 la·

1210 3136 1270 3198 ctis,
1290 3137 1382 3186 tiaram
1395 3137 1618 3199 murinum-aqua
1628 3134 1722 3201 pluria
1734 3135 1853 3188 dilutum
1874 3151 2003 3189 mammas

1209 3206 1355 3256 mulierum
1368 3220 1384 3256 a
1395 3212 1475 3271 partu
1487 3210 1625 3256 tumentes
1636 3204 1736 3256 reiicit.
1760 3206 1838 3258 Cinis
1849 3205 2005 3261 herinaceo-

1209 3290 1269 3326 rum
1282 3291 1342 3326 cum
1362 3275 1424 3326 olori
1445 3283 1641 3340 perunctarum
1662 3274 1787 3328 custodit
1803 3284 1897 3344 partus
1910 3284 2005 3327 contra

1209 3345 1334 3396 abortus.
1362 3344 1484 3396 Facilius
1495 3345 1646 3406 enituntur,
1661 3359 1731 3411 quae
1743 3345 1836 3397 fimum
1849 3347 2004 3398 anserinum

1209 3430 1270 3466 cum
1279 3429 1367 3481 aquae
1378 3414 1488 3481 cyathis
1499 3413 1606 3465 duobus
1617 3416 1762 3467 sorbuere:
1781 3422 1829 3466 aut
1840 3430 1874 3467 ex
1885 3415 2005 3467 utriculo

1209 3484 1360 3535 mustelino
1383 3499 1432 3551 per
1451 3483 1571 3552 genitale
1591 3482 1736 3537 effluentes
1757 3499 1851 3552 aquas.
1888 3484 2006 3537 Vermes

1209 3556 1313 3606 terreni
1325 3554 1399 3612 illiti,
1420 3570 1454 3606 ne
1475 3553 1590 3606 cervicis
1601 3554 1830 3622 scapularumque
1841 3555 1917 3605 nerri
1928 3553 2006 3605 dole·

1209 3630 1266 3685 ant,
1283 3630 1435 3689 praestant.
1472 3625 1576 3676 Graves
1597 3623 1731 3674 secundas
1753 3624 1857 3690 pellunt
1874 3622 1903 3671 in
1922 3636 2005 3687 passo

1209 3696 1276 3759 poti.
1312 3692 1396 3744 iidem
1419 3707 1507 3758 perse
1518 3694 1652 3760 impositi,
1671 3706 1849 3743 mammarum
1869 3706 2006 3757 suppure-

1208 3763 1298 3812 tioncs
1314 3770 1490 3827 concoquunt
1505 3770 1533 3814 et
1544 3763 1681 3829 aperiunt,
1699 3759 1911 3826 extrahuntque,
1927 3767 1957 3811 et
1967 3760 2006 3812 ad

1208 3832 1365 3881 cicatricem
1379 3830 1540 3895 perducunt.
1578 3832 1636 3883 Lac
1646 3832 1779 3883 devocant
1790 3829 1848 3897 poti
1859 3844 1922 3880 cum
1935 3829 2005 3882 mul·

1208 3915 1248 3950 so.
1284 3899 1467 3955 inveniuntur
1483 3908 1511 3951 ct
1532 3902 1682 3962 vernaculi,
1702 3899 1749 3967 qai
1761 3900 1907 3969 adalligati
1920 3900 2004 3964 colle,

1208 3970 1349 4021 continent
1360 3974 1477 4034 partum.
1514 3971 1705 4022 Detrahootm
1722 3977 1815 4024 autem
1833 3971 1884 4021 sub
1906 3976 2002 4038 partu:

1207 4039 1356 4090 aliaseaiti
1379 4052 1431 4088 tion
1447 4039 1600 4105 patiuntur.
1637 4041 1793 4092 cavendum
1814 4041 1898 4093 etiam
1919 4056 1954 4090 ne
1974 4039 2004 4090 in

1207 4115 1283 4160 terra
1294 4114 1442 4175 ponantur.
1479 4112 1635 4177 Conceptus
1651 4127 1760 4179 quoque
1771 4125 1854 4162 causa
1865 4110 1964 4160 dantur
1973 4107 2005 4160 in

1207 4186 1274 4246 poto
1287 4178 1362 4246 quini
1374 4186 1422 4229 aut
1432 4181 1548 4245 septeni.
1577 4179 1716 4233 Cochleae
1726 4183 1759 4232 in
1767 4182 1828 4231 cibo
1839 4186 1945 4231 sanitae
1956 4193 2002 4229 ac·

1207 4249 1329 4300 celerant
1352 4255 1479 4315 partum:
1501 4249 1568 4301 item
1588 4258 1752 4319 conceptam
1773 4250 1921 4316 impositae
1941 4262 2002 4298 cum

1207 4333 1296 4369 croco
1337 4317 1454 4370 Eaedem
1473 4333 1507 4370 ex
1530 4318 1624 4386 amylo
1647 4328 1675 4370 et
1697 4317 1882 4387 tragacantha
1900 4317 2003 4379 illitae,

1206 4384 1342 4453 prolluvia
1353 4388 1463 4439 sistunt.
1503 4387 1622 4439 Prosunt
1633 4397 1661 4439 et
1674 4388 1886 4455 purgationibus
1896 4394 2004 4437 samiae

1206 4456 1232 4506 ia
1245 4457 1316 4519 cibo,
1337 4464 1365 4508 ct
1378 4457 1485 4509 ruham
1510 4473 1635 4508 aversam
1653 4461 1796 4524 corrigunt
1807 4472 1868 4509 cum
1881 4454 2003 4507 amdnlla

1206 4527 1324 4587 cerrino,
1346 4527 1438 4578 itaut
1459 4528 1504 4577 uni
1530 4526 1661 4578 cochleae
1683 4528 1789 4580 denarii
1801 4526 1907 4593 pondus
1921 4523 2005 4575 adde·

1204 4601 1250 4644 tur
1262 4604 1289 4646 et
1302 4597 1407 4663 cyperi.
1444 4594 1605 4647 inllationes
1623 4612 1733 4663 quoque
1755 4597 1896 4646 vulsarum
1912 4595 2002 4645 discu-

1204 4664 1277 4715 tiunt
1298 4673 1425 4717 exemtus
1444 4668 1533 4726 testis,
1555 4667 1693 4732 tritaeque
1716 4679 1777 4714 cum
1800 4678 1926 4715 rosaceo.
1962 4661 2005 4714 ad

1205 4730 1273 4785 haec
1286 4735 1498 4802 Astypalaeicae
1522 4736 1639 4784 araxime
1658 4735 1808 4797 eliguntur.
1844 4730 1905 4781 sito
1920 4731 2002 4783 teredo

1204 4802 1349 4855 dit-icariae
1366 4805 1444 4853 binae
1462 4805 1617 4853 tritae-cum
1629 4802 1703 4853 toeoi
1716 4798 1817 4850 Graeci
1826 4798 1900 4863 quod
1914 4802 2005 4852 tribus

1204 4872 1299 4935 digitis
1311 4872 1445 4937 eripiatur,
1466 4871 1563 4922 addito
1574 4872 1655 4921 mella
1667 4868 1860 4919 cochlearibus
1873 4876 2005 4936 quatuor,

1204 4941 1349 4991 illinuntur
1359 4939 1430 4999 alvo,
1443 4942 1518 5005 prius
1528 4941 1601 4989 irino
1613 4954 1695 4990 succo
1708 4944 1871 5003 perunctae.
1891 4938 1962 4990 Sunt
1974 4947 2004 4991 ct

1203 5010 1326 5060 minutae
1336 5008 1501 5074 longaeque,
1513 5008 1646 5059 candidae
1657 5007 1798 5069 cochleae,
1810 5009 1912 5075 passim
1925 5008 2005 5060 ober-

1202 5084 1304 5130 rantes.
1341 5076 1400 5129 Ese
1424 5076 1565 5130 arefactae
1575 5077 1680 5129 Seleia
1694 5078 1808 5144 tegulis,
1830 5085 1963 5144 tusaeque
1973 5078 2002 5129 io

1203 5148 1303 5211 urina,
1324 5147 1476 5199 miscentur
1497 5148 1729 5214 lomentoaeqnis
1742 5149 1878 5215 partibus,
1899 5147 2000 5199 cando·

1201 5233 1312 5286 remque
1324 5229 1353 5270 et
1363 5218 1502 5269 laevorem
1516 5219 1626 5285 corpori
1638 5217 1768 5270 atterunt.
1805 5214 1940 5270 Scabendi
1953 5216 2003 5267 de·

1201 5288 1305 5340 sideria
1314 5287 1418 5339 tollunt
1431 5288 1555 5339 minutae
1566 5296 1594 5339 et
1606 5290 1681 5340 latae
1692 5304 1753 5339 cum
1768 5289 1889 5355 polenta.
1919 5284 2003 5352 Vipe-

1201 5373 1258 5408 ram
1271 5358 1371 5409 mulier
1381 5371 1536 5425 praegnans
1547 5360 1573 5409 si
1589 5358 1804 5419 transcenderit,
1823 5359 1948 5409 abortum
1961 5351 2002 5405 ia·

1200 5428 1269 5479 ciet:
1282 5431 1349 5479 item
1361 5425 1595 5493 amphisbaenam,
1606 5436 1746 5480 mortuam
1756 5427 1909 5479 dumtaxat.
1928 5423 2000 5475 Nam

1199 5497 1288 5548 rivam
1301 5497 1433 5549 habentes
1446 5501 1472 5548 in
1485 5499 1598 5566 pyxide,
1612 5500 1724 5566 imptroe
1736 5502 1891 5557 transeunt,
1912 5494 2000 5546 etiam

1199 5566 1222 5615 si
1235 5574 1346 5617 mortua
1356 5567 1408 5617 site
1429 5573 1513 5635 atque
1524 5577 1676 5631 asservata,
1698 5574 1795 5635 partus
1806 5564 1904 5616 faciles
1917 5577 2000 5630 prac-

1198 5642 1256 5688 stnt
1272 5636 1315 5687 vel
1335 5642 1456 5688 ntortua.
1493 5638 1604 5705 blisum,
1628 5640 1652 5690 si
1665 5653 1717 5690 non
1730 5639 1899 5690 asservatam
1920 5640 1999 5683 tran·
