4340 6018
237 304 269 363 C.
312 302 468 364 ealrlll
511 305 728 367 sacuam
771 307 943 369 Nerua
986 311 1182 375 Hiarba.
1227 312 1392 374 alam
1436 315 1670 377 chatate.
1747 308 1785 379 ua

130 456 189 510 lise
202 461 300 506 tantan
315 467 393 505 arms
404 454 529 507 Romana
542 455 582 507 ibi
599 455 780 510 solitudinem
798 455 934 509 iecerunt.
987 457 1040 509 unt
1051 459 1125 513 Eser
1133 465 1333 534 Aegyptiorum
1345 443 1485 532 oppidum,
1497 466 1543 531 qui
1553 464 1787 521 Psammetichum

131 524 333 594 Aegyptiorum
344 522 426 575 bellis
437 523 744 593 attriteestAethiopis,
754 526 934 577 vicissimim·
986 524 1120 593 fugerint.
1149 532 1179 582 ln
1192 549 1225 586 eo
1237 534 1392 601 produntur
1402 535 1483 585 aunis
1494 538 1627 588 trecentis
1639 535 1787 592 habitasse.

132 591 281 716 ffimilo
291 592 501 714 ”ffiffffique'
518 594 593 646 clare
605 600 635 647 et
644 604 741 715 pattena
752 595 839 716 qtgami
846 610 934 676 usque
986 596 1091 715 gerara
1102 599 1129 649 in
1137 600 1256 683 Arabico
1268 604 1457 656 laterellaron
1471 603 1601 692 oppidum
1613 620 1786 689 essenorum.

133 676 358 803 sams?
371 676 933 804 .³..:5i¹.':.2ltil.-⁸‚”.³.¹¹..t.ababli,
985 672 1787 811 ..ili{itti.ita¹:.lmi..t¹‘isliiustitia·

131 809 210 871 patet
219 800 414 853 Andromedae
424 797 534 854 sabulis.
986 802 1172 856 Sembobitin:
1195 813 1223 857 et
1232 809 1346 859 tertium
1358 811 1385 860 in
1397 812 1505 873 Arabia,
1521 811 1577 863 Sai.
1594 812 1787 867 lbtermontes

165 871 259 925 siusili
275 869 359 922 medo
376 870 452 923 etde
471 886 598 922 mensure
608 872 669 924 eius
678 875 757 924 varia
767 871 932 940 prodidere:
986 879 1078 925 autem
1092 881 1121 926 et
1129 873 1223 926 Nilum
1241 873 1371 942 Symburi
1388 886 1465 942 sunt,
1484 879 1656 951 Paluogges:
1677 883 1704 934 in
1720 884 1787 950 ipsis

130 943 235 1011 purius
245 939 437 992 Dalionultra
447 940 560 992 Meroen
577 941 828 1008 longesubrectus.
865 942 933 994 Mox
984 957 1051 994 vero
1062 944 1203 995 montibus
1213 943 1337 997 Asachae
1348 946 1444 997 multis
1460 951 1626 1006 nationibus.
1657 954 1788 1008 Abessea

129 1012 319 1071 Aristocreon,
339 1016 368 1060 et
385 1009 465 1070 Bion,
484 1016 512 1061 et
531 1010 646 1061 Basilis:
668 1010 825 1064 Simoniden
843 1013 934 1062 minor
986 1012 1056 1063 meri
1073 1012 1203 1064 dicuntur
1218 1012 1325 1065 dierum
1341 1014 1460 1080 quinque
1474 1018 1583 1072 itinere.
1619 1023 1788 1076 Viruntele·

130 1083 228 1141 mam,
252 1078 441 1146 quinquennio
451 1079 477 1129 in
489 1079 586 1130 Meroe
596 1086 739 1143 moratus,
760 1096 821 1132 cum
836 1079 870 1131 de
880 1083 931 1133 Ae·
986 1080 1150 1148 phantorurn
1167 1089 1279 1135 venatu.
1315 1082 1409 1134 lnsula
1421 1084 1450 1134 in
1467 1085 1534 1137 Nilo
1545 1087 1786 1155 Semberritarum,

130 1149 238 1217 thiepia
247 1146 392 1200 scriberet.
404 1145 474 1198 Nam
485 1147 851 1202 et'l'imoetheneeclassium
859 1147 933 1200 Phil·
985 1153 1098 1219 reginne
1111 1158 1199 1218 paret.
1215 1185 1219 1194 -
1235 1152 1276 1203 Ab
1286 1151 1320 1204 ea
1330 1151 1420 1203 Nubei
1431 1152 1584 1222 Aethiopes
1603 1160 1708 1212 dierum
1721 1168 1785 1215 octo

132 1218 244 1285 adelphi
255 1214 422 1284 pmelectm,
431 1217 491 1269 sine
502 1231 640 1281 mensura,
657 1218 763 1271 dierum
776 1218 824 1269 ax
836 1235 853 1270 a
865 1218 932 1285 Sye-
985 1219 1095 1272 itincre.
1124 1220 1260 1287 Oppidum
1274 1236 1369 1273 eorum
1382 1221 1447 1273 Nilo
1458 1222 1628 1290 impositum,
1639 1230 1785 1297 'Tenupsis

130 1306 166 1343 ue
175 1289 293 1342 Meroen
303 1288 359 1338 iter
368 1284 505 1353 prodidit:
516 1286 719 1339 Eratosthenes
727 1287 854 1340 ucxxv
863 1287 931 1339 mill.
985 1289 1104 1351 Seurbri,
1117 1289 1188 1356 apud
1200 1305 1270 1357 quos
1281 1290 1471 1358 quadrupedes
1482 1305 1576 1345 omnes
1587 1295 1650 1348 sine
1662 1300 1785 1361 auribus,

130 1355 322 1412 Artemidorus
333 1354 382 1407 Di>
395 1354 463 1406 mill.
476 1355 599 1408 Sebosus
618 1358 652 1409 ab
664 1357 785 1424 Aegypti
802 1357 933 1408 extremis
984 1358 1069 1409 etiem
1089 1357 1238 1425 elephanti.
1281 1362 1316 1411 At
1338 1375 1372 1412 ex
1390 1359 1500 1412 Alricae
1521 1369 1599 1427 parte
1614 1362 1785 1429 Ptoembari,

131 1428 257 1495 sedeam
276 1433 393 1478 centena
411 1423 516 1477 Lxxv
530 1425 599 1477 mill.
634 1440 760 1479 usuum:
782 1425 932 1492 undepro·
984 1426 1785 1497 Ptoemphanee,qnicanemprotegehebent,motueius

131 1499 207 1550 sium
227 1494 297 1547 dlcti
315 1493 465 1546 duodecies
481 1500 600 1548 centena
614 1441 639 1547 i).
654 1494 694 1547 Μ.
720 1493 824 1548 Verum
842 1495 931 1546 omnis
984 1496 1099 1563 imperia
1110 1503 1291 1563 augurantes:
1312 1500 1430 1566 Auruapi
1441 1497 1542 1566 oppido
1553 1499 1637 1567 longe
1648 1503 1739 1556 aNilo
1750 1508 1785 1557 si·

130 1567 203 1619 haec
215 1564 295 1616 fluite
309 1577 396 1630 nuper
413 1562 566 1630 disputatio
580 1571 632 1627 est,
655 1564 784 1630 quoniam
806 1562 931 1632 eSyene
984 1565 1785 1635 to.PosteaAcbiearmi,Phaligee,Merigeri,Casnmsrri.
1857 1622 1863 1627 .

131 1632 340 1688 ncccaxxur
357 1632 428 1686 mill.
450 1634 570 1685 Neronis
583 1634 776 1701 exploratores
793 1635 933 1687 renuntia·
1020 1635 1091 1687 liion
1102 1636 1160 1687 elia
1171 1635 1276 1702 oppida
1288 1637 1316 1686 iu
1327 1637 1423 1688 insulis
1435 1637 1529 1700 tradit,
1540 1652 1557 1688 a
1568 1637 1720 1690 Sembobiti
1728 1642 1786 1693 Me-

129 1702 365 1757 eerehisrnodis:
378 1701 497 1771 ASyene
508 1701 931 1771 Hieraneycaminonbleill.
984 1721 1051 1757 roen
1062 1719 1159 1757 versus
1177 1704 1283 1757 dierum
1301 1711 1362 1758 toto
1381 1706 1481 1758 itinere
1492 1707 1602 1774 uiginti.
1638 1706 1787 1762 Proximae

130 1788 269 1843 pmuum.
286 1772 354 1826 lude
365 1773 456 1825 Tama
467 1772 568 1825 Lxxu
580 1773 670 1825 millia
679 1788 818 1839 passuum.
831 1773 933 1840 Regio·
982 1774 1092 1825 insulae
1102 1774 1232 1841 oppidum
1245 1774 1474 1827 Semberritarurn
1484 1777 1536 1828 sub
1548 1777 1658 1844 regium
1671 1784 1699 1829 et
1711 1777 1786 1830 aliud

130 1858 191 1896 nem
203 1844 282 1895 Εῑιοιι
305 1843 393 1895 miton
404 1840 568 1911 Aethiopum
579 1843 703 1909 primam,
720 1839 931 1905 CXX,Acinam
982 1845 1064 1895 Aser:
1077 1844 1194 1895 alterius
1206 1843 1337 1910 oppidum
1350 1846 1452 1897 Daren.
1474 1845 1599 1896 Tertiam
1606 1845 1725 1899 Medoen
1736 1862 1784 1899 vo-

130 1914 193 1967 aiv
203 1912 273 1965 mill.
283 1860 401 1964 {iterna
412 1912 498 1975 xxii,
514 1912 682 1980 Tergedum,
697 1910 756 1964 cvi
766 1910 834 1962 mill.
857 1914 931 1963 insu·
983 1919 1056 1975 cnut,
1067 1915 1095 1963 iu
1106 1927 1161 1980 qua
1171 1913 1303 1981 oppidum
1313 1914 1387 1965 Asel.
1407 1913 1540 1976 Quartam
1552 1914 1659 1977 eodem,
1670 1931 1724 1982 quo
1737 1931 1786 1982 op-

132 1983 185 2035 iam
192 1981 344 2049 Gagauden
355 1996 416 2034 esse
427 1982 455 2033 in
467 1980 558 2034 medio
570 1997 604 2033 eo
615 1988 715 2033 tractu.
736 1980 803 2032 lnde
812 1982 930 2047 primum
984 1981 1086 2048 pidum,
1097 1983 1208 2036 nomine
1220 1982 1360 2035 Garoden.
1382 1983 1448 2035 lude
1459 1997 1509 2049 per
1518 1984 1593 2049 ripas
1599 1984 1713 2052 oppida:
1722 1985 1779 2036 Na·

130 2051 203 2103 risus
214 2066 279 2103 ares
289 2052 437 2118 psittacos,
457 2057 486 2102 et
497 2051 531 2102 ab
544 2051 634 2103 ultera
644 2052 725 2118 (quae
735 2058 850 2102 vocatur
861 2051 930 2101 Arti·
982 2066 1041 2113 ros,
1062 2051 1243 2115 Modundanr,
1261 2052 1399 2114 Audatim,
1415 2051 1581 2114 Secundum,
1598 2054 1727 2121 Colligat,
1737 2054 1784 2107 Se·

167 2122 207 2183 la)
228 2121 332 2173 animal
352 2118 510 2187 sphingion,
529 2134 547 2170 a
565 2122 622 2172 Ter
641 2120 694 2173 cdo
716 2117 930 2187 cynocephalos.
983 2120 1076 2179 cande,
1088 2114 1258 2185 Nabectabe,
1270 2122 1358 2184 cumi,
1369 2121 1650 2191 Agroepi,Aegipem‚
1663 2121 1785 2176 (landru-

145 2188 436 2256 ndeaapatnlmxx
447 2189 515 2240 mill.
542 2135 932 2256 uppiiumidparvnmmter
984 2189 1190 2260 gari,.irabum,
1201 2189 1384 2243 Summarum.

150 2259 277 2311 raedieta
287 2259 386 2310 solum.
408 2258 450 2309 Ab
462 2274 496 2310 eo
506 2259 541 2310 ad
552 2259 670 2310 insulam
683 2259 798 2311 Meroen
812 2257 931 2310 CCCLX
1018 2259 1106 2326 Regio
1116 2274 1201 2326 supra
1212 2258 1354 2323 Sirbitum,
1372 2261 1419 2312 uhi
1432 2261 1563 2315 desinunt
1572 2271 1689 2328 montes,
1700 2264 1786 2316 trudi·

162 2366 169 2379 .
180 2328 290 2380 nerbas
296 2328 371 2381 circa
377 2328 492 2380 Meroen
503 2327 611 2380 demum
623 2327 931 2390 viridiores,silrarum·
982 2335 1029 2380 tur
1040 2343 1057 2378 a
1068 2327 1234 2395 quibusdum
1246 2329 1348 2382 babere
1358 2330 1512 2383 maritimos
1522 2331 1672 2400 Aethiopes
1679 2369 1687 2395 ,
1711 2334 1784 2386 Nisi·

129 2413 183 2466 que
194 2396 301 2465 aliquid
313 2398 486 2464 apparuisse,
506 2404 534 2449 et
550 2395 755 2449 rhinocerotum
767 2394 929 2464 elephanto·
984 2404 1083 2460 cartes,
1095 2396 1209 2459 Minime,
1227 2398 1298 2463 quod
1311 2400 1450 2465 significat
1460 2405 1568 2452 ternum
1581 2407 1610 2453 et
1621 2408 1784 2468 quaternum

127 2465 774 2588 {umqufamssigm'Llpffiiifpfflumumffmff
785 2466 822 2517 ab
832 2465 931 2585 baffi
984 2466 1129 2546 oculorum
1142 2468 1232 2584 vincite:
1254 2470 1385 2587 n'oq'quia
1395 2468 1436 2585 eze
1451 2468 1520 2586 stint,
1536 2469 1590 2589 aa
1602 2471 1786 2587 quiasagitttie

124 2550 246 2656 &affirm
258 2548 654 2655 iidimiestro'sabchffis
663 2549 760 2662 {trivialis}
772 2549 852 2667 Ἥξει
872 2615 933 2666 por·
984 2549 1697 2671 ffigergxaaecglupgrrqutqqnssgri(quasquomnq'anqegg
1705 2552 1788 2655 inuerri(3

123 2674 316 2725 tuminceret.
343 2669 478 2721 Aedilicia
488 2669 580 2736 oppidi
592 2685 689 2735 pauca.
719 2669 933 2737 llegnarelenri·
985 2671 1098 2722 dianum
1109 2671 1298 2736 protenditur,
1319 2670 1420 2722 Dalion
1433 2678 1547 2723 vocatos
1560 2687 1621 2724 esse
1632 2672 1707 2735 dicit,
1727 2673 1787 2740 plu·

122 2757 191 2793 nans
204 2738 374 2800 audacem,
385 2737 462 2804 quud
473 2752 571 2790 nomen
582 2739 677 2790 multis
688 2739 744 2789 iarn
755 2741 834 2789 annis
845 2738 880 2790 ad
893 2753 951 2790 r·e··
984 2740 1032 2790 ria
1042 2745 1149 2790 tantum
1165 2754 1236 2806 aque
1246 2746 1358 2792 utentes
1369 2738 1495 2802 Cisoros,
1515 2741 1709 2808 Longoporos.
1745 2742 1786 2793 Ab

120 2810 209 2880 gines
222 2805 347 2859 transiit.
384 2805 535 2857 Deluhrum
549 2808 713 2860 Hammonis
728 2815 757 2857 et
772 2807 933 2875 ibireligiu·
985 2808 1160 2861 Oecalicibus
1171 2807 1278 2860 dierum
1290 2808 1410 2876 quinque
1423 2808 1523 2861 itinere
1534 2810 1695 2874 Usibaleos,
1713 2810 1787 2863 leue·

121 2894 200 2940 suns,
213 2883 243 2930 et
255 2882 318 2928 toto
328 2882 422 2928 tractu
431 2876 543 2927 sacella.
562 2878 690 2928 Ceterum
703 2891 763 2928 eum
776 2877 934 2942 potirentur
984 2878 1037 2939 los,
1047 2876 1196 2939 Pitumnus,
1209 2877 1314 2938 Valios,
1327 2878 1444 2944 Cispius.
1463 2877 1581 2944 Reliqua
1591 2879 1710 2932 deserta.
1728 2879 1784 2932 De-

121 2961 224 3000 rerunr
237 2944 403 3012 Aethiopes,
423 2944 515 2996 insula
530 2961 565 2999 ea
579 2961 625 2998 me
644 2961 696 3000 nae
710 2945 850 2998 claritatis
870 2946 932 2999 luit.
984 2947 1049 2999 inde
1060 2945 1198 2999 fabulosa.
1208 2945 1249 2998 Ad
1261 2945 1431 2998 occidentem
1444 2946 1658 3013 rensusNigroe‚
1668 2961 1784 3014 quorum

123 3015 260 3068 Tradunt
273 3020 447 3065 mutatorum
458 3012 526 3064 ccl.
541 3015 609 3066 mill.
621 2962 825 3077 <ierosolimam
847 3015 933 3066 artili-
985 3032 1035 3069 rex
1045 3031 1129 3067 uuum
1141 3015 1249 3067 oculum
1263 3013 1402 3065 habeatis
1415 3015 1514 3065 fronte.
1531 3014 1710 3083 Agriophagi,
1721 3031 1786 3082 pan·

127 3100 191 3136 cum
202 3083 290 3135 CCCC
298 3083 338 3134 M.
348 3076 435 3134 aiere.
454 3082 713 3150 RegesAethiopum
720 3082 797 3136 XLV
809 3090 837 3134 et
848 3082 932 3137 bodie
985 3086 1125 3138 therarum
1137 3090 1164 3135 et
1177 3083 1285 3135 leonum
1293 3083 1420 3133 carnibus
1432 3082 1550 3133 nranime
1562 3083 1692 3134 niventes.
1705 3084 1785 3137 Pam-

127 3153 289 3205 tradnntur.
326 3151 461 3202 Universa
481 3165 547 3203 vero
563 3164 631 3218 gens
647 3149 777 3203 Aetheria
791 3152 933 3218 appellata
984 3152 1081 3221 phagi,
1100 3152 1195 3205 omnia
1212 3149 1383 3204 mandentes.
1418 3149 1645 3218 Anthropophagi
1664 3150 1785 3207 humana

129 3232 189 3281 set,
210 3219 461 3283 deindeAtlantia,
481 3233 545 3271 mor
564 3236 582 3273 a
596 3220 711 3273 Vulcani
724 3220 784 3273 lilio
796 3220 932 3288 Aethiope
984 3237 1067 3275 carne
1076 3229 1229 3275 vescentes.
1248 3219 1420 3290 Cynamulgi,
1431 3220 1534 3275 caninis
1546 3221 1692 3290 capitibus.
1702 3225 1784 3275 Arta·

132 3291 291 3358 Aethiopia.
984 3292 1092 3344 hatitae
1107 3289 1314 3359 quadrupedum
1334 3289 1456 3343 terarum
1472 3292 1555 3343 modo
1567 3297 1640 3360 rugi.
1676 3291 1784 3347 Deinde

166 3361 335 3413 Animalium
346 3358 540 3427 hominumque
555 3358 660 3428 effigies
679 3363 869 3415 monstriferae
881 3361 931 3413 cir·
983 3361 1125 3429 Hesperii,
1137 3360 1258 3421 l’erorsi,
1270 3376 1340 3426 quos
1350 3361 1377 3411 in
1389 3362 1574 3413 Mauritaniae
1586 3362 1704 3414 conllnlo
1716 3363 1785 3414 diri·

133 3430 443 3483 eaextremitateseius
474 3430 530 3497 igni
543 3432 655 3482 minime
665 3432 774 3494 mirum,
784 3431 885 3501 artiiiei
897 3431 932 3482 ad
984 3445 1055 3483 mue.
1066 3430 1134 3483 Pars
1146 3430 1278 3497 quaedam
1291 3428 1455 3496 Aethiopum
1466 3430 1581 3482 locustis
1592 3438 1698 3483 tanturn
1707 3431 1784 3493 sirit,

134 3498 280 3551 iorsnnnda
298 3514 417 3566 corpora
432 3515 448 3551 e
478 3502 591 3567 gieeque
613 3499 760 3552 caelandas
777 3499 933 3552 mobilitate
983 3500 1060 3553 i‘urno
1071 3499 1169 3552 etrele
1181 3498 1326 3550 duratisin
1337 3513 1429 3551 annua
1441 3501 1588 3553 alimenta:
1601 3501 1622 3552 ii
1633 3499 1784 3571 quadrage·

134 3569 222 3637 ignea.
253 3568 358 3621 Ferunt
371 3576 447 3621 certe
457 3570 491 3621 ab
508 3570 625 3621 orientis
634 3575 715 3635 parte
728 3570 826 3621 intima
835 3576 933 3637 gentes
983 3571 1082 3622 simum
1095 3568 1502 3622 ennumrltaenonexcedunt.

135 3640 265 3692 maius
275 3639 398 3699 naribus,
411 3639 518 3705 aequali
528 3638 618 3691 totius
629 3639 685 3689 oris
697 3639 820 3705 planitei.
854 3639 932 3691 Alias
1018 3637 1536 3704 Aethiopumterramunirersemeum
1550 3639 1785 3706 marillubropa·

135 3709 278 3776 superiore
290 3707 369 3760 labro
380 3708 472 3771 orbas,
482 3708 554 3760 alias
565 3708 625 3760 sine
635 3708 747 3776 linguis.
769 3707 836 3760 Pars
848 3708 932 3760 etiam
985 3716 1045 3762 tera
1061 3710 1090 3760 in
1107 3707 1309 3775 longitudinem
1328 3708 1414 3760 semel
1433 3715 1461 3760 et
1471 3711 1555 3761 rieies
1575 3718 1691 3762 centena
1706 3709 1784 3761 LXX

134 3792 181 3831 ore
193 3782 326 3831 concreto
337 3784 366 3829 et
375 3777 486 3829 naribus
496 3793 601 3839 carens,
611 3792 666 3829 uno
677 3784 785 3830 tantum
796 3775 934 3830 foramine
984 3778 1056 3830 mill.
1067 3792 1210 3845 passuum:
1232 3777 1259 3827 in
1272 3777 1446 3829 latitudinem
1461 3793 1520 3828 cum
1538 3780 1683 3845 superiore
1694 3781 1781 3845 Aegy·

133 3849 228 3914 spirat,
252 3853 403 3914 potumque
426 3847 541 3899 calamis
557 3861 661 3899 arenae
681 3846 777 3908 trahit,
799 3853 828 3898 et
844 3860 934 3913 meua
985 3855 1033 3915 pto
1045 3847 1195 3899 duodecies
1206 3854 1320 3898 centena
1331 3846 1441 3899 xcviii
1455 3848 1492 3897 Μ.
1515 3848 1635 3914 Agrippa
1645 3849 1784 3899 existima·

135 3917 257 3969 eiusdem
279 3929 383 3966 arenae
403 3929 502 3982 sponte
514 3916 700 3984 provenientis
710 3916 745 3967 ed
757 3917 933 3971 vescendum.
983 3920 1033 3970 rit.
1069 3916 1189 3980 Quidem
1202 3915 1404 3985 longitudinem
1417 3916 1459 3966 ita
1470 3917 1638 3968 eniserunt:
1660 3917 1785 3968 eMeroe

135 3985 305 4048 Quibusdam
323 3999 374 4051 pro
391 3999 519 4037 sermone
534 3992 617 4037 nutus
636 3993 782 4054 motusque
793 3986 932 4040 membro·
985 3988 1135 4048 Sirbitum,
1157 3985 1207 4037 xri
1220 3984 1325 4037 dierum
1338 3986 1554 4053 navigationem.
1590 3986 1630 4036 Ab
1643 4000 1675 4035 ea
1685 3983 1737 4033 llll
1746 3981 1784 4033 ad

134 4070 190 4108 rum
202 4062 255 4108 est.
270 4054 440 4118 Quibusdam
452 4062 516 4108 ante
528 4055 717 4107 Ptolemaeum
729 4054 880 4108 bathurum
891 4071 933 4109 re·
987 4056 1127 4110 Dasclios.
1164 4055 1204 4106 Ab
1218 4055 1253 4105 iis
1269 4055 1304 4106 ed
1317 4069 1447 4107 oceanum
1460 4053 1651 4119 Aethiopicum
1662 4063 1713 4101 sex
1724 4048 1783 4099 die*

203 4122 323 4192 Aegypti
338 4122 453 4191 ignotus
468 4123 522 4175 luit
537 4140 602 4176 usus
621 4124 734 4193 ignium.
771 4127 891 4188 Quidam
904 4134 933 4178 et
985 4141 1044 4178 rum
1066 4126 1130 4177 iter.
1166 4124 1196 4174 ln
1215 4129 1305 4175 tutum
1327 4132 1420 4176 eutem
1441 4122 1475 4173 ab
1492 4133 1597 4171 oceano
1619 4117 1654 4169 nd
1670 4118 1784 4168 Meroen

173 4207 337 4262 gmaeornm
348 4198 457 4260 gentem
469 4193 648 4260 prodiderunt
663 4195 736 4247 iuter
747 4194 878 4261 paludes,
898 4208 933 4248 ex
982 4195 1113 4248 Dcxxv
1125 4193 1163 4244 M.
1175 4208 1305 4259 passuum
1318 4208 1379 4244 esse
1390 4193 1603 4241 interneciones
1615 4186 1675 4237 iere
1687 4200 1784 4237 conre-

133 4265 235 4329 quibus
244 4260 326 4315 Nilus
337 4264 466 4317 oriretur.
985 4265 1040 4315 nit:
1051 4263 1115 4314 inde
1124 4262 1243 4330 Syenen,
1253 4269 1384 4329 quantum
1395 4259 1524 4309 diximus.
1549 4256 1610 4307 Sita
1621 4260 1665 4307 est
1674 4253 1785 4307 Aethio·

166 4333 202 4382 ln
218 4343 271 4380 orn
282 4336 383 4392 numm,
401 4335 446 4385 ubi
459 4334 600 4397 desiimus,
620 4333 741 4385 continui
753 4340 869 4391 montes,
888 4347 932 4384 ar·
985 4334 1033 4399 pia
1043 4332 1077 4383 ab
1089 4331 1197 4384 oriente
1208 4329 1323 4383 hiberno
1334 4328 1370 4380 ad
1380 4326 1551 4378 occidentem
1564 4322 1715 4376 hibernum.
1727 4324 1785 4379 Me·

129 4397 268 4452 dentibus
277 4398 381 4450 similes
392 4403 495 4455 rubent.
527 4401 710 4471 'l'roglodytis
721 4408 750 4454 et
763 4403 854 4454 llubro
865 4404 934 4451 mari
985 4400 1094 4453 ridiano
1106 4400 1217 4452 cardine
1228 4398 1315 4450 silvae
1325 4399 1410 4449 ebeno
1422 4393 1542 4446 niaxime
1551 4394 1654 4447 virent:
1665 4409 1683 4447 a
1693 4394 1785 4447 media

133 4469 262 4521 aMeroe
274 4472 381 4518 tractus
391 4474 476 4526 omnis
486 4471 695 4540 superponitur:
707 4486 724 4521 a
732 4469 934 4537 Napetatridui
986 4470 1046 4523 eius
1057 4476 1135 4534 parte
1145 4468 1289 4521 imminens
1299 4465 1370 4516 meri
1379 4477 1458 4513 usone
1470 4463 1604 4527 excelsus,
1615 4467 1784 4518 aeternienr·

137 4539 239 4590 itinere
250 4535 287 4588 arl
297 4536 418 4591 Rubrum
431 4541 513 4606 litus,
533 4556 604 4610 aqua
615 4539 709 4606 pluria
723 4540 759 4591 ed
771 4554 850 4590 usum
862 4554 934 4591 conr·
986 4540 1034 4592 det
1045 4538 1164 4604 ignibus,
1175 4534 1271 4586 Thetis
1279 4531 1396 4585 ochema
1405 4532 1498 4582 dietus
1506 4532 1634 4585 Graecis:
1645 4549 1725 4601 equo
1738 4552 1786 4587 ne·

136 4606 261 4672 pluribus
274 4606 345 4659 locis
361 4617 500 4673 sumatur,
521 4609 696 4662 fertilissima
713 4609 845 4675 regione,
864 4623 934 4674 quae
985 4608 1094 4676 rigatio
1105 4603 1244 4673 quatridui
1256 4601 1292 4653 ad
1303 4602 1532 4669 promontorium,
1544 4602 1616 4669 quud
1628 4604 1785 4670 liesperiou

137 4676 261 4738 interest,
272 4677 344 4729 nuri.
360 4678 501 4731 Ulteriora
512 4680 631 4741 Atabuli,
641 4677 806 4747 Aethiopum
817 4692 885 4744 gens
897 4684 935 4728 te·
986 4693 1064 4730 ceras
1084 4681 1213 4734 roratur,
1232 4673 1338 4723 mutire
1349 4670 1459 4723 Airieee
1474 4673 1555 4725 iuste
1569 4670 1719 4741 Aethiopus
1731 4674 1785 4725 lle·

138 4754 191 4799 net.
228 4744 339 4798 Deinde
350 4753 451 4800 contra
462 4748 577 4802 Meroen
590 4748 748 4816 Megabari,
770 4762 838 4814 quos
849 4747 936 4813 aliqui
986 4746 1101 4814 sperius.
1114 4741 1268 4808 aurdanu
1279 4740 1453 4794 ineotractu
1464 4742 1589 4795 modicos
1600 4741 1686 4793 colles
1695 4757 1785 4795 anroe-

141 4814 291 4867 Adiabenae
313 4818 506 4879 nominavere,
526 4818 656 4885 oppidum
677 4816 934 4883 habentApollinie.
987 4832 1023 4870 na
1033 4816 1172 4883 opacitate
1189 4811 1307 4864 restitus
1316 4811 1487 4879 Aegipanum
1498 4808 1715 4880 satyrorumque
1725 4825 1788 4879 pru·

141 4882 204 4935 i'nrs
215 4899 310 4935 eorum
324 4884 476 4951 Nomades,
497 4902 567 4954 quae
579 4885 733 4951 elephantis
745 4889 873 4937 rescitur.
894 4886 936 4936 Es
988 4886 1066 4937 dunt.

142 4952 254 5005 aduersu
267 4954 295 5003 iu
307 4954 345 5005 Al
346 4958 420 5008 ricae
431 4963 511 5022 parte
521 4957 665 5007 Macrobii.
702 4956 804 5006 liursun
815 4971 832 5006 a
842 4955 937 5022 Mega·
1023 4951 1149 5006 xxxvl.
1170 4947 1275 5001 lustriae
1287 4958 1349 5002 toto
1361 4964 1394 5001 eo
1405 4950 1474 5001 utari
1486 4958 1515 5002 et
1525 4948 1654 5017 Ephorus
1666 4949 1786 5016 complu·

138 5024 211 5074 beris
222 5024 388 5074 Memnones
398 5033 427 5076 et
441 5024 558 5085 llas-elli,
570 5025 732 5091 dierumque
741 5024 839 5091 uiginti
851 5024 935 5076 inter·
988 5040 1033 5075 res
1044 5037 1103 5075 esse
1114 5019 1241 5087 tradidit,
1261 5028 1290 5073 et
1301 5020 1442 5082 liuderus,
1462 5026 1492 5072 et
1503 5018 1713 5071 Timosthenes:
1735 5019 1787 5068 Cli·

141 5091 211 5143 vallo
222 5092 353 5143 Critensi.
390 5094 471 5145 Ultra
486 5110 534 5146 eos
549 5093 652 5154 Dochi,
675 5093 773 5145 deinde
785 5093 937 5160 Gymnetes
989 5089 1346 5144 tarcbusreroAleuundrn
1362 5089 1423 5156 regi
1440 5084 1788 5139 renuntiatamadeodiri·

138 5175 245 5227 semper
255 5160 333 5213 nudi.
372 5163 438 5214 Mox
449 5163 584 5224 Anderae,
600 5161 746 5224 arachitae,
765 5163 825 5214 Mes
862 5163 937 5223 ebes,
989 5169 1054 5221 tens,
1064 5168 1095 5210 ut
1106 5175 1190 5225 equos
1200 5160 1308 5212 incolae
1319 5158 1434 5211 talentis
1446 5157 1508 5209 euri
1517 5162 1719 5221 permutarent.
1747 5155 1789 5203 Al·

138 5230 308 5297 Hipporeae,
321 5231 377 5282 atri
389 5231 493 5283 coloris
504 5239 562 5284 tota
569 5246 687 5299 corpora
696 5233 807 5283 rubrica
817 5233 937 5284 illinunt.
989 5238 1091 5289 terem,
1111 5230 1161 5280 ubl
1176 5244 1255 5282 sacer
1271 5243 1350 5281 mons
1367 5241 1470 5297 opacus
1486 5225 1558 5276 silve
1569 5239 1698 5297 repertus
1710 5232 1792 5281 esset.

137 5301 172 5352 At
183 5314 217 5352 ex
227 5298 343 5352 Africae
358 5308 438 5367 parte
449 5301 593 5354 Medimni.
625 5300 732 5353 Deinde
743 5300 882 5354 Nomades
893 5316 939 5368 ey·
990 5297 1188 5351 distillantibus
1200 5300 1345 5352 arboribus
1356 5298 1442 5350 odore
1452 5294 1541 5346 mirae
1552 5297 1708 5351 suavitatis.
1724 5292 1793 5337 Con·

137 5366 356 5436 eccephalorum
366 5370 440 5423 lecte
451 5371 588 5434 urentes,
608 5369 704 5433 oraui,
724 5368 872 5437 Syrbotae,
891 5368 939 5436 qui
989 5374 1033 5420 tra
1044 5367 1132 5419 sinum
1145 5367 1283 5420 Persicum
1296 5369 1384 5420 Cerne
1399 5363 1562 5416 nominetur
1576 5354 1795 5419 inanissimus

136 5444 266 5491 euenum
277 5439 436 5492 cubitorum
448 5457 510 5495 esee
521 5441 657 5493 dicuntur.
990 5435 1159 5502 Aethiopiae,
1178 5439 1257 5489 cuius
1267 5451 1354 5502 neque
1364 5428 1537 5488 nascituris,
1556 5442 1655 5492 ¹¹tertre
1664 5419 1793 5475 inimi·

169 5510 354 5563 aristocreon
362 5508 472 5578 Libyae
484 5512 570 5561 latere
581 5509 700 5561 aMeros
711 5506 840 5575 oppidum
849 5505 939 5558 Tolen
991 5506 1048 5557 lum
1062 5507 1247 5559 acontinente
1256 5510 1365 5556 constat
1625 5484 1799 5584 amputemus

135 5574 247 5631 dimum
265 5578 387 5647 quinque
404 5580 504 5634 itinere
514 5578 625 5639 tradit„
645 5577 711 5631 lode
721 5577 829 5629 dierum
839 5574 941 5629 duode·
992 5573 1241 5646 habereproditur·
1276 5567 1353 5625 Epire
1672 5556 1724 5601 ¹³¹⁰
1731 5554 1804 5607 Μ
