4340 6018
262 293 293 352 C.
336 289 488 352 PLlNll
531 287 741 351 secuiibi
784 289 946 351 Neruii
990 290 1175 354 ursiuli.
1219 291 1402 353 iiiivii.
1445 296 1684 361 caesi-tl.
1743 300 1802 358 iol

141 446 302 501 iislicente.
316 444 470 497 Excessere
481 439 536 494 boe
546 442 575 493 in
584 444 683 493 ausim
692 455 763 493 sero
775 456 828 495 nec
838 438 947 493 modice
999 441 1341 512 sctrucidarspotulsset.
1378 444 1496 513 (ipram
1505 443 1710 514 interpretatio,
1725 456 1756 503 et
1765 450 1806 504 in·

140 517 304 578 histriones,
313 512 363 567 sed
374 511 533 565 libertatem
544 524 623 562 suam
633 511 759 563 mercati.
769 512 947 578 Quippecum
999 519 1062 563 turo
1073 518 1199 580 tempore
1210 514 1322 568 inielirl
1338 512 1401 565 Non
1413 515 1538 568 melioris
1549 522 1636 572 sortis
1649 526 1714 572 tunc
1726 519 1805 573 inore

142 590 194 641 iam
205 583 280 652 apud
292 585 412 635 naaiores
421 581 539 634 Roscius
548 579 647 633 histrio
656 582 788 634 sestertia
797 581 948 650 quingenta
998 588 1155 647 pereuntes,
1168 596 1282 648 quorum
1294 585 1460 637 miseremur
1470 585 1560 650 lindie,
1570 587 1747 643 cumSullam
1759 605 1806 643 ne·

141 672 232 711 nunna
241 654 386 707 meritasse
399 651 545 718 prodatur:
559 650 612 703 nisi
624 652 685 718 quis
695 650 723 701 in
734 649 860 703 hocloco
871 649 946 701 desi·
999 664 1044 701 nro
1061 664 1117 700 non
1132 650 1240 703 oderisi
1260 655 1333 718 nge,
1351 670 1407 706 non
1423 655 1514 707 esitus
1526 657 1599 709 ritae
1610 661 1670 711 eius
1681 660 1804 712 omnium

142 729 222 780 derat
229 724 387 776 Armeniaci
398 720 474 783 belli,
486 721 569 789 paulo
581 727 646 772 ante
661 727 777 787 proptor
787 719 947 773 Tiridatem
999 720 1219 786 proscriptorum
1230 720 1329 773 abillo
1340 723 1500 777 calamitate
1511 726 1652 780 crudelior
1661 728 1725 792 luit,
1744 745 1805 783 cro·

159 795 223 856 esti,
234 793 465 860 dispensatorem,
482 804 563 857 quem
575 788 650 841 Nero
661 790 765 842 macies
776 797 806 843 et
817 790 946 857 trigesies
999 790 1134 842 dentosa
1154 790 1215 856 ipso
1236 804 1362 857 corpore,
1385 802 1414 844 et
1434 796 1569 862 supplicia
1582 797 1637 849 sibi
1654 798 1803 880 ffl'gneniel

171 864 348 963 mestertidni
358 859 530 981 ιιιηιὶιιιίιίῑι.
542 858 597 911 Sed
609 854 795 980 hoclpgegiirm
804 859 881 922 belli,
887 874 948 980 pion
999 857 1081 940 §lund
1090 865 1123 980 uti
1134 859 1363 982 (Ιὶωίωὲἰονοήῑᾶ
1374 870 1404 914 et
1415 878 1545 985 ευρτῖιὲιο
1554 867 1663 918 somnio
1674 883 1734 919 erus
1746 872 1804 931 (cni

141 933 946 1071 iiiiiilllti:tliiriiii'sill'lielitiii
998 942 1232 1067 illitati
1252 936 1805 1074 iiii?ilii,illa,iiz¹iilli

141 1072 318 1144 quingenties
329 1076 470 1123 mercante
480 1068 599 1121 [sutorio
608 1066 715 1121 Prisco.
734 1070 823 1130 Quam
835 1067 946 1136 quidem
998 1082 1068 1120 suae
1078 1067 1201 1122 deluisse
1211 1068 1360 1122 confessus
1370 1075 1423 1131 est,
1434 1072 1507 1136 quod
1514 1074 1683 1142 capitolium
1693 1091 1749 1129 nen
1759 1076 1805 1130 ds·

140 1143 273 1200 iniuriam
284 1140 426 1195 lucrifecit
444 1139 507 1203 ille,
526 1146 667 1191 mercatus
686 1140 716 1190 iu
726 1139 803 1191 luctu
813 1137 948 1202 ciuitatis,
1000 1137 1156 1190 dicarisset.

141 1214 269 1284 quonism
280 1226 399 1279 arguere
410 1210 480 1262 nulli
491 1208 619 1262 vacabat.

174 1281 249 1336 xci.
269 1281 401 1334 Gentium
420 1279 529 1330 intuto
551 1280 620 1331 orbe
640 1278 948 1344 praestantissimauna

142 1351 265 1409 omniurn
280 1350 386 1403 virtute
401 1347 477 1400 haud
489 1346 573 1400 dubie
583 1348 836 1401 Romanaesstitit.
872 1347 947 1401 Feli·

142 1427 210 1477 citas
222 1420 268 1473 cui
280 1420 430 1487 praecipua
441 1416 527 1469 ibent
536 1413 652 1482 homini,
664 1422 775 1469 nonest
787 1415 898 1468 bomani
909 1416 949 1467 iu·

142 1493 220 1547 dicii:
244 1506 306 1542 cum
318 1489 533 1558 prosperitatem
542 1487 633 1554 ipsam
651 1487 724 1568 alius
734 1486 791 1539 alio
802 1487 898 1549 modo,
908 1494 948 1567 ’et

142 1555 947 1695 iiliiiiiiliiiiiiitiiliiiidiiiiii

142 1705 221 1756 unns
232 1702 388 1761 decernere,
399 1698 560 1750 mortalium
572 1712 653 1750 nemo
664 1703 708 1750 est
718 1695 797 1749 felix.
832 1695 947 1748 Abunde

142 1773 248 1839 agitur,
266 1777 350 1838 atque
367 1769 548 1836 indulgenter
567 1766 683 1819 loriano
703 1765 806 1818 decidit
826 1780 887 1818 cum
903 1779 948 1829 eo,

142 1845 188 1910 qui
199 1843 260 1895 iure
270 1839 327 1892 dici
349 1854 404 1890 non
414 1838 515 1891 infelix
526 1843 630 1903 potest.
661 1837 771 1904 Quippe
782 1836 881 1889 utalia
892 1850 946 1886 nos

1034 1240 1122 1295 XLV.
1141 1240 1262 1304 Quintus
1273 1240 1407 1295 Meteilus
1418 1240 1446 1294 in
1457 1258 1491 1295 ea
1501 1246 1643 1309 oratione,
1660 1263 1742 1316 quani
1753 1249 1803 1303 bs·

1000 1307 1064 1361 buit
1073 1312 1210 1377 supremis
1222 1310 1351 1363 laudibus
1363 1315 1450 1379 patris
1462 1314 1506 1365 sui
1517 1314 1551 1365 L.
1563 1316 1682 1380 Metelli,
1692 1320 1803 1385 pontili-

1001 1379 1050 1441 cis,
1061 1380 1103 1432 bis
1115 1379 1247 1444 consulis,
1262 1380 1417 1447 dictatoris,
1436 1383 1589 1450 magistris
1610 1387 1709 1451 ultum,
1719 1388 1803 1455 quin·

1001 1446 1144 1501 decimuiri
1155 1450 1231 1517 agris
1243 1448 1352 1515 dandis,
1364 1454 1410 1519 qui
1420 1454 1526 1520 primus
1537 1453 1599 1518 clep
1620 1462 1699 1507 antus
1708 1472 1741 1509 ex
1749 1459 1805 1523 pri·

1000 1517 1162 1572 mo'Punico
1173 1520 1246 1573 bello
1259 1519 1340 1573 duxit
1350 1521 1533 1589 intriumpho,
1543 1524 1805 1592 scriptumreliquit,

1001 1587 1097 1641 decem
1111 1589 1248 1642 maximas
1259 1606 1305 1644 res
1316 1593 1503 1660 optimaeque,
1524 1592 1553 1643 in
1564 1592 1662 1659 quibus
1673 1609 1806 1659 quaeren·

1001 1656 1045 1710 dis
1056 1659 1196 1726 sapientes
1206 1666 1328 1713 aetatem
1340 1662 1493 1729 exigerent,
1515 1676 1721 1715 consummasse
1732 1678 1805 1716 eum.

1000 1726 1131 1783 Voluisse
1141 1728 1214 1781 enim
1228 1731 1386 1797 primarium
1398 1732 1564 1784 bellatorem
1574 1748 1651 1793 esse,
1671 1733 1807 1800 optimum

1001 1806 1150 1861 oratorem,
1171 1796 1357 1851 fortissimum
1375 1800 1587 1867 imperatorem,
1609 1803 1734 1869 euspicio
1755 1818 1807 1855 suo

141 1912 207 1974 'm'
217 1916 304 1972 cem,
323 1923 359 1960 ne
369 1907 508 1960 mmm
518 1905 640 1969 forma,
658 1913 749 1958 metu.
758 1912 817 1957 m:
840 1920 894 1973 quo
906 1920 948 1957 w
1001 1867 1137 1919 maximas
1148 1883 1193 1919 res
1203 1869 1273 1936 geri,
1284 1870 1574 1934 maximohonoreuti,
1584 1873 1808 1940 sumnmsapien.

141 1976 702 2113 :camerinensem
724 1974 948 2112 etiami:
1000 1939 1807 2095 tlibitiliiiiiiiiiiiiiiilt'i

141 2135 201 2172 sum
212 2119 274 2181 hoc,
286 2124 315 2170 et
326 2133 380 2169 non
390 2133 408 2169 a
418 2123 481 2169 sate
491 2114 596 2167 dictum
604 2115 800 2183 quamplurimi
812 2113 947 2166 iudicent!
1001 2075 1761 2214 fficcffiffgl'fffflfflgffitgofffign?“efioffnnllmtss
1772 2098 1808 2192 0¹:

142 2186 410 2249 Vanamortalitas,
431 2183 946 2269 etadcircumqeribeadumaeipsam
1001 2214 1179 2267 fenerem
1233 2234 1247 2267 v
1302 2232 1319 2267 u
1404 2219 1477 2271 hund
1512 2188 1593 2271 ahoe
1634 2168 1749 2275 &unffi
1765 2167 1806 2274 ζα.

140 2253 949 2327 ingeniosa,computatmoroThraesaegentusquaecal·
1182 2231 1231 2283 pes
1250 2232 1300 2269 ³⁰¹¹
1321 2233 1402 2281 ⁰¹²⁸
1480 2235 1495 2274 θ
1594 2236 1685 2273 ”⁰¹⁰
1701 2239 1718 2274 υ
1751 2237 1798 2276 Μ

141 2328 222 2380 culos
244 2327 340 2380 colore
356 2326 514 2387 distinctos,
534 2339 586 2393 pro
607 2325 798 2393 experimento
818 2325 948 2390 cuiusque

140 2396 198 2450 diei
207 2397 237 2448 in
249 2410 347 2449 urnam
358 2396 463 2459 condit,
472 2409 506 2447 ac
515 2409 646 2462 supremo
657 2394 704 2447 die
715 2400 860 2460 separatos
872 2392 950 2443 dinu-

137 2473 251 2531 merat,
270 2472 353 2533 atque
364 2468 406 2517 itu
418 2464 452 2515 do
464 2479 571 2530 quoque
583 2463 752 2529 pronuntiat.
789 2462 864 2523 Quid
876 2461 949 2528 quod

137 2538 198 2589 iste
209 2534 439 2590 calculicandore
450 2532 499 2583 illo
510 2531 639 2582 laudatus
651 2530 722 2591 dies,
734 2529 871 2595 originem
883 2531 950 2581 mali

137 2603 259 2659 habuiti
270 2598 856 2664 Quammultosacceptanfflirereimpeniai
868 2613 949 2664 quam

137 2677 248 2727 multos
260 2671 333 2721 bonu
344 2666 500 2733 perdidere,
511 2674 539 2718 et
552 2666 949 2732 ultimismerseresuppliciis!

134 2745 199 2796 ista
222 2740 354 2793 nimirum
366 2736 449 2797 bona,
469 2736 495 2788 si
510 2738 554 2787 cui
574 2735 648 2787 inter
667 2733 949 2803 illaborsingaudiu

132 2813 206 2865 luit.
229 2808 273 2860 lta
282 2813 324 2858 est
336 2804 471 2871 prolecto,
482 2805 554 2857 alius
565 2805 599 2857 de
609 2805 667 2856 alio
678 2805 782 2856 iudicat
793 2804 862 2868 dies,
873 2811 902 2857 ct
911 2814 950 2857 ta·

135 2896 206 2933 meri
220 2888 367 2943 supremus
389 2874 424 2926 de
446 2876 588 2927 omnibus:
609 2874 729 2940 ideoque
739 2874 824 2925 nullis
836 2875 951 2928 creden-
1037 2871 1130 2922 liuius
1142 2873 1290 2939 quoquest.
1301 2872 1421 2938 Metelli,
1432 2875 1478 2941 qai
1489 2873 1586 2928 iliade
1597 2874 1807 2944 putredinem,

136 2950 208 3002 duni
222 2952 274 2998 est.
288 2942 360 3005 Quid
372 2944 446 3010 quod
458 2944 532 2997 bona
542 2943 624 2995 malis
635 2944 854 3010 parianonsunt,
863 2946 948 2996 etiam
1003 2939 1087 3002 iilius,
1109 2941 1184 2993 inter
1195 2955 1260 3015 rqra
1270 2943 1416 2995 felicitatis
1426 2942 1563 2997 humanae
1574 2947 1703 3014 exempla
1713 2962 1808 3000 nume.

139 3018 203 3085 pari
214 3028 344 3066 numero:
365 3027 418 3065 nec
431 3013 544 3066 laetitia
553 3012 612 3063 ulla
622 3013 735 3064 minimo
749 3026 875 3067 nroeroro
887 3029 949 3081 pon.
1002 3015 1090 3060 ratur.
1101 3009 1172 3061 Nam
1184 3017 1294 3077 praeter
1306 3009 1629 3079 bonoresampiissimos,
1642 3031 1808 3083 cognomen·

139 3085 247 3138 nadal
267 3085 332 3136 ileu
345 3098 417 3135 vana
427 3082 624 3150 etimprudens
635 3081 796 3150 diligential
817 3097 949 3136 nunierus
1002 3093 1055 3145 qut
1071 3079 1279 3143 eMacedoaia,
1301 3096 1318 3132 u
1334 3089 1453 3149 quatuor
1463 3082 1528 3134 liliis
1540 3082 1634 3136 illatus
1645 3098 1732 3152 rogo,
1752 3100 1808 3138 m¹⁰

141 3157 451 3221 dierumcomparatur,
465 3150 793 3220 ubiquaeriturpoadus.
1002 3148 1154 3215 praetorio,
1173 3149 1264 3201 tribus
1275 3151 1481 3214 consularibus,
1503 3152 1610 3205 duobus
1632 3153 1809 3222 triumphali·

1001 2282 1142 2352 Siquidem
1155 2286 1179 2336 is
1190 2286 1323 2339 Metellus
1335 2288 1430 2340 erbam
1450 2289 1604 2342 luminibus
1620 2293 1714 2358 exegit
1730 2308 1808 2345 serie-

1001 2359 1084 2415 ctam,
1096 2356 1205 2407 amissis
1216 2356 1355 2421 incendio,
1367 2372 1427 2409 cunr
1435 2357 1591 2412 Palladium
1603 2370 1713 2426 raperet
1723 2377 1809 2415 exae-

1002 2422 1153 2485 deVestae,
1163 2426 1337 2478 memorabili
1350 2442 1442 2489 causa,
1452 2429 1610 2489 sederentu
1621 2431 1732 2482 inisero.
1744 2433 1806 2494 Quo

1001 2490 1042 2552 iit,
1052 2500 1083 2544 ot
1094 2492 1193 2544 infelix
1204 2496 1314 2561 quidem
1326 2495 1380 2546 diei
1391 2511 1445 2547 non
1453 2496 1562 2559 debeat,
1572 2497 1743 2551 ielixtamen
1751 2513 1806 2550 nou

1002 2561 1098 2626 possit
1134 2563 1247 2614 'l'ribuit
1256 2565 1282 2616 ei
1291 2566 1410 2630 populus
1422 2565 1572 2627 ilunranus,
1583 2567 1657 2632 quod
1669 2580 1808 2632 nunquam

1002 2629 1054 2680 ulli
1063 2628 1112 2681 alii
1124 2632 1159 2694 ab
1170 2632 1281 2684 condito
1295 2646 1373 2693 aeuo,
1391 2639 1431 2695 ut,
1446 2635 1557 2699 quoties
1566 2635 1594 2685 in
1605 2642 1731 2686 senatum
1742 2636 1808 2697 iret,

1003 2713 1084 2748 curru
1093 2696 1241 2751 veheretur
1251 2701 1287 2752 ad
1298 2702 1421 2754 Curiam.
1432 2701 1568 2769 Magnum
1580 2708 1609 2754 et
1618 2703 1747 2767 sublime,
1759 2705 1808 2759 sed

1003 2782 1054 2835 pro
1065 2767 1154 2819 oculis
1165 2768 1272 2823 datum.

177 3224 266 3277 iiiii.
285 3225 346 3276 Una
356 3223 521 3275 feminarum
536 3225 564 3274 in
575 3222 650 3274 omni
662 3236 733 3274 aevo
745 3221 883 3290 Lampido
895 3223 949 3276 La·

144 3293 327 3348 cedaemonin
338 3295 490 3359 reperitur,
510 3308 581 3360 quae
595 3291 670 3357 regis
686 3291 760 3353 lilia,
783 3293 858 3361 regis
869 3306 948 3355 usslr,

142 3363 217 3431 regis
227 3361 418 3416 materfuerit
457 3362 516 3413 Una
526 3361 669 3423 Berenice,
690 3375 760 3428 quae
771 3361 838 3424 illio,
858 3377 950 3426 soror,

143 3441 235 3486 mater
246 3431 514 3498 Olympionicarum.
550 3429 727 3481 Unafamilia
739 3431 902 3493 Curimmm,
923 3433 950 3482 in

145 3516 198 3571 qua
209 3510 266 3555 tres
277 3500 407 3554 continua
418 3503 491 3553 serie
501 3506 627 3552 oratores
639 3502 818 3552 exstiterunt.
834 3502 951 3553 linaFa-

145 3571 269 3634 biorum,
289 3572 318 3621 in
329 3586 384 3637 qua
404 3577 463 3623 tres
478 3569 604 3621 continui
617 3570 757 3635 principes
768 3576 891 3634 senatus,
911 3571 950 3622 Μ.

146 3640 247 3693 Fabius
257 3640 417 3701 Ambustus,
429 3638 533 3693 Fabius
543 3638 691 3691 Rullianus
702 3639 788 3703 lilius,
803 3639 836 3701 Q.
848 3639 950 3691 Fabius

146 3708 253 3778 Gurges
263 3724 354 3775 nepos
564 3770 568 3785 ,

178 3777 279 3832 XLlll.
299 3781 399 3831 Cetera
405 3779 530 3846 exempla
539 3777 669 3832 fortunae
680 3779 816 3831 rariaatis
827 3778 951 3831 innume·

1002 3218 1063 3279 bus,
1081 3233 1137 3270 uno
1148 3220 1288 3270 censorio:
1310 3234 1381 3286 quae
1391 3222 1499 3289 singula
1514 3236 1625 3290 quoque
1635 3227 1729 3290 paucis
1742 3241 1806 3277 eon·

1002 3290 1104 3354 tigero:
1117 3289 1146 3338 in
1158 3289 1219 3354 ipso
1232 3295 1324 3341 tannen
1335 3287 1404 3341 flore
1415 3290 1585 3359 dignationis
1595 3307 1662 3344 sose
1674 3293 1709 3343 ab
1721 3294 1750 3344 C.
1762 3296 1808 3345 lt·

1002 3359 1071 3408 tinio
1081 3356 1221 3421 Labeone,
1232 3359 1277 3409 cui
1289 3372 1443 3426 cognomen
1453 3359 1508 3411 luit
1518 3359 1681 3422 Macerioni,
1694 3363 1807 3415 tribuno

1002 3426 1105 3493 plebis,
1127 3442 1239 3494 quesne
1257 3435 1356 3480 senatu
1369 3444 1468 3482 censor
1479 3430 1615 3495 eiecerat,
1635 3438 1807 3484 revertente
1863 3461 1866 3469 ·

1003 3498 1106 3561 Campo
1119 3496 1273 3549 meridiane
1283 3503 1418 3564 tempore,
1440 3512 1528 3550 vacuo
1540 3498 1603 3550 loro
1614 3505 1643 3552 et
1653 3500 1809 3567 Capitolio,

1002 3564 1037 3616 ad
1048 3565 1199 3631 'i'arpeium
1210 3573 1316 3633 raptus,
1339 3574 1371 3617 ut
1382 3569 1624 3635 praecipitaretur,
1640 3570 1808 3623 convolante

1002 3633 1111 3700 quidem
1123 3642 1179 3686 tam
1192 3650 1340 3688 numerosa
1349 3636 1400 3689 illa
1409 3635 1532 3701 cohorte,
1545 3653 1615 3705 quae
1626 3645 1732 3707 patrem
1745 3656 1807 3691 curn

1001 3703 1177 3769 appellabat,
1199 3704 1249 3758 sed
1263 3705 1308 3768 (ut
1325 3722 1438 3759 necesse
1450 3706 1551 3758 eratin
1563 3708 1671 3773 subito)
1687 3709 1769 3762 tarde
1780 3717 1809 3762 et

1002 3780 1135 3839 tanquam
1147 3775 1173 3826 in
1184 3776 1346 3843 exsequias,
1368 3791 1429 3828 eum
1445 3776 1594 3829 resistendi
1610 3792 1808 3845 sacroquesan-

145 3864 177 3901 rs
185 3855 260 3901 sunt
276 3849 386 3900 Etenim
397 3864 468 3915 quae
479 3847 547 3901 iecit
556 3850 776 3918 magnagaudia,
785 3849 837 3900 nisi
848 3864 883 3901 ex
894 3862 951 3900 nra-

145 3917 197 3970 iias
217 3924 268 3970 aut
278 3932 348 3984 quae
359 3919 432 3968 mala
442 3919 586 3980 inintensa,
607 3918 660 3971 nisi
672 3934 707 3970 ex
717 3918 876 3985 ingentibus
885 3932 951 3985 gau·

146 3987 216 4041 diisl
227 3987 355 4040 Servavit
368 3990 553 4054 proscriptum
566 3987 672 4043 aSulla
683 3989 721 4038 M.
733 3987 888 4039 Fidustium
900 3987 951 4039 Se·

146 4065 280 4117 satorem,
291 4056 372 4107 annis
384 4056 511 4119 xxxiii,
523 4058 573 4109 sed
582 4058 683 4109 iterum
695 4057 875 4123 proscriptus.
899 4056 950 4109 Su.

146 4134 253 4195 perstes
265 4124 360 4179 Sullae
372 4127 453 4187 vixit,
463 4127 815 4194 sedusqueadllntonium:
827 4134 951 4178 constat·

1001 3849 1075 3893 ctum
1087 3845 1241 3911 repellendi
1251 3847 1297 3896 ius
1307 3860 1363 3897 non
1373 3853 1456 3909 esset,
1477 3847 1591 3899 virtutis
1601 3862 1669 3900 suae
1683 3863 1768 3915 opera
1779 3855 1808 3901 et

1003 3926 1137 3965 censurae
1149 3915 1299 3982 periturus,
1320 3916 1536 3985 segretribuno,
1551 3917 1600 3983 qui
1610 3918 1809 3980 intercederet,

1002 3988 1123 4048 reperto,
1135 3999 1153 4035 a
1163 3985 1257 4038 limine
1268 3986 1329 4054 ipso
1341 3987 1439 4039 mortis
1451 3993 1607 4049 mactatus,
1618 3986 1712 4038 alieno
1723 3987 1807 4039 bene·

1003 4052 1064 4102 licio
1076 4061 1173 4118 postea
1182 4055 1263 4117 risit,
1285 4056 1365 4108 bonis
1375 4056 1442 4109 inde
1452 4057 1536 4109 etiam
1550 4054 1719 4107 consecratis
1733 4069 1750 4104 a
1760 4054 1807 4105 da-

1003 4128 1098 4172 mnato
1108 4138 1168 4187 suo,
1182 4132 1314 4192 tanquam
1327 4140 1423 4193 parum
1435 4133 1522 4178 esset:
1543 4124 1666 4176 iaucmm
1679 4129 1754 4175 certe
1765 4124 1808 4174 in·

147 4212 200 4263 que
213 4194 293 4246 nulla
302 4196 358 4246 elia
368 4195 403 4246 de
412 4211 497 4248 eausa
507 4199 541 4248 ab
549 4213 582 4248 eo
590 4197 782 4264 proscriptum,
792 4210 875 4263 quam
887 4198 952 4263 quia
1002 4196 1148 4255 tertarum,
1164 4194 1343 4262 expressique
1356 4210 1406 4262 per
1417 4210 1496 4247 aures
1507 4192 1652 4260 sanguinis
1663 4206 1754 4258 poena
1763 4207 1809 4245 ex·

143 4264 254 4331 peones-i
276 4270 320 4313 tos
333 4263 439 4316 inirem.
1003 4268 1126 4314 actaest.
1162 4264 1299 4330 Equidem
1322 4269 1351 4315 et
1365 4262 1491 4315 Africani
1513 4260 1808 4328 sequentisinimieum

181 4278 284 4384 xiiii.
302 4331 484 4403 'Friumpbare
502 4334 532 4386 P.
544 4332 707 4386 Ventidium
727 4333 762 4386 de
778 4332 889 4386 Parthia
901 4348 950 4385 vo.
1002 4326 1103 4391 luisse,
1123 4332 1199 4383 inter
1210 4332 1385 4385 calamitates
1396 4331 1537 4393 duxerim,
1558 4332 1621 4399 ipso
1631 4338 1706 4384 teste
1717 4331 1809 4386 Mace·

143 4403 198 4454 luit
208 4399 323 4468 quidem
333 4402 435 4465 stillim,
457 4404 507 4456 aed
521 4403 638 4456 eundem
649 4405 678 4454 in
690 4401 830 4470 triumpho
841 4403 951 4455 Ancillu-
1002 4396 1109 4449 donico.
1126 4400 1269 4467 Siquidem
1281 4402 1377 4452 liberis
1389 4401 1523 4454 dirit:lte
1536 4400 1809 4463 filii,telebi'ai0e1·

146 4487 179 4523 no
190 4474 238 4524 Cn.
252 4469 377 4539 Pompeii
389 4472 534 4525 Strabonis
550 4473 632 4525 duait
644 4487 772 4539 puerum:
795 4487 950 4540 quanquam
1002 4466 1123 4533 sequias,
1142 4484 1282 4536 nunquam
1293 4469 1362 4520 ciris
1373 4469 1487 4522 maioris
1498 4469 1581 4521 funus
1591 4471 1734 4523 ridebitis.
1770 4473 1809 4524 Et

145 4541 285 4592 Masurius
295 4549 395 4594 auctor
406 4552 449 4596 est
458 4544 540 4595 bisin
550 4541 693 4610 triumpho
706 4543 833 4594 ductum:
846 4543 952 4604 Cicero,
1003 4535 1055 4587 boe
1066 4535 1177 4590 dicebat
1188 4540 1244 4590 iarn
1255 4538 1419 4603 Balearicis,
1441 4544 1469 4591 et
1479 4538 1665 4605 Diadematis‚
1682 4542 1737 4593 iam
1748 4540 1810 4595 Ma·

146 4610 294 4663 mulionem
308 4610 765 4664 mtmfiuuffamqumfuimg
781 4611 952 4678 plui-imma.
1003 4605 1230 4675 coloniamque.
1267 4607 1369 4660 Verum
1381 4614 1412 4659 ut
1428 4607 1480 4659 illa
1494 4611 1556 4663 sola
1566 4610 1668 4663 iniuria
1680 4611 1809 4664 aestime-

147 4687 253 4731 sentam
266 4681 378 4747 inopem
389 4686 417 4735 in
428 4683 520 4751 caliga
530 4681 649 4734 militari
664 4682 809 4734 tolerasse.
845 4680 911 4732 Fuit
923 4687 952 4733 et
1003 4684 1061 4738 tur,
1083 4678 1143 4742 quis
1154 4675 1227 4730 bunc
1238 4678 1298 4730 iure
1309 4678 1418 4731 felicem
1431 4676 1547 4742 dixerit,
1568 4682 1760 4747 periclitatum
1772 4678 1809 4743 ad

147 4747 249 4801 Balbus
261 4751 408 4805 cornelius
420 4753 511 4804 maior
521 4753 627 4814 consul,
637 4750 687 4803 sed
697 4758 855 4813 accusatus,
867 4756 952 4818 atque
987 4745 1145 4800 »libidinem
1155 4748 1266 4811 inimici,
1279 4763 1330 4800 nee
1340 4746 1461 4801 Africani
1471 4748 1581 4811 sutem,
1598 4750 1710 4819 Pelliti
1731 4752 1810 4814 Qti0³

148 4816 251 4873 delore
262 4820 407 4888 virgarum
420 4823 451 4874 in
462 4837 534 4884 eum,
550 4822 672 4873 iudicum
684 4822 713 4872 in
723 4821 871 4873 consilinm
884 4824 951 4873 mis·
1004 4814 1098 4867 hostes
1108 4817 1210 4870 vicis'se
1219 4820 1290 4870 tanti
1306 4817 1377 4869 initi
1398 4825 1449 4872 aot
1458 4835 1529 4888 quos
1547 4836 1603 4873 non
1615 4820 1736 4873 bonores
1748 4835 1810 4872 cur·

147 4904 203 4939 sos:
214 4891 319 4956 primus
329 4899 520 4956 externorum,
533 4899 617 4958 atque
627 4891 712 4944 etism
722 4892 750 4942 in
760 4906 866 4944 oceano
875 4892 952 4960 geni·
1004 4900 1106 4953 rusque
1121 4887 1172 4939 ille
1186 4902 1236 4939 sua
1250 4888 1387 4941 violentia
1400 4888 1512 4942 fortuna
1523 4891 1671 4957 retroegit,
1691 4904 1741 4958 per
1750 4904 1808 4942 me·

146 4964 238 5010 terum
249 4975 317 5012 usus
328 4961 379 5013 illo
391 4961 506 5025 honore,
524 4977 604 5028 quem
616 4961 736 5014 maiores
748 4962 832 5013 Latio
842 4975 953 5029 quoque
1004 4956 1077 5007 diam
1089 4956 1190 5009 Urbem
1207 4972 1323 5011 censore
1335 4965 1445 5023 tracto,
1467 4962 1579 5023 (etenim
1596 4960 1660 5012 sola
1669 4959 1739 5013 haee
1748 4974 1807 5011 mo·

147 5038 327 5096 ugmmug
361 5031 416 5083 E„
425 5034 454 5083 ,q
464 5031 497 5083 1„
510 5032 625 5083 Fumi„
642 5032 716 5083 qne„
728 5032 849 5100 qnqqgnq,
858 5046 951 5083 mm.
1005 5024 1396 5092 1·andiratioiuerat:)tracto
1408 5028 1436 5079 in
1444 5028 1614 5097 Capitolium
1627 5029 1708 5093 illud,
1720 5032 1748 5080 in
1756 5041 1810 5096 quo

146 5097 205 5217 pla,
223 5100 450 5153 Tusculanorum
461 5101 656 5155 rebellantium
668 5102 779 5153 consul:
799 5100 953 5168 eodemque
1004 5094 1179 5163 triumphans
1189 5097 1251 5163 ipse
1264 5097 1298 5149 de
1309 5113 1405 5182 eorum
1423 5099 1547 5160 exiliit,
1568 5114 1602 5149 ΠΕ
1614 5100 1742 5183 bilbilim
1755 5098 1811 5166 qui·

166 5180 260 5231 onore,
271 5185 336 5221 cum
347 5172 506 5235 transisset,
517 5180 667 5223 exornatus
679 5169 827 5223 confestim
839 5187 855 5222 a
867 5185 953 5238 popu·
1005 5164 1067 5215 dem
1080 5166 1121 5216 sic
1132 5167 1273 5219 traxerati
1293 5168 1387 5219 Marus
1397 5164 1451 5220 hoc
1460 5168 1552 5220 scelus
1562 5165 1703 5222 felicitate
1715 5180 1811 5222 conse·

144 5235 175 5286 io
186 5236 326 5291 Romanor
337 5243 384 5307 qui
395 5242 473 5293 solus
484 5241 581 5294 eodem
593 5254 674 5303 anno,
686 5255 740 5308 quo
752 5240 844 5293 iuerat
855 5238 954 5303 bostis,
1005 5242 1069 5285 cuta
1088 5234 1191 5286 iactum
1210 5242 1267 5300 est,
1287 5235 1451 5304 periclitato
1464 5236 1649 5291 Macedonico
1666 5239 1711 5290 vel
1728 5234 1810 5287 lunns

145 5305 251 5360 Mensae
262 5307 445 5377 triumphauit
458 5326 492 5362 ex
502 5311 547 5373 iis,
558 5325 674 5379 quorum
687 5311 783 5362 consui
792 5310 894 5365 luerat.
1004 5309 1111 5354 tanturn
1124 5318 1157 5355 ac
1167 5306 1226 5359 tale
1257 5307 1365 5371 erdere,
1384 5309 1411 5358 in
1422 5321 1477 5375 quo
1489 5305 1731 5376 atriumphalibus
1741 5301 1812 5355 llbe-

180 5374 257 5429 Unus
268 5376 413 5432 bominum
430 5381 466 5432 ad
477 5379 530 5433 boc
541 5381 603 5434 aeri
613 5380 716 5435 Felicis
732 5380 788 5433 sibi
798 5393 952 5448 cognomen
1005 5373 1043 5455 fi?
1064 5380 1223 5441 portaretur
1237 5321 1271 5427 qn
1299 5392 1411 5445 rogum,
1442 5377 1519 5430 uelut
1539 5378 1679 5493 exsequiis
1699 5386 1811 5439 quoque

141 5448 265 5498 asseruit
275 5448 310 5501 L.
320 5448 410 5513 Sulla,
430 5450 506 5501 cirili
527 5466 627 5519 nempe
647 5452 781 5519 sanguine
801 5450 954 5517 acpatriss
1004 5442 1615 5514 triumphansliullaestproiectosolidale
1628 5441 1717 5504 icitas,
1746 5454 1811 5492 uam

141 5517 542 5587 oppugnationsndoptatum.
561 5522 599 5572 iit
626 5517 953 5574 nibuslelicltatisindu·
1006 5516 1174 5569 contumelia
1188 5516 1250 5568 ulla
1260 5516 1337 5568 vitae
1352 5517 1471 5584 rumpit,
1490 5515 1590 5566 nedum
1602 5514 1692 5562 tanta.
1727 5455 1812 5573 Quod

140 5592 205 5706 αις
215 5588 408 5711 ιτςιιιῗῖιιιίιῑ
415 5589 497 5712 ἓᾳοᾶ
509 5536 952 5656 eminentissimarum
1005 5592 1142 5652 superest,
1152 5584 1486 5705 nssdomorumigtlorine,
1497 5598 1532 5634 an
1544 5575 1747 5648 indignationis
1759 5578 1809 5632 dn*

208 5671 280 5710 ers.
336 5673 397 5713 iss.
448 5670 549 5712 irua.
