4340 6018
369 327 431 387 ιιι
527 300 1178 378 c.rn1urraecuun1narn1t
1210 300 1397 365 ursona
1432 301 1515 363 ιιι.
1543 300 1589 362 x.
1622 300 1857 363 caesam.
1905 260 1908 271 ’

367 476 448 542 punt,
469 469 527 523 alia
546 460 694 518 latitudine
703 463 798 520 ruunt,
818 457 875 509 alia
885 454 1010 508 acumine
1020 457 1164 516 oscaram,

369 542 427 595 alia
437 541 547 607 sugunt,
558 534 615 588 elia
625 531 759 588 lambunt,
769 526 893 587 sorbent,
904 521 1045 585 mandunt,
1055 528 1164 574 rorant.

369 610 427 663 Nec
437 611 528 660 urinas
540 604 659 656 varietus
669 600 697 648 in
707 595 807 661 pedum
823 593 984 654 ministerio,
1007 598 1038 643 ιιι
1047 593 1165 658 rapiant,

368 676 533 735 distrahent,
543 674 663 730 teneant,
670 671 805 733 premant,
811 663 957 731 pendeant,
963 661 1094 714 tellurem
1105 675 1164 713 sca·

368 748 434 798 berc
445 761 498 797 non
510 743 627 793 cessent.
710 774 718 789 .

403 812 483 866 Xcll.
503 806 625 863 Vcneuis
636 818 753 871 capreae
764 808 792 855 et
803 799 959 853 coturnices
978 802 1022 861 (ut
1032 795 1164 861 diximus)

367 883 568 952 pinguescunt,
609 872 780 925 lucidissima
800 869 949 921 animalia:
971 873 1001 920 st
1020 873 1163 947 serpentes

366 950 436 1011 ovis,
446 890 717 1014 spectanddpquidem
730 940 882 992 draconum
891 947 966 991 arte:
979 942 1109 989 sutemm
1119 950 1165 988 so·

364 1016 424 1071 lida
435 1016 576 1075 hauriunt,
587 1012 611 1065 si
624 1013 679 1062 iam
691 1009 787 1061 lauces
797 1009 920 1075 capiunt,
943 1020 1013 1074 quae
1023 1005 1123 1059 deinde
1135 1006 1163 1057 in

364 1093 453 1139 semet
464 1081 605 1137 convoluti
616 1081 750 1146 frangunt
769 1077 854 1139 intus,
874 1084 957 1143 atque
968 1076 1010 1126 ita
1020 1074 1164 1142 putamina

365 1155 534 1208 extussiunt:
557 1158 607 1203 aut
626 1150 651 1201 si
666 1147 789 1200 tenerior
808 1153 852 1199 est
862 1145 963 1198 catulis
974 1142 1065 1196 adbuc
1075 1150 1164 1206 setas,

365 1223 431 1277 orbe
443 1217 727 1291 apprehensaspirac,
747 1215 790 1268 ita
805 1215 908 1268 sessim
929 1212 1164 1280 vehementerque

365 1294 585 1361 praestringunt,
605 1293 637 1337 ut
657 1291 802 1351 amputata
814 1292 903 1353 parte,
926 1284 1078 1347 cculerro,
1098 1283 1163 1336 reli·

365 1377 446 1430 quam
458 1375 528 1428 qnae
539 1355 668 1423 amplexu
680 1360 791 1406 tenetur
802 1354 943 1408 sorbeant.
972 1353 1062 1406 Simili
1079 1352 1162 1404 modo

363 1431 461 1482 avibus
473 1427 613 1480 devoratis
631 1422 739 1486 solidis,
760 1426 941 1478 contentione
951 1423 1072 1490 plemam
1087 1423 1162 1476 exci-

364 1506 421 1551 tam
433 1501 585 1548 resoluunt.

398 1565 494 1619 xcrh.
512 1562 679 1629 scorpiones
690 1567 766 1614 terra
787 1561 892 1614 vivunt.
921 1559 1080 1627 Serpentes,
1100 1573 1161 1610 cunr

364 1633 474 1687 occasio
486 1638 539 1695 est,
555 1634 649 1683 vinum
664 1633 812 1698 praecipue
822 1635 966 1698 appetent,
984 1644 1046 1681 cum
1057 1628 1162 1694 alioqui

363 1704 464 1768 exiguo
474 1701 700 1769 indigeantpotu.
712 1699 834 1753 Eaedem
845 1700 960 1750 minimo
971 1705 999 1752 et
1010 1696 1164 1765 paenenul·

362 1773 391 1825 lu
403 1771 474 1833 cibo,
484 1784 545 1821 ouer
557 1775 736 1821 asservantur
747 1768 885 1820 inclusae:
896 1767 982 1819 sicuti
992 1766 1085 1818 aranei
1097 1780 1164 1831 quo·

382 1856 425 1902 ue,
436 1838 540 1905 alioqui
551 1844 633 1889 suctu
644 1834 778 1887 virentes.
806 1836 927 1903 ldeoque
947 1834 1054 1887 nullum
1065 1834 1163 1887 interit

375 1923 436 1961 ame
447 1914 495 1958 sut
506 1907 554 1958 sitl
566 1910 742 1959 venenatum.
778 1903 849 1957 Nam
861 1920 950 1984 neque
962 1904 1039 1956 calor
1050 1903 1102 1965 bis,
1114 1919 1162 1954 ne·

362 1976 550 2045 quesanguis,
573 1972 769 2040 nequesudor,
788 1971 1031 2039 quaeasrditatcm
1043 1970 1163 2024 naturali

362 2046 421 2100 sale
432 2050 543 2111 augent.
560 2041 591 2094 ln
603 2056 658 2108 quo
668 2055 772 2108 genere
783 2041 879 2093 omnia
889 2041 977 2107 magis
988 2036 1126 2100 exitialia,
1137 2037 1162 2089 si

362 2130 441 2168 suum
464 2128 550 2180 genus
565 2112 657 2172 edere,
678 2115 826 2176 antequam
847 2115 975 2162 noceant.
1013 2106 1115 2160 Condit
1133 2106 1163 2157 in

362 2182 508 2237 thesauros
518 2179 694 2232 maxillarum
706 2178 796 2231 elbum
809 2178 1000 2246 sphingiorum
1012 2182 1042 2229 et
1052 2181 1162 2243 satyro·

361 2268 422 2304 rum
433 2267 538 2320 genus:
561 2263 626 2301 mox
636 2248 700 2300 iude
710 2250 811 2301 sensim
823 2247 858 2299 ad
880 2245 1064 2299 mandendum
1075 2244 1162 2295 meni·

360 2323 413 2375 hus
432 2318 584 2387 expromit:
605 2324 635 2369 et
655 2318 732 2384 quod
752 2316 878 2368 lermieis
894 2317 923 2369 iu
936 2330 1035 2367 annum
1047 2314 1161 2366 solenne

362 2396 413 2451 est,
425 2389 506 2441 bisin
519 2387 579 2439 dies
592 2386 638 2438 vel
655 2383 747 2437 horas.
784 2385 872 2438 Unum
883 2384 986 2437 animal
997 2384 1100 2451 digitos
1112 2381 1160 2434 hn-

360 2459 484 2511 bentium
495 2455 582 2508 herba
592 2455 687 2517 alitur,
699 2453 793 2521 lepus3
814 2454 862 2507 sed
874 2462 903 2507 et
914 2454 1012 2519 fruges
1031 2451 1163 2517 solidipe-

360 2527 419 2588 des,
429 2532 459 2578 et
469 2541 485 2578 e
495 2524 611 2578 bisulcis
621 2537 685 2576 sues
696 2523 770 2574 omni
781 2523 874 2576 cibatu
885 2531 915 2575 et
922 2523 1071 2575 radicibus.
1092 2520 1161 2574 Soli-

360 2594 492 2661 dipedum
512 2593 649 2645 volutatio
671 2592 796 2660 propria.
837 2592 1013 2645 §erratorum
1036 2590 1161 2641 dentium

268 2658 272 2663 ¹
360 2666 505 2717 carnivora
514 2668 580 2714 sunt
591 2662 695 2715 omnia.
733 2662 794 2713 Ursi
806 2669 835 2714 et
844 2660 935 2731 fruge,
947 2660 1056 2722 fronde,
1067 2657 1161 2710 vinde·

359 2733 424 2795 mia,
440 2733 530 2799 pomis
541 2732 647 2794 vivunt,
658 2738 688 2784 et
698 2731 806 2797 apibus,
826 2733 934 2784 curreris
948 2731 1044 2793 etium,
1057 2743 1090 2779 ac
1101 2727 1159 2779 for-

359 2804 447 2853 micis.
465 2801 547 2869 Lupi,
557 2806 588 2851 ut
600 2801 729 2863 diximus,
739 2808 854 2854 etterra
864 2800 892 2852 in
902 2801 983 2854 lame.
1013 2798 1101 2852 Pecus
1112 2812 1160 2864 po·

359 2877 390 2922 tu
400 2871 570 2939 pinguescit:
590 2869 656 2921 ideo
681 2870 723 2920 sal
742 2869 798 2921 illis
809 2870 983 2935 aptissimuss
1003 2871 1159 2921 ltemrete·

358 2940 438 3000 rino,
460 2952 614 3007 quanquam
635 2943 664 2989 et
684 2935 766 3004 leuge
786 2944 815 2991 ct
831 2938 929 2990 herba:
949 2936 1000 2989 sed
1012 2936 1159 2997 uthibere,

359 3008 400 3060 sic
409 3006 502 3060 edunt
528 3006 677 3058 Ruminunt
689 3007 867 3070 praeterirem
884 3006 967 3067 dicta,
988 3005 1157 3057 silvestrium

359 3076 443 3136 cervi,
464 3089 525 3125 cum
547 3089 565 3124 a
582 3072 661 3123 nohis
682 3074 810 3124 aluntur:
831 3075 926 3123 omnia
936 3079 1028 3124 autem
1040 3072 1158 3123 iacentia

359 3141 454 3211 potius
475 3156 556 3209 quam
573 3140 686 3202 stantia,
707 3147 735 3192 ct
747 3139 836 3192 hieme
848 3141 937 3206 magis
947 3154 1028 3206 quam
1041 3146 1156 3198 aestate,

359 3211 481 3277 septenis
492 3208 551 3260 lere
563 3207 711 3260 mensibus.
732 3208 838 3259 l‘outici
850 3222 956 3275 quoque
967 3219 1060 3260 eiures
1070 3206 1156 3258 simili

359 3278 443 3331 modo
455 3276 629 3332 renuendum.

395 3348 490 3401 xciii.
510 3347 540 3398 ln
553 3352 620 3413 potu
631 3352 732 3407 autem,
748 3346 848 3413 quibus
858 3345 959 3398 serrati
970 3343 1076 3409 dentes,
1088 3345 1157 3397 lam·

359 3420 440 3470 hunt:
462 3423 491 3469 et
503 3431 595 3467 mures
606 3413 635 3466 hi
645 3416 784 3483 vulgares,
807 3415 931 3481 quamvis
942 3431 977 3469 ex
988 3415 1044 3466 alio
1054 3430 1156 3484 genere

359 3487 422 3537 sint.
459 3485 566 3548 Quibus
577 3484 701 3535 continui
715 3485 820 3545 dentes,
831 3484 961 3536 sorbent:
982 3490 1013 3535 ut
1026 3485 1098 3551 equi,
1108 3486 1156 3538 bo·

267 3584 275 3589 -
360 3570 414 3606 res.
435 3551 569 3604 Neutrum
582 3552 703 3611 ursi‚sed
714 3566 813 3619 aquom
824 3568 932 3619 quoque
942 3568 1035 3605 morsu
1046 3562 1154 3606 rorant.

359 3622 389 3671 ln
403 3619 494 3670 Africa
503 3621 594 3671 maior
604 3633 668 3686 pars
678 3619 800 3672 ferarum
812 3629 920 3675 aestme
931 3638 984 3675 non
998 3622 1104 3685 bibunt,
1115 3625 1156 3676 in·

358 3690 423 3754 epla
433 3688 574 3739 imbrium:
592 3702 672 3754 quam
684 3690 719 3741 ob
731 3705 842 3743 causam
853 3693 931 3759 copti
941 3707 1033 3744 mures
1045 3693 1155 3761 libyci,

358 3758 382 3808 si
401 3755 509 3818 bibere,
529 3756 693 3809 moriuntur.
735 3760 857 3829 Orygom
877 3768 1010 3829 perpetuo
1029 3762 1156 3815 sitientia

357 3822 470 3876 Africae
489 3834 631 3892 generant,
653 3833 681 3879 et
693 3834 792 3880 natura
811 3829 945 3897 locipotu
957 3837 1105 3892 carentem,
1126 3839 1154 3883 et

357 3892 479 3945 mirabili
491 3896 574 3948 modo
584 3895 620 3947 ad
630 3897 753 3949 remedia
763 3898 926 3951 sitientium.
949 3899 1074 3967 Namque
1085 3899 1155 3953 Gae-

357 3964 412 4015 tuli
431 3963 554 4015 latrones
568 3980 601 4017 eo
615 3964 715 4018 durant
735 3967 850 4031 auxilio,
870 3970 987 4037 repertis
998 3970 1153 4035 incorpore

283 4057 292 4075 ο
358 4047 453 4085 eorum
471 4033 645 4086 saluberrimi
668 4035 784 4102 liquoris
795 4038 904 4089 vesicis.
934 4037 1098 4089 lnsiduntin
1111 4054 1154 4091 ea·

358 4100 419 4153 dem
431 4101 524 4155 birico
541 4103 622 4170 pardi
632 4104 771 4159 condensa
780 4107 888 4169 arbore,
908 4107 1095 4174 occultntique
1107 4123 1153 4160 ea·

358 4182 419 4224 rure
429 4173 526 4237 ramis,
541 4174 569 4225 ln
581 4176 790 4242 praetereuntis
800 4174 941 4239 desiliunt,
959 4183 1043 4244 atque
1054 4192 1069 4228 e
1079 4176 1155 4229 rolu-

357 4256 433 4293 erum
455 4242 521 4293 sede
539 4250 713 4312 grassantur.
748 4243 831 4297 Feles
846 4244 956 4313 quidem
968 4260 1022 4313 quo
1033 4246 1155 4308 silentio,

356 4325 437 4376 quam
448 4311 555 4363 levibus
565 4313 693 4382 vestigiis
705 4313 842 4380 obrepunt
852 4312 960 4367 nvibus!
971 4330 1052 4381 quam
1065 4314 1153 4367 occul·

355 4386 385 4429 te
396 4380 555 4444 speculatae
565 4382 591 4433 in
604 4382 744 4435 musculos
755 4384 900 4435 exsiliunt!
912 4384 1095 4436 Excrementa
1103 4399 1154 4436 sun

356 4443 459 4498 effossa
469 4449 588 4501 obruunt
599 4457 684 4515 terra,
695 4450 886 4521 intelligentes
898 4452 1012 4507 odorem
1023 4453 1103 4505 illum
1115 4454 1153 4505 in·

355 4512 578 4569 dicemsniesse.

389 4579 567 4663 XCV3Ergo
587 4592 616 4637 et
637 4587 709 4638 alios
720 4589 853 4657 quosdam
865 4605 964 4643 sensus
976 4606 1051 4653 esse,
1071 4607 1152 4658 quam

354 4662 438 4715 supra
458 4649 556 4714 dictos,
577 4650 650 4704 haud
662 4655 811 4710 difficulter
831 4668 955 4728 apparet.
991 4659 1062 4713 Sunt
1081 4661 1152 4713 enim

355 4716 489 4789 quaedam
509 4718 553 4770 his
573 4721 648 4772 bella
663 4723 865 4793 amicitiaeque,
887 4729 958 4782 unde
978 4736 1006 4781 et
1026 4728 1152 4791 affectus,

355 4793 468 4903 praeter
479 4787 529 4868 illa
536 4803 610 4870 quae
621 4789 655 4840 de
666 4791 820 4860 quibusque
841 4811 935 4849 eorum
958 4797 1015 4849 suis
1032 4798 1152 4850 diximus

367 4868 433 4905 ocrs.
469 4855 614 4909 Dissident
628 4857 721 4909 olores
737 4868 766 4912 et
781 4864 905 4928 aquilae:
927 4881 1024 4917 corvus
1036 4874 1063 4917 et
1076 4864 1151 4918 chlo·

355 4936 429 4983 reus,
450 4933 532 4977 noctu
552 4927 670 4978 invicem
681 4942 734 4981 ova
744 4932 929 4996 exquirentes.
960 4935 1051 4987 Simili
1069 4935 1150 4987 modo

356 5006 456 5042 corsus
468 5000 496 5044 et
508 4992 620 5056 milvus,
641 4995 691 5049 illo
704 4999 889 5065 praeripiente
899 5001 962 5054 huic
974 5004 1065 5055 eibos:
1088 5020 1150 5056 cor·

355 5061 518 5141 nices'atquc
531 5072 645 5116 noetus:
657 5067 768 5134 aquilae
780 5073 809 5119 et
819 5069 964 5135 trochilus,
971 5074 995 5124 si
1004 5073 1152 5136 credimus,

354 5142 483 5210 quomam
496 5146 544 5184 rer
556 5133 714 5199 appellatur
724 5135 829 5189 arium:
853 5146 979 5203 noctuae,
1001 5148 1029 5192 et
1040 5148 1151 5194 ceterae

354 5213 474 5252 mrnorcs
493 5216 566 5253 eves.
604 5201 707 5255 Rursus
725 5220 785 5256 cum
803 5209 980 5261 terrestribus
992 5210 1112 5264 mustela
1122 5218 1150 5263 et

354 5268 461 5321 cornix:
474 5276 569 5322 turtur
579 5280 607 5323 et
614 5270 727 5338 pyralis,
734 5272 928 5330 ichneumones
938 5294 1038 5347 vespae
1050 5278 1151 5349 etphn·

1216 451 1427 520 lsuglsnranei.
1462 449 1888 519 aquaticaeanstesetqaviec.
1923 451 2020 519 Harpe

1217 528 1247 575 et
1257 521 1395 575 triorches
1403 522 1549 587 accipiter.
1584 518 1696 573 Sericas
1708 526 1736 571 et
1748 518 1889 583 ordeolus,
1899 520 2017 573 invicem
2113 532 2116 541 ·

1217 590 1341 645 foetibus
1352 591 1525 643 insidiantes.
1552 586 1685 656 Aegithus
1695 589 1754 640 aris
1765 588 1881 641 minima
1892 604 1953 641 cunr
1966 592 2022 642 ssi·

1217 676 1262 715 no.
1291 660 1414 731 spinetis
1435 660 1507 713 enim
1520 674 1551 710 se
1562 657 1699 712 scabendi
1709 672 1796 709 causa
1817 666 1952 723 atterens,
1974 660 2018 710 ni·

1217 730 1270 781 dos
1281 731 1342 782 eius
1353 729 1487 795 dissiparit
1510 727 1584 795 quod
1593 728 1665 785 adeo
1679 734 1772 793 paret,
1784 732 1815 777 ut
1826 742 1895 781 voce
1907 730 2019 781 omniuo

1217 800 1341 852 rudentis
1361 799 1465 859 sedita,
1487 813 1540 849 ura
1551 798 1653 858 eiiciat,
1676 796 1746 862 pulli
1758 797 1811 864 ipsi
1822 803 1898 848 metu
1909 797 2019 850 cadant.

1218 868 1307 936 Igitur
1319 868 1453 921 advolans
1465 866 1580 919 hulcera
1592 869 1651 919 eius
1662 872 1756 918 rostro
1768 874 1894 919 excavat.
1914 866 2020 933 Vulpes

1217 948 1245 990 et
1257 937 1326 988 nisi:
1350 952 1464 1003 angues,
1479 932 1628 999 mustelae,
1651 942 1681 987 et
1695 951 1768 988 sues.
1804 935 1925 987 Aesalou
1936 951 2016 987 rora·

1217 1014 1263 1059 tur
1273 1021 1360 1073 parra
1371 1007 1439 1067 aris,
1463 1021 1516 1057 ova
1531 1007 1606 1057 corsi
1618 1004 1759 1072 frangens,
1780 1005 1857 1056 cuius
1869 1005 1937 1071 pulli
1949 1005 2017 1057 inle-

1216 1083 1328 1129 stsntur
1339 1092 1356 1128 a
1367 1075 1503 1141 vulpibus.
1516 1076 1634 1127 laricem
1648 1074 1716 1127 haec
1726 1074 1837 1126 catulos
1847 1076 1908 1126 eius
1918 1075 2018 1141 ipsom-

1217 1161 1270 1213 que
1279 1146 1367 1197 vellit.
1386 1143 1467 1206 Quod
1479 1145 1528 1197 ubi
1540 1144 1668 1197 viderunt
1678 1144 1763 1206 cerri,
1775 1152 1872 1196 contra
1882 1143 2018 1196 auxilian-

1216 1222 1272 1278 tur,
1283 1214 1358 1267 rolut
1369 1214 1503 1266 adr-ersus
1513 1228 1688 1265 communem
1700 1212 1820 1266 hostem.
1844 1213 1882 1264 Et
1892 1211 2017 1265 acanthis

1215 1284 1244 1335 in
1255 1284 1342 1350 spinis
1353 1283 1434 1333 sirit:
1457 1283 1560 1334 idcirco
1571 1283 1665 1333 asinos
1678 1288 1706 1334 et
1717 1282 1779 1349 ipsa
1790 1281 1860 1345 odit,
1869 1283 1952 1334 liores
1963 1283 2017 1348 spi·

1216 1354 1456 1406 naederorantcs.
1492 1351 1640 1419 aegithum
1662 1366 1729 1404 rere
1746 1350 1885 1404 arethusio
1897 1358 2015 1412 tantum,

1216 1422 1420 1489 utsanguinem
1441 1436 1536 1472 eorum
1548 1421 1664 1473 credant
1683 1436 1738 1472 non
1760 1421 1845 1483 coire,
1867 1421 2015 1487 multisque

1217 1493 1252 1543 ob
1265 1491 1293 1542 id
1305 1489 1447 1542 veneficiis
1457 1491 1602 1542 infament.
1621 1489 1766 1542 Dissident
1779 1487 1859 1543 thoes
1871 1506 1904 1541 ac
1914 1489 2016 1542 leones.

1216 1560 1253 1611 Et
1265 1561 1379 1612 urinima
1389 1575 1477 1626 acque
1489 1576 1521 1610 ac
1533 1561 1662 1612 maxima.
1689 1559 1876 1611 Formioosam
1888 1559 2015 1611 mnorem

1215 1632 1321 1681 sorices
1343 1635 1449 1681 carent.
1486 1630 1586 1681 librat
1598 1644 1716 1680 araneus
1726 1644 1757 1681 se
1768 1628 1816 1681 iilo
1827 1629 1854 1679 in
1867 1634 1950 1694 caput
1960 1642 2016 1678 ser·

1215 1700 1309 1766 pentis
1320 1706 1468 1765 porrectae
1479 1698 1532 1750 suh
1545 1698 1643 1750 umbra
1653 1698 1760 1748 arboris
1780 1713 1861 1759 suae,
1882 1703 2016 1763 tantaque

1215 1768 1242 1818 vi
1254 1782 1348 1819 morsu
1360 1766 1503 1819 cerebrum
1515 1767 1707 1834 apprehendit,
1714 1775 1745 1817 nt
1754 1766 1876 1817 stridens
1887 1764 2016 1829 subinde,

1215 1850 1250 1888 nc
1268 1837 1408 1904 vertigine
1429 1840 1531 1898 rotata,
1552 1852 1586 1888 ne
1607 1838 1682 1887 iilum
1695 1835 1805 1902 quidem
1817 1834 1939 1953 desupfler
1949 1849 2002 1900 pen

1216 1904 1309 1958 dentis
1321 1920 1458 1971 rumpere,
1467 1904 1537 1955 adeo
1548 1917 1602 1954 nou
1614 1905 1712 1971 fugere
1723 1908 1820 1970 queat:
1833 1916 1884 1953 nec
1915 1904 1956 1955 nis
1968 1917 2015 1953 an-

1214 1981 1243 2028 te
1254 1981 1372 2026 mortem
1384 1981 1436 2022 est.

1249 2038 1347 2093 xcvi.
1367 2041 1472 2092 Rursus
1483 2040 1565 2092 amici
1578 2055 1698 2108 pavones
1710 2044 1739 2092 et
1749 2039 1911 2092 columbae:
1928 2045 2017 2091 turtu-

1215 2124 1261 2161 res
1272 2116 1301 2161 et
1312 2109 1437 2175 psittaci:
1449 2109 1573 2163 merulae
1584 2118 1613 2161 et
1624 2116 1758 2161 turtures:
1770 2108 1867 2162 cornix
1878 2114 1908 2160 et
1917 2110 2015 2161 ardeo·

1214 2178 1275 2240 lae3
1296 2185 1394 2230 contro
1405 2178 1528 2244 vulpium
1549 2195 1637 2247 genus
1646 2180 1838 2232 communibus
1848 2178 2014 2231 inimicitiis.

1215 2248 1310 2313 Harpe
1325 2254 1355 2298 et
1366 2246 1466 2297 milvus
1478 2253 1575 2300 eontra
1586 2247 1744 2301 triorchem.
1774 2249 1856 2312 Quid,
1868 2263 1923 2299 non
1936 2257 1964 2301 ct
1974 2246 2013 2299 nl-

1215 2315 1306 2368 lectus
1315 2316 1419 2368 indicia
1428 2323 1492 2367 sunt
1503 2317 1586 2369 etism
1599 2319 1625 2368 in
1635 2317 2013 2385 serpentibus,isumitissimo

1214 2383 1374 2437 animalium
1387 2385 1506 2452 generet
1526 2385 1609 2439 Dicto
1619 2394 1692 2450 sunt,
1708 2402 1779 2454 quse
1790 2387 1908 2439 Arcadia
1919 2394 2014 2438 namet

1215 2455 1249 2506 de
1258 2454 1371 2506 domino
1382 2452 1526 2506 sdrucono
1536 2464 1657 2520 serrato,
1667 2463 1696 2508 et
1706 2459 1802 2525 agnito
1813 2471 1880 2508 rece
1889 2448 2015 2508 draconi'

1214 2523 1365 2590 Deaspide
1376 2522 1540 2576 miraculum
1553 2524 1711 2592 Phylarcho
1731 2526 1875 2578 reddetur:
1896 2525 1921 2576 is
1938 2523 2012 2578 enim

1214 2598 1313 2645 auctor
1321 2600 1438 2656 osteum
1449 2594 1483 2645 nd
1490 2608 1613 2648 mensam
1621 2595 1765 2647 cuiusdam
1773 2596 1882 2648 veniens
1890 2594 1919 2645 in
1925 2595 2014 2661 hagy-

1214 2668 1262 2729 pto
1274 2662 1400 2715 aleretur
1410 2662 1531 2727 assidue,
1539 2665 1647 2717 enixam
1658 2665 1774 2728 catulos,
1787 2678 1902 2732 quorum
1912 2664 1947 2715 ab
1957 2676 2012 2713 uno

1214 2733 1304 2783 lilium
1317 2731 1438 2799 hospitis
1450 2732 1642 2786 interemtum:
1658 2733 1737 2785 illam
1750 2749 1890 2788 reversam
1902 2732 1937 2784 ad
1948 2746 2012 2782 con·

1212 2801 1387 2856 suetudinem
1400 2800 1466 2863 cihi,
1477 2802 1650 2857 intellexisse
1660 2804 1782 2870 eulpam,
1793 2809 1822 2856 et
1833 2818 1927 2856 necem
1937 2801 2012 2852 intu-

1212 2871 1279 2923 lisse
1291 2870 1398 2923 catulo:
1418 2885 1470 2922 nec
1480 2878 1580 2938 postea
1590 2873 1619 2923 in
1632 2879 1737 2923 tectum
1747 2873 1777 2924 id
1790 2886 1940 2925 reversam.

1246 2939 1356 2991 xcvii.
1375 2938 1473 2991 Somni
1484 2941 1673 3005 quaestienon
1683 2937 2013 2993 ohscuramconiectatlo·

1212 3022 1272 3060 nem
1285 3005 1378 3058 habet.
1406 3007 1437 3057 ln
1449 3009 1637 3068 terrestribus,
1649 3008 1745 3058 omnia
1756 3022 1828 3073 quae
1839 3007 2015 3069 conniveant,

1211 3074 1331 3126 dormire
1341 3075 1520 3126 nraniiestum
1531 3082 1583 3127 est.
1611 3075 1754 3141 Aquatilis
1764 3089 1872 3142 quoque
1882 3077 2015 3144 exiguum

1211 3140 1330 3207 quidem,
1350 3142 1434 3194 etiam
1456 3144 1506 3210 qui
1521 3142 1556 3196 dc
1567 3144 1667 3196 ceteris
1678 3142 1816 3205 dubitant,
1837 3143 1960 3195 dormire
1972 3150 2015 3198 ta·

1211 3224 1273 3260 men
1285 3210 1458 3264 existimant:
1470 3226 1524 3263 non
1536 3210 1680 3264 oculorum
1693 3218 1867 3280 argumento,
1879 3211 1946 3278 quis
1957 3228 2013 3267 non

1210 3277 1315 3330 babent
1333 3294 1433 3347 genas:
1453 3296 1546 3333 rerum
1558 3282 1619 3348 ipsa
1629 3285 1720 3350 quiete
1731 3279 2014 3347 cernunturplacida,

1211 3362 1261 3400 ceu
1271 3356 1414 3416 soporata,
1426 3365 1514 3417 neque
1525 3351 1602 3403 alind
1615 3366 1696 3418 quam
1707 3349 1809 3404 caudas
1820 3353 1972 3415 moventia,
1982 3358 2013 3405 et

1211 3418 1246 3471 ad
1268 3419 1415 3471 tumultum
1438 3420 1559 3487 aliquem
1574 3423 1799 3488 expavescentia.
1834 3418 1878 3473 De
1898 3419 2013 3489 thynnis

1210 3488 1394 3542 confidentius
1403 3488 1572 3542 affirmatur:
1595 3490 1674 3542 iuxta
1683 3494 1760 3560 ripas
1773 3491 1846 3543 enim
1857 3498 1907 3544 aut
1916 3497 2012 3558 petras

1210 3557 1360 3609 dormiunt.
1378 3558 1555 3611 Plani-eutem
1568 3559 1685 3625 piscium
1696 3562 1725 3612 in
1737 3559 1856 3624 radent
1865 3574 2012 3612 manneae·

1209 3640 1244 3693 pe
1255 3626 1399 3679 tollantur.
1427 3628 1497 3681 Nam
1509 3627 1646 3693 delphini,
1658 3630 1848 3696 carceresque
1858 3634 2010 3683 stertentes

1210 3695 1294 3747 etism
1317 3695 1479 3749 audiuntur.
1513 3697 1621 3750 insecta
1633 3714 1741 3767 quoque
1752 3699 1875 3753 dormire
1895 3698 2010 3750 silentio

1208 3771 1335 3832 apparet,
1355 3766 1421 3834 quin
1442 3781 1477 3819 ne
1500 3764 1650 3820 luminibus
1671 3768 1783 3836 quidem
1801 3767 1923 3821 admotis
1934 3769 2007 3819 esci·

1209 3840 1311 3886 tantur.
1716 3878 1722 3892 .

1241 3902 1362 3955 xcvhl.
1382 3904 1476 3955 llomo
1487 3904 1600 3971 genitus
1622 3907 1758 3973 premitur
1773 3918 1871 3958 somno
1892 3918 1941 3970 per
1956 3904 2008 3956 ali·

1208 3978 1275 4039 quot
1286 3987 1406 4024 menses:
1417 3972 1638 4042 deindelongior
1648 3974 1677 4027 in
1688 3974 1748 4026 dies
1758 3975 1864 4043 sigilla
1882 3972 2010 4037 Somniat

1207 4043 1303 4092 statim
1320 4039 1425 4094 inians:
1449 4057 1511 4095 nam
1528 4049 1557 4095 et
1572 4058 1674 4111 pavore
1694 4046 1906 4113 expergiscitur,
1926 4049 1953 4096 et
1964 4058 2010 4095 su·

1207 4115 1281 4162 ctum
1293 4110 1427 4163 imitatur.
1451 4111 1569 4173 Quidam
1582 4128 1647 4164 vero
1659 4128 1797 4181 nunquam
1808 4134 1815 4167 ι
1827 4114 1924 4181 quihus
1935 4126 2008 4165 mor·

1207 4177 1320 4232 tiletum
1332 4178 1418 4232 luisse
1429 4181 1536 4247 signum
1553 4190 1653 4233 contra
1669 4183 1897 4235 consuetudinem
1908 4182 2010 4233 somni·

1207 4263 1262 4308 uer,
1272 4249 1428 4301 invenimus
1449 4250 1585 4317 exenrpla.
1621 4250 1740 4320 Magnus
1757 4250 2010 4313 hicinvitatlocus,

1207 4323 1236 4369 ct
1247 4317 1366 4370 diversis
1376 4318 1496 4372 refertus
1506 4320 1690 4384 documentis,
1710 4329 1839 4375 utrumne
1847 4322 1904 4373 sint
1915 4319 2009 4386 aliqua

1208 4389 1346 4452 praescita
1366 4388 1450 4441 animi
1470 4392 1655 4458 quiescentis:
1676 4407 1731 4458 qua
1751 4391 1820 4444 baut
1832 4391 1951 4451 ratione,
1971 4405 2008 4442 ιιι

1207 4454 1324 4507 lortuitn
1334 4471 1379 4509 res
1390 4457 1436 4520 ιιι,
1452 4467 1483 4509 ut
1494 4462 1632 4527 pleraque.
1668 4461 1740 4512 litei
1751 4460 1884 4525 exenrplis
1896 4464 2009 4527 agetur,

1206 4525 1331 4592 prolecto
1343 4529 1421 4593 paria
1432 4528 1508 4580 liant.
1526 4532 1622 4583 haino
1633 4533 1661 4579 et
1671 4528 1765 4580 acibis
1776 4529 1911 4593 proxime,
1920 4533 1950 4576 at
1971 4542 2007 4579 ua

1205 4596 1235 4646 in
1242 4593 1473 4653 redormitationc
1484 4614 1555 4650 rnna
1563 4613 1624 4649 csse
1634 4596 1703 4659 riso,
1712 4610 1798 4662 prope
1809 4592 1944 4644 convenit.
1973 4602 2009 4648 ,et

1206 4671 1301 4717 nutem
1315 4680 1427 4719 somnus
1438 4663 1505 4717 nihil
1518 4666 1604 4726 aliud,
1616 4679 1695 4730 quam
1707 4663 1791 4714 animi
1802 4664 1829 4712 in
1836 4660 1956 4713 mediusn
1964 4680 2008 4717 se·

1206 4748 1236 4785 se
1247 4750 1383 4786 recessus.
1413 4734 1528 4786 Praeter
1539 4733 1678 4785 bominem
1689 4732 1829 4791 somniare
1841 4745 1938 4797 equos,
1959 4748 2005 4785 ca·

1206 4817 1263 4863 nes,
1280 4803 1375 4865 bores,
1396 4815 1506 4867 pecora,
1518 4816 1624 4868 capras,
1635 4798 1726 4866 palam
1737 4807 1790 4852 est.
1825 4801 1868 4852 Ob
1879 4800 1934 4853 hoc
1944 4815 2005 4855 cre·

1206 4869 1357 4921 dituretin
1370 4869 1505 4930 omnihus,
1526 4886 1597 4938 quae
1617 4870 1721 4921 uuirnal
1743 4870 1863 4936 pariant.
1899 4870 1944 4922 De
1961 4870 2005 4933 ιιι,

1205 4953 1275 5004 quue
1287 4953 1340 4988 ovo
1350 4938 1476 5005 gignunt,
1487 4939 1622 4992 incertum
1631 4942 1689 4990 est:
1700 4939 1748 4991 sed
1760 4938 1884 4992 dormire
1894 4953 1937 5002 ea,
1948 4954 2005 4991 cer·

1205 5011 1273 5056 tum.
1301 5003 1403 5057 Verum
1417 5008 1451 5058 ad
1463 5009 1571 5061 insecta
1592 5014 1778 5060 transeamus:
1798 5008 1867 5062 hsce
1886 5023 2005 5074 eantque

1204 5079 1312 5125 restant
1323 5074 1473 5128 immensae
1488 5077 1652 5131 subtilitatis
1663 5077 1812 5130 animalia:
1834 5077 1944 5147 quando
1954 5076 2004 5128 ali·

1204 5158 1252 5265 quq
1264 5158 1298 5194 ea
1307 5158 1396 5212 neque
1405 5144 1521 5213 spirare,
1542 5154 1570 5200 et
1581 5148 1715 5215 mnguine
1732 5147 1819 5203 etiem
1837 5162 1931 5201 carere
1941 5160 2004 5214 pro·

1223 5220 1340 5267 rerunt.
