4330 6014
286 313 319 372 C.
352 311 496 372 PLlNii
531 307 742 373 SECUNDI
777 315 942 377 aarum
977 317 1164 381 ulsroe.
1199 296 1286 381 biii.¹
1315 321 1372 381 w.
1416 323 1666 390 CAP.36·37.
1767 330 1808 392 78

144 472 206 521 tae:
240 463 359 531 Copori,
379 459 509 529 oppidum
529 458 629 514 Neela.
665 460 955 537 Celticltcegnomine
1007 466 1089 529 labis,
1101 486 1172 536 quae
1182 470 1354 525 Praesidium
1365 473 1465 527 lulium
1476 479 1604 527 rotatur.
1627 476 1810 544 Municipium

144 532 345 595 Praesamarci,
356 531 453 584 Cileni.
487 528 954 596 Esinsullsnominaodae,Corti·
1009 534 1108 586 civium
1122 538 1202 591 Rom.
1220 540 1337 623 Olisipo,
1349 540 1483 596 Felicitas
1494 543 1565 597 iulia
1576 547 1810 612 cognominatum.

145 611 217 667 cata,
228 610 258 653 et
268 603 381 653 Aonios.
415 600 954 667 ACilenis,conventusBrecarum,He-
1007 604 1116 670 Oppida
1127 609 1228 658 veteris
1239 608 1330 663 Latii:
1352 610 1454 677 Ebora,
1475 613 1549 695 qqud
1561 617 1628 667 item
1641 610 1810 671 Liberalitas

144 673 215 735 leni,
236 672 348 731 Gratti,
369 671 515 722 castellum
535 672 632 739 Tyde,
653 674 823 725 Graecorum
845 672 952 725 sobolis
1006 674 1094 726 lulla:
1115 681 1143 725 ct
1152 674 1279 743 Myrtilis
1290 695 1323 732 ac
1333 680 1452 748 Salacia,
1463 698 1534 752 quae
1544 680 1674 738 diximus.
1702 684 1811 754 Stipen·

144 741 245 795 omnia.
281 739 392 792 insulae
413 742 504 793 Cicae.
542 741 793 810 irrsigneoppidom
805 741 952 797 Abobrica.
1006 742 1174 806 diariorum,
1196 759 1266 812 quos
1277 751 1420 805 nominare
1430 769 1485 805 aon
1495 752 1609 822 pigeat,
1628 763 1740 822 praeter
1753 757 1810 809 inm

143 812 247 866 Minius
262 809 362 872 amnis,
383 806 422 859 lV
441 808 481 860 M.
501 823 574 876 pass.
597 826 646 863 ore
666 813 815 879 spatiosus.
852 810 951 876 Leum,
1005 812 1274 866 dictasinliaeticae
1294 823 1513 887 cognominibus,
1530 824 1810 893 Augustobrigeoses,

143 881 251 935 Seurbi.
289 879 441 931 Bracarum
461 894 478 930 o
500 879 593 946 pidum
615 881 755 961 Augusta,
774 896 844 964 quos
865 895 952 950 supra
1003 881 1811 959 Ammieases,Aranditani,Arabriceases,Habentes,Cae·

142 949 300 1005 Gallaeela
335 947 462 1009 Flumen,
473 895 577 1000 Limia:
599 948 702 1001 Durius
712 966 802 1002 amms
815 967 849 1004 ex
862 954 950 1005 araxi·
1004 950 1220 1013 sarohricenses,
1232 954 1411 1020 Capersanam
1424 961 1589 1027 Caurenses,
1600 965 1723 1028 Colarni,
1735 963 1807 1017 Cibi.

142 1023 192 1073 nris
204 1019 370 1086 Hispaniae,
391 1024 471 1069 ortus
482 1019 510 1068 in
521 1017 740 1082 Pelendonibus,
762 1028 791 1072 et
805 1019 886 1073 iuxta
895 1022 951 1075 Nu·
1002 1020 1096 1085 litaai,
1108 1021 1493 1091 concordiensemiilbocorii,
1503 1033 1811 1097 interanniemeaLam·

140 1090 273 1143 mantiam
285 1089 390 1153 lapsus,
403 1085 466 1138 dein
477 1102 527 1155 per
537 1087 675 1140 Ascraeos
681 1086 884 1158 Vaccaeosque,
897 1090 951 1144 dis-

140 1159 298 1213 terminatis
315 1159 349 1208 ab
365 1156 476 1208 Asturia
493 1154 674 1222 Vettonibus,
695 1174 712 1211 a
729 1159 875 1213 Lusitania
885 1160 951 1214 Gal·

140 1228 279 1290 laecis,ibi
290 1227 547 1294 quoqueTurdulos
559 1228 711 1281 aBracaris
720 1244 830 1283 arcens.
842 1232 950 1283 Omnis·

141 1315 191 1368 que
203 1298 281 1349 dicta
294 1300 370 1364 regio
382 1313 399 1348 a
408 1295 557 1364 Pyrenaeo
569 1298 688 1351 metallis
699 1298 812 1363 referta,
822 1300 897 1365 auri,
908 1316 950 1354 ar·

141 1369 224 1437 genti,
239 1367 315 1431 lerri,
326 1367 429 1433 plumbi
441 1366 515 1435 nigri
526 1368 646 1436 albique.

173 1470 291 1523 XXXV.
309 1467 429 1521 ADurio
442 1468 590 1523 Lusitania
600 1470 713 1539 incipit:
733 1469 854 1524 Turduli
873 1477 950 1528 vete·

139 1556 202 1603 rea,
221 1536 466 1592 emanationes
488 1538 588 1591 Vacca.
629 1541 768 1608 Oppidum
789 1542 948 1594 Talabrica.

140 1610 296 1677 Oppidum,
315 1613 343 1660 et
364 1605 467 1660 ilumen
487 1609 654 1662 Aeminium.
691 1611 814 1678 Oppida:
836 1612 947 1663 Conim-

135 1681 230 1741 brica,
246 1678 383 1745 Collippo,
400 1678 618 1731 Eburobritinm.
654 1680 786 1732 Excurrit
800 1679 901 1733 deinde
917 1682 947 1732 ia

140 1749 228 1802 altus:
238 1756 317 1800 vasto
323 1763 409 1799 cornu
417 1750 647 1814 promontorium,
657 1749 730 1817 quod
744 1748 947 1803 aliiArtabrum

140 1818 331 1885 appellas-ere,
353 1817 403 1868 alii
424 1817 566 1885 Magnum,
588 1820 668 1870 multi
688 1820 890 1887 olisiponense,
912 1820 947 1872 ab

140 1887 243 1956 oppido
255 1894 355 1949 terras,
375 1886 471 1948 maria,
490 1888 812 1942 caelomdisterminans.
849 1889 945 1941 illoti·

139 1957 375 2022 niturHispaniae
385 1958 529 2017 latus,cta
542 1959 662 2010 circuitu
673 1960 731 2010 cius
743 1959 842 2025 incipit
853 1959 944 2011 frons:

138 2027 303 2095 septemtrio
315 2023 388 2089 hinc,
406 2040 579 2094 oceanusque
591 2027 727 2091 Gallicus,
742 2043 857 2080 occasus
867 2029 946 2081 illinc

139 2104 300 2151 etoceanus
319 2095 484 2146 Atlanticus.
522 2097 712 2149 Promontorii
734 2112 882 2150 excursum
894 2098 946 2151 Lll

137 2166 178 2219 M.
189 2165 348 2234 prodidere,
359 2163 410 2215 alii
421 2165 469 2216 XC
480 2165 519 2215 M.
532 2181 605 2232 pass.
640 2168 681 2218 Ad
691 2166 867 2234 Pyrenaeum
880 2168 946 2220 inde

136 2250 191 2288 aon
201 2236 283 2300 pauci
295 2233 445 2285 duodecies
458 2242 576 2286 centena
586 2240 615 2287 et
626 2237 827 2303 quinquaginta
846 2237 945 2299 miliia,

135 2309 164 2357 et
175 2304 216 2356 ihi
225 2312 337 2372 gentem
348 2303 507 2363 Artabrum,
518 2318 589 2370 quae
601 2319 740 2370 nunquam
752 2305 816 2367 luit,
828 2306 944 2358 manile-

135 2380 180 2425 sto
201 2386 308 2424 errore.
343 2371 509 2422 Arrotrebae
531 2374 616 2435 enim,
637 2388 706 2439 quos
726 2380 791 2424 ante
807 2373 944 2425 Celticum

135 2441 507 2508 disimuspromantoriusn,
527 2440 581 2494 hoc
592 2444 622 2494 in
636 2442 699 2496 loco
716 2455 835 2510 posuere
853 2442 945 2495 literis

133 2512 311 2579 permutatis.

166 2612 304 2666 Erratum
315 2619 344 2664 et
353 2613 381 2662 in
392 2612 519 2663 amnibus
531 2612 656 2678 inclytis.
693 2610 734 2663 Ab
745 2610 843 2676 Minio,
863 2628 945 2679 quem

129 2696 220 2751 supra
232 2683 363 2741 dirimas,
375 2683 419 2735 CC
430 2680 553 2745 M.‘pass.
566 2684 609 2741 (ut
622 2687 722 2743 auctor
732 2687 774 2731 cst
786 2681 884 2743 Varro)
897 2682 945 2732 ab·

128 2760 174 2805 est
188 2751 345 2809 A'erninius,
368 2764 447 2815 quern
462 2748 530 2798 alibi
541 2747 653 2814 quidam
665 2748 837 2817 intelligunt,
856 2755 885 2801 et
896 2750 945 2801 Li·

126 2835 244 2872 maeam
256 2824 368 2878 vocant,
389 2816 546 2869 Obliuionis
558 2817 677 2883 antiquis
690 2816 794 2882 dictus,
815 2819 945 2869 multum·

127 2904 186 2958 que
200 2886 357 2938 fabulosus.
385 2886 426 2936 Ab
437 2885 527 2936 Durio
539 2886 634 2951 Tagus
647 2887 689 2937 CC
702 2887 892 2954 M.·passunm,
902 2888 945 2938 in·

128 2956 310 3011 terrenitate
321 2950 433 3005 Munda.
471 2956 568 3021 Tagus
579 2954 707 3006 auriferis
718 2957 811 3008 arenis
822 2956 944 3008 celebra·

130 3031 187 3079 tur.
225 3022 313 3075 Abeo
334 3022 407 3074 ch
426 3023 466 3074 M.
477 3036 549 3089 pass.
562 3026 792 3088 promontorium.
829 3026 944 3077 Sacrum

131 3091 256 3149 emcdla
267 3105 355 3160 prope
366 3091 520 3157 Hispaniae
530 3090 623 3144 fronte
640 3092 752 3158 prosilit
771 3094 943 3161 quatuorde-

133 3163 191 3217 cies
203 3168 321 3215 centena
333 3160 422 3210 millia
433 3174 505 3227 pass.
544 3161 610 3211 inde
626 3160 660 3212 ad
674 3162 863 3228 Pyrenaeum,
886 3179 943 3215 me-

134 3232 213 3284 dium
224 3232 324 3299 colligi
335 3228 426 3281 Varro
437 3229 531 3280 tradit.
567 3230 608 3280 Ad
619 3231 706 3285 Anam
718 3246 799 3294 vero,
820 3248 875 3300 quo
886 3233 942 3283 Lu·

134 3301 265 3354 sitaniam
276 3317 293 3352 a
303 3299 420 3351 Baetica
431 3297 621 3362 discrevimus,
633 3299 747 3352 cxxv:
759 3301 797 3352 M.
805 3317 944 3368 passuum,

135 3370 301 3424 aGadibus
320 3370 367 3421 Cli
386 3368 426 3421 M.
449 3384 521 3435 pass.
543 3367 656 3421 additis.
692 3368 806 3422 Gentes:
834 3370 943 3435 Celtici,

135 3440 268 3502 Turduli,
291 3448 320 3492 et
332 3441 405 3491 circa
416 3441 523 3506 Tagum
534 3436 679 3490 Vettones.
715 3438 756 3490 Ab
767 3441 826 3490 Ana
842 3439 876 3491 ad
896 3439 945 3492 Sa-

137 3526 222 3572 crum,
235 3508 370 3561 Lusitani.
387 3568 393 3578 ,
404 3509 514 3575 Oppida
527 3507 718 3559 memorabilia
728 3523 745 3560 a
755 3510 834 3577 Tago
845 3511 872 3560 in
885 3524 945 3571 ora,

136 3580 243 3646 Olisipo
258 3592 390 3646 equarum
403 3577 553 3629 eFaronio
573 3583 657 3628 rento
679 3587 816 3644 conceptu
836 3578 943 3631 nobile:

136 3646 247 3701 Salacia
259 3647 457 3716 cognominata
468 3649 535 3698 urbs
550 3646 747 3712 imperatoria:
768 3648 942 3700 Merobrica:

135 3716 361 3770 Promontorium
374 3714 502 3767 Sacrum:
523 3722 551 3767 et
566 3716 684 3768 alterum
702 3719 820 3770 Cuneus.
858 3717 943 3785 Oppi·

137 3787 183 3840 da:
206 3789 364 3847 Ossonoba,
376 3784 470 3846 Balsa,
479 3785 615 3851 Myrtilis.

169 3857 306 3908 Universa
327 3855 472 3922 provincia
492 3853 628 3906 dividitor
646 3856 674 3905 in
696 3860 848 3975 consent?

874 3861 943 3920 tres,

1005 1090 1120 1154 cieuses,
1141 1091 1371 1161 Mirobrigenses,
1392 1096 1440 1162 qui
1450 1098 1550 1151 Celtici
1561 1105 1808 1171 cognominantur:

1004 1160 1243 1230 Medobrigenses,
1251 1164 1296 1230 qui
1308 1160 1473 1216 Plumbarii:
1483 1168 1692 1240 Ocaleases,qui
1702 1173 1810 1225 etLan·

1003 1230 1124 1283 cieuses:
1144 1232 1263 1284 Turduli
1274 1230 1320 1299 qui
1330 1232 1457 1297 Barduli,
1467 1242 1495 1287 et
1505 1237 1618 1303 Tapori.
1637 1240 1811 1295 Lusitaniam

1003 1316 1066 1353 curn
1077 1301 1191 1353 Asturia
1207 1308 1236 1354 et
1251 1301 1397 1355 Gallaecia
1413 1311 1510 1371 patere
1531 1306 1709 1374 longitudine
1731 1309 1810 1365 aab

1002 1368 1041 1421 M.
1054 1383 1138 1436 pass,
1148 1370 1296 1424 latitudine
1307 1368 1452 1426 uxxxm
1467 1370 1506 1424 hl.
1542 1375 1665 1442 Agrippa
1675 1380 1808 1445 prodidit.

1002 1439 1106 1492 Omnes
1117 1438 1208 1492 autem
1220 1438 1383 1507 Hispaniae,
1395 1437 1672 1510 aduobusPyrcnaei
1682 1463 1810 1516 promou-

1001 1507 1084 1560 toriis
1092 1509 1254 1577 pernraria,
1273 1514 1359 1563 totius
1376 1527 1442 1564 orae
1457 1510 1669 1580 circuitupass.
1689 1518 1809 1585 vigesies

1001 1579 1098 1631 novies
1109 1587 1235 1642 centena,
1247 1586 1276 1631 et
1286 1580 1385 1650 viginti
1397 1581 1452 1633 duo
1465 1580 1554 1634 millia
1567 1583 1703 1651 colligere
1715 1586 1809 1638 existi·

1001 1655 1121 1710 mantus,
1132 1649 1166 1701 ab
1179 1648 1241 1700 aliis
1251 1649 1368 1718 vigesies
1379 1651 1471 1704 sexies
1487 1658 1604 1705 centena
1615 1652 1712 1705 millia.

1034 1716 1160 1769 xxxvl.
1181 1716 1227 1768 Ex.
1240 1717 1358 1770 adverso
1378 1719 1547 1774 Celtiberiae
1567 1721 1724 1789 conrplores
1745 1732 1808 1775 sont

1000 1784 1123 1850 insulae,
1145 1788 1328 1840 Cassiteridas
1349 1788 1441 1842 dictae
1462 1790 1592 1854 Graecis,
1621 1805 1639 1842 a
1658 1790 1808 1846 fertilitate

999 1854 1120 1923 plumbi:
1132 1864 1184 1908 ete
1196 1872 1226 1908 re
1247 1858 1807 1928 iooeArrotrebarumpromontorii,l)eo·

1000 1940 1061 1977 rum
1073 1940 1132 1988 ses,
1140 1941 1209 1992 quas
1219 1873 1305 1993 :fiiqui
1316 1926 1486 1981 Fortunatas
1497 1930 1684 2011 appellavere.
1703 1932 1735 1983 ln
1746 1931 1808 1995 ipso

999 2009 1065 2047 vero
1078 1995 1169 2062 eapite
1181 1994 1321 2059 Baeticae,
1331 1996 1366 2048 ab
1378 1999 1451 2050 ostio
1463 1997 1531 2051 fretu
1542 2014 1616 2064 pass.
1639 1998 1719 2052 XXV
1739 1998 1809 2050 mill.

999 2064 1100 2129 Gadis,
1110 2065 1194 2132 longa
1204 2068 1247 2133 (ut
1257 2065 1393 2134 Polybius
1403 2067 1513 2131 scribit)
1524 2066 1576 2120 Xll
1588 2066 1669 2130 nili,
1688 2064 1748 2120 lata
1769 2068 1809 2121 lii

999 2135 1067 2186 mill.
1080 2149 1219 2202 passuum.
1254 2134 1378 2189 Aberta
1399 2140 1560 2190 continente
1582 2135 1710 2205 proxima
1728 2142 1809 2205 parte

998 2205 1090 2256 asinus
1113 2203 1198 2271 pedes
1218 2204 1306 2268 DCC,
1326 2206 1436 2274 reliqua
1475 2206 1519 2258 lus
1536 2216 1643 2273 septem
1659 2206 1730 2260 mill.
1749 2223 1808 2274 pas·

998 2288 1087 2324 suom.
1123 2272 1212 2341 ipsios
1221 2274 1341 2341 spatium
1358 2275 1411 2328 XV
1431 2222 1613 2343 ripaticum
1624 2285 1676 2330 est.
1712 2276 1809 2330 Habet

999 2342 1131 2409 oppidum
1142 2343 1241 2395 civium
1254 2345 1448 2409 Romanorum,
1460 2345 1533 2415 qood
1544 2345 1705 2415 appellatur
1714 2348 1806 2414 Augu·

998 2418 1044 2461 sta
1055 2411 1122 2460 urbs
1133 2411 1202 2463 iulia
1213 2412 1361 2466 Gaditana.
1379 2415 1419 2466 Ab
1430 2431 1463 2467 eo
1474 2416 1632 2485 latere,quo
1641 2417 1807 2484 Hispaniam

998 2485 1116 2544 spectat,
1127 2481 1255 2545 passibus
1265 2480 1324 2532 iere
1335 2492 1455 2543 centum,
1465 2484 1556 2534 altera
1567 2484 1658 2534 insula
1669 2494 1710 2535 est
1721 2486 1768 2534 lon

998 2547 1036 2597 ill
1049 2547 1087 2598 M.
1100 2562 1172 2612 pass.
1185 2550 1253 2610 lata,
1273 2550 1302 2598 in
1314 2564 1369 2614 qun
1381 2551 1457 2615 prius
1467 2550 1598 2617 oppidum
1609 2551 1731 2602 Gadium
1742 2550 1805 2605 furt.

999 2612 1123 2665 Vocatur
1134 2614 1169 2665 ab
1180 2614 1294 2682 Ephoro
1305 2624 1333 2666 et
1342 2616 1489 2668 Philistide
1505 2617 1637 2685 Erythia:
1660 2635 1678 2670 a
1689 2622 1807 2673 Timaeo

999 2690 1028 2734 et
1040 2682 1135 2734 Sileno
1146 2682 1341 2749 Aphrodisias:
1362 2684 1397 2735 ab
1409 2684 1463 2735 indi
1486 2686 1546 2737 enis
1558 2686 1679 2737 iunonis.
1714 2684 1806 2739 Maio·

999 2766 1057 2803 rem
1070 2752 1203 2803 Timaeus
1214 2753 1391 2802 Cotinussam
1403 2767 1457 2818 apa
1488 2768 1536 2805 eos
1547 2761 1673 2805 vocatam
1685 2754 1739 2806 ait:
1759 2770 1808 2806 nn·

999 2820 1051 2870 stri
1061 2821 1216 2871 'l'artesson
1230 2818 1473 2902 appellant,Poeni
1485 2820 1628 2885 Gadir,ita
1639 2823 1744 2876 Punica
1753 2824 1807 2877 lia·

998 2904 1054 2977 poa
1065 2895 1170 2955 septem
1182 2890 1368 2955 signihcante.
1397 2889 1516 2958 Erythia
1527 2890 1601 2943 dicta
1612 2901 1663 2957 est,
1675 2895 1808 2960 quoniam

1004 2959 1078 3024 l'yrii
1088 2958 1253 3026 Aborigines
1265 2960 1360 3011 eorum
1373 2961 1427 3010 orti
1440 2959 1475 3011 ab
1483 2959 1641 3027 Erythraeo
1654 2964 1724 3013 mari
1735 2962 1808 3016 fere·

998 3028 1109 3079 bantur.
1128 3027 1158 3078 in
1171 3027 1221 3078 hac
1233 3026 1379 3095 Geryones
1390 3025 1532 3080 habitasse
1544 3044 1562 3080 a
1572 3030 1737 3097 quibusdam
1749 3032 1806 3084 exi-

997 3097 1164 3157 stimantur,
1197 3111 1313 3162 quorum
1337 3105 1464 3149 armenta
1485 3098 1620 3151 Hercules
1646 3099 1805 3152 abduxerit.

998 3163 1067 3217 Sunt
1079 3165 1126 3231 qui
1138 3165 1221 3216 aliam
1233 3181 1294 3217 esse
1306 3181 1375 3228 cant,
1397 3174 1424 3218 et
1435 3174 1533 3218 contra
1544 3166 1719 3219 Lusitaniam
1732 3168 1806 3220 arbi·

997 3240 1114 3293 tremor,
1135 3234 1288 3303 eodemque
1299 3235 1412 3286 noorine
1424 3234 1561 3302 quondam
1574 3237 1615 3289 ibi
1625 3235 1805 3304 appellatam.

1031 3300 1173 3354 XXXVH.
1185 3301 1303 3355 Peracto
1317 3305 1423 3356 ambitu
1436 3305 1576 3371 Europae,
1587 3306 1729 3358 reddenda
1740 3323 1804 3359 con-

996 3372 1146 3423 summatis
1158 3379 1215 3434 cst,
1234 3389 1268 3423 ne
1279 3372 1345 3439 quid
1356 3389 1409 3423 noo
1422 3376 1449 3425 in
1469 3375 1600 3441 expedito
1616 3377 1668 3435 sit,
1690 3390 1805 3428 noscere

996 3442 1160 3493 volentibus.
1196 3442 1413 3509 Longitudincm
1433 3442 1493 3494 eius
1509 3442 1701 3497 Artemidorus
1720 3450 1805 3509 atque

997 3510 1121 3563 isidorus
1132 3526 1149 3561 a
1160 3511 1250 3562 Tanai
1262 3525 1347 3579 osque
1358 3509 1451 3562 Gades
1462 3512 1506 3563 bis
1517 3519 1545 3563 ct
1555 3518 1639 3565 octua
1661 3511 1701 3562 ies
1713 3521 1804 3566 cente·

997 3596 1042 3641 na,
1055 3588 1084 3631 et
1095 3579 1306 3646 quatuordecim
1318 3581 1356 3631 M.
1368 3579 1560 3645 prodiderunt.
1596 3528 1731 3648 Pofybius
1742 3580 1806 3632 lati·

996 3650 1122 3700 tudinem
1135 3650 1264 3715 Europae
1284 3649 1415 3701 abitalia
1430 3650 1464 3701 ad
1475 3651 1615 3703 Oceanum
1632 3651 1744 3717 scripsit
1755 3666 1803 3702 un·
1906 3681 1911 3689 ·

997 3717 1090 3770 decies
1101 3726 1218 3770 centena
1227 3726 1255 3771 et
1266 3719 1468 3787 quinquaginta
1488 3720 1527 3771 M.
1552 3735 1622 3781 esse,
1642 3720 1804 3773 etiamtum

996 3789 1170 3854 incomperta
1182 3789 1372 3856 magnitudine
1382 3790 1450 3841 eius.
1487 3790 1538 3842 Est
1549 3796 1640 3841 autem
1652 3789 1739 3856 ipsius
1750 3788 1809 3840 ita-

997 3857 1051 3909 liae
1062 3862 1107 3919 (ut
1119 3857 1254 3920 diximus)
1266 3857 1399 3911 undecies
1410 3864 1527 3911 centena
1543 3866 1572 3911 et
1587 3857 1687 3925 viginti
1706 3857 1746 3909 M.
1767 3855 1805 3909 ad

22 4002 23 4021 ¹
136 3996 264 4062 polorum
276 3991 376 4055 XLVi,
387 3993 416 4043 in
428 3993 528 4059 quibus
539 3993 665 4044 coioniae
675 4001 739 4047 sont
750 3995 878 4062 quinque,
885 4011 943 4046 mu·

137 3925 348 3984 Emeritensem,
370 3924 529 3985 Pacensem,
552 3923 768 3976 Scalabitanum.
831 3931 940 3993 otapo·
996 3926 1089 3994 Alpes.
1126 3927 1204 3981 Unde
1215 3928 1443 3996 perLugdunam
1455 3927 1490 3980 ad
1502 3937 1612 3995 portum
1626 3927 1803 3979 Morinorum

996 3996 1200 4059 Britannicum,
1212 4013 1265 4066 qua
1276 3998 1387 4049 videtur
1397 4013 1552 4049 mensuram
1564 4012 1647 4063 agere
1658 3995 1804 4061 Polybius,

996 4066 1134 4118 tredecies
1146 4074 1261 4120 centena
1271 4069 1310 4119 M.
1321 4067 1419 4120 xviii.
1449 4066 1503 4120 Sed
1514 4068 1619 4119 certior
1629 4076 1759 4115 mensura
1770 4076 1804 4112 ac

136 4134 298 4199 pendiaria,
320 4131 447 4185 xxxvi.
488 4131 634 4184 Coloniae:
662 4135 789 4203 Augusta
810 4132 942 4197 Enterita,
996 4135 1155 4204 longiorad
1173 4152 1302 4189 occasum
1318 4136 1393 4188 Solis
1414 4137 1516 4188 aestisi
1538 4136 1696 4199 ostiumque
1714 4125 1805 4179 Rheni

135 4204 211 4254 Anae
222 4201 308 4253 ilario
320 4203 460 4268 apposita:
481 4200 701 4253 Metallinensis:
723 4203 860 4266 Pacensis,
874 4204 942 4257 Nor·
996 4220 1045 4271 per
1056 4213 1148 4258 castra
1159 4206 1299 4275 legionum
1311 4204 1479 4258 Germaniae
1495 4204 1530 4254 ab
1550 4202 1649 4253 iisdem
1671 4196 1805 4263 dirigitur

136 4060 268 4132 niiipium
282 4064 382 4114 civium
396 4062 475 4113 Rom.
487 4078 586 4112 unum:
610 4063 684 4114 Latii
696 4064 800 4131 antiqui
813 4065 878 4115 tria:
890 4065 941 4115 sti·

22 4280 24 4289 ’
135 4270 243 4331 bensim
263 4271 612 4339 Caesarianacognomine.
649 4271 817 4324 Contributa
833 4280 898 4322 sunt
913 4275 942 4323 in
996 4274 1119 4338 Alpibus,
1141 4275 1302 4340 quindecies
1314 4282 1430 4326 centena
1442 4280 1471 4323 et
1489 4270 1580 4321 XLlll
1601 4268 1641 4321 M.
1659 4280 1803 4337 passuum.

138 4352 202 4390 sam
214 4340 313 4391 Castra
322 4340 404 4405 lulla,
423 4342 522 4394 Castra
534 4340 664 4394 Caecilia.
701 4343 808 4406 Quinta
823 4348 866 4394 est
877 4339 942 4394 Sca·
965 4321 972 4410 Ι
994 4343 1069 4394 Hinc
1080 4344 1181 4397 deinde
1191 4343 1287 4397 Africa
1296 4348 1379 4410 atque
1390 4340 1457 4392 Asia
1468 4339 1606 4392 dicentur.

523 4524 1569 4553 wm-

588 4662 637 4750 C.
695 4660 953 4750 PLINII
1010 4660 1344 4750 SECUNDI

202 4790 928 4948 Naroe‘asrs
1030 4841 1732 4948 ursaonrne

725 5046 1074 5122 blaa-lt
1173 5049 1216 5121 V.

137 5334 310 5421 Ararene
330 5367 432 5420 Graeci
447 5368 566 5434 Libyam
583 5365 772 5434 appellavere,
791 5381 847 5434 qua
868 5380 944 5418 mere
995 5365 1215 5434 oppidorumque
1226 5365 1340 5418 nomina
1350 5366 1392 5417 rel
1407 5363 1615 5439 marinarum
1636 5358 1799 5422 ineffabilia,

137 5444 202 5489 tate
211 5452 273 5489 eam
286 5437 424 5506 Libycum
441 5438 577 5504 incipiens
588 5439 727 5505 Aegyptio
744 5437 848 5489 linitur.
884 5435 943 5487 Nec
995 5441 1188 5503 praeterquam
1201 5437 1325 5505 ipsorum
1337 5434 1449 5504 linguis,
1468 5428 1578 5487 naba:
1589 5427 1709 5479 emelia
1718 5427 1805 5480 imme

136 5506 192 5558 alia
205 5515 420 5573 parntemsrum
433 5508 578 5572 pauciores
589 5507 779 5575 recipitsinus.
1047 5507 1087 5552 ds·
1153 5544 1160 5558 .

137 5576 282 5629 occidente
299 5578 415 5629 litorum
426 5576 541 5644 obliquo
552 5578 651 5647 spatio.
689 5574 775 5645 Popnl
1099 5574 1209 5643 incipio
1219 5564 1554 5695 terrarumippsuritatffl
1566 5558 1808 5628 ”Pl'fflfflillbiss-

169 5645 265 5700 Pars.
284 5647 378 5700 Hier.
400 5658 522 5699 strum
1263 5664 1272 5683 ·

1321 5962 1394 5975 ἶ-Ι-Ι-
