4340 6018
283 219 496 282 c.rn1u1·1
531 219 736 283 saeuum
769 219 938 284 uaros.
973 219 1161 285 ursroa.
1198 224 1282 286 urs.
1304 224 1365 287 ιιι.
1405 192 1496 291 err.
1517 232 1636 295 meo.
1737 176 1796 299 rso

84 394 88 403 ⁴
136 370 262 429 mutus
271 368 479 434 inhorrescere,
499 374 528 425 et
537 369 683 424 adversam
693 368 813 423 hiemem
828 369 940 423 ionicus

136 444 188 497 sibi
199 444 356 494 instaurare
367 440 476 503 densas,
483 440 583 508 pedum
595 442 746 508 asperitate
758 440 888 493 radentes
899 440 941 493 io·

135 514 239 566 ilerum
260 511 421 579 lanuginem
440 511 553 563 vellere.
589 510 672 563 lianc
691 512 728 563 nb
749 508 792 561 bis
809 511 872 577 cogi
889 525 940 561 uu-

136 583 232 652 ςιιίιιιιι
241 582 453 642 canusinatione,
464 594 529 632 mox
539 577 614 631 trabi
624 579 698 632 inter
707 594 809 641 mutos,
830 579 941 632 tenuari

136 669 186 707 ceu
199 651 315 719 pectine.
338 649 442 703 Postea
451 648 652 717 apprehensam
663 650 773 716 corpori
783 649 889 701 involvi
900 650 940 699 ni-

136 723 172 776 do
184 720 310 772 volubili.
336 721 408 771 ‘i'um
420 721 456 772 ab
466 717 577 770 bonrine
587 718 660 782 tulii,
672 718 860 787 iietilibusque
869 720 942 769 rasis

137 800 232 857 tepore
243 797 272 842 et
283 787 425 840 iuniorum
441 803 506 841 esea
519 788 636 839 nutriri:
661 795 745 855 atque
761 790 803 840 ita
813 788 943 839 subnasci

136 860 179 914 sui
189 860 300 929 generis
313 859 429 925 pionias,
449 858 548 924 quibus
559 858 675 911 restitns
686 857 723 910 ad
733 859 790 911 alia
800 872 886 926 pensa
897 857 940 908 di-

136 930 217 985 rnitti.
255 928 335 990 Quae
355 926 738 994 verocoeptasintlaniiicia,
758 926 942 980 humoreien·

136 1009 327 1062 tesserarios
338 997 368 1048 in
379 997 654 1049 iilatenuariiunceo
666 995 738 1048 iuso.
775 997 834 1049 Nee
844 997 944 1064 puduit

137 1072 186 1123 bas
196 1072 290 1122 vestes
305 1081 440 1134 usurpare
455 1067 540 1119 etiam
556 1067 647 1128 viros,
668 1065 812 1118 levitatem
828 1072 943 1133 propter

136 1138 279 1192 sauram.
300 1137 331 1188 ln
342 1142 451 1188 tuntum
462 1150 480 1188 a
491 1137 580 1187 lorica
589 1135 712 1203 gerenda
723 1134 874 1187 discessere
886 1149 943 1186 mo·

138 1224 191 1271 res,
200 1215 234 1258 ut
245 1209 322 1259 oneri
333 1206 371 1257 sit
380 1206 465 1259 etiam
477 1205 571 1258 restis.
582 1204 700 1273 Assyria
707 1203 943 1281 taurenbombyce

138 1276 229 1333 adbuc
237 1274 351 1328 leminis
362 1276 494 1328 cedimus.

171 1344 297 1400 xxviii.
315 1347 485 1398 araneorum
497 1342 604 1396 bisnon
622 1343 943 1410 absurdeiungeturna·

137 1425 210 1480 tora,
221 1415 306 1485 digna
316 1413 359 1466 rel
369 1414 516 1482 praecipue
526 1413 721 1467 admiratione.
754 1413 840 1465 Plura
850 1416 942 1464 autem

138 1492 203 1539 sunt
221 1498 335 1554 genera,
355 1498 406 1536 nec
425 1483 501 1535 dictu
521 1483 680 1536 necessaria
695 1484 724 1534 in
739 1481 943 1535 tantanotitia.

138 1554 292 1623 Phalangis
302 1568 336 1605 ex
347 1552 389 1604 bis
400 1553 587 1620 appellantur,
609 1566 725 1620 quorum
736 1553 812 1604 nord
824 1566 944 1614 morsus,

138 1624 388 1691 eorpuserriguum,
409 1623 524 1684 varium,
545 1622 739 1685 acuminatum,
761 1621 942 1674 assuitimin·

137 1690 333 1762 gredientium.
368 1692 465 1744 Altera
476 1706 570 1744 eorum
582 1693 699 1757 species,
710 1691 792 1760 nigri,
804 1690 942 1757 prioribus

139 1762 268 1815 cruribus
283 1760 460 1828 longissimis.
497 1760 631 1814 Omnibus
647 1760 809 1813 internodia
822 1767 904 1813 terna
914 1760 941 1810 in

139 1831 272 1884 eruribus.
310 1830 451 1898 Luporum
471 1829 586 1893 minimi,
606 1836 781 1884 uenierunt.
818 1828 942 1881 Maiores

138 1901 249 1953 interna
270 1906 300 1953 et
322 1902 447 1951 earerms
468 1900 570 1966 exigua
590 1899 727 1952 vestibula
742 1899 943 1967 praepandunt.

140 1971 266 2022 Tertium
278 1968 427 2022 eorundem
439 1985 526 2038 genos
538 1968 650 2022 erudita
659 1969 823 2036 operatione
834 1967 943 2036 conspi-

140 2054 228 2093 cuum.
265 2039 382 2090 orditur
393 2038 477 2100 telas,
498 2040 625 2107 tantique
637 2042 728 2106 operis
739 2040 873 2091 materiae
884 2042 943 2089 ute·

139 2122 185 2161 rus
195 2108 284 2176 ipsius
293 2107 411 2160 suflicit:
429 2108 488 2161 sire
498 2108 539 2159 ita
548 2114 679 2175 cormpta
690 2109 746 2160 siri
758 2113 859 2161 natura
868 2112 942 2158 stato

138 2184 273 2245 tempore,
288 2184 320 2229 ut
332 2177 494 2230 Democrito
506 2177 610 2244 placet:
629 2179 688 2230 sire
697 2186 740 2230 est
751 2177 886 2246 quaedum
900 2177 942 2226 in·

139 2254 184 2298 tus
195 2248 323 2316 lanigera
333 2245 484 2301 fertilitas:
500 2254 557 2299 tam
568 2247 713 2299 moderato
723 2262 824 2316 ungue,
835 2253 892 2297 tum
903 2251 942 2295 te·

139 2317 194 2368 reti
204 2316 263 2378 iilo,
272 2323 367 2369 ettam
378 2317 488 2383 aequali
499 2315 611 2368 deducit
620 2317 750 2377 stamina,
761 2317 823 2384 ipso
834 2331 865 2367 se
875 2328 943 2380 pon-

139 2383 205 2437 dere
216 2400 292 2437 usus.
328 2387 437 2438 'rexere
458 2399 475 2436 a
493 2384 707 2453 rnedioiueiplt,
730 2384 865 2437 circinato
876 2383 943 2434 orbe

139 2455 318 2522 subtegmina
328 2456 492 2506 annectens:
515 2455 692 2520 maculasque
710 2453 823 2523 poribus
834 2464 944 2517 semper

137 2523 305 2583 interuallis,
326 2521 377 2572 sed
388 2522 506 2573 subinde
515 2524 711 2583 crescentibus,
728 2528 892 2587 exaugusto
904 2519 944 2569 di·

137 2591 231 2643 latens
242 2587 433 2641 indissolubili
451 2590 525 2641 nodo
537 2589 670 2655 implicat.
708 2590 819 2651 Quanta
828 2594 890 2640 arte
901 2602 944 2639 ce·

138 2661 178 2712 iat
191 2659 317 2725 pedicas,
326 2659 468 2709 scutulato
480 2664 540 2710 rete
551 2658 728 2725 grassantesi
748 2671 829 2726 quam
841 2670 896 2709 nnn
908 2653 943 2706 ad

138 2728 195 2780 boe
201 2726 314 2777 ridetur
324 2729 463 2791 pertinere
474 2728 620 2779 crebratae
631 2727 739 2792 pexitas
750 2727 834 2789 telae,
845 2730 944 2791 etqua·

139 2797 202 2849 darn
214 2794 355 2861 politurae
365 2796 503 2861 arte,ipsa
511 2810 542 2847 se
552 2802 635 2847 tenax
646 2796 719 2847 ratio
731 2795 853 2847 tramae!
862 2809 943 2863 quom

139 2861 371 2925 larusadllatus,
390 2878 424 2914 ae
433 2877 488 2914 non
499 2864 663 2930 respuenda,
684 2864 887 2930 quaereniont,
908 2865 945 2915 si·

141 2933 211 2987 nusi
226 2931 372 2984 Benedicta
383 2931 458 2983 lasso
469 2932 611 2998 praetendi
621 2946 728 2984 summa
738 2940 818 2999 parte
828 2932 943 2984 arbitre-

141 3003 258 3056 relieiar
277 3007 307 3051 ot
317 3000 368 3052 iiia
377 3001 490 3053 difficile
500 3008 657 3063 cernuntur,
679 3006 763 3068 atque
774 3006 806 3051 ιιι
817 3000 945 3068 inplagis

142 3069 379 3132 lineaeoliensae,
402 3070 733 3136 praecipitantissinum.
769 3069 873 3137 Specus
883 3070 946 3137 ipsa

143 3157 195 3208 qua
212 3146 424 3191 concamaratur
445 3137 653 3191 architectum
671 3145 700 3191 et
716 3145 815 3192 contra
836 3139 945 3190 trivam

142 3215 245 3277 quanto
256 3207 400 3261 villosiori
420 3222 502 3275 quam
514 3213 667 3260 renorma
685 3209 793 3270 medio,
812 3178 945 3274 aliudque

144 3279 249 3346 agentis
260 3278 376 3329 similist
386 3278 510 3329 inclusus
523 3292 590 3328 vcro
601 3276 650 3337 sic,
661 3281 692 3326 ut
702 3275 748 3339 sit,
762 3290 858 3337 rucene,
868 3274 945 3326 intus

143 3347 252 3414 aliquis,
262 3350 338 3399 cerni
351 3360 406 3399 non
416 3346 523 3413 possiti
532 3349 600 3412 Age,
610 3345 740 3397 iirmitas:
752 3346 862 3466 quando
873 3359 946 3398 rum·

144 3417 275 3483 pentibus
293 3416 405 3468 rentisi
425 3430 481 3483 qua
500 3414 642 3483 pulverum
662 3414 736 3466 mole
777 3412 945 3483 egrarantel

144 3484 278 3538 institutio
288 3485 362 3539 telae
372 3500 456 3553 saepe
473 3488 547 3538 inter
566 3484 634 3535 duas
646 3483 774 3545 arbores,
793 3498 854 3535 cum
868 3497 945 3535 exer-

145 3563 186 3608 cet
197 3562 285 3607 artem
297 3561 327 3607 et
338 3555 423 3607 dlselt
433 3562 541 3607 texere:
561 3550 708 3621 longitudo
720 3552 760 3603 iili
782 3568 799 3604 a
818 3551 946 3616 culmine,

50 3628 55 3637 ’
145 3640 175 3677 ac
186 3640 282 3676 mrsns
293 3631 398 3676 eterra
409 3636 459 3692 per
468 3624 536 3676 iilud
551 3624 559 3673 i
580 3638 640 3673 sum
651 3622 734 3674 velox
744 3621 946 3689 reciprocatio:

145 3693 272 3762 subitque
287 3695 391 3760 pariter
407 3706 441 3744 ae
456 3694 505 3745 iila
520 3639 640 3744 deducit.
677 3692 745 3742 cnm
755 3706 820 3743 vero
832 3696 947 3758 captura

146 3763 252 3825 incidit,
262 3776 344 3830 quum
354 3762 472 3830 vigilans
483 3766 511 3814 et
522 3769 634 3828 paratus
646 3760 681 3812 sd
689 3758 817 3812 comum!
828 3760 894 3812 licet
902 3768 947 3811 ex·

146 3838 232 3886 trema
242 3831 358 3883 baereat
369 3832 461 3899 plage,
470 3845 580 3897 semper
591 3831 621 3879 in
631 3828 753 3882 medium
765 3832 866 3881 currit:
881 3827 947 3897 qula

145 3901 184 3953 sic
196 3901 317 3953 maimo
328 3907 417 3952 totum
430 3899 612 3952 concutiendo
622 3898 759 3964 implicat.
782 3897 874 3951 Scissa
884 3912 948 3965 pro·

146 3972 218 4022 tinus
228 3970 333 4031 reiicit,
352 3969 387 4020 ed
398 3968 551 4036 polituram
567 3968 698 4020 sarciens.
732 3965 859 4035 iilumque
872 3975 901 4018 et
911 3966 950 4017 la·

146 4045 283 4091 certamus
289 4038 398 4091 catulos
409 4044 557 4091 venantur:
568 4050 600 4088 os
610 4037 729 4103 primum
741 4036 799 4089 teia
810 4036 947 4087 invoiven-

145 4115 196 4171 tes,
216 4114 248 4160 et
258 4115 325 4159 tunc
336 4107 447 4159 demum
469 4109 547 4159 labra
555 4112 674 4173 uosque
684 4120 779 4157 morsu
791 4104 953 4173 apprehen-¹

147 4177 256 4237 dentes,
262 4175 486 4242 amphitheatrali
496 4176 730 4245 spectaculorum
740 4176 865 4242 contigit.
876 4174 947 4224 Sunt

145 4261 177 4299 es
187 4262 225 4299 eo
237 4251 268 4297 et
279 4260 313 4295 au
351 4248 403 4299 ria
414 4249 524 4314 Quippe
532 4247 706 4297 incremento
719 4245 839 4295 amnium
852 4243 947 4294 futuro

145 4315 216 4367 teias
227 4326 295 4365 suas
306 4326 322 4363 a
334 4315 387 4366 tius
396 4318 505 4369 tollunt.
517 4314 603 4367 iidem
614 4327 713 4366 sereno
724 4316 948 4372 uenieruntnu·

144 4383 201 4435 bilo
224 4388 334 4435 texunt.
369 4384 490 4453 ideoque
501 4383 589 4436 multa
606 4396 709 4434 aranea
726 4381 854 4434 imbrium
865 4380 948 4447 signa

145 4458 215 4504 sunt.
230 4451 373 4507 renisam
392 4461 492 4521 putant
502 4466 564 4507 esse
585 4454 765 4521 quantem,
785 4464 888 4503 marem
900 4450 949 4518 qui

146 4528 272 4574 venetur:
283 4522 325 4574 itu
334 4522 414 4589 paritr
423 4525 485 4575 lieri
495 4523 600 4577 sterila
607 4521 747 4589 coningio.

176 4588 279 4644 XXIX.
298 4594 399 4645 annet
415 4593 583 4646 conueniunt
600 4592 741 4643 clunibus:
762 4589 948 4655 pannntvsr·

147 4660 262 4712 mimlos
271 4662 333 4712 nris
343 4662 458 4715 similes.
483 4662 555 4713 Nam
567 4674 617 4713 nee
627 4659 725 4712 borum
737 4656 844 4714 differri
856 4662 949 4725 potest

146 4728 285 4795 genitura,
305 4731 435 4797 moniam
446 4732 616 4783 insectorum
628 4731 675 4782 rix
686 4730 745 4780 ulia
755 4728 812 4779 alia
824 4728 949 4780 narratio

146 4805 195 4848 est.
231 4798 350 4850 Pariunt
361 4807 454 4851 autem
465 4816 518 4851 ora
529 4815 562 4851 ea
573 4799 601 4849 in
614 4800 694 4862 telas,
706 4797 755 4851 sed
767 4812 872 4865 sparsa,
884 4799 950 4864 quia

145 4867 351 4935 tollebantque
360 4873 404 4921 ita
413 4870 553 4920 emittunt.
566 4867 719 4935 l’lrtslangla
728 4872 837 4918 tantum
848 4867 875 4916 in
886 4866 948 4933 ipso

194 4950 230 4988 eu
240 4938 377 4990 incubant
394 4950 525 5006 ntupum
540 4950 700 4990 nnmerum:
721 4937 767 5004 qui
782 4942 813 4987 ut
825 4937 951 5000 enterslt,

144 5004 262 5065 mitreus
273 5008 424 5069 consumit,
436 5022 521 5074 saepe
529 5014 558 5059 et
567 5012 689 5073 patrem:
700 5005 815 5058 adiurat
826 5004 898 5057 enim
909 5005 949 5056 in·

144 5073 258 5126 sabare.
292 5075 411 5128 Pariunt
421 5084 515 5130 autem
526 5084 556 5129 et
566 5078 696 5137 insenos,
712 5081 823 5127 ceterae
834 5075 948 5140 paucio·

141 5154 198 5195 ree.
221 5144 259 5195 iit
269 5143 403 5199 incubant
413 5144 514 5199 triduo.
535 5146 767 5197 &asummantur
777 5144 872 5197 aranei
884 5156 950 5210 qus·

142 5216 190 5265 ter
200 5214 324 5278 septenis
335 5214 444 5268 diebus.

993 370 1146 453 virginibus
1161 374 1242 428 letali
1257 389 1365 445 semper
1385 376 1457 443 ictu,
1478 385 1506 432 et
1525 379 1635 431 festinis
1646 379 1704 435 iere
1715 383 1744 436 in
1755 392 1797 439 to·

993 445 1066 491 tum:
1077 443 1245 497 vrrisautem
1258 448 1406 509 matutino,
1419 456 1551 501 exeuntes
1563 452 1795 519 caterniaprius·
1808 474 1814 479 ·

994 523 1075 631 guam
1088 511 1181 578 aliquo
1194 515 1311 567 ior'tulto
1323 520 1379 567 irtu
1397 517 1519 568 ieiunum
1531 528 1797 586 egeruntrenenunr.

1014 593 1110 646 emper
1120 581 1207 633 cauda
1223 582 1251 633 in
1266 584 1323 635 ictu
1339 592 1395 637 est:
1415 585 1546 653 nulloque
1559 596 1699 642 momento
1710 592 1797 645 medi·

994 649 1051 700 tari
1062 657 1161 712 cessat,
1172 664 1206 701 ne
1218 652 1327 717 quando
1338 652 1411 707 desit
1423 656 1571 708 occasioni.
1599 657 1678 710 Ferit
1690 668 1719 713 et
1731 663 1799 715 obii·

996 731 1050 784 quo
1063 719 1131 779 ictu,
1152 726 1180 769 et
1191 720 1302 771 iniiero.
1327 722 1467 775 Venenum
1479 725 1513 776 ab
1525 724 1559 776 iis
1575 727 1722 781 candidum
1734 731 1796 784 iun·

995 787 1023 837 di
1034 787 1221 854 Apollodorus
1233 796 1330 840 auctor
1341 801 1383 843 cst
1392 828 1400 855 ,
1421 793 1448 843 in
1467 808 1562 847 norem
1580 809 1684 863 genera
1694 798 1797 853 descri-

996 856 1051 923 ptis
1062 870 1111 923 per
1123 857 1230 907 colores
1243 858 1376 911 nisiinter
1398 872 1581 928 supervacuo,
1601 870 1731 932 quoniam
1742 886 1797 922 non

995 931 1038 976 est
1048 925 1128 986 scire,
1149 940 1219 992 quos
1230 928 1343 979 nrirrlme
1354 929 1481 982 exitiales
1491 933 1670 998 praedixerit.
1707 937 1799 990 Genti.

995 1009 1046 1046 nos
1056 994 1218 1061 quibusdam
1231 995 1344 1047 aculeos
1356 1013 1429 1050 esse:
1451 1015 1595 1070 nraresque
1611 1007 1797 1059 saevissimos.

995 1063 1064 1116 iilam
1083 1067 1187 1115 coitum
1204 1065 1240 1117 iis
1257 1064 1363 1117 tribuit.
1401 1068 1626 1136 inteiligiautem
1638 1076 1798 1142 gracilitate

995 1134 1080 1185 etion
1103 1133 1219 1187 itudine.
1258 1134 1396 1187 Venenum
1408 1139 1534 1188 omnibus
1551 1143 1715 1207 mediodie,
1737 1161 1797 1199 cum

996 1148 1162 1256 incanduere
1174 1202 1249 1255 Solis
1259 1205 1419 1257 ardoribus:
1431 1206 1554 1274 itemque
1566 1224 1628 1262 cum
1639 1214 1746 1278 eitiunt,
1758 1217 1798 1267 in-

997 1272 1150 1338 explebiles
1159 1280 1237 1341 potu.
1266 1276 1382 1326 Constat
1394 1282 1423 1327 et
1433 1285 1548 1344 septena
1559 1280 1663 1334 caudae
1674 1284 1796 1337 interno·

996 1341 1043 1392 dio
1053 1343 1179 1394 saeviora
1190 1357 1267 1395 esser
1279 1344 1403 1412 pluribus
1415 1349 1486 1397 enim
1499 1362 1564 1399 sena
1574 1358 1646 1401 sunt.
1665 1348 1728 1405 lioc
1739 1369 1796 1405 rna·

995 1409 1053 1461 ium
1065 1411 1175 1464 Africae
1185 1411 1299 1466 volucre
1310 1415 1394 1465 etiam
1406 1416 1499 1466 riustri
1511 1415 1633 1480 faciunt,
1653 1420 1796 1487 pandenti-

996 1480 1047 1531 bus
1059 1479 1187 1544 brachia,
1207 1488 1237 1532 ut
1255 1483 1373 1551 remigia
1389 1484 1575 1538 subleuantes.
1611 1489 1632 1539 Α
1655 1489 1798 1544 eliodorus

996 1547 1072 1609 item,
1093 1549 1175 1616 plone
1186 1550 1348 1618 quibusdam
1361 1554 1451 1605 inesse
1462 1569 1568 1621 pennas
1579 1502 1674 1608 trufis.
1712 1559 1800 1628 Saepe

996 1617 1100 1685 Psylli,
1122 1621 1167 1685 qni
1185 1620 1356 1687 reliquarum
1373 1638 1480 1675 renuens
1491 1631 1626 1677 terrarum
1637 1624 1800 1682 inrelrentes

996 1695 1128 1753 quaestus
1144 1688 1188 1739 sul
1208 1704 1293 1742 eausa
1310 1691 1464 1758 peregrinis
1486 1693 1567 1746 malis
1583 1696 1735 1764 implevere
1748 1698 1800 1750 lta·

996 1756 1076 1819 liam,
1096 1756 1147 1808 hos
1159 1772 1268 1826 quoque
1278 1759 1429 1827 importare
1444 1763 1538 1815 conati
1549 1772 1626 1815 sunt:
1648 1764 1696 1818 sed
1708 1769 1801 1819 rivere

996 1826 1071 1877 intra
1085 1826 1170 1878 Siculi
1186 1828 1255 1879 caeli
1273 1830 1415 1897 regionem
1433 1845 1489 1882 noo
1506 1839 1630 1899 potuere.
1667 1833 1802 1888 visuntur

996 1902 1088 1947 tamen
1109 1896 1258 1963 aliquando
1276 1898 1412 1962 initalia,
1431 1899 1482 1951 sed
1501 1902 1628 1967 innocui;
1651 1904 1802 1973 stultisque

996 1964 1060 2016 aliis
1071 1968 1098 2016 in
1111 1965 1193 2029 locis,
1216 1973 1247 2018 ut
1258 1967 1333 2019 cirea
1342 1966 1461 2020 Pinarum
1478 1970 1506 2020 in
1516 1973 1654 2040 Aegypto.
1690 1975 1721 2025 in
1734 1974 1801 2044 Sey·

996 2034 1056 2085 tbia
1066 2034 1232 2088 interimunt
1244 2038 1328 2089 etiam
1339 2050 1412 2099 sues,
1432 2038 1558 2108 alioquln
1570 2041 1724 2094 viraciores
1735 2059 1799 2097 corr.

996 2111 1041 2155 tra
1049 2118 1157 2156 venena
1169 2106 1249 2158 talia:
1260 2106 1356 2174 nigras
1368 2106 1478 2174 quidem
1489 2109 1619 2174 celerius,
1629 2111 1654 2161 si
1666 2112 1800 2180 inaquam

996 2188 1026 2225 se
1037 2175 1231 2226 immerserint.
1268 2175 1381 2227 liomini
1400 2178 1457 2229 icto
1473 2185 1589 2244 putatur
1605 2195 1666 2237 esse
1677 2183 1801 2234 sennodio

996 2242 1119 2308 ipsorum
1132 2244 1201 2295 cinis
1214 2251 1298 2310 potus
1309 2246 1338 2296 in
1351 2246 1421 2296 rino.
1459 2247 1591 2314 Magnam
1603 2249 1801 2304 adversitatem

997 2311 1061 2362 oleo
1083 2312 1182 2363 mersis
1204 2318 1233 2364 et
1253 2314 1430 2366 stellionibus
1449 2323 1549 2383 putant
1572 2334 1648 2373 esse:
1674 2319 1801 2373 innocuis

996 2380 1143 2432 dumtaxat
1154 2382 1199 2443 ils,
1211 2383 1294 2448 quiet
1305 2384 1358 2450 ipsi
1371 2392 1465 2435 carent
1476 2388 1620 2454 sanguine,
1632 2390 1800 2440 lacertarum
1843 2384 1847 2403 '

997 2446 1096 2514 ligura.
1111 2451 1200 2516 Atque
1210 2453 1373 2518 scorpiones
1384 2454 1413 2504 in
1424 2459 1511 2505 totum
1525 2455 1609 2508 nullis
1621 2471 1730 2518 nocere,
1741 2460 1800 2523 qui·

996 2519 1048 2567 bus
1060 2519 1162 2568 nonsit
1173 2521 1294 2583 sanguis.
1331 2520 1452 2581 Quidam
1468 2528 1495 2572 et
1506 2524 1540 2574 ab
1551 2525 1620 2587 ipsis
1631 2523 1739 2575 loetum
1752 2526 1800 2577 tie·

998 2585 1090 2636 sorori
1101 2587 1283 2638 arbitrantur.
1319 2586 1409 2636 Unum
1421 2586 1504 2640 modo
1522 2591 1640 2655 relinqui
1652 2593 1802 2643 solertissi-

998 2668 1082 2715 mum,
1103 2665 1131 2705 et
1153 2656 1199 2720 qui
1219 2668 1250 2705 se
1264 2653 1354 2720 ipsius
1370 2657 1467 2706 matris
1486 2657 1614 2709 clunibus
1624 2660 1801 2727 imponendo,

998 2728 1077 2773 tutus
1087 2728 1116 2775 et
1127 2737 1144 2773 a
1154 2721 1243 2774 cauda
1254 2729 1282 2775 et
1294 2738 1310 2775 a
1321 2736 1415 2774 nrorsu
1427 2724 1489 2775 ioco
1501 2726 1559 2778 iiat.
1596 2728 1676 2780 liunc
1687 2743 1748 2781 esse
1762 2746 1801 2781 re-

999 2792 1136 2859 liquorum
1154 2792 1291 2854 ultorem,
1314 2791 1362 2860 qui
1373 2790 1515 2859 postremo
1532 2796 1673 2863 genitores
1684 2810 1802 2866 superne

998 2860 1134 2913 conficiat.
1170 2860 1323 2914 Pariuntur
1333 2869 1425 2914 autern
1437 2864 1549 2916 undeni.

1032 2928 1132 2982 xxxi.
1145 2928 1378 2984 Cbanrseleonum
1390 2931 1534 2984 stelliones
1542 2932 1748 3000 quodammodo
1756 2952 1802 2989 rra·

998 3004 1089 3050 turam
1101 2998 1212 3063 habent,
1224 3014 1288 3051 rore
1299 3005 1408 3051 tantum
1418 3001 1553 3064 virentes,
1564 3010 1728 3071 praeterque
1741 3020 1802 3057 ara·

997 3084 1065 3118 ners.

1035 3134 1148 3187 xxxii.
1166 3135 1272 3187 Similis
1285 3136 1389 3190 cicadis
1400 3138 1472 3189 rita:
1492 3153 1607 3206 quarum
1619 3139 1673 3193 duo
1683 3156 1801 3210 genero:

997 3202 1126 3265 minores,
1137 3217 1209 3270 quoe
1220 3206 1326 3270 primae
1336 3205 1510 3271 proveniunt,
1527 3214 1555 3259 et
1566 3210 1731 3262 novissimae
1741 3226 1802 3278 pcr-

997 3279 1077 3324 eunt:
1098 3280 1165 3324 suist
1181 3278 1274 3325 autem
1292 3280 1393 3327 mistae.
1431 3274 1554 3342 Sequens
1571 3284 1613 3329 est
1624 3277 1719 3330 volatu
1730 3295 1802 3332 rara.

998 3340 1077 3402 Quae
1088 3348 1200 3404 canunt,
1210 3351 1347 3395 vocantur
1357 3342 1491 3396 achetae:
1513 3353 1541 3397 et
1553 3360 1621 3413 quac
1633 3347 1757 3401 minores
1768 3366 1801 3401 ex
1854 3394 1860 3405 ι

997 3410 1042 3461 bis
1053 3418 1124 3474 suut,
1135 3411 1317 3479 iettlgoniae:
1337 3412 1385 3464 sed
1397 3413 1463 3465 illae
1476 3416 1564 3481 magis
1575 3428 1703 3469 canorae.
1740 3419 1801 3469 iin-
1833 3418 1836 3428 ¹

998 3494 1044 3532 res
1055 3486 1157 3531 canunt
1170 3480 1197 3530 in
1208 3489 1273 3532 utro
1295 3496 1329 3533 ue
1341 3496 1453 3549 genere:
1466 3482 1589 3536 leoninae
1599 3485 1693 3537 silent:
1706 3492 1803 3552 gentes

998 3556 1148 3601 vescuntur
1157 3550 1191 3600 iis
1202 3496 1396 3613 studentem,
1408 3553 1491 3603 etiam
1503 3551 1599 3603 Partbi
1611 3554 1708 3620 opibus
1718 3554 1802 3607 abun·

999 3616 1138 3672 dantibus.
1168 3618 1238 3672 Ante
1249 3620 1353 3672 coitum
1366 3635 1455 3673 orares
1466 3618 1636 3688 praeierunt,
1648 3640 1665 3675 n
1678 3622 1752 3675 ooitu
1766 3624 1803 3677 ie·

1000 3687 1097 3749 urinas,
1108 3686 1168 3738 oris
1179 3702 1272 3763 earum
1285 3690 1427 3758 correptis,
1438 3705 1508 3758 quae
1518 3700 1583 3744 sont
1594 3692 1720 3745 candido.
1742 3695 1803 3746 Coi·

1000 3763 1044 3807 tos
1056 3754 1171 3824 supinis.
1208 3756 1353 3825 Asperitas
1365 3760 1516 3826 piaeacuta
1531 3760 1559 3812 in
1571 3761 1669 3827 dorso,
1689 3778 1743 3829 qun
1755 3779 1804 3816 eu-

1000 3833 1099 3877 carnnt
1109 3824 1237 3879 foeturae
1247 3828 1340 3879 iocum
1351 3828 1380 3880 in
1396 3835 1480 3882 terra.
1509 3828 1556 3882 Fit
1568 3830 1658 3896 primo
1671 3831 1803 3883 vermicu·

1000 3895 1051 3956 lus,
1064 3893 1126 3947 dein
1138 3908 1172 3946 ex
1184 3909 1228 3965 eo,
1240 3912 1309 3963 quae
1320 3904 1437 3949 vocatur
1447 3899 1733 3968 tettigometra,euius
1745 3914 1803 3950 cor·

1000 3965 1055 4015 tice
1066 3969 1150 4083 rupto
1162 3964 1234 4017 circa
1245 3966 1369 4017 solstitia
1379 3966 1501 4031 evolant,
1513 3975 1596 4020 noctu
1609 3983 1731 4034 semper:
1749 3969 1803 4033 pri·

999 4048 1072 4083 mum
1085 4048 1102 4084 n
1114 4048 1181 4101 grae
1192 4041 1275 4101 atque
1285 4036 1381 4088 durae.
1417 4036 1506 4087 Unum
1519 4034 1572 4087 berc
1589 4052 1622 4088 ex
1638 4036 1753 4102 linquae
1766 4036 1803 4085 ri·

999 4109 1075 4163 runt,
1097 4111 1126 4154 et
1136 4101 1195 4155 slne
1208 4118 1257 4156 ore
1270 4111 1320 4156 est.
1359 4104 1412 4156 Pro
1424 4118 1457 4155 eo
1470 4104 1601 4170 quiddam
1613 4103 1803 4154 aculeatarum

1000 4169 1104 4239 linguis
1116 4171 1251 4234 similest
1261 4171 1314 4224 boe
1325 4174 1353 4223 in
1367 4179 1487 4239 pertore,
1500 4186 1657 4240 quererent
1670 4171 1803 4224 laorbunt.

1001 4239 1120 4291 Pectusl
1141 4254 1201 4290 sum
1213 4240 1383 4292 iistulosunr:
1405 4241 1457 4292 boc
1469 4248 1570 4292 canunt
1581 4238 1706 4302 achetae,
1720 4250 1750 4293 ut
1762 4240 1803 4291 di·
1880 4246 1884 4255 '

1001 4308 1101 4360 ximus.
1150 4316 1272 4360 caetero
1282 4310 1310 4360 in
1323 4317 1419 4363 ventre
1430 4308 1499 4359 nibil
1512 4318 1563 4361 est.
1585 4309 1731 4362 Excitatus
1742 4326 1803 4362 cum

1001 4377 1160 4440 subvolant,
1172 4376 1314 4429 humorem
1327 4378 1455 4440 reddunt,
1470 4378 1543 4444 quod
1556 4378 1645 4429 solum
1657 4394 1789 4448 argenteo

1001 4454 1060 4500 tum
1072 4451 1115 4498 est
1126 4458 1190 4497 rore
1200 4460 1247 4499 eas
1260 4446 1306 4497 nii.
1343 4447 1442 4499 lisdem
1454 4448 1523 4498 solis
1535 4447 1639 4499 nulium
1661 4447 1696 4500 od
1709 4465 1804 4502 excre-

1001 4523 1095 4569 menta
1106 4515 1377 4581 corporisiuramen.
1415 4517 1494 4569 Oculi
1508 4522 1564 4569 tam
1586 4514 1715 4582 hebetes,
1738 4525 1768 4570 ut
1779 4520 1804 4571 si

1002 4587 1064 4655 quis
1076 4584 1195 4653 digitum
1208 4584 1374 4639 contrahens
1391 4602 1423 4638 ac
1442 4586 1588 4639 remittens
1608 4588 1802 4656 iisappropin-

1002 4660 1077 4724 quei,
1089 4662 1235 4706 transeant
1245 4655 1322 4707 reiut
1335 4656 1361 4707 in
1374 4653 1452 4707 lolia.
1489 4654 1609 4721 Quidam
1622 4658 1675 4711 duo
1687 4659 1744 4710 alia
1755 4674 1803 4726 ge·

1003 4741 1069 4778 nera
1080 4720 1189 4778 iaciunt
1201 4736 1309 4777 aarum:
1321 4726 1512 4790 srrrculuriatu,
1527 4744 1597 4795 quae
1607 4728 1646 4781 sit
1657 4727 1804 4795 grandior:

1002 4794 1223 4856 frumentun-ian,
1235 4810 1315 4861 quam
1326 4794 1375 4847 alil
1387 4796 1545 4849 arenariam
1558 4803 1667 4850 rorant.
1684 4798 1806 4863 Apparet

1002 4866 1075 4917 enlm
1087 4865 1170 4915 simul
1182 4879 1243 4915 cum
1256 4866 1400 4916 frumentis
1411 4868 1609 4918 arescentibus.
1622 4865 1739 4918 Cicadae
1750 4883 1805 4919 non

1003 4934 1187 4985 nmeunturin
1198 4932 1315 4986 raritate
1327 4936 1470 4986 arborum:
1492 4935 1598 4987 idcirco
1610 4949 1663 4985 non
1675 4941 1739 4986 sunt
1750 4936 1804 5002 (⁸5-

1003 5000 1158 5054 renisolrea
1167 5002 1309 5068 oppidum:
1323 5016 1373 5055 nec
1383 5002 1409 5054 in
1421 5006 1534 5071 canapis,
1542 5020 1591 5055 nec
1601 5002 1628 5053 in
1640 5002 1748 5070 frigidis
1758 5008 1807 5052 aut

1002 5071 1139 5122 umbrosis
1150 5070 1317 5123 nemoribus.
1330 5070 1380 5124 Est
1392 5072 1527 5140 quaedum
1539 5080 1567 5123 et
1578 5070 1613 5121 iis
1624 5072 1747 5121 locorum
1755 5069 1807 5121 dii·

1003 5138 1133 5192 ferentia.
1169 5136 1552 5260 lnbiilesiaregionepaucis
1565 5137 1718 5189 suntloeis.
1750 5134 1805 5184 Sed

1004 5209 1033 5259 in
1043 5204 1214 5272 cephalonia
1223 5208 1312 5260 amnis
1350 5224 1367 5260 a
1380 5209 1443 5260 dam
1454 5209 1595 5278 penuriam
1608 5219 1702 5255 earum
1722 5207 1750 5251 et
1760 5214 1805 5247 co·

178 5280 271 5333 xxx.
290 5283 479 5336 stortisarius
498 5282 700 5351 etscorpiones
711 5286 872 5342 terrestres,
892 5290 955 5329 vere
1005 5278 1076 5343 piam
1089 5273 1202 5324 dirimit.
1238 5277 1313 5328 rw·
1348 5276 1447 5312 ιη’-ι
1459 5292 1527 5346 agen
1538 5274 1624 5325 silent
1634 5280 1744 5321 oannes:
1760 5262 1804 5312 ui-

140 5346 951 5420 miculosorornmspeciepariunt,similiterquepereuntc

138 5420 233 5487 pestis
243 5420 411 5487 importuna,
431 5424 530 5475 veneni
540 5422 722 5488 serpentium,
739 5419 793 5471 nisi
804 5416 876 5484 quod
887 5424 953 5482 gra-

137 5490 222 5544 viore
237 5491 376 5559 supplicio
397 5493 477 5546 lenta
491 5491 673 5560 pertriduum
692 5494 783 5542 morte
793 5485 952 5546 coniciunt,

1516 5340 1669 5394 Poenarum
1685 5330 1742 5380 iliis
1755 5343 1804 5381 na.

1550 5420 1575 5457 nt
1597 5403 1656 5450 lior.

1616 5460 1695 5508 alnas
1706 5468 1806 5523 gerunt

1004 5351 1049 5395 tra
1060 5342 1161 5396 dumea
1177 5340 1208 5394 ln
1219 5342 1241 5396 i.

1005 5412 1217 5534 ‘'initui“
