4374 6014
341 358 373 420 C·
399 352 547 417 PLINll
576 352 788 415 SECUNDI
813 352 981 417 Nerua.
1004 354 1198 416 HlSTOll.
1234 356 1315 416 titt.
1338 355 1508 419 XXXVI.
1538 361 1632 421 CAP.
1654 368 1707 425 at.
1787 368 1854 433 409

188 510 352 581 Phrygibus
374 506 540 569 mirabilem,
562 504 709 574 lorumque
729 504 796 558 Diri
817 507 945 575 Augusti,
967 512 995 559 et

189 583 326 648 tempium
336 578 418 632 l’acis
431 578 598 646 vespasiani
610 578 789 644 imperatoris
798 577 927 697 Αιιῖιιιῑὶ,
938 577 997 643 pul·

191 652 329 705 cherrima
352 663 486 715 operum,
518 662 590 715 quae
608 662 740 714 unquam:
772 646 842 698 Paat
863 662 915 699 eon
937 647 996 698 lori

190 721 285 774 Ultori
295 720 330 770 ab
341 721 465 785 Agrippa
476 717 596 779 lactum,
616 733 678 768 cum
689 717 830 769 theatrum
842 730 908 769 ante
920 723 997 768 texe·

190 792 230 845 rit
245 791 349 851 Romae
367 788 496 843 Valerius
512 787 651 839 Ostiensis
670 785 841 840 architectus
856 785 930 838 ludis
947 785 995 837 Li·

191 859 295 914 bonici
634 866 640 871 '

226 930 253 981 2.
274 924 441 995 Pyramides
456 941 554 993 regum
577 927 723 987 unirentur,
746 942 807 979 cum
823 925 914 977 solum
933 929 995 975 tan·

190 1008 251 1053 tum
276 997 339 1050 loro
360 997 531 1048 exstruendo
542 997 568 1048 il
576 1024 587 1036 ·
598 996 625 1048 S.
636 996 741 1048 millies
753 998 856 1049 Caesar
875 995 998 1049 dictator

192 1068 307 1123 emerit:
329 1073 357 1118 et
373 1065 398 1118 si
409 1065 520 1133 quidem
537 1066 678 1133 impensae
693 1071 806 1118 moreat
822 1072 919 1132 captos
935 1079 998 1116 ara·

191 1139 261 1192 ritia
271 1137 389 1199 animos,
400 1135 429 1186 P.
442 1137 564 1198 Clodius,
586 1152 667 1206 quem
681 1137 752 1188 htito
765 1136 878 1198 occidit,
897 1141 998 1187 sester-

191 1210 264 1262 tium
275 1206 381 1259 centies
395 1213 423 1259 et
444 1206 611 1275 quadragies
629 1207 718 1259 octies
735 1204 818 1258 donno
829 1212 904 1259 emta
922 1202 997 1256 habi·

192 1277 310 1330 raverit:
342 1276 416 1342 quod
430 1275 557 1342 equidem
575 1292 630 1327 aon
649 1292 743 1337 secus,
762 1291 796 1328 ac
813 1289 909 1344 regum
924 1276 998 1326 insa·

193 1350 282 1410 niam,
302 1345 397 1397 miror.
434 1346 530 1413 ltaque
541 1353 571 1398 et
591 1348 680 1413 ipsum
693 1333 827 1398 Milonem
838 1344 996 1399 sestertium

193 1418 394 1485 septingenties
414 1417 489 1468 aeris
510 1417 596 1468 alieni
615 1416 754 1480 debuisse,
774 1419 848 1469 inter
867 1415 999 1483 prodigia

194 1487 278 1540 animi
290 1486 402 1537 humani
411 1484 491 1538 duco.
527 1486 581 1539 Sed
598 1493 664 1539 tunc
674 1502 755 1539 senes
766 1487 879 1554 aggeris
889 1492 997 1536 vastum

194 1557 367 1626 spatiumst
387 1556 610 1608 substructiones
630 1557 744 1608 insanas
761 1556 896 1623 Capitolii
917 1556 998 1605 arira·

192 1629 314 1681 bantur:
337 1633 484 1693 praeterea
503 1627 626 1679 cloacas:
648 1642 763 1695 operum
782 1629 901 1677 onmium
919 1622 997 1675 dictu

192 1701 354 1757 maximum,
373 1696 502 1748 suffossis
514 1697 664 1758 montibus,
685 1704 768 1764 atque
784 1701 826 1758 (ut
838 1694 922 1763 paulo
932 1699 998 1747 aute

192 1768 353 1829 retulimus)
363 1768 431 1819 urbe
442 1768 552 1833 pensili,
574 1768 724 1834 subterque
733 1767 877 1832 navigata.

228 1851 254 1904 3.
267 1854 287 1905 h
299 1854 338 1904 Μ.
348 1851 469 1919 Agrippa
481 1853 509 1902 in
523 1850 668 1903 aedilitate
679 1857 743 1918 post
755 1851 938 1911 consulatum,
950 1863 1000 1917 per

191 1929 301 1974 meatus
312 1922 443 2001 cqrrivati
458 1926 564 1986 septem
577 1936 679 1981 amnes,
697 1936 835 1989 cursuque
848 1917 998 1987 praecipiti

190 1992 358 2043 torrentium
371 1989 454 2041 modo
467 2003 567 2055 rapere
577 1996 661 2056 atque
671 1991 783 2043 auterre
794 1992 889 2043 omnia
901 1987 1000 2050 coacti,

190 2060 307 2128 insuper
317 2060 391 2111 mole
401 2060 533 2110 imbrium
545 2061 688 2122 concitati,
710 2061 780 2112 rada
793 2077 825 2112 ac
836 2061 925 2111 latera
935 2072 998 2124 qua·

121 2134 136 2159 ⁶
191 2132 280 2181 tiunt:
299 2127 449 2195 aliquando
467 2127 580 2180 Tiberis
600 2135 677 2180 retro
696 2126 784 2181 inlusi
800 2126 1000 2195 recipiuntllu·

193 2206 264 2262 ctus,
287 2205 464 2266 pugnantque
486 2197 590 2248 diversi
601 2213 742 2264 aquarum
764 2201 885 2265 impetos
906 2198 998 2248 intus:

193 2273 223 2321 et
234 2275 327 2320 tamen
339 2270 441 2319 obnisa
452 2267 570 2317 llrmitas
585 2268 703 2319 resistit.
739 2268 901 2318 Trabantur
911 2266 1000 2316 ntoles

192 2339 323 2391 internae
334 2346 437 2398 tantae,
462 2350 516 2387 non
528 2335 770 2385 succumbentibus
785 2335 877 2384 causis
888 2334 981 2397 operis
993 2348 999 2379 :

193 2408 308 2478 pulsant
317 2408 414 2457 ruinae
426 2410 525 2471 sponte
537 2403 724 2470 praecipites,
751 2409 800 2452 aut
810 2403 949 2469 impactae
959 2400 1000 2450 in·

195 2477 320 2530 cendiist
341 2475 467 2543 quatitur
476 2474 566 2525 solunt
578 2481 671 2524 terrae
683 2472 822 2522 motibusr
845 2471 947 2521 durant
960 2474 1001 2518 ta·

194 2564 258 2601 rnen
268 2564 285 2600 a
297 2546 452 2612 Tarquinio
463 2543 559 2594 Prisco
571 2542 822 2608 annisDCCprope
834 2540 1000 2606 inexpugna-

194 2618 280 2669 biles:
301 2629 356 2665 non
379 2612 533 2664 omittendo
554 2610 729 2663 memorabili
742 2610 881 2677 exemplo,
900 2608 946 2660 rel
968 2621 1002 2660 ea

195 2686 306 2752 magis,
332 2684 463 2750 quoniam
485 2680 674 2733 celeberrimis
696 2696 789 2733 rerunt
811 2676 1003 2732 conditoribus

197 2759 329 2808 antissam
342 2759 400 2804 est:
417 2768 477 2804 cum
490 2752 516 2802 id
529 2767 599 2819 opus
610 2751 779 2820 Tarquinius
791 2750 903 2803 Priscus
915 2748 1003 2816 plebis

194 2824 322 2879 manibus
345 2823 459 2886 faceret,
479 2829 607 2888 essetque
629 2821 710 2873 labor
731 2822 869 2874 incertum
889 2819 1004 2884 longior

196 2912 233 2948 an
273 2893 454 2953 ericulosior,
477 2893 578 2959 passim
599 2893 725 2943 conscita
746 2907 821 2953 nece,
844 2888 1003 2953 Quiritibus

195 2910 319 3019 taethom
331 2962 515 3031 fugientibus,
537 2977 637 3013 aarum
649 2970 677 3013 et
689 2961 907 3028 inexcogitatum
921 2967 1004 3011 antra

194 3042 350 3105 posteaque
362 3032 514 3085 remedium
527 3032 631 3083 int-enit
642 3032 692 3084 ille
703 3048 770 3095 rex,
790 3038 820 3082 ut
833 3032 953 3083 omnium
964 3031 1005 3078 ita

195 3105 390 3157 detunctorum
408 3104 508 3171 ligaret
522 3102 650 3154 crucibus
669 3117 787 3170 corpora
805 3098 957 3168 spectanda
968 3097 1004 3148 ci·

194 3176 286 3237 ribus,
296 3174 380 3226 simul
390 3181 419 3224 et
433 3173 500 3224 ieris
508 3170 719 3239 volucribusque
732 3170 891 3223 laceranda.
902 3170 1004 3230 Quam·

195 3246 292 3298 obreat
306 3243 394 3311 pudor
414 3242 493 3293 Rom.
510 3242 628 3292 nominis
645 3244 782 3309 proprius,
805 3243 850 3307 qui
863 3255 945 3307 saepe
958 3252 1003 3289 res

195 3314 322 3386 perditas
334 3314 456 3363 servarit
467 3312 495 3361 in
510 3312 636 3376 proeliis,
658 3318 724 3363 tunc
735 3326 843 3379 qnoque
853 3308 1000 3362 subvenit:

196 3384 247 3438 sed
258 3383 308 3434 illo
321 3388 446 3448 tempore
458 3382 598 3447 imposuit,
618 3380 673 3430 lam
686 3382 863 3442 erubescens,
882 3394 943 3430 curn
956 3392 1002 3444 pu·

197 3455 278 3507 deret
297 3451 391 3512 riros,
410 3457 542 3518 tanquam
566 3448 725 3515 puditurum
746 3455 819 3501 esset
839 3449 1002 3500 exstinctos.

196 3519 417 3589 Amplitudinem
430 3523 505 3572 cavis
518 3534 578 3570 eam
590 3518 691 3570 iecisse
703 3519 839 3586 proditur,
863 3524 895 3570 ut
904 3515 1001 3570 vehent

196 3594 275 3647 foeni
286 3591 364 3659 large
374 3595 503 3641 onustam
520 3591 735 3640 transmitteret.

233 3677 259 3729 4,
280 3677 367 3729 Parra
377 3681 442 3726 sunt
454 3682 561 3737 cuncta,
573 3690 645 3742 quae
656 3673 788 3735 diximus,
811 3679 840 3727 et
851 3673 946 3725 omnia
956 3672 1004 3723 uni

197 3747 387 3812 comparanda
396 3745 543 3806 miraculo,
555 3752 702 3810 antequam
715 3760 786 3795 nora
796 3746 943 3811 attingam.
963 3743 1002 3794 Μ.

196 3816 315 3885 Lepido,
327 3816 360 3876 Q.
373 3815 473 3867 Catulo
485 3817 562 3866 Coss.
573 3821 605 3864 ut
616 3820 727 3865 constat
738 3814 811 3865 inter
823 3812 1003 3879 diligentissi-

195 3902 258 3939 mos
270 3892 407 3947 auctores,
419 3884 667 3952 dornuspulchrior
677 3900 731 3934 non
744 3881 910 3936 lnitliomae
921 3897 1002 3948 quam

195 3955 300 4022 Lepidi
314 3956 409 4022 ipsius.
433 3959 468 4009 At
479 3954 591 4008 hercule
601 3955 676 4006 intra
687 3968 775 4004 annos
786 3952 892 4004 XXXV
905 3953 1003 4004 eadem

198 4026 380 4079 centesimum
402 4025 493 4077 locum
508 4041 561 4077 non
578 4022 709 4076 obtinuit.
746 4024 896 4088 Computet
913 4024 941 4072 ia
953 4020 1005 4072 hae

158 4126 161 4135 »
198 4096 406 4153 aestimatione,
427 4092 473 4160 qui
488 4094 579 4154 volet,
602 4106 769 4141 marmorum
782 4092 896 4151 nrolem,
918 4105 1006 4155 opera

197 4165 346 4234 pictorum,
357 4161 497 4228 impendia
507 4161 624 4228 regalia,
636 4167 664 4211 et
676 4175 736 4210 cum
748 4158 936 4224 pulcherrima
948 4159 1005 4208 lau·

199 4232 402 4297 <latissimaque
423 4236 561 4281 certantes
582 4236 691 4281 centurn
713 4226 827 4279 domos:
855 4234 1005 4293 posteaque

200 4320 249 4355 eas
270 4301 304 4353 ab
326 4299 578 4351 innumerabilibus
598 4298 662 4348 aliis
675 4298 703 4348 ia
721 4294 794 4348 hunc
812 4296 885 4347 diem
906 4296 1003 4347 rictas.

199 4371 332 4426 Proiecto
349 4368 480 4420 incendia
498 4368 616 4434 puniunt
631 4367 741 4421 luxum:
763 4381 814 4419 nec
830 4372 923 4418 tamen
934 4365 1006 4417 ellici

199 4446 304 4564 potest,
319 4447 350 4491 ut
362 4453 453 4490 mores
466 4437 569 4507 aliquid
577 4439 637 4506 ipso
645 4435 756 4489 homine
767 4435 915 4488 mortalius
924 4435 1007 4488 intel·

215 4516 301 4580 agant·

236 4596 262 4649 h.
281 4595 398 4649 Sedeas
412 4608 508 4647 omnes
524 4594 597 4645 duae
613 4591 712 4644 domus
731 4593 869 4645 vicerunt.
905 4590 1006 4642 Bisrl·

201 4667 292 4720 dimus
312 4668 411 4720 arbem
427 4670 516 4715 totam
537 4662 610 4729 cingi
627 4662 755 4733 domibus
772 4661 927 4730 principum
946 4661 1007 4712 Caii

200 4746 230 4791 et
241 4737 368 4796 Neronis,
390 4740 420 4787 et
432 4732 512 4785 huius
529 4731 641 4799 quidem
663 4737 709 4793 (ne
724 4731 790 4801 quid
808 4730 933 4793 deesset)
956 4746 1005 4782 au-

200 4823 260 4860 ree.
297 4805 435 4858 Nimirum
448 4803 489 4854 sic
500 4801 662 4855 habitarunt
673 4802 725 4864 illi,
736 4803 783 4869 qui
793 4800 846 4853 hcc
857 4801 1006 4867 imperium

201 4875 304 4936 fecere,
323 4881 415 4926 tantas
427 4872 462 4923 ad
474 4871 623 4924 vincendas
635 4880 733 4939 gentes
744 4869 953 4938 triumphosque
965 4886 1007 4923 re·

200 4945 331 4998 ferendos
342 4945 376 4996 ab
387 4950 484 4995 aratro
495 4950 544 4993 aut
562 4941 626 4994 ioca
645 4948 796 5004 exeuntes,
816 4955 932 5008 quorum
945 4940 1009 5010 agri

201 5030 312 5084 qaoque
327 5013 462 5066 minorem
482 5012 595 5064 modum
612 5011 1006 5080 obtinueraqaamsellariae

200 5086 331 5138 istorum.

236 5170 263 5224 d.
282 5169 363 5223 Subit
373 5184 441 5222 vero
456 5168 607 5237 cogitatio,
626 5174 714 5237 quota
730 5168 824 5237 portic
839 5168 1008 5225 becumine-

201 5242 261 5293 rint
270 5254 353 5292 areae
363 5239 431 5291 illas
443 5276 452 5302 ,
473 5254 541 5306 quas
558 5238 670 5292 invictis
681 5239 901 5307 imperatoribus
913 5240 1007 5293 decer·

202 5312 308 5363 nebant
320 5308 430 5375 publice
442 5308 476 5359 arl
494 5309 679 5361 aedificandas
695 5309 808 5362 domest
826 5324 1006 5377 summasque

200 5380 315 5432 illarum
336 5375 424 5428 honos
445 5383 515 5438 erat,
536 5379 609 5431 sicut
627 5380 656 5431 in
673 5377 703 5429 P.
715 5377 830 5431 Valerio
851 5378 1006 5445 Publicola,

203 5448 253 5516 qui
264 5449 368 5515 primos
381 5446 478 5498 consul
487 5445 542 5498 init
553 5464 614 5499 cum
625 5449 659 5501 L.
669 5449 777 5512 Bruto,
797 5455 862 5515 post
873 5453 916 5501 tot
925 5453 1006 5501 meri·

198 5524 234 5548 Δ·
264 5522 296 5564 -t,
305 5514 550 5637 qufffiffii
559 5518 608 5638 'bip
624 5518 654 5569 in
664 5518 768 5640 ‘towns
774 5519 941 5639 agagistratu
954 5517 1004 5571 Sa·

519 5602 566 5638 ιοι
607 5602 716 5655 screa,
735 5603 753 5639 u
807 5603 885 5640 omos
907 5603 1004 5641 eorum

1050 513 1137 562 retur.
1173 507 1238 558 Hoc
1253 511 1315 560 erat
1334 507 1521 563 clarissimum
1540 511 1651 580 insigne
1667 515 1740 570 inter
1756 518 1855 572 trium·

1049 578 1149 647 phales
1159 592 1269 644 quoque
1281 578 1387 629 donros.

1085 650 1110 699 7.
1130 647 1191 699 h'on
1208 650 1347 713 patiemur
1363 647 1433 700 duos
1453 647 1552 711 Caius,
1573 649 1619 702 rel
1635 649 1705 702 duos
1721 652 1856 722 Nerones,

1050 733 1084 769 nc
1095 715 1147 768 hac
1158 717 1268 783 quidem
1280 717 1372 784 gloria
1392 717 1485 771 lamae
1495 718 1565 770 frui:
1587 719 1805 790 docebimusque
1814 732 1855 779 et·

1050 788 1106 838 iam
1131 786 1267 838 insaniant
1289 802 1385 839 eorum
1405 790 1506 840 rictatn
1529 788 1645 856 privatis
1667 794 1796 858 operibus
1814 796 1854 849 Μ.

1050 857 1159 918 Scauri,
1181 858 1260 907 cuius
1271 860 1363 910 nescio
1375 873 1409 908 an
1422 858 1556 910 aedilitas
1567 860 1686 911 maxime
1697 870 1857 926 prostrare·

1050 929 1088 979 rit
1099 942 1191 977 mores
1203 926 1310 988 eiriles,
1332 928 1475 995 maiusque
1486 928 1523 978 sit
1533 928 1628 981 Sullae
1640 929 1754 993 malum,
1776 939 1856 987 tanta

1050 996 1170 1063 privigni
1191 996 1334 1061 potentia,
1367 1012 1449 1064 quant
1472 999 1639 1065 proscriptio
1662 1005 1706 1051 tot
1727 999 1854 1056 millium.

1052 1066 1107 1117 ilie
1117 1065 1184 1117 lecit
1196 1066 1223 1116 in
1240 1065 1386 1118 aedilitate
1406 1082 1457 1118 sua
1474 1082 1544 1134 opus
1558 1069 1710 1120 maximum
1723 1072 1856 1136 omnium,

1052 1151 1124 1203 quae
1133 1149 1253 1202 unquam
1266 1135 1344 1189 luere
1354 1134 1475 1190 humana
1493 1153 1574 1190 manu
1587 1139 1735 1200 laetanea
1747 1147 1854 1208 tempo·

1051 1208 1126 1258 raria
1137 1219 1230 1267 ntora,
1252 1222 1345 1258 rerum
1361 1206 1446 1258 etiam
1463 1209 1640 1260 aeternitatis
1658 1208 1854 1266 destinatione.

1051 1273 1203 1327 Theatrum
1216 1274 1269 1328 hoc
1281 1275 1343 1328 luit.
1380 1276 1469 1330 Stena
1481 1278 1507 1330 ei
1514 1279 1616 1346 triplex
1628 1279 1655 1329 in
1668 1279 1855 1345 altitudinem,

1051 1344 1171 1397 CCCLX
1181 1345 1387 1410 columnarum,
1406 1348 1435 1398 in
1450 1363 1484 1401 ea
1495 1348 1625 1411 civitate,
1646 1363 1718 1416 qaae
1735 1364 1784 1401 sex
1796 1350 1856 1418 lly-

1050 1416 1163 1467 mettias
1182 1431 1237 1467 non
1255 1417 1360 1470 tulerat
1379 1417 1439 1470 sine
1465 1418 1568 1485 probro
1588 1418 1657 1469 ciris
1681 1418 1855 1486 amplissimi.

1052 1488 1111 1538 lrsa
1123 1501 1186 1555 pars
1198 1502 1298 1541 scenae
1310 1504 1326 1541 e
1344 1501 1481 1540 marmore
1493 1488 1559 1540 tuit:
1580 1487 1699 1540 mediae
1710 1490 1794 1551 ritro,
1815 1489 1856 1540 in·

1054 1556 1152 1608 audito
1164 1560 1249 1610 etiam
1263 1565 1360 1626 postea
1372 1573 1474 1626 genere
1484 1558 1627 1611 luxuriaet
1648 1572 1766 1621 sumnia,
1783 1564 1853 1610 eta·

1051 1625 1279 1679 hulisinauratis.
1316 1628 1477 1691 Columnae,
1498 1636 1529 1680 ut
1548 1630 1679 1692 diximus,
1701 1630 1773 1681 imae
1784 1628 1853 1680 duo·

1052 1696 1294 1764 dequadrngendm
1307 1698 1415 1764 pedum.
1434 1699 1519 1766 Signa
1528 1715 1612 1752 aerea
1621 1699 1855 1761 intercolumnas,

988 1770 996 1781 '
1052 1767 1295 1828 utindicarimus,
1316 1766 1428 1819 luerunt
1440 1772 1494 1819 tria
1505 1770 1728 1821 millianumero.
1766 1770 1857 1820 Cerea

1051 1836 1857 1975 ttttrrtlttttlhttllt'lttslttilliniti

1052 1974 1134 2040 pulo,
1155 1975 1273 2027 sufficiat
1289 1978 1367 2043 large
1384 1977 1568 2044 quadraginta
1585 1977 1725 2035 millibus.
1756 1976 1811 2027 Sed
1828 1983 1856 2028 et

1053 2045 1176 2110 reliquus
1187 2054 1348 2110 apparatus,
1360 2052 1453 2096 tantus
1464 2046 1587 2097 Attalica
1600 2053 1687 2107 reste,
1699 2045 1802 2096 tabulis
1813 2045 1855 2111 pi·

1052 2113 1114 2175 ctis,
1135 2120 1284 2181 ceteroque
1297 2112 1429 2180 choragio
1443 2114 1506 2174 fuit,
1526 2123 1557 2166 ut
1569 2116 1597 2165 in
1609 2114 1795 2166 Tusculanam
1806 2114 1858 2166 ril-

1052 2183 1107 2234 lam
1125 2182 1277 2249 reportatis
1297 2197 1369 2251 quae
1387 2180 1596 2249 superfluebant
1615 2182 1772 2250 quotidiani
1791 2198 1858 2235 usas

1052 2252 1171 2311 deliciis,
1183 2254 1297 2303 incensa
1309 2251 1378 2303 tilia
1388 2254 1423 2305 ab
1433 2252 1515 2305 iratis
1525 2252 1622 2318 serris,
1634 2259 1859 2307 concremaretur

1053 2319 1088 2368 ad
1100 2320 1127 2367 ll
1136 2318 1180 2370 -S.
1194 2321 1303 2371 tuillies.

1088 2387 1112 2436 8.
1132 2386 1230 2437 Aufert
1241 2389 1378 2450 animum,
1400 2395 1428 2440 et
1441 2404 1458 2438 a
1473 2387 1617 2441 destInato
1634 2389 1734 2441 itinere
1746 2388 1858 2457 digredi

1054 2454 1131 2521 cogit
1143 2455 1340 2522 contemplatio
1351 2463 1409 2506 tatu
1422 2455 1556 2523 prodigae
1567 2455 1690 2519 mentis,
1716 2458 1858 2528 aliamque

1055 2526 1182 2575 corrnecti
1201 2524 1335 2576 maiorem
1354 2526 1489 2575 insaniam
1505 2525 1618 2591 eligno.
1656 2528 1686 2578 C.
1698 2528 1790 2589 Curio,
1812 2528 1859 2596 qui

1053 2593 1129 2645 bello
1142 2592 1217 2644 cirili
1231 2597 1256 2644 in
1269 2594 1446 2645 Caesarianis
1457 2593 1677 2659 partibusohiit,
1688 2594 1798 2648 funebri
1811 2612 1859 2663 ptt·

1055 2664 1106 2715 tris
1119 2678 1238 2725 munere,
1258 2679 1319 2715 curn
1330 2664 1430 2729 opibus
1441 2670 1631 2732 apparatuque
1641 2680 1694 2716 non
1708 2673 1803 2733 posset
1814 2681 1859 2717 sa·

1056 2749 1154 2853 parare
1167 2732 1309 2795 Scaurum,
1328 2731 1410 2798 (unde
1431 2733 1504 2783 enim
1528 2732 1573 2784 illi
1592 2734 1708 2785 vitricus
1720 2734 1807 2797 Sulla,
1829 2742 1859 2787 et

1056 2801 1175 2854 .letella
1195 2810 1286 2855 mater
1306 2801 1542 2869 proscriptionum
1565 2801 1687 2853 sectrixl
1722 2804 1794 2855 unde
1816 2803 1857 2856 Μ.

1057 2875 1178 2924 Scaurus
1200 2880 1287 2937 pater,
1308 2872 1393 2923 toties
1415 2875 1543 2938 princeps
1561 2872 1696 2935 cit-itatis,
1716 2873 1859 2926 ethlaria·

1057 2943 1099 2994 rtis
1111 2941 1250 2993 sodalitiis
1270 2942 1429 3008 rapinarum
1447 2940 1656 3008 provincialium
1669 2942 1774 3008 sinaei)
1794 2958 1859 2995 cura

1056 3013 1110 3063 inm
1122 3011 1177 3063 nel
1198 3028 1228 3063 se
1243 3010 1353 3081 quidem
1366 3011 1486 3063 Scaurus
1508 3011 1665 3078 comparari
1681 3012 1737 3063 sibi
1753 3019 1859 3078 posset,

1057 3082 1166 3150 quando
1180 3028 1233 3132 hnc
1253 3090 1329 3133 certe
1349 3082 1467 3133 incendii
1488 3081 1565 3132 illins
1585 3082 1861 3148 praemiumhabuit,

1057 3152 1198 3204 conrcctis
1215 3165 1248 3202 ox
1266 3153 1334 3203 orbe
1351 3158 1488 3203 terrarum
1502 3151 1594 3213 rebus,
1614 3158 1645 3201 ut
1662 3166 1742 3203 nemo
1760 3158 1860 3219 postea

1057 3237 1106 3291 par
1117 3227 1191 3275 esset
1202 3221 1328 3273 insaniae
1339 3221 1390 3272 illi.
1427 3220 1544 3288 ingenio
1560 3234 1627 3287 ergo
1639 3220 1772 3273 utendum
1784 3221 1839 3273 init
1852 3239 1858 3272 ι

1057 3306 1158 3359 operae
1170 3291 1290 3358 pretium
1305 3298 1347 3344 cst
1358 3292 1430 3342 scire
1442 3290 1508 3357 quid
1521 3289 1675 3350 invenerit,
1698 3295 1726 3341 et
1736 3291 1859 3359 gaudere

1056 3362 1179 3413 moribus
1190 3362 1304 3423 nostris,
1315 3376 1347 3413 ac
1358 3358 1544 3411 nostromndo
1555 3374 1605 3408 nos
1617 3373 1718 3411 roeare
1729 3360 1859 3412 maiores.

1056 3430 1180 3483 Theatra
1191 3430 1246 3480 dun
1257 3430 1337 3481 iuxta
1352 3428 1420 3481 fecit
1436 3429 1607 3494 amplissima
1623 3427 1744 3496 eligno,
1768 3429 1858 3480 cardi-

1056 3516 1119 3552 num
1138 3500 1312 3567 singulorum
1335 3499 1458 3551 versatili
1479 3513 1613 3564 suspensa
1635 3497 1812 3559 libramento,
1831 3500 1861 3550 ia

1056 3570 1155 3637 quibus
1167 3571 1294 3636 utrisque
1310 3567 1535 3620 antemeridiano
1554 3566 1685 3618 ludorum
1697 3567 1859 3636 spectaculo

1055 3642 1132 3693 edito
1153 3640 1228 3692 inter
1248 3655 1310 3692 sese
1332 3639 1446 3699 aversis,
1467 3653 1501 3689 ae
1525 3637 1644 3688 invicem
1666 3637 1862 3704 obstreperent

1055 3726 1168 3763 scenae:
1180 3716 1294 3776 repente
1302 3708 1479 3760 circumactis
1489 3704 1621 3758 utcontra
1627 3712 1743 3767 starent,
1751 3712 1860 3774 postre-

1057 3781 1171 3832 maiam
1185 3780 1228 3831 die
1246 3778 1451 3830 discedentibus
1473 3777 1586 3840 tabulis,
1607 3780 1636 3828 et
1648 3777 1780 3830 cornibus
1791 3776 1820 3827 in
1830 3790 1861 3830 se

1056 3849 1222 3902 coeuntibus
1233 3847 1355 3900 iaciebat
1372 3846 1617 3915 amphitheatrum,
1629 3854 1657 3899 et
1672 3846 1862 3913 gladiatorum

1056 3918 1217 3986 spectacula
1227 3917 1343 3979 edebat,
1364 3920 1453 3985 ipsum
1474 3918 1565 3985 magis
1582 3922 1760 3969 auctoratum
1776 3929 1862 3983 popu·

1044 3990 1203 4041 inmitem.
1225 3988 1430 4040 circumferens.
1468 3987 1541 4049 Quid
1564 3988 1637 4038 enim
1658 3985 1775 4036 miretur
1787 3985 1862 4050 quis·

1056 4075 1109 4125 que
1121 4060 1148 4109 in
1159 4055 1212 4109 hoc
1222 4056 1359 4123 primumi
1378 4058 1561 4117 inventorem,
1572 4070 1606 4105 an
1619 4054 1778 4104 incantanti
1790 4052 1858 4106 arti·

1058 4128 1146 4186 brein,
1158 4141 1192 4177 an
1205 4124 1367 4178 auctorem!
1384 4139 1480 4177 ausum
1492 4126 1612 4190 aliquem
1626 4120 1679 4172 hoc
1689 4120 1861 4187 excogitare,
1905 4144 1907 4153 ν

1057 4210 1091 4245 aa
1103 4193 1264 4260 susciperet
1285 4209 1393 4261 parere,
1404 4211 1438 4245 an
1451 4192 1564 4244 iuberel
1600 4190 1691 4256 Super
1701 4190 1794 4241 omnia
1806 4189 1861 4242 erit

1058 4263 1153 4332 populi
1164 4261 1251 4324 furor,
1271 4264 1370 4314 sedere
1382 4263 1442 4313 ausi
1456 4267 1513 4312 tam
1530 4258 1617 4312 intida
1629 4259 1807 4324 instabilique
1817 4273 1861 4311 se·

1058 4334 1101 4385 de.
1139 4332 1180 4382 En
1192 4330 1237 4382 hic
1247 4336 1290 4383 est
1301 4331 1351 4383 ille
1362 4337 1500 4383 terrarum
1512 4331 1613 4392 rictor,
1634 4335 1663 4381 et
1674 4329 1761 4379 totius
1772 4326 1860 4378 domi·

1058 4410 1104 4454 tor
1114 4400 1198 4462 orbis,
1218 4402 1264 4468 qui
1276 4406 1374 4470 gentes
1386 4408 1415 4453 et
1426 4416 1512 4467 regna
1528 4398 1642 4461 diribet,
1663 4401 1724 4450 iura
1735 4397 1860 4449 externis

1057 4472 1155 4533 mittit,
1168 4470 1283 4522 deorum
1296 4469 1432 4540 quaedam
1446 4468 1647 4521 imrnortalium
1659 4466 1756 4537 generi
1767 4466 1861 4521 hunttt·

1058 4556 1093 4594 no
1113 4540 1220 4609 portio,
1241 4541 1270 4592 in
1290 4539 1417 4593 machina
1438 4539 1578 4607 pendens,
1599 4538 1683 4590 etad
1705 4539 1860 4605 periculum

1058 4626 1137 4664 suurn
1155 4610 1298 4678 plaudens.
1333 4612 1411 4674 Quae
1423 4609 1520 4661 tilitas
1535 4608 1690 4661 animarum
1703 4608 1774 4660 istai
1812 4613 1860 4659 aut

1059 4697 1129 4750 quae
1140 4681 1254 4749 querela
1265 4681 1299 4733 de
1308 4680 1428 4732 Cannisl
1457 4688 1592 4750 quantum
1603 4679 1669 4731 mali
1682 4677 1774 4746 potuit
1785 4677 1858 4729 scci-

1059 4751 1141 4805 derel
1178 4752 1293 4804 Hauriri
1307 4751 1390 4804 urbes
1401 4759 1495 4804 terrae
1506 4751 1640 4812 hiatibus,
1652 4749 1777 4814 publicus
1787 4763 1859 4800 ntor·

1059 4821 1158 4873 talium
1171 4820 1252 4873 dolor
1263 4826 1314 4874 est.
1352 4823 1424 4875 Ecce
1435 4822 1554 4890 populus
1564 4821 1704 4873 Romanus
1715 4818 1860 4871 universus

1058 4893 1138 4944 relat
1154 4890 1262 4946 duobus
1283 4891 1406 4960 navigiis
1427 4892 1583 4959 impositus,
1604 4887 1677 4945 binis
1698 4887 1859 4939 cardinibus

1058 4963 1222 5026 sustinetur,
1244 4968 1313 5015 etse
1325 4964 1414 5029 ipsum
1431 4962 1633 5030 depugnantem
1646 4964 1765 5024 spectat,
1785 4958 1857 5027 peri·
1916 4960 1922 4969 '

1058 5038 1139 5084 turus
1149 5037 1291 5084 momento
1309 5032 1402 5100 aliquo
1422 5029 1524 5082 luxatis
1535 5027 1684 5080 machinis:
1706 5036 1735 5081 et
1747 5044 1796 5096 per
1807 5023 1858 5076 hoc

1060 5103 1203 5170 quaeritur
1212 5102 1242 5154 in
1252 5103 1408 5154 tribuniciis
1419 5097 1595 5151 concionibus
1605 5098 1705 5167 gratis,
1728 5104 1758 5147 nt
1769 5095 1858 5162 pensi-

1058 5172 1100 5225 les
1112 5172 1202 5225 tribus
1211 5172 1325 5225 iaceret.
1361 5167 1458 5233 Qualis
1470 5167 1554 5220 hicio
1568 5167 1695 5220 Rostris!
1718 5162 1790 5228 Quid
1803 5175 1858 5213 non

1057 5257 1176 5295 ausurus
1192 5242 1264 5309 apud
1281 5253 1347 5302 eos,
1368 5237 1468 5306 quibus
1484 5236 1536 5290 hac
1554 5232 1746 5305 persuaserit!
1784 5231 1859 5284 Vera

1057 5300 1858 5445 tttttrttlltltltttltllt'ltlglltltrttlt·

1056 5449 1186 5502 Variarit
1201 5446 1271 5501 hanc
1286 5464 1363 5501 suam
1377 5446 1610 5515 magnificentiam
1621 5441 1705 5492 fessis
1720 5438 1856 5491 turbatis·

1056 5535 1109 5587 qae
1130 5518 1300 5583 cardinibus,
1331 5524 1360 5572 et
1380 5513 1579 5585 amphitheatri
1598 5511 1691 5561 torma
1708 5507 1858 5568 custodita,

1055 5589 1207 5642 novissimo
1229 5590 1276 5643 die
1298 5588 1406 5641 duabus
1418 5600 1468 5654 pcr
1486 5581 1608 5635 medium
1626 5580 1716 5630 scenis
1735 5575 1858 5632 athletas

505 5662 566 5720 tar,
582 5661 612 5708 et
621 5656 706 5713 baua
715 5657 742 5711 in
753 5657 894 5729 publicum
905 5658 1004 5713 reiice·
1055 5659 1153 5726 edidit,
1171 5659 1316 5729 raptisque
1327 5674 1343 5713 e
1354 5653 1495 5711 monario
1507 5652 1621 5719 repente
1630 5646 1748 5718 pulpitis
1758 5645 1858 5703 eodem

538 5739 602 5782 *utto

1407 5723 1444 5777 52
