4356 6014
356 232 426 345 aab
498 284 530 343 C.
558 280 707 342 l'LlNll
749 270 1154 339 SECUNDI‘NATUR.
1190 270 1380 333 laisteis
1417 270 1498 331 LlB.
1522 270 1614 331 XVI.
1649 272 1743 333 CAP.
1767 276 1893 333 tio-86.

363 451 414 488 ras
423 434 453 486 in
465 432 582 503 glutinis
594 438 728 497 compage
738 420 921 494 quadriennio
931 421 1029 477 fuisse.
1048 423 1166 505 cuprea.

365 521 413 558 sus
424 505 453 556 in
465 518 513 556 eas
525 503 630 563 electa,
648 496 775 565 quoniam
786 497 898 559 praeter
909 497 1004 545 cetera
1015 507 1070 545 uno
1080 508 1108 543 m
1119 506 1165 560 ge·

365 589 434 627 nere
445 572 580 626 materiae
590 569 664 619 nitor
675 563 796 615 maxime
806 559 902 613 valeat
912 567 1049 630 aeternus.
1067 561 1166 615 Nonne

365 642 545 697 simulacrum
557 634 670 692 veiovis
681 633 711 683 in
722 645 786 684 arce
797 644 813 683 e
823 645 957 698 cupressu
969 632 1062 695 durat,
1072 648 1091 684 1
1102 646 1165 683 111-

366 713 429 765 dita
439 703 630 763 UrbeDcLXl
642 715 715 753 anno
728 700 867 753 dicatuml
877 701 1061 755 Memorabile
1073 701 1167 753 111111-

366 799 416 836 eae
426 776 560 843 templum
570 771 718 841 Apollinis,
737 771 786 823 ubi
796 770 1006 826 Numidicarum
1018 771 1165 824 cedrorum

364 851 459 904 trebes
471 847 586 906 durant,
606 844 648 894 111
658 847 690 893 ut
701 842 809 908 positae
820 840 898 893 fuere
912 841 1002 908 prima
1016 841 1094 893 urbis
1105 841 1166 893 eius

365 918 481 986 origine,
492 912 572 965 annis
583 911 790 966 mchxvsu.
811 911 849 962 Et
858 910 889 961 in
901 911 1038 979 liispanis
1047 909 1167 979 Sagunti

363 991 443 1042 aiunt
465 983 599 1050 templum
620 981 728 1034 Dianae
748 996 765 1032 a
784 980 928 1049 Zacyntho
949 980 1082 1033 advectas
1104 994 1166 1031 euru

364 1048 569 1117 conditoribus,
589 1051 670 1105 annis
683 1048 810 1103 ducentis
821 1055 887 1103 ante
902 1049 1040 1103 excidium
1051 1049 1166 1112 ‘l'roiae,

363 1133 395 1179 ut
406 1129 562 1177 auctorest
579 1119 716 1183 Bocchus,
738 1119 865 1187 infraque
881 1120 1012 1186 oppidum
1028 1119 1119 1186 ipsum
1137 1119 1166 1170 id

363 1195 469 1248 haberi.
506 1192 557 1244 (lui
578 1191 704 1259 pepercit
718 1189 857 1257 religione
871 1189 1002 1241 inductus
1016 1187 1166 1251 Hannibal,

360 1262 484 1333 iqqiperi
513 1261 642 1315 trabibus
662 1259 748 1311 etiam
769 1274 840 1310 nuac
861 1257 1035 1311 durantibus.
1076 1257 1167 1326 Super

363 1335 457 1388 oninia
468 1335 642 1384 memoratur
652 1330 736 1382 aedes
747 1328 777 1379 ia
787 1327 885 1381 Aulide
897 1329 1022 1382 eiusdem
1034 1327 1114 1391 deae,
1124 1341 1166 1380 se·

363 1405 435 1459 culis
456 1402 566 1470 aliquot
585 1405 651 1453 unte
671 1398 825 1451 Troianum
842 1398 946 1451 bellum
967 1397 1165 1451 exaedificatae

363 1487 484 1543 quonam
497 1484 598 1538 genere
607 1469 744 1521 materiae
754 1470 872 1520 scientia
882 1468 1040 1520 obliterata.
1068 1467 1099 1518 ln
1111 1465 1167 1534 ple·

362 1559 429 1596 num
441 1542 497 1594 diei
507 1545 617 1607 potest,
637 1539 731 1606 utique
742 1552 813 1605 quae
830 1537 917 1590 odore
927 1536 1113 1605 praecellant,
1132 1552 1167 1590 ea

363 1612 534 1668 aeternitate
544 1614 698 1678 praestare.

399 1679 587 1749 apraedictis
598 1692 693 1730 morus
703 1676 830 1745 proxime
841 1673 982 1738 laudatur,
1003 1686 1074 1742 quae
1085 1678 1165 1726 retu·

339 1750 345 1770 ⁸
363 1759 438 1806 state
460 1751 544 1803 etiam
567 1746 711 1816 nigrescit.
747 1746 784 1800 Et
799 1745 934 1812 quaedam
946 1752 1042 1797 tamen
1057 1747 1086 1796 in
1101 1743 1167 1803 aliis

363 1820 614 1875 diuturniorasunt
624 1815 721 1868 usibus
731 1829 812 1883 quam
824 1815 891 1866 alia.
920 1815 1016 1866 Ulmus
1026 1815 1056 1866 in
1069 1800 1167 1882 perda-

363 1901 394 1947 tu
403 1893 492 1952 llrma,
503 1889 588 1941 robur
599 1885 783 1947 delossum,et
795 1883 824 1935 io
834 1884 914 1952 aquis
925 1899 1043 1952 quercus
1055 1885 1166 1936 obruta.

363 1961 470 2016 Eadem
480 1971 566 2026 supra
576 1964 678 2009 terram
690 1956 795 2007 rimosa
805 1953 874 2006 iacit
890 1968 990 2021 opera,
1010 1953 1166 2020 torquendo

364 2047 436 2085 aesc.
447 2029 532 2082 Larix
543 2027 572 2078 in
584 2025 700 2078 humore
710 2023 870 2092 praecipua,
884 2028 912 2075 et
921 2022 1002 2075 alnus
1013 2023 1101 2091 nigra.
1112 2023 1167 2074 Ro·

363 2104 417 2154 bur
428 2101 536 2153 marina
551 2111 625 2165 aqua
641 2093 836 2160 corrumpitur.
873 2091 936 2144 Non
953 2093 1127 2158 improbatur
1138 2098 1167 2144 et

364 2172 447 2242 fagum
459 2172 487 2222 iu
498 2182 584 2234 aqua,
604 2172 633 2218 et
643 2165 766 2232 iuglans:
787 2160 840 2215 hae
851 2160 966 2229 quidem
977 2163 1007 2213 ln
1018 2161 1075 2224 lais,
1097 2176 1166 2228 quae

366 2240 556 2301 defodiuntur,
567 2235 611 2288 rel
623 2233 799 2301 principales.
818 2230 888 2283 ltem
900 2231 1057 2298 iunlperus:
1069 2231 1166 2283 eadem

365 2317 395 2364 et
405 2306 580 2362 subdialibus
592 2303 746 2372 aptissima.
781 2301 875 2371 Fagus
892 2308 921 2353 et
932 2316 1027 2366 cerrus
1039 2300 1168 2353 celeriter

365 2383 550 2432 marcescunt.
594 2374 711 2427 Esculus
730 2386 841 2440 quoque
860 2368 987 2423 humoris
1007 2370 1166 2438 impellens.

367 2452 472 2503 contra
486 2445 589 2498 adacta
597 2444 626 2495 in
638 2448 744 2494 terram
755 2443 785 2493 in
824 2440 977 2493 alustribus
987 2440 1067 2491 aluus
1078 2448 1168 2493 aeter·

365 2534 410 2581 na,
421 2519 566 2583 coenaque
578 2512 746 2582 quantilibet
755 2458 876 2578 patiens:
896 2520 1010 2564 cerasus
1020 2510 1115 2562 firma:
1127 2509 1168 2561 ul·

365 2604 428 2642 mus
440 2592 469 2640 11
480 2585 607 2639 fraxinus
618 2583 720 2644 lentae,
740 2580 790 2632 sed
802 2579 885 2633 facile
897 2579 1071 2647 pandantur:
1091 2578 1168 2631 flexi-

366 2660 527 2718 laetamen,
546 2659 709 2719 stantesque
725 2665 743 2701 a
757 2651 957 2702 circumcisura
971 2649 1093 2701 siccatae
1103 2649 1167 2701 lide·

364 2730 461 2782 liores.
472 2725 599 2788 Laricem
612 2724 638 2773 in
649 2719 799 2773 maritimis
810 2719 925 2771 navibus
937 2718 1086 2779 obnoxiam
1097 2724 1169 2771 tere·

367 2799 430 2851 elini
450 2797 580 2849 tradunt:
611 2792 775 2857 omniaque,
796 2795 991 2856 praeterquam
1013 2789 1167 2840 oleastrum

367 2876 396 2922 et
407 2868 506 2920 oleam.
532 2861 674 2928 Quaedam
686 2861 758 2915 eninr
771 2859 799 2910 in
810 2861 890 2923 mari,
901 2858 1038 2928 quaedum
1051 2858 1169 2912 interra

366 2938 442 2990 vitiis
455 2932 664 3004 opportuniora.

401 3005 514 3058 LXXX.
533 3001 728 3054 infestantium
739 3004 859 3064 quatuor
868 3012 980 3067 genera.
1015 2995 1168 3050 Teredines

368 3077 460 3140 capite
481 3072 515 3123 ad
533 3071 691 3137 portionem
709 3067 888 3136 grauissimo:
909 3065 1014 3118 rodunt
1031 3064 1167 3116 dentibus.

367 3143 430 3194 liae
441 3146 549 3200 tantum
560 3142 588 3190 in
599 3138 669 3189 mari
679 3136 850 3188 sentiuntur:
861 3148 912 3186 nee
922 3133 1005 3185 aliam
1019 3139 1118 3200 putant
1129 3139 1167 3187 te·

368 3211 490 3263 redicem
501 3209 614 3276 proprie
624 3206 689 3257 dici.
713 3207 883 3265 Terrestres,
893 3202 983 3256 tineas
993 3210 1110 3254 vocant:
1122 3217 1168 3254 cu·

367 3280 471 3334 linibus
479 3293 546 3331 vero
555 3273 794 3341 similes,tlrripas.
805 3275 942 3337 Quartum
953 3278 1059 3325 estete
1069 3273 1169 3324 vermi·

368 3350 495 3403 culorum
515 3361 632 3417 genere:
654 3350 798 3398 eteorum
819 3342 869 3395 alii
889 3347 1065 3408 putrescente
1085 3357 1168 3395 succo

366 3422 428 3489 ipsa
438 3421 567 3472 materie:
579 3416 625 3469 alii
636 3416 791 3485 pariuntur,
801 3413 875 3466 sieut
884 3413 914 3465 iu
925 3412 1081 3476 arboribus,
1091 3427 1126 3465 ex
1135 3426 1168 3465 11

368 3491 415 3559 qui
426 3496 549 3543 cerastes
560 3493 682 3539 vocatur.
719 3485 786 3536 Cum
798 3489 907 3536 tantum
922 3486 1055 3547 eraserit,
1075 3490 1106 3533 ut
1117 3481 1168 3534 cir·

369 3565 499 3629 numagat
509 3574 549 3622 se,
569 3562 685 3624 generat
694 3554 791 3607 allum.
819 3555 900 3606 Haec
911 3553 987 3604 nasci
998 3551 1127 3619 probibet
1138 3551 1168 3602 ln

368 3630 434 3683 aliis
445 3628 614 3688 amaritudo,
632 3631 664 3677 ut
676 3638 818 3693 cupresso:
838 3624 868 3674 in
879 3623 942 3675 aliis
953 3621 1066 3683 duritia,
1078 3628 1109 3672 ut
1120 3621 1168 3672 bu·

367 3715 415 3754 xo.
444 3700 573 3752 Tradunt
583 3704 612 3749 et
623 3696 742 3748 ablatem
755 3694 831 3747 circa
841 3693 1062 3762 germinationes
1073 3690 1168 3744 decor·

368 3770 494 3832 ticatam,
514 3783 569 3837 qua
590 3765 711 3817 diximus
731 3763 821 3826 Luna,
844 3762 924 3829 aquis
944 3776 998 3813 non
1020 3760 1168 3827 corrumpi.

367 3839 519 3894 Alexandri
529 3834 627 3902 Magni
638 3831 754 3884 comites
766 3830 965 3897 prodiderunt,
984 3831 1013 3882 ln
1026 3830 1101 3901 Tylo
1113 3832 1167 3883 Ru·

366 3911 411 3962 bri
435 3905 620 3961 marisinsula
632 3900 747 3953 arbores
765 3914 840 3961 esse,
861 3913 894 3952 ex
912 3898 1012 3968 quibus
1024 3916 1106 3952 nares
1117 3900 1166 3953 fle·

368 3985 443 4031 rent:
463 3992 531 4047 quas
544 3974 588 4026 CC
599 3970 677 4023 annis
689 3972 822 4022 durantes
833 3969 972 4021 inventas:
990 3975 1019 4021 et
1028 3970 1053 4020 si
1062 3983 1167 4036 merge·

367 4056 473 4112 rentur,
485 4047 668 4109 incorruptas.
693 4041 724 4092 ln
736 4037 832 4091 eudem
845 4053 907 4091 esse
918 4037 1047 4091 fruticem
1058 4039 1167 4091 bucolis

366 4125 477 4172 tantum
485 4115 603 4168 idoneae
614 4108 816 4171 crassitudinis,
829 4107 937 4160 varium
950 4106 1064 4174 tigrium
1076 4124 1167 4161 macu-

369 4189 416 4251 lis,
437 4187 637 4256 penderosum:
661 4186 761 4233 etcum
772 4177 801 4230 in
812 4177 948 4247 spissiora
958 4176 1078 4243 decidat,
1100 4179 1167 4231 vitri

368 4258 451 4310 niodo
463 4256 603 4326 fragilem.

404 4327 530 4377 LXXXl.
558 4320 639 4391 Apud
665 4334 716 4372 nos
742 4318 878 4371 materiae
899 4316 1041 4370 finduntur
1059 4318 1168 4387 aliquae

368 4400 479 4457 sponte:
501 4394 537 4445 ob
558 4392 589 4445 id
610 4388 758 4445 architecti
773 4403 821 4441 eas
837 4390 902 4440 limo
914 4388 1001 4441 illitas
1012 4387 1111 4440 slceari
1123 4388 1166 4439 iu·

366 4461 446 4523 bant,
461 4468 493 4513 ut
503 4464 612 4516 afflatus
624 4476 679 4513 non
689 4464 817 4514 noceant.
853 4456 964 4510 Pondus
974 4461 1112 4512 sustinere
1123 4473 1168 4511 11·

368 4528 454 4591 lidae,
465 4531 552 4591 ables,
561 4531 736 4599 larix,.etiaaa
744 4529 775 4581 in
784 4535 973 4582 transversum
985 4528 1103 4596 positae.
1114 4528 1168 4581 llo·

368 4599 432 4661 bur,
446 4599 518 4661 olea,
527 4593 711 4654 incurrantur
720 4600 876 4666 ceduntque
888 4596 1011 4666 ponderi.
1045 4597 1165 4649 1111111-

369 4669 511 4730 11111111,
531 4684 583 4721 111
603 4675 708 4723 temere
727 4673 905 4737 rumpuntur:
930 4669 1064 4735 priusque
1084 4668 1167 4730 carle,

388 4751 453 4788 uam
465 4736 570 4788 viribus
581 4737 720 4789 deliciunt.
755 4739 794 4790 Et
804 4736 914 4803 palmae
925 4737 1009 4789 arbor
1018 4735 1126 4787 valida:
1138 4736 1167 4787 in

368 4754 508 4858 diversum
520 4806 592 4856 enlm
605 4813 747 4858 curratur:
762 4812 790 4857 et
801 4806 929 4875 populus.
965 4808 1063 4859 Cetera
1073 4805 1168 4858 omnia

367 4876 505 4929 inferiora
518 4873 684 4941 pandanturr
705 4872 800 4941 palma
814 4891 829 4929 e
844 4876 986 4929 contrario
997 4875 1167 4928 fornicatim.

367 4944 454 4998 l’inus
464 4950 494 4998 11
503 4956 648 5010 cupressus
658 4943 899 4999 adsersusearicm
909 4948 1057 5012 tineaeque
1069 4945 1167 4997 firmis·

368 5016 465 5068 simae.
495 5011 591 5066 Facile
604 5011 741 5080 pandatur
750 5012 871 5081 iuglansr
883 5017 951 5067 flunt
961 5017 1033 5067 enim
1046 5020 1074 5067 et
1085 5030 1119 5067 ex
1130 5030 1164 5067 ea

369 5084 473 5137 trabes.
500 5079 604 5149 Frangi
615 5095 646 5132 se
657 5082 835 5148 praenuntiat
847 5085 979 5151 strepitur
992 5085 1067 5152 quod
1077 5085 1105 5135 in
1115 5086 1166 5136 An·

291 5200 297 5211 ,
368 5150 470 5207 tandru
482 5150 594 5215 accidit,
614 5165 677 5202 cum
700 5166 716 5204 e
736 5149 844 5203 balneis
854 5153 948 5204 territi
959 5169 1027 5205 sono
1039 5155 1166 5222 profuge·

369 5229 444 5277 runi.
480 5221 574 5285 Pinna
585 5217 691 5288 piceae,
701 5219 770 5282 alni,
782 5218 817 5271 ad
829 5234 962 5287 aquarum
976 5223 1076 5276 ductus
1087 5226 1115 5276 in
1126 5232 1168 5274 tu·

368 5296 420 5348 bos
431 5299 575 5345 cavantur.
611 5289 735 5343 Obrutae
745 5294 821 5341 terra
833 5289 1071 5356 plurinrisdurant
1081 5293 1167 5346 annis.

369 5362 492 5417 Eaedem
503 5362 528 5414 sl
537 5375 591 5413 non
602 5359 774 5425 integuntur,
785 5357 842 5409 cito
855 5370 1014 5413 1111111111
1029 5364 1128 5415 mirum
1140 5364 1169 5416 in

368 5433 481 5485 modum
492 5431 634 5493 fortiores,
645 5429 670 5480 sl
680 5426 781 5480 humor
790 5432 872 5480 extra
884 5443 994 5496 quoque
1003 5433 1132 5499 supersit.

401 5501 541 5556 LXXXll.
559 5498 734 5553 firmissima
742 5497 771 5549 in
783 5503 889 5550 rectum
901 5496 986 5549 abies
997 5501 1102 5555 Eadem
1112 5503 1169 5556 tal·

366 5584 466 5625 varam
487 5570 639 5641 repagulis,
660 5576 690 5623 et
703 5568 738 5623 ad
749 5580 928 5637 quaecunque
938 5565 1026 5620 libeat
1036 5570 1170 5625 intestina

1217 437 1303 491 opera
1312 421 1467 490 aptissima,
1478 421 1663 487 sireilraeco,
1674 421 1735 475 sive
1745 422 1896 491 campano,
1906 424 1965 477 sire
1977 424 2020 478 Si,

1217 493 1281 546 culo
1291 493 1413 546 fabricae
1427 493 1498 545 artis
1513 508 1618 561 genere
1631 491 1808 561 spectabilis:
1829 500 2020 547 ramentorum

1218 563 1351 626 crinibus,
1361 564 1524 629 pampinato
1534 578 1645 631 semper
1657 564 1724 616 orbe
1735 577 1766 614 se
1776 561 1892 614 solvens
1903 562 1940 615 ad
1950 564 2018 616 inri-

1218 639 1292 685 tatos
1304 635 1481 685 runcinarum
1491 641 1598 699 raptus.
1633 631 1739 685 Eadem
1751 638 1780 685 et
1789 631 1918 684 curribus
1931 636 2018 686 maxi·

1217 717 1263 755 ma
1284 702 1428 755 sociabilis
1446 701 1568 772 glutino:
1589 705 1748 766 intantum,
1768 708 1801 753 ut
1810 700 1935 755 findatur
1946 714 2019 766 ante,

1218 770 1436 841 quasolidaest.
1918 813 1921 817 .

1252 841 1404 894 1111111111.
1423 840 1528 907 blagna
1539 844 1632 893 autem
1643 847 1673 895 et
1681 839 1784 909 glutini
1793 840 1883 904 ratio,
1903 849 2018 910 propter

1218 926 1253 965 ea
1264 925 1335 978 quae
1345 911 1492 963 sectilibus
1503 910 1663 975 1111111111
1674 913 1703 962 in
1714 909 1772 963 alio
1783 914 2018 979 genereoperiun·

1218 987 1274 1032 tur.
1310 980 1479 1033 Stamineam
1491 980 1520 1030 in
1530 978 1646 1051 bocusu
1661 983 1780 1049 probant
1793 994 1911 1044 renam,
1930 989 1961 1034 et
1969 996 2016 1032 vo·

1219 1056 1284 1101 1111
1304 1050 1452 1113 feruleam,
1472 1059 1638 1119 argumento
1660 1050 1866 1114 similitudinis,
1888 1053 2017 1117 quoniam

1217 1120 1355 1171 laciniose
1365 1119 1465 1186 crispa,
1476 1119 1505 1170 in
1517 1121 1592 1171 omui
1603 1134 1712 1188 genere.
1740 1120 1777 1172 Et
1787 1120 1928 1188 glutinum
1940 1122 2017 1173 abdi·

1219 1196 1286 1241 cant
1307 1188 1458 1256 quaedam,
1478 1194 1507 1241 11
1524 1190 1598 1241 11111
1609 1207 1640 1243 se
1650 1198 1679 1242 et
1689 1205 1751 1241 cum
1769 1189 1834 1241 aliis
1843 1190 2018 1244 insociabilia

1218 1259 1336 1327 glutino,
1350 1259 1593 1311 sicutroburrnec
1605 1259 1664 1312 1111
1677 1258 1839 1323 cohaerent,
1851 1260 1906 1311 nisi
1914 1261 2017 1314 similia

1219 1335 1330 1380 natura:
1356 1336 1388 1380 ut
1407 1330 1432 1379 si
1453 1328 1514 1395 quis
1536 1328 1655 1397 lapidem
1677 1330 1838 1397 lignumque
1859 1330 2017 1399 coniungat.

1219 1398 1340 1449 Cornum
1351 1399 1471 1450 maxime
1481 1397 1563 1450 audit
1572 1400 1681 1463 sorbus,
1692 1398 1939 1467 carpinuqbuxus,
1946 1407 2018 1467 post·

1219 1467 1335 1519 1111111.
1347 1468 1506 1536 Cuicunque
1518 1469 1597 1535 operi
1606 1468 1712 1532 facilia,
1722 1467 1831 1521 flexilia
1840 1469 1942 1532 omnia,
1967 1483 2018 1524 uae

1219 1538 1296 1589 lenta
1306 1535 1440 1589 diximus:
1453 1544 1629 1658 praeterque,
1639 1553 1733 1590 morus
1746 1545 1777 1591 et
1787 1539 1941 1606 caprificus.
1948 1486 2017 1593 der·

1219 1607 1329 1669 rabilia,
1339 1621 1372 1660 ac
1381 1607 1451 1660 sceti
1465 1607 1500 1670 ia,
1512 1623 1583 1674 quae
1594 1608 1703 1661 modicc
1713 1605 1834 1660 humida.
1850 1607 1935 1660 Arida
1945 1609 2017 1660 enim

1219 1676 1323 1728 lentius
1334 1692 1430 1729 serrae
1440 1677 1551 1729 ceduntr
1571 1677 1687 1738 viridia,
1704 1683 1825 1744 praeter
1836 1680 1921 1731 robur
1932 1685 1961 1729 et
1972 1679 2018 1730 bu-

1218 1760 1294 1808 xum,
1318 1746 1641 1813 pertinaciusresistunt,
1662 1760 1858 1814 serrarumque
1869 1747 1967 1800 dentes
1976 1762 2018 1801 ra·

1219 1816 1297 1882 pleat
1307 1816 1479 1884 aequalitate
1489 1816 1589 1869 inertis
1607 1831 1662 1884 qua
1678 1816 1713 1868 de
1727 1832 1812 1870 causa
1824 1817 1934 1870 alterna
1943 1817 2018 1870 inell-

1220 1885 1334 1938 natione
1345 1893 1461 1953 egerunt
1471 1888 1592 1939 scobem.
1609 1886 1846 1939 obedientissima
1856 1902 2018 1956 quocunque

1219 1954 1247 2005 in
1264 1969 1349 2021 opere
1371 1954 1513 2021 fraxinus,
1535 1955 1686 2025 eademque
1701 1953 1787 2008 hastis
1802 1957 1902 2024 corylo
1913 1957 2018 2019 melior,

1221 2039 1306 2075 cornu
1318 2025 1417 2088 levior,
1434 2027 1519 2078 sorbo
1532 2025 1644 2079 lentior.
1681 2026 1791 2078 Gallica
1802 2040 1877 2090 vero,
1888 2030 1972 2079 etiam
1984 2026 2018 2078 ad

1220 2109 1318 2145 currus
1327 2094 1471 2159 flexibilis,
1493 2095 1578 2148 ritem
1591 2095 1781 2149 aenrularetur
1791 2096 1891 2160 ulmus,
1912 2097 1941 2148 ni
1953 2111 2018 2164 pon·

1220 2162 1272 2214 dus
1283 2171 1359 2217 esset
1370 2165 1400 2216 in
1411 2165 1501 2232 culpa.

1255 2266 1409 2322 LXXXIV.
1428 2267 1531 2320 Facilis
1543 2275 1572 2321 11
1583 2267 1678 2337 fagus,
1699 2282 1856 2336 quanquam
1874 2268 1983 2338 fragilis
1994 2276 2021 2323 et

1221 2341 1324 2388 tenera.
1359 2336 1465 2389 lisdem
1482 2338 1629 2389 sectilibus
1647 2337 1759 2389 laminis
1778 2341 1807 2390 in
1819 2340 1899 2391 tenui
1911 2339 2020 2403 llexilis,

1221 2408 1367 2473 capsisque
1380 2407 1534 2459 aeseriniis
1545 2407 1608 2460 sola
1618 2409 1704 2459 utilis.
1734 2407 1850 2460 Secatur
1862 2410 1890 2461 in
1904 2407 2020 2462 laminas

1220 2482 1386 2544 praetenues
1398 2484 1426 2528 et
1435 2476 1507 2540 ilex,
1528 2478 1621 2529 colore
1633 2492 1743 2545 quoque
1760 2493 1815 2529 non
1826 2479 1952 2547 ingrata:
1971 2480 2019 2532 sed

1222 2547 1341 2599 maxime
1362 2547 1419 2598 lida
1434 2546 1471 2598 iis
1486 2560 1557 2613 quae
1568 2552 1703 2610 terantur,
1725 2557 1759 2599 ut
1769 2559 1896 2600 rotarum
1908 2550 2020 2601 axibus:

1221 2615 1257 2666 ad
1268 2630 1338 2682 quos
1348 2616 1459 2668 lentore
1468 2615 1596 2669 fraxinus
1605 2616 1692 2679 utilis,
1703 2616 1777 2669 sicot
1789 2616 1894 2670 duritia
1903 2618 1972 2678 ilex,
1992 2624 2021 2669 et

1222 2690 1342 2754 utroquo
1353 2685 1459 2754 legitur
1468 2686 1569 2738 ulmus.
1607 2685 1677 2737 Sunt
1686 2702 1753 2738 1111
1774 2691 1802 2739 11
1813 2688 1891 2754 parvi
1902 2702 1968 2737 usus
1978 2687 2020 2739 fa·

1221 2753 1333 2806 brilium
1347 2754 1561 2808 ministeriorum
1572 2756 1704 2822 insigues.
1740 2755 1861 2825 ldsoque
1871 2755 2023 2822 proditum,

1221 2824 1339 2876 terebris
1350 2825 1465 2892 vaginas
1476 2840 1510 2877 ex
1519 2825 1652 2887 oleastro,
1662 2824 1746 2889 buxo,
1757 2826 1831 2889 11111,
1842 2826 1926 2888 ulmo,
1934 2825 2024 2878 fraxi-

1221 2908 1266 2956 no,
1276 2894 1442 2945 utilissimas
1453 2894 1522 2947 lieri.
1544 2894 1587 2945 Ex
1598 2894 1697 2947 iisdem
1708 2895 1833 2958 malleos,
1844 2896 2023 2963 nraioresque

1222 2963 1313 3029 epinu
1329 2970 1358 3014 et
1373 2963 1448 3015 ilice.
1486 2964 1538 3015 Est
1554 2962 1701 3016 bisantem
1713 2964 1848 3015 maiorad
1860 2965 2025 3016 firmitatem

1222 3046 1306 3083 causa
1317 3032 1500 3098 tempestivae
1513 3046 1742 3101 caesurae,quam
1754 3032 1932 3085 immaturae:
1946 3036 2027 3100 quip-

1222 3115 1257 3168 pe
1267 3114 1328 3152 cum
1339 3113 1373 3151 ex
1386 3100 1459 3163 olea,
1471 3101 1622 3152 durissimo
1635 3102 1722 3169 ligno,
1734 3098 1858 3153 cardines
1868 3100 2027 3155 inferibus

1222 3170 1328 3225 diutius
1339 3168 1456 3230 immoti,
1467 3170 1580 3236 plantae
1592 3172 1676 3223 modo
1687 3168 1911 3240 germinaverint.
1949 3170 2027 3224 Cato

1220 3246 1316 3292 vectes
1325 3238 1486 3306 aquifolios,
1498 3239 1618 3303 laureos,
1628 3242 1738 3295 ulmeos
1749 3241 1811 3295 fierl
1822 3239 1909 3293 iubet.
1932 3239 2026 3309 llygi-

1221 3324 1272 3361 nus
1281 3308 1428 3362 manubria
1438 3311 1549 3361 rusticis
1560 3310 1700 3377 carpinea,
1713 3312 1810 3379 iligna,
1821 3325 1926 3363 111111.

1256 3381 1335 3443 Quae
1345 3380 1374 3431 in
1385 3379 1504 3431 laminas
1514 3387 1836 3449 secuntur,quorumque
1845 3379 2025 3447 operimento

1219 3448 1357 3503 vestiatur
1368 3449 1425 3501 ulia
1435 3450 1576 3513 materies,
1595 3451 1745 3572 praecipua
1755 3456 1821 3501 sunt
1830 3451 1939 3509 citrum,
1949 3452 2039 3502 tere-⁶

1219 3518 1341 3582 bintbus,
1362 3519 1452 3572 aceris
1464 3534 1577 3588 genera,
1615 3534 1708 3579 uxum,
1729 3518 1831 3583 palma,
1847 3517 2027 3586 aquifolium,

1219 3587 1288 3651 ilex,
1309 3588 1433 3641 sambuci
1443 3589 1533 3650 radix,
1552 3588 1681 3656 populus.
1717 3585 1915 3651 Datetalnus,
1936 3587 2025 3639 utdi·

1220 3661 1294 3708 ctum
1306 3665 1356 3719 est,
1374 3659 1456 3709 tuber
1466 3655 1575 3717 sectile,
1597 3660 1668 3710 sicut
1679 3656 1788 3718 citrum,
1798 3671 1926 3723 acerque.
1963 3657 2026 3709 Ν11

1220 3727 1341 3779 ullarum
1357 3727 1455 3780 tubera
1464 3726 1493 3778 in
1504 3725 1605 3793 pretio.
1640 3723 1737 3777 Media
1750 3739 1816 3792 pars
1825 3727 1957 3779 arborum
1972 3728 2026 3780 cri-

1220 3798 1304 3865 spior,
1314 3803 1343 3849 11
1355 3810 1409 3864 quo
1422 3795 1536 3863 propior
1545 3794 1808 3858 radici,minoribus
1819 3796 1963 3865 magisque
1976 3797 2029 3851 fla·

1219 3865 1324 3918 xilibus
1337 3865 1462 3918 maculis.
1499 3864 1578 3917 ilaec
1588 3865 1679 3932 prima
1690 3867 1768 3934 origo
1780 3865 1917 3929 luxuriae,
1936 3867 2026 3919 arbo·

1219 3952 1278 3989 rem
1289 3935 1345 3987 alia
1355 3934 1456 4003 integi,
1467 3942 1497 3987 et
1506 3935 1622 3987 viliores
1632 3934 1710 4005 ligno
1722 3936 1904 4002 pretiosiores
1916 3938 2028 3990 cortica

1219 4006 1290 4059 fieri.
1317 4007 1351 4057 111
1359 4005 1507 4058 11111111
1516 4006 1628 4073 saepius
1639 4005 1757 4069 veniret,
1768 4006 1946 4075 excogitatae
1957 4015 2029 4059 sunt

1220 4082 1249 4129 11
1257 4075 1329 4142 ligni
1347 4078 1487 4128 bracteae.
1524 4075 1583 4128 Nee
1598 4077 1678 4128 satis:
1701 4090 1818 4144 coepere
1829 4075 1901 4143 tingi
1911 4076 2026 4129 anima·

1219 4145 1289 4197 lium
1301 4159 1418 4198 cornua:
1432 4145 1528 4198 dentes
1538 4150 1641 4199 secari:
1654 4144 1816 4213 lignumque
1827 4146 1911 4198 ebore
1922 4145 2030 4198 distin·

1219 4218 1276 4284 gui,
1287 4231 1352 4269 mox
1363 4215 1476 4281 aperiri.
1493 4216 1603 4268 Placuit
1614 4216 1714 4270 deiude
1723 4216 1869 4270 materiam
1881 4221 1909 4268 et
1920 4216 1949 4266 in
1963 4231 2028 4267 ma·

1219 4286 1244 4338 ri
1256 4286 1361 4353 quaeri.
1397 4285 1525 4341 l'estudo
1545 4287 1574 4339 in
1595 4285 1650 4341 hoc
1665 4292 1752 4340 secia.
1788 4284 1936 4355 Nuperque
1955 4300 2030 4354 por-

1219 4356 1340 4409 tentosis
1359 4356 1479 4424 ingeniis
1499 4354 1660 4425 principatu
1678 4354 1797 4411 Neronis
1816 4358 1971 4416 inventum,
1996 4364 2032 4407 ut

1219 4426 1371 4494 pigmentis
1383 4427 1514 4495 perderet
1524 4443 1568 4489 se,
1591 4428 1734 4496 plurisque
1745 4428 1853 4479 reniret
1867 4426 1985 4476 imitata
1997 4426 2033 4477 li·
2082 4424 2089 4431 “

1219 4511 1312 4565 gnum.
1336 4495 1383 4550 Sic
1393 4497 1475 4550 lectis
1484 4498 1576 4565 pretia
1588 4503 1770 4564 quaeruntur:
1781 4494 1822 4543 sic
1831 4490 2033 4570 terebinthum

1218 4567 1293 4619 rinei
1303 4568 1407 4631 iubent,
1426 4569 1469 4620 sie
1479 4567 1578 4620 citrum
1590 4564 1739 4633 pretiosius
1751 4561 1825 4621 fieri,
1843 4572 1885 4609 sic
1899 4571 1967 4610 acer
1979 4564 2036 4617 de·

1220 4637 1285 4703 cipi.
1321 4636 1409 4688 Modo
1420 4634 1534 4689 luxuria
1545 4651 1599 4687 non
1613 4635 1706 4686 fuerat
1717 4633 1847 4682 contenta
1856 4625 1950 4694 ligno:
1966 4632 2033 4685 iam

1219 4705 1325 4774 lignum
1338 4702 1410 4756 enim
1422 4720 1438 4757 e
1449 4703 1589 4757 testudine
1601 4702 1678 4754 facit.

1255 4804 1394 4861 LXXXV.
1413 4806 1479 4858 Vita
1490 4805 1618 4857 arborum
1630 4798 1802 4869 quarundam
1813 4798 1948 4852 immensa
1959 4816 2029 4857 cra.

1221 4878 1251 4929 di
1262 4882 1364 4943 potest,
1383 4876 1480 4942 siquis
1494 4871 1636 4942 profunda
1646 4870 1742 4922 mundi
1758 4874 1787 4921 et
1799 4869 1889 4921 soltus
1900 4868 2034 4928 inacccs-

1219 4961 1266 4999 sos
1277 4960 1309 4995 1ο
1331 4945 1393 4998 itet.
1430 4945 1535 4999 Verum
1554 4957 1588 4995 ex
1601 4939 1643 4991 bis
1654 4955 1722 5008 quas
1734 4939 1868 4991 memoria
1878 4935 2032 4997 hominum

1220 5020 1300 5069 custo
1322 5014 1354 5076 it,
1375 5015 1517 5068 durantia
1529 5011 1675 5066 Liternino
1686 5008 1811 5063 Africani
1823 5009 1926 5076 prioris
1937 5024 2032 5065 manu

1219 5091 1297 5137 satae
1317 5083 1418 5137 olivae.
1452 5085 1520 5136 ltem
1539 5089 1649 5150 myrtus
1665 5078 1762 5133 eodem
1777 5080 1842 5132 loeo
1854 5081 2033 5147 conspicuae

1220 5153 1430 5274 1115ῗί111111.
1463 5152 1566 5272 81111111
1575 5165 1681 5273 spelpes,
1691 5151 1721 5201 in
1732 5164 1785 5218 quo
1796 5164 1892 5273 rislanes
1900 5150 1964 5271 3⁰1}
1977 5167 2034 5204 eu.

1220 5223 2060 5361 iudustriam...⁰.'}tt.lit..⁰l‘l⁸0nsti⁴

1221 5363 1312 5427 Urbis,
1323 5365 1394 5417 aede
1405 5362 1526 5424 condita,
1538 5361 1675 5414 incertum
1685 5362 1747 5429 ipsa
1758 5366 1864 5429 quanto
1873 5359 2034 5415 vetustior.

1222 5437 1292 5489 Esse
1303 5433 1412 5502 quidem
1424 5433 1606 5485 vetustiorem
1617 5439 1724 5486 nonest
1735 5430 1858 5494 dublum,
1869 5443 1931 5482 cum
1940 5427 1978 5481 ab
1992 5444 2034 5487 eo

1221 5505 1286 5558 luco
1296 5503 1588 5557 Lucinanomineturr
1609 5499 1679 5556 baec
1693 5516 1766 5555 nunc
1787 5501 1901 5552 circiter
1919 5512 2036 5556 aunum
2099 5514 2107 5523 ·
2132 5514 2139 5523 ·

1222 5574 1335 5627 00ch
1345 5572 1436 5627 hauet
1447 5572 1594 5642 Antiquior
1602 5570 1655 5626 illa
1663 5576 1717 5637 ast,
1728 5568 1779 5625 sed
1789 5571 1899 5623 ineerta
1907 5570 1968 5623 alus
1980 5583 2039 5625 aa·

1816 5658 1822 5691 l
