4340 6018
285 323 317 384 C.
353 323 504 385 Pthii
539 322 748 383 SECUNDl
782 323 943 385 Narnia
976 325 1161 387 Hieros.
1198 326 1403 387 11111111.
1437 330 1532 389 CAP.
1558 331 1683 393 stt-ta
1756 336 1813 392 115

787 438 796 463 Ι

149 477 274 535 iaculum
287 490 323 529 ex
332 475 465 528 arborum
476 474 562 525 111111
573 473 694 526 vibrari:
705 489 756 527 nec
766 473 882 541 pedibus
891 478 957 527 tan-

148 556 208 601 tum
215 545 358 615 pavendas
368 551 521 611 serpentes,
530 542 579 595 sed
588 550 616 595 et
627 543 726 594 missili
734 544 956 596 volaretormen·

150 626 190 671 11.
210 617 293 670 Colla
304 614 430 682 aspidum
443 614 637 675 intumescere,
647 614 725 665 nullo
737 614 811 664 ictus
823 612 957 675 remedio,

149 697 347 757 praeterquam
357 684 382 734 si
393 683 540 745 coelestim
552 690 645 748 partes
656 689 802 734 contactae
814 689 956 748 amputen-

150 767 203 809 tur.
243 756 318 806 Unus
330 752 396 805 huic
407 761 463 804 tam
477 752 610 818 pestifero
621 752 736 803 animali
748 767 845 805 sensus
856 752 898 803 rel
909 767 957 819 11·

150 828 206 881 1111
218 824 337 878 aiiectm
352 831 411 875 est:
433 826 552 890 coniuge
569 822 820 889 111-1111111111,
840 836 892 874 111
901 822 956 871 nisi

150 913 209 950 cum
223 895 285 962 puri
297 894 354 945 rita
365 899 421 944 est:
441 894 536 959 itaque
547 891 684 944 alterutra
693 892 851 952 interemta,
869 893 956 945 incre

150 966 246 1019 dibilis
258 963 343 1016 alteri
360 961 476 1013 ultionis
487 976 563 1014 cura.
599 961 781 1027 Persequitur
791 962 956 1013 interemto·

150 1052 219 1097 rem,
230 1049 369 1101 unumque
380 1047 441 1084 euni
452 1031 482 1081 in
494 1031 668 1098 quantolibet
679 1030 777 1098 populi
785 1029 898 1097 agmine
909 1044 957 1081 no·

150 1107 216 1158 11111
226 1104 346 1173 quadam
357 1100 483 1164 iniestat,
499 1102 654 1168 perrumpit
663 1115 759 1152 omnes
768 1099 956 1161 dillicultates,

149 1182 276 1245 permeat
286 1174 387 1240 spatia,
408 1188 459 1225 nec
468 1172 523 1222 uisi
532 1171 661 1224 amnibus
672 1177 799 1231 arcetur,
820 1175 869 1221 aut
879 1184 957 1236 psae-

151 1244 238 1299 eeleri
249 1244 324 1309 iuga.
338 1243 399 1294 Non
411 1248 455 1295 est
465 1241 558 1301 lateri,
571 1255 663 1293 rerum
673 1248 775 1292 natura
783 1240 891 1308 largius
900 1253 956 1290 ma·

149 1315 179 1367 la
199 1330 234 1367 nn
245 1312 369 1364 remedia
379 1312 517 1377 genuerit.
536 1312 596 1361 lam
607 1309 724 1376 primum
735 1307 850 1361 hebetes
860 1308 957 1360 oculos

150 1382 214 1436 huic
236 1383 311 1434 niolo
334 1380 425 1434 dedit:
446 1395 552 1447 eosque
573 1394 628 1430 non
648 1381 676 1430 iii
686 1379 780 1432 fronte
792 1394 827 1431 ex
838 1378 957 1431 adverso

57 1474 62 1479 ·
152 1468 273 1515 cernere,
293 1450 392 1503 sedin
415 1451 601 1515 temporibusr
624 1449 719 1514 itaque
737 1446 958 1515 excitaturpede

151 1523 264 1590 saepius
276 1535 357 1588 quam
368 1518 439 1572 1111.
457 1519 566 1571 Deinde
577 1517 777 1571 interneciuum
784 1517 888 1572 bellurn
896 1532 956 1569 cum

152 1592 345 1647 ichneumone.

188 1660 317 1714 11111111.
337 1658 441 1711 Notum
453 1665 496 1711 est
506 1658 608 1711 animal
621 1656 672 1710 hac
683 1657 775 1725 gloria
785 1657 916 1720 maxime,
927 1657 957 1708 iii

152 1730 251 1785 eadem
262 1737 356 1781 natum
369 1729 504 1795 Aegypto.
537 1728 641 1797 Mergit
650 1744 680 1780 se
691 1728 759 1780 iimo
771 1728 893 1795 saepius,
904 1728 957 1780 sic·

152 1800 330 1866 eatquesole.
351 1797 419 1848 Mox
430 1798 477 1848 ulii
488 1798 616 1864 pluribus
626 1798 725 1851 eodem
737 1798 821 1850 modo
830 1813 861 1850 ie
872 1796 958 1849 coriis

152 1868 289 1929 loricaiit,
304 1868 333 1918 in
344 1867 554 1920 dimicationem
564 1869 665 1935 pergit.
703 1871 733 1920 ln
744 1882 778 1919 ea
788 1867 905 1921 caudam
917 1873 958 1919 ut·

152 1938 267 2000 tollens,
282 1937 355 1988 ictus
367 1936 463 1987 irritos
474 1951 587 1989 aversus
605 1938 721 2005 excipit,
743 1937 831 1991 donee
842 1936 957 2003 obliquo

154 2010 244 2076 eapite
255 2007 414 2075 1111111111
423 2008 538 2059 invadat
548 2007 577 2058 in
588 2006 692 2061 lauces.
710 2006 770 2060 Neo
780 2007 834 2060 boc
845 2015 959 2059 conten·

152 2087 206 2141 tus,
220 2078 298 2131 aliud
311 2075 383 2129 haud
394 2078 489 2128 niitius
501 2076 625 2130 debellat
636 2077 750 2129 animal.

187 2146 329 2201 xxxvii.
350 2146 524 2199 Crocodilum
538 2145 719 2210 1111111111,
733 2146 890 2213 quadrupes
901 2159 959 2196 ma·

152 2219 220 2280 lum,
231 2224 260 2271 et
270 2225 347 2271 terra
358 2220 464 2283 pariter
475 2233 508 2269 ac
518 2215 630 2269 ilumine
640 2216 781 2269 infestum.
808 2218 894 2267 Unum
906 2214 960 2266 hoc

154 2288 259 2340 animal
272 2294 405 2339 terrestre
418 2287 530 2352 linguae
541 2301 592 2338 usu
603 2300 687 2339 caret.
714 2286 803 2337 Unum
813 2284 959 2352 superiore

153 2358 249 2410 mobili
270 2356 384 2408 maxilla
404 2356 541 2421 imprimit
560 2371 692 2418 morsum,
710 2356 781 2409 alias
794 2354 960 2412 terribilem,

153 2426 315 2494 pectinatim
327 2427 448 2490 stipante
459 2442 490 2477 11
508 2425 631 2475 dentium
643 2427 726 2476 serie.
762 2419 959 2488 magnitudine

154 2496 262 2549 excedit
283 2495 445 2562 plerumque
461 2491 654 2559 duodeviginti
670 2493 774 2544 cubita.
812 2489 891 2541 Parit
907 2502 960 2541 ora

153 2574 390 2632 quantnanseres:
403 2570 577 2627 eaqneextra
589 2577 651 2613 euni
663 2562 754 2612 locum
765 2572 874 2624 semper
883 2558 960 2609 incu-

152 2635 209 2696 111,
221 2631 465 2701 praedivinatione
475 2630 604 2694 quadam,
621 2627 746 2694 adquam
757 2640 865 2677 summo
877 2633 960 2676 auctu

155 2719 188 2756 eo
201 2718 275 2755 anno
293 2712 455 2749 accessurus
471 2704 513 2747 est
524 2696 614 2747 Nilus.
650 2697 708 2747 Nee
722 2694 800 2747 eliud
812 2694 961 2747 animales

152 2785 258 2825 minori
279 2780 389 2832 origine
410 2781 438 2816 in
459 2766 593 2817 maiorem
616 2765 717 2817 crescit
732 2763 960 2830 magnitudinem.

63 2852 77 2863 ·
148 2839 190 2892 Et
202 2836 342 2903 unguibus
353 2831 397 2885 hic
408 2842 531 2885 arniatus
543 2840 595 2895 est,
611 2842 708 2885 contra
719 2848 815 2884 omnes
826 2833 900 2885 ictus
910 2848 959 2884 eu·

148 2919 180 2961 te
192 2906 306 2957 invicta
327 2902 396 2954 ilies
407 2904 437 2953 in
450 2911 526 2954 terra
537 2903 604 2971 agit,
614 2912 710 2955 noctes
719 2903 748 2954 iii
761 2918 841 2969 aqua,
852 2902 959 2969 teporis

151 2983 302 3039 utrumque
314 2972 430 3024 ratione.
468 2974 551 3023 lione
566 2979 692 3024 saturum
709 2974 771 3024 1111
784 2972 914 3037 piscium,
932 2976 961 3023 et

153 3057 263 3111 semper
274 3041 419 3093 esculento
431 3055 490 3102 ore,
510 3041 539 3090 iii
549 3041 636 3093 litore
646 3056 745 3095 somno
757 3041 961 3106 datum,‚parra

154 3116 224 3174 aris,
235 3127 306 3181 quae
319 3109 453 3162 trochilos
461 3109 503 3161 ibi
516 3118 640 3172 vocatur,
661 3125 712 3163 rex
722 3111 816 3161 arium
828 3110 856 3159 in
867 3109 959 3169 ltalia,

154 3180 298 3234 imitated
306 3179 438 3231 hiandum
449 3174 545 3246 pabuli
557 3180 599 3230 sui
612 3179 714 3246 gratia,
724 3195 756 3231 os
768 3179 887 3245 primurn
899 3178 959 3230 eius

154 3251 280 3303 assultim
293 3264 457 3317 repurgans,
468 3263 533 3301 mox
544 3248 649 3310 dentes,
659 3255 689 3301 et
697 3249 772 3300 intus
785 3247 881 3300 lauces
891 3262 959 3314 quo·

155 3336 206 3388 que
217 3318 254 3371 11
264 3318 336 3371 1111
345 3318 476 3371 scabendi
484 3318 660 3370 dulcedinem
667 3332 749 3385 quam
757 3318 877 3369 maxime
884 3314 959 3367 hian-

154 3397 208 3443 tes:
230 3390 260 3440 in
283 3394 345 3456 111
358 3389 503 3454 voluptate
524 3403 621 3439 somno
637 3402 763 3455 pressum
779 3387 958 3453 conspicatus

155 3457 330 3521 ichneumon,
341 3473 391 3525 per
401 3455 513 3511 easdem
523 3456 630 3520 lauces,
641 3457 767 3510 uttelum
773 3455 898 3524 aliquod,
910 3456 960 3506 im·

155 3529 262 3589 1111111,
273 3528 364 3581 111111
376 3529 478 3580 alvum.

189 3597 340 3650 xxxviii.
368 3596 475 3648 Similis
496 3596 659 3659 crocodilo,
690 3597 739 3649 sed
762 3597 854 3649 siinor
874 3594 958 3648 etiam

154 3664 348 3730 ichneumone,
354 3676 397 3718 est
407 3668 435 3717 in
448 3666 515 3717 Nilo
527 3670 610 3718 natus
621 3667 842 3727 scincus,contra
854 3680 959 3717 venena

154 3739 318 3805 praecipuus
335 3735 486 3789 antidotis:
507 3737 574 3786 item
593 3735 629 3787 ad
646 3734 871 3789 inflammandam
883 3734 957 3785 1111·

154 3822 213 3859 suin
225 3805 372 3859 Venerem.
409 3804 513 3857 Verum
530 3805 560 3856 in
571 3805 714 3858 crocodilo
737 3806 828 3861 maior
839 3811 900 3856 erat
910 3818 957 3869 pe·

154 3876 220 3938 stis,
241 3890 324 3943 quam
344 3882 375 3926 ut
392 3890 449 3927 uno
460 3882 535 3927 esset
546 3876 606 3927 eius
619 3874 700 3928 hoste
710 3882 809 3927 natura
820 3879 959 3925 contenta.

154 3944 251 4012 ltaque
273 3954 301 3997 et
322 3944 442 4011 delphini
464 3942 958 4009 111111111111111111111111111

153 4022 285 4081 tanqumn
297 4014 334 4066 ad
345 4012 417 4066 hunc
427 4029 505 4065 nsum
517 4014 836 4079 cultellatainestspina,
847 4012 959 4078 abigen-

153 4092 194 4139 tes
206 4100 257 4136 eos
268 4083 380 4151 praede,
394 4100 427 4136 ac
439 4083 553 4135 velutin
566 4097 617 4135 suo
629 4088 736 4134 tantum
748 4097 828 4134 amne
840 4096 958 4148 regnan·

153 4160 205 4218 tes,
218 4152 563 4222 alioquiimparesriribus
573 4152 637 4218 ipsi,
648 4152 890 4203 astuimeriniunt:
904 4148 959 4201 cal·

155 4223 212 4274 lent
225 4224 298 4273 enim
310 4225 338 4273 in
350 4220 401 4274 hoe
412 4230 512 4273 cuncta
522 4214 665 4283 1111111111,
686 4221 833 4287 sciuntque
844 4234 898 4271 non
909 4233 960 4269 sua

153 4292 240 4343 modo
252 4291 404 4353 commoda,
421 4306 516 4343 reruni
529 4299 557 4343 et
570 4289 690 4343 hostium
704 4289 834 4343 adversa:
857 4293 959 4340 norunt

153 4375 208 4410 sua
217 4357 285 4419 tela,
304 4368 402 4413 norunt
413 4360 583 4420 occasiones,
603 4369 753 4426 partesque
764 4357 960 4412 dissidentiam

152 4427 295 4480 imbelles.
321 4429 350 4480 ln
361 4438 451 4482 ventre
462 4431 559 4482 mollis
568 4437 610 4481 est
621 4429 767 4494 tenuisque
778 4428 851 4480 cutis
862 4440 957 4479 croco·

152 4494 225 4549 diloi
247 4495 313 4548 ideo
324 4512 363 4560 se,
384 4506 414 4549 ut
425 4501 527 4562 territi,
542 4505 670 4567 mergunt
683 4496 817 4563 delphini,
836 4499 956 4548 subeun-

152 4576 252 4635 tesque
263 4567 355 4619 airum
369 4569 523 4621 illaseoant
533 4569 623 4637 spina.
660 4567 731 4631 Quin
749 4573 777 4619 et
792 4581 859 4633 gens
870 4564 959 4618 homi·

152 4653 218 4689 num
230 4645 274 4688 est
286 4636 351 4688 huic
362 4639 473 4689 belluae
484 4636 958 4703 1111111111111111111Τ111111111,

154 4709 187 4760 ab
199 4707 302 4766 insula,
312 4707 341 4758 iii
353 4723 406 4775 qua
417 4704 535 4770 habitat,
546 4708 694 4774 appellata.
718 4707 852 4758 Mensura
863 4718 958 4756 eorum

154 4789 248 4841 parra,
258 4776 308 4828 sed
342 4777 482 4829 raesentia
493 4779 580 4830 animi
591 4779 618 4827 in
630 4775 685 4831 hoc
696 4783 804 4827 tantum
816 4790 867 4826 usu
879 4776 957 4829 mira.

154 4845 302 4897 ‘lbrribilis
322 4793 393 4898 haec
414 4855 513 4897 conti-a
532 4847 673 4914 fugientes
691 4844 786 4897 bellua
801 4853 852 4908 est,
873 4844 959 4912 iugax

155 4925 252 4967 contra
263 4916 454 4982 insequentes:
466 4916 516 4966 sed
529 4917 675 4969 adversum
687 4908 729 4966 ire
740 4915 794 4966 soli
804 4914 833 4967 hi
844 4915 957 4967 audent.

155 4983 226 5047 Quin
239 4985 323 5055 etiam
334 4982 443 5035 iluuiini
455 4986 595 5037 innatant:
618 4983 759 5050 dorsoque
770 4985 957 5051 equitantium

154 5053 236 5103 niodo
248 5055 382 5119 impositi,
395 5053 536 5105 hiantibus
547 5055 677 5121 resupino
689 5055 819 5120 capitead
827 5069 959 5115 morsum,

155 5120 251 5173 addita
262 5122 291 5172 in
303 5138 335 5173 os
347 5122 436 5186 clava,
447 5125 547 5176 dextra
559 5141 591 5176 ac
603 5125 684 5176 laesa
694 5130 820 5175 tenentes
833 5132 960 5176 extrema

154 5193 212 5242 einr
223 5192 364 5259 utrinque,
373 5200 406 5244 ut
416 5195 504 5248 irenis
516 5195 546 5245 in
556 5201 661 5247 terram
674 5200 761 5260 agunt
771 5194 909 5259 captivos:
925 5207 959 5243 ac

155 5261 317 5313 ramesiam
337 5264 402 5313 sola
417 5264 544 5325 territos,
565 5270 668 5330 cogunt
688 5277 818 5315 evomere
833 5263 959 5315 recentia

153 5343 274 5395 corpora
280 5329 315 5381 ad
326 5334 508 5398 sepulturam.
521 5334 615 5400 ltaque
626 5334 672 5385 uni
681 5332 708 5385 ei
718 5330 958 5385 insulaeerocodi·

153 5397 173 5448 li
184 5412 240 5450 non
256 5400 409 5454 adnatant:
430 5403 592 5471 olfactuque
607 5404 667 5455 eins
684 5402 797 5470 generis
808 5399 960 5463 hominum,

152 5473 184 5517 ut
192 5466 356 5536 Psyllorum
372 5479 531 5539 serpentes,
550 5471 690 5540 fugantur.
726 5471 853 5523 Hebetes
863 5469 960 5521 oculos

151 5531 205 5588 hoc
214 5540 320 5592 animal
332 5540 439 5594 dicitur
450 5541 552 5593 babere
562 5542 591 5593 in
600 5555 681 5607 aqua,
693 5548 774 5593 extra
784 5537 912 5592 acerrimi
924 5539 961 5587 ri·
1013 5538 1068 5568 ²³·-

150 5620 213 5661 sus:
221 5616 402 5683 quatuorque
412 5620 521 5665 meuses
533 5608 633 5665 hiemis
643 5609 739 5664 inedia
748 5623 859 5677 semper
872 5615 951 5659 11111

1008 474 1120 528 mittere
1131 477 1160 529 iii
1171 490 1266 544 specu.
1289 476 1413 539 enisam
1424 476 1478 531 hnc
1487 493 1572 532 unum
1585 480 1715 547 quamdiu
1728 482 1816 544 rlrat,

1008 558 1133 597 crescere
1143 548 1331 599 arbitrantur:
1347 548 1417 599 11111
1428 556 1522 601 autem
1534 549 1618 617 longo
1628 556 1761 618 tempore.

1044 610 1173 665 XXXIX.
1192 616 1285 668 Maior
1305 617 1456 669 altitudine
1478 620 1508 669 in
1529 619 1626 671 eodem
1642 620 1708 672 Nilo
1723 621 1817 672 bellua

1008 680 1223 749 hippopotamus
1235 683 1342 736 editur:
1366 688 1477 754 ungulis
1496 688 1584 752 binis,
1605 690 1700 756 quales
1717 692 1815 752 bubus,

1008 751 1094 803 dorso
1106 752 1179 818 equi,
1191 758 1221 803 et
1232 752 1308 815 iuba,
1319 762 1347 807 et
1357 753 1479 815 hinnitu,
1501 765 1593 809 rostro
1605 759 1715 822 resimo,
1726 759 1817 811 cauda

1008 828 1037 873 et
1044 820 1174 873 dentibus
1181 834 1310 888 aprorum
1319 823 1443 885 aduncis,
1453 823 1502 877 sed
1511 826 1710 879 minusnoxiis:
1724 835 1816 895 tergo·

1008 890 1047 942 ris
1058 890 1094 942 ad
1109 897 1191 943 scuta
1205 890 1357 957 galeasque
1369 890 1602 958 impenetrabilis,
1623 903 1816 966 praeterquam

1007 962 1031 1011 si
1043 959 1159 1011 humore
1171 960 1292 1013 madeat.
1320 960 1487 1025 Depascitur
1497 973 1618 1031 segetes,
1630 965 1816 1019 destinatione

1007 1036 1073 1082 ante
1083 1036 1126 1092 lut
1137 1028 1241 1089 lerunt)
1252 1028 1451 1081 determinatas
1461 1031 1490 1082 in
1500 1033 1587 1094 diem,
1611 1042 1640 1086 et
1649 1051 1682 1087 ex
1695 1052 1764 1104 agro
1774 1036 1814 1090 11-

1005 1099 1132 1152 rentibus
1143 1101 1286 1168 11111111,
1309 1114 1343 1150 iie
1362 1113 1433 1165 quae
1444 1105 1593 1155 revertenti
1610 1105 1731 1157 insidiae
1743 1120 1817 1158 com·

1007 1177 1150 1235 parentur.
1421 1184 1431 1201 ·

1043 1239 1102 1291 111..
1121 1238 1231 1291 Primus
1250 1253 1323 1302 euin,
1344 1245 1374 1291 et
1398 1238 1520 1306 quinque
1541 1244 1698 1296 crocodilos
1708 1245 1815 1298 Romae

1008 1309 1167 1361 aedilitatis
1185 1322 1254 1360 suae
1265 1308 1337 1359 ludis
1347 1309 1386 1360 M.
1399 1312 1518 1360 Scaurus
1533 1316 1703 1377 temporario
1716 1316 1815 1382 euripo

1009 1379 1143 1431 ostendit.
1179 1379 1404 1446 Hippopotamus
1421 1380 1449 1429 in
1466 1377 1585 1444 quadam
1598 1381 1725 1435 medendi
1735 1391 1815 1450 parte

1009 1450 1095 1502 etiam
1113 1448 1247 1515 magister
1264 1449 1382 1500 exstitit.
1418 1448 1537 1500 Assidua
1553 1464 1671 1517 namque
1683 1455 1816 1506 satietate

1010 1519 1176 1571 1111111111
1186 1518 1300 1580 inlitus,
1312 1525 1438 1571 recentes
1448 1518 1611 1570 arundinum
1619 1536 1818 1591 caesurassps·

1011 1588 1148 1640 celatum:
1171 1594 1255 1654 atque
1266 1588 1314 1640 ubi
1325 1589 1516 1641 acutissimum
1527 1588 1607 1641 videt
1619 1591 1748 1655 stirpem,
1767 1596 1818 1642 im·

1010 1659 1132 1725 primeris
1142 1672 1256 1724 corpus,
1276 1673 1374 1711 renam
1385 1658 1523 1725 quasdam
1540 1659 1570 1710 in
1587 1674 1667 1711 crure
1679 1659 1818 1723 rulnerat,

1011 1736 1094 1795 atque
1105 1726 1146 1779 its
1156 1725 1294 1793 11111111
1307 1730 1452 1794 sanguinis
1465 1729 1622 1781 morbidum
1635 1728 1706 1781 alias
1718 1743 1818 1795 corpus

1011 1803 1159 1859 11111111,
1175 1804 1204 1849 11
1213 1792 1400 1865 plagam‘limo
1411 1813 1507 1850 rursus
1519 1798 1642 1850 obducit.

1047 1866 1120 1920 XLI.
1140 1867 1238 1919 Simile
1250 1867 1380 1932 quiddam
1400 1868 1561 1920 1111111111
1577 1869 1606 1919 11
1616 1868 1714 1920 eedem
1725 1870 1817 1936 Aegy·

1014 1943 1063 2002 pto
1076 1937 1252 1999 monstrarit,
1263 1951 1333 2003 quae
1343 1945 1459 1989 vocatur
1469 1937 1535 1989 ibis:
1556 1937 1646 1990 rostri
1655 1937 1818 1992 aduncitate

1013 2021 1062 2073 per
1072 2020 1133 2057 eain
1144 2011 1253 2073 partein
1265 2021 1296 2058 se
1307 2006 1446 2073 perluens,
1477 2022 1514 2059 ua
1523 2007 1604 2059 reddi
1616 2007 1739 2058 ciborum
1752 2022 1817 2060 nne·

1014 2092 1045 2127 ra
1056 2076 1176 2128 maxime
1185 2075 1297 2130 salubre
1308 2084 1359 2128 est.
1395 2022 1535 2130 Nechaec
1548 2078 1611 2128 solo
1621 2092 1639 2129 a
1649 2076 1748 2129 multis
1758 2079 1818 2129 ani·
1846 2142 1849 2149 .

1012 2146 1133 2197 malibus
1143 2154 1339 2212 repertnsunt,
1354 2146 1524 2199 usuiiutura
1535 2153 1563 2199 et
1573 2145 1689 2199 bomini.
1724 2146 1819 2198 Dicta·

1013 2230 1106 2265 ninum
1118 2213 1231 2267 herbam
1243 2214 1421 2267 extrahendis
1435 2216 1546 2282 sagittis
1558 2216 1632 2267 cerri
1644 2222 1817 2269 monstrare·

1012 2300 1052 2344 re,
1063 2284 1188 2349 percussi
1198 2298 1231 2336 eo
1242 2285 1308 2344 telo,
1319 2292 1456 2352 pastuque
1467 2285 1526 2336 eius
1537 2285 1640 2338 herbae
1651 2287 1750 2338 eiecto.
1783 2287 1818 2337 li·

1012 2354 1075 2405 dem
1088 2353 1213 2419 percussi
1224 2368 1241 2403 a
1251 2351 1413 2419 phalangio,
1423 2354 1496 2421 quod
1509 2356 1757 2424 estaraneigenus,
1768 2361 1820 2408 sut

1012 2422 1106 2488 aliquo
1118 2420 1213 2482 simili,
1228 2436 1343 2474 cancros
1353 2422 1461 2475 edendo
1472 2424 1525 2474 sibi
1536 2424 1692 2477 medentur.
1728 2426 1781 2477 Est
1790 2431 1820 2478 et

1012 2488 1048 2541 ud
1061 2497 1220 2556 serpentum
1232 2491 1305 2541 ictus
1316 2494 1474 2558 praecipua,
1485 2508 1539 2558 qua
1550 2509 1580 2544 se
1591 2494 1697 2555 lacerti,
1709 2495 1818 2559 quoties

1013 2574 1076 2610 euni
1097 2558 1141 2610 his
1163 2573 1328 2611 conseruere
1349 2575 1484 2626 pugnum,
1515 2562 1658 2613 vulnerati
1679 2561 1817 2613 refovent.

1013 2627 1206 2679 Chelidonium
1214 2628 1285 2678 visui
1295 2629 1506 2680 saluberrimam
1515 2629 1674 2682 hirundines
1681 2636 1819 2682 nicostra-

1013 2712 1088 2758 vere,
1098 2697 1207 2748 vexatis
1218 2697 1358 2763 pullorum
1371 2696 1459 2749 oeulis
1468 2697 1519 2747 1111
1530 2697 1679 2750 medentes.

1048 2763 1176 2817 'l'estudo
1188 2765 1400 2832 cunilaeqnam
1412 2765 1543 2835 bubulam
1554 2776 1666 2828 vocant,
1675 2775 1766 2832 pastu,
1777 2769 1817 2819 ri-

1014 2850 1058 2887 res
1069 2842 1169 2886 contra
1180 2842 1324 2901 serpentes
1336 2834 1458 2886 referet:
1480 2837 1599 2887 mustela
1613 2843 1701 2898 rutae,
1721 2839 1749 2887 in
1760 2850 1818 2888 ma·

1012 2906 1085 2956 rium
1105 2910 1208 2955 111111
1226 2919 1288 2955 cuin
1306 2904 1342 2954 iis
1354 2904 1534 2956 dimicatione
1547 2914 1688 2958 conserta:
1708 2906 1819 2959 ciconia

1013 2975 1138 3040 origano,
1157 2971 1244 3025 edern
1255 2972 1314 3038 npri
1325 2973 1353 3023 in
1365 2974 1469 3025 morbis
1479 2974 1533 3023 sibi
1545 2974 1701 3036 medentur,
1714 2981 1745 3026 et
1755 2989 1818 3027 can-

1012 3057 1074 3094 cros
1085 3040 1230 3104 vescendo,
1239 3042 1359 3093 maxime
1371 3042 1442 3093 mari
1453 3044 1567 3095 eiectos.
1584 3045 1690 3111 Anguis
1701 3044 1816 3097 hiberno

1012 3112 1068 3162 situ
1081 3108 1241 3163 menibiana
1253 3112 1379 3177 corporis
1390 3111 1527 3173 obducta,
1548 3111 1662 3163 leniculi
1672 3127 1756 3164 succo
1766 3114 1818 3166 ini·

1012 3179 1201 3247 pedimentum
1221 3179 1291 3230 illud
1309 3180 1396 3242 exuit,
1419 3179 1577 3246 nitidusque
1587 3188 1692 3233 vernat.
1728 3182 1817 3235 Exuit

1013 3254 1108 3301 autem
1127 3264 1145 3300 a
1158 3248 1249 3314 cupite
1260 3249 1391 3314 primuni,
1410 3263 1463 3300 nec
1476 3248 1595 3301 celerius
1608 3266 1688 3318 quain
1701 3266 1755 3303 uno
1769 3252 1816 3305 die
1853 3284 1858 3293 -

1013 3334 1046 3370 ac
1058 3324 1141 3370 nocte
1152 3317 1305 3385 replicans,
1326 3324 1358 3369 ut
1379 3324 1458 3368 extra
1468 3318 1517 3368 liat
1529 3319 1721 3383 membranae,
1741 3320 1817 3389 quod

1011 3387 1104 3441 iuerat
1112 3387 1196 3438 intus.
1231 3387 1308 3439 idem
1328 3386 1445 3439 hiberna
1454 3387 1564 3439 latebra
1581 3389 1643 3441 1111
1654 3390 1817 3453 obscurato,

1012 3455 1156 3509 marathro
1166 3455 1268 3509 herbae
1277 3471 1339 3508 sese
1348 3455 1488 3518 affricam,
1501 3457 1596 3509 oculos
1607 3458 1718 3525 inungit
1730 3474 1762 3511 ae
1773 3474 1816 3513 re·

1011 3526 1101 3578 iuret:
1110 3526 1135 3577 si
1146 3540 1212 3578 vero
1223 3541 1355 3593 squamae
1367 3526 1544 3592 obtorpuere,
1555 3527 1642 3592 spinis
1652 3528 1774 3594 iuniperi
1786 3542 1817 3581 se

1011 3596 1110 3648 scahit.
1149 3596 1241 3647 Draco
1261 3610 1373 3647 vernam
1389 3610 1521 3646 nauseam
1536 3595 1676 3647 siluestris
1689 3598 1816 3650 lactucae

1011 3680 1093 3718 succo
1103 3666 1262 3731 restinguit.
1284 3664 1437 3717 Pantheras
1448 3665 1601 3731 perfricata
1610 3681 1691 3718 carne
1702 3668 1815 3718 aconito

1011 3737 1159 3796 (venenum
1176 3733 1207 3801 11
1223 3736 1278 3795 111)
1297 3735 1411 3786 barbari
1422 3742 1565 3786 venantur.
1602 3736 1726 3803 Occupat
1737 3736 1815 3787 illico

1010 3803 1104 3856 111111
1111 3818 1205 3856 earum
1213 3820 1248 3856 an
1268 3818 1313 3855 or:
1324 3819 1411 3872 quare
1422 3802 1634 3870 pardalianches
1646 3805 1673 3856 id
1681 3820 1815 3858 venenum

1011 3873 1185 3941 appellavere
1196 3820 1317 3941 quitiam.
1343 3877 1378 3925 At
1388 3874 1449 3926 iera
1460 3878 1558 3925 contra
1568 3872 1621 3925 hoc
1631 3875 1816 3928 excrementis

1011 3942 1132 3995 hominis
1143 3943 1198 3995 sibi
1210 3943 1349 3995 medetur<
1371 3950 1401 3994 et
1411 3944 1481 3995 alias
1494 3950 1550 3995 tam
1561 3942 1643 3995 avida
1654 3959 1759 4005 eorum,
1781 3949 1815 3994 ut

1012 4029 1029 4065 a
1040 4013 1201 4079 pastoribus
1211 4027 1245 4064 ex
1258 4013 1395 4065 industria
1405 4013 1434 4062 in
1446 4013 1542 4080 aliquo
1556 4028 1622 4065 vase
1631 4026 1766 4078 suspensa
1776 4011 1816 4061 al·

1012 4083 1076 4144 tius,
1096 4096 1176 4148 qnam
1187 4088 1219 4132 nt
1230 4089 1314 4149 queat
1324 4083 1397 4133 saltu
1407 4082 1555 4149 attingere,
1572 4080 1717 4133 iaculando
1728 4095 1759 4131 se
1768 4093 1816 4145 ap·

1012 4152 1186 4218 petendoque
1199 4150 1326 4213 deliciet,
1344 4159 1375 4203 et
1394 4157 1535 4218 postremo
1554 4151 1689 4216 exspiret:
1711 4148 1816 4215 alioqui

1010 4221 1168 4273 vivacitatis
1179 4220 1252 4273 adeo
1261 4221 1371 4283 lentae,
1394 4228 1427 4270 ut
1436 4221 1533 4271 eiectis
1545 4218 1695 4270 interaneis
1707 4217 1754 4268 diu
1766 4230 1816 4283 11·

1010 4295 1084 4356 gnet.
1120 4289 1252 4355 Elephas,
1266 4289 1463 4342 chamaeleone
1472 4287 1614 4343 concolori
1626 4285 1719 4340 frondi
1730 4286 1815 4338 dero-

1011 4366 1083 4420 1111,
1105 4360 1227 4411 11111111
1246 4359 1370 4411 oleastro
1392 4357 1641 4417 huici'enennsuo.
1678 4357 1739 4408 Ursi
1753 4371 1815 4408 cuiii

1010 4427 1213 4493 mandragorae
1232 4428 1307 4479 mala
1331 4433 1496 4494 gustavere,
1527 4426 1659 4478 formicas
1680 4426 1815 4478 lambunt.

1011 4495 1317 4549 Cervusharhacinsre
1328 4496 1471 4548 venenatis
1488 4496 1598 4562 pabulis
1610 4498 1734 4548 resistit..
1761 4494 1813 4548 Pa·
1831 4502 1845 4531 ⁴¹

1010 4564 1126 4626 lumbes,
1145 4566 1279 4632 graeculi,
1299 4566 1431 4622 merulae,
1450 4565 1587 4633 perdices,
1607 4564 1817 4618 111111111111·

1010 4650 1094 4687 nunm
1106 4634 1248 4685 fastidium
1260 4642 1396 4704 purgant:
1407 4635 1565 4698 columbae,
1576 4642 1709 4698 turtures,
1717 4643 1746 4688 et
1756 4634 1816 4702 gal·

1010 4705 1124 4767 1111111,
1136 4703 1222 4756 herba
1232 4720 1302 4773 quae
1311 4710 1429 4758 vocatur
1438 4704 1564 4759 helxine:
1575 4714 1681 4767 anates,
1691 4720 1814 4767 anseres,

1010 4778 1176 4841 ceteraeque
1192 4777 1337 4842 aquaticae
1359 4774 1447 4828 herba
1458 4776 1588 4828 siderite:
1608 4774 1816 4845 grueretsimi·

1011 4845 1063 4909 les,
1084 4846 1166 4898 iunco
1177 4847 1303 4912 palustri.
1330 4847 1436 4897 Corvus
1447 4847 1541 4899 occiso
1554 4844 1758 4906 chamaeleone,
1769 4843 1815 4910 qui

1011 4916 1096 4968 etiam
1110 4916 1211 4967 iictori
1220 4925 1312 4979 nocet,
1329 4916 1408 4968 lauro
1420 4917 1552 4969 iniectum
1565 4917 1640 4966 virus
1651 4914 1815 4981 exstinguit.

1046 4984 1131 5037 XLll.
1150 4984 1243 5037 Millia
1254 4993 1413 5053 praeterea,
1434 4994 1531 5052 utpote
1543 5000 1604 5036 curii
1621 4984 1748 5051 plurimis
1758 4980 1815 5034 ani.

1011 5053 1131 5105 malibus
1142 5055 1239 5107 eadem
1251 5064 1351 5107 natura
1362 5070 1465 5117 rerum,
1485 5054 1674 5120 caeliquoque
1685 5055 1814 5106 obseren-

1011 5124 1127 5184 tionem,
1138 5131 1167 5175 et
1174 5125 1489 5176 ventorumetimbriuni
1496 5130 1524 5176 et
1531 5129 1816 5189 tempestatumprae·

1011 5192 1100 5259 segia,
1109 5192 1174 5243 aliis
1183 5193 1239 5245 alia
1249 5193 1369 5255 dederit,
1380 5193 1452 5258 quod
1459 5192 1587 5258 persequi
1595 5192 1757 5243 immensum
1764 5195 1817 5250 est,

1012 5275 1099 5325 aeque
1109 5260 1218 5313 scilieet
1229 5277 1310 5329 quain
1324 5262 1459 5329 reliquam
1471 5278 1534 5313 com
1543 5260 1815 5329 singulishominuai

1012 5330 1184 5382 societatem.
1218 5329 1362 5398 Siquidem
1374 5339 1402 5382 et
1415 5331 1539 5396 pericula
1550 5336 1740 5398 praemonent,
1760 5337 1816 5374 uuo

1013 5399 1090 5450 libris
1102 5398 1185 5449 modo
1197 5401 1341 5468 extisque,
1363 5400 1436 5451 circa
1446 5399 1520 5467 quod
1539 5414 1641 5467 magna
1655 5393 1816 5446 mortalium

1012 5468 1105 5533 portio
1117 5466 1224 5532 haeret,
1230 5469 1281 5522 sed
1291 5471 1348 5521 alin
1359 5470 1477 5536 quadam
1489 5469 1701 5537 significatione·
1717 5461 1817 5516 Ruints

1070 5539 1219 5584 “mest-ui
1229 5537 1347 5590 11111111
1358 5540 1555 5606 praemigrant,
1570 5532 1737 5588 stantionis
1750 5533 1818 5588 teiis

1259 5608 1379 5727 “viguai5a
1388 5607 1501 5703 quidem
1520 5614 1609 5659 artem
1631 5601 1723 5654 iecere
1741 5605 1818 5673 sputi
