4374 6014
281 311 312 373 c
339 307 493 372 eursu
528 307 736 370 secusne
772 306 943 370 nerea
972 305 1169 371 nrsron
1202 258 1290 372 niu.
1311 306 1491 370 xxx1n.
1527 308 1622 373 cae.
1645 310 1722 374 aa.
1769 312 1831 378 ara

176 463 277 519 anulos
286 462 381 517 rideo:
401 476 535 530 nusquam
547 466 623 513 certe
636 456 775 514 liemarus
786 460 864 524 dicit,
879 476 940 515 earn
950 468 980 516 ct

177 532 325 589 codicillos
341 532 495 584 missitatos
514 532 695 598 epistolarum
709 532 802 599 gratia
818 531 931 596 indicet,
951 538 980 586 et

179 604 308 658 conditas
319 603 390 654 arcis
403 608 504 663 vestes,
525 614 632 651 acrasa
642 615 727 652 aurea
738 608 933 670 argenteaque,
950 608 980 654 et

180 670 446 740 cacelligotanodi,
469 684 524 721 non
540 670 627 732 anuli,
646 679 721 723 nota.
756 671 856 722 Sortiri
870 686 980 792 quoquc

180 750 278 796 contra
288 742 516 810 provocationem
528 740 614 793 duces
625 755 679 792 non
696 740 787 793 anulis
798 740 893 794 tradit.
952 759 981 794 a·

179 812 284 865 bricam
295 812 381 864 etiam
392 810 474 862 deum
485 810 599 871 tibulus,
621 816 649 861 et
660 810 717 862 alia
728 811 869 863 muliebris
880 810 980 872 cultus,

180 883 253 937 siout
263 882 382 942 inaures,
394 880 420 930 in
433 878 587 947 primordio
597 878 750 941 factitasse,
769 895 829 932 erne
841 882 980 931 mentione

181 951 335 1003 anulorum.
372 949 409 1000 Et
419 950 543 1017 quisquis
554 948 658 1017 primus
670 950 800 1011 innituit,
816 956 982 1001 cunctanter

180 1021 210 1074 id
230 1019 308 1082 iecit,
329 1018 471 1084 lenisque
492 1019 626 1081 manibus,
646 1018 850 1085 latentibusque
873 1019 980 1071 induite

181 1104 252 1152 cum,
273 1089 299 1140 si
316 1087 405 1140 honos
422 1101 537 1139 securus
553 1086 661 1150 neser,
680 1086 874 1141 dextrainerit
891 1095 980 1139 osten·

182 1159 293 1213 tandus.
331 1158 412 1219 Quod
432 1158 456 1209 si
476 1156 705 1225 impedimentum
722 1156 817 1225 potuit
833 1157 860 1208 in
876 1173 910 1209 eo
932 1158 981 1207 all·

180 1228 257 1296 quod
267 1227 404 1294 intelligi,
425 1227 510 1280 etiam
520 1227 636 1278 serioris
646 1243 713 1279 usus
723 1233 915 1294 argumentum
929 1231 981 1287 est,

181 1296 271 1350 maius
281 1296 309 1347 in
320 1296 400 1348 lucra
411 1295 506 1358 fuisse,
527 1306 697 1363 quassatum
710 1298 828 1364 capitur.
866 1299 915 1347 list
926 1297 982 1362 qui·

181 1367 243 1420 dem
258 1365 331 1433 apud
349 1365 467 1417 cundem
484 1366 638 1417 Homerum
656 1366 777 1417 sirenum
797 1366 920 1416 crinibus
933 1378 981 1414 au·

181 1451 244 1489 rum
255 1435 406 1501 implexum
417 1452 423 1484 ι
443 1433 507 1486 ideo
523 1436 617 1488 nescio
634 1450 670 1489 an
680 1436 760 1502 prior
769 1450 835 1486 usus
846 1432 983 1486 aieminia

147 1521 151 1530 ·
183 1521 233 1558 coe
254 1505 316 1557 crit.

245 1611 252 1626 .
282 1575 386 1626 Romae
401 1588 435 1626 ne
451 1571 506 1625 init
523 1572 632 1640 quidem
651 1584 747 1637 ausum
765 1572 819 1623 nisi
834 1570 982 1623 admodum

184 1644 323 1712 exignum,
335 1643 419 1711 longo
431 1649 565 1711 tompore.
602 1643 684 1694 Certe
700 1657 760 1695 cnm
773 1658 790 1693 a
801 1641 893 1694 Callis
902 1647 985 1706 capta

182 1711 257 1764 Urbe
268 1727 322 1779 pax
334 1720 483 1774 emeretur,
503 1726 558 1763 non
570 1714 630 1779 pius
642 1726 723 1779 quam
743 1712 818 1763 mille
830 1709 922 1781 pondo
935 1723 983 1776 pe-

182 1789 272 1834 tuere.
307 1781 367 1834 Nec
386 1783 485 1847 ignoro
506 1782 545 1832 Μ.
558 1783 687 1833 Crassum
709 1781 765 1833 duo
784 1782 872 1832 millia
893 1778 984 1847 pondo

182 1852 244 1902 auri
255 1851 382 1916 rapuisse
397 1866 447 1901 suo
464 1859 492 1901 et
510 1850 634 1917 Pompeii
653 1851 774 1903 secundo
790 1848 947 1909 consulatu,
969 1862 984 1898 s

183 1919 333 1986 Capitolini
344 1919 418 1970 lovis
429 1919 513 1981 solio,
528 1933 545 1969 a
556 1920 676 1972 Camillo
686 1920 723 1971 ibi
734 1918 858 1979 condita,
879 1924 908 1970 et
919 1916 983 1967 ideo

142 1996 152 2002 ‘
183 2004 201 2041 a
212 1988 351 2056 plerisque
363 1989 520 2041 existimari
531 1988 586 2040 duo
596 1990 685 2040 millia
697 1988 789 2054 pendo
799 1987 911 2039 collata.
930 1984 984 2036 Sed

183 2058 257 2126 quod
268 2057 394 2119 accessit,
416 2058 561 2109 (loliorum
574 2057 751 2125 praedaiuit,
773 2057 984 2120 detractumque

183 2127 219 2179 ab
230 2127 274 2178 his
284 2128 312 2178 io
322 2134 401 2194 parte
413 2135 509 2193 captae
520 2129 600 2180 Urbis
611 2127 744 2179 delubris.
781 2124 878 2178 Colles
891 2130 984 2176 autem

185 2212 248 2249 cum
267 2211 336 2249 euro
357 2211 481 2263 pugnare
501 2198 611 2259 solitos,
628 2198 788 2263 'l'orqoatua
809 2196 912 2246 indicio
933 2199 984 2245 est.

184 2267 306 2333 Apparet
322 2280 389 2333 ergo
404 2266 550 2317 Gallorum
568 2265 789 2331 templorumque
811 2263 985 2323 tantundem,

183 2350 237 2389 nec
246 2334 366 2401 amplius
378 2333 476 2386 luisse:
497 2335 569 2403 quod
585 2334 694 2401 quidem
711 2337 737 2385 io
747 2335 864 2415 augurio
875 2330 986 2384 intelle·

185 2408 260 2456 ctum
271 2410 323 2466 est,
333 2420 395 2456 curn
406 2404 579 2471 Capitolinus
591 2404 704 2469 duplum
715 2402 893 2454 reddidisset.
912 2397 984 2451 illud

185 2487 295 2541 quoque
305 2474 396 2526 obiter
406 2473 531 2526 indicare
542 2472 687 2534 convenit,
707 2471 837 2539 quoniam
850 2471 885 2521 de
896 2467 987 2519 anulis

184 2556 340 2595 emmonem
351 2543 513 2607 repetimus,
532 2541 675 2594 aedituum
688 2540 834 2592 custodiae
845 2539 906 2592 eius
915 2552 988 2590 com·

184 2611 500 2679 praeonominatum
512 2626 560 2663 ore
570 2610 645 2662 anuli
658 2622 776 2676 gemma,
785 2609 881 2660 statim
895 2606 986 2673 exspi-

184 2695 272 2742 rasse,
284 2685 313 2732 et
322 2680 454 2731 indicium
464 2679 505 2731 ita
522 2681 699 2732 exstinctum.
736 2681 811 2746 iirgo
825 2686 857 2729 ut
868 2677 986 2728 maxima

186 2749 360 2801 ductantem
373 2749 461 2800 millia
478 2749 570 2816 pondo
576 2786 585 2814 ,
598 2762 659 2801 enm
671 2755 753 2814 capta
763 2754 805 2801 est
817 2748 903 2799 Romu
914 2760 986 2797 anno

187 2817 345 2872 CCCLXlV
356 2818 444 2880 inere,
466 2834 526 2870 cum
542 2819 597 2870 iem
609 2820 729 2885 capitum
741 2817 893 2869 liberorum
904 2830 987 2867 censa

185 2894 280 2940 essent
301 2886 372 2940 CLli
393 2886 490 2951 millio,
510 2889 657 2956 quingenti
676 2887 801 2940 blixlil.
839 2888 867 2937 ln
889 2884 985 2937 eadem

183 2964 250 3025 post
260 2972 346 3009 annos
359 2955 487 3015 cccvii,
497 2958 571 3025 qnod
583 2954 797 3024 excepimliose
807 2957 882 3008 aedis
894 2958 986 3009 incer*

186 3027 233 3079 dio
256 3030 409 3094 ceterisque
431 3029 559 3078 orrrnibus
586 3026 710 3079 delubris
732 3028 762 3078 C.
783 3026 891 3076 Marius
910 3023 986 3074 iilius

184 3093 337 3148 Praeneste
358 3095 508 3158 detulerat,
528 3095 659 3148 tredecim
675 3095 766 3147 millia
787 3094 894 3161 periclo:
916 3106 986 3160 quae

184 3167 237 3217 sub
249 3180 282 3217 en
296 3166 379 3217 titolo
392 3164 420 3215 in
432 3165 574 3232 triumphe
583 3165 727 3219 transtulit
738 3165 824 3226 Sulla,
836 3170 864 3215 et
875 3161 986 3229 argenti

184 3234 225 3288 Vl
248 3235 344 3286 millia.
381 3232 459 3286 ldem
481 3250 517 3287 ex
537 3235 645 3301 reliqna
665 3237 738 3285 enini
760 3233 877 3284 victoria
896 3230 988 3297 pridie

184 3304 369 3373 transtulerat
389 3306 449 3354 auri
470 3304 561 3370 pendo
582 3303 743 3367 XVmillia,
766 3301 874 3369 argenti
895 3298 987 3368 pondo

186 3380 296 3425 eentum
309 3380 337 3423 et
349 3372 503 3437 quindecim
517 3373 614 3425 millia.

221 3442 264 3493 Vl.
284 3441 471 3507 Frequentior
486 3448 580 3492 autem
596 3450 662 3491 usus
679 3438 825 3491 anulorum
846 3452 901 3484 non
923 3442 987 3485 eote

186 3511 236 3561 Cn.
248 3509 373 3561 Flavium
387 3511 466 3561 neon
482 3512 567 3561 lilium
586 3508 812 3576 deprehenditur.
849 3505 903 3555 llic
914 3516 988 3555 nant·

184 3593 240 3646 que
251 3579 400 3645 publicatis
419 3578 515 3630 diebus
533 3578 623 3638 lastis,
644 3588 711 3642 quos
728 3574 845 3642 populus
863 3573 986 3639 apaucis

184 3649 342 3718 principum
354 3648 477 3712 quotidie
495 3647 618 3711 petebat,
638 3651 743 3695 tantam
762 3642 881 3710 gretiam
899 3642 987 3708 plebis

185 3716 304 3782 adeptus
315 3722 367 3776 est,
380 3711 501 3783 (nlioqni
514 3714 645 3765 libertino
657 3720 736 3780 patre
747 3716 873 3781 genitos,
889 3720 916 3764 et
928 3712 988 3777 ipse

184 3785 266 3854 appii
277 3785 360 3837 Caeci
370 3784 472 3848 scriba,
483 3785 562 3835 cuius
575 3784 688 3835 hortatu
701 3788 847 3849 exceperat
858 3794 906 3832 eos
918 3779 988 3844 dies,

186 3853 370 3908 consultando
382 3853 493 3905 assidue
504 3855 597 3921 sagaci
610 3854 729 3922 ingenio,
749 3851 987 3919 promulgaverat-

185 3926 257 3993 qne,)
268 3930 300 3975 ut
309 3922 409 3976 aedilis
420 3923 525 3974 curulis
536 3931 679 3977 crearetur
691 3938 752 3974 cum
761 3925 794 3985 Q.
802 3922 899 3973 Anicio
908 3918 988 3972 l’ran·

184 3994 306 4055 aestino,
318 3994 364 4061 qui
377 3996 470 4058 paucis
481 4002 546 4046 ante
556 3993 637 4044 annis
648 3993 736 4043 hostis
749 3991 858 4051 iuisset,
878 3998 987 4056 praetc-

185 4065 249 4116 rltis
261 4066 289 4114 C.
303 4062 428 4113 Poetelio
440 4067 469 4111 et
480 4061 614 4123 Deoritio,
625 4074 742 4128 quorum
756 4067 848 4125 patres
860 4059 988 4110 consoles

185 4133 306 4185 inerant.
342 4130 473 4182 Additum
486 4128 595 4191 Flauio,
616 4137 648 4180 ot
658 4128 741 4179 nurui
753 4137 781 4179 ct
791 4128 921 4177 tribunus
932 4128 989 4191 ple·

185 4200 230 4252 bis
242 4204 326 4249 osset.
363 4200 424 4260 Quo
436 4197 512 4249 tecto
524 4205 602 4248 tanta
613 4198 731 4249 Senatus
743 4195 934 4263 indignatione
944 4206 990 4244 ex-

184 4270 266 4331 arsit,
277 4274 307 4317 ut
317 4267 416 4317 anulos
427 4267 461 4316 ab
473 4282 506 4317 ee
518 4267 642 4318 abiectos
651 4267 736 4317 inisse
748 4266 776 4315 in
788 4263 989 4330 antiquissimis

184 4337 347 4406 reperiatur
365 4335 518 4386 annalibus.
556 4336 642 4387 Fallit
663 4335 820 4402 plerosque,
840 4332 914 4399 quod
928 4337 990 4382 tum

185 4415 216 4462 et
233 4412 387 4473 equestrem
400 4404 524 4463 ordinem
535 4403 858 4457 idiccissearbltrnntur.
878 4401 988 4453 Etenim

185 4477 328 4529 adiectum
351 4472 402 4525 lroc
424 4474 602 4541 quoque,sed
624 4482 652 4526 ct
673 4471 789 4540 phalera
809 4472 910 4539 posita,
924 4484 990 4537 pre·

185 4552 338 4615 ptereaque
360 4556 458 4594 nomen
479 4546 602 4609 equitum
627 4545 764 4596 adiectum
786 4548 837 4593 est.
885 4540 990 4592 nnules

188 4630 298 4684 quoqne
318 4613 462 4678 depositos
482 4628 499 4663 a
514 4612 671 4675 nobilitate,
690 4612 717 4663 in
734 4612 848 4662 annales
868 4610 988 4679 relatum

188 4692 240 4747 est,
250 4696 304 4735 non
318 4683 449 4734 asenatu
459 4681 600 4734 universo.
637 4684 699 4733 linc
711 4688 801 4732 actum
813 4680 843 4733 Ρ.
860 4678 986 4744 Sempro-

188 4755 235 4807 nio
255 4754 363 4821 Longo,
382 4751 414 4803 L.
430 4750 553 4818 Sulpicio
574 4753 744 4803 consulibus.
780 4748 893 4809 Flavius
915 4748 991 4799 norit

188 4824 284 4876 aedem
298 4821 483 4882 Concordiae,
502 4822 526 4871 si
537 4822 639 4888 popolo
651 4819 860 4875 reconciliasset
870 4816 988 4869 ordines.

186 4884 226 4945 m
236 4906 298 4943 cum
317 4892 393 4944 adid
410 4891 525 4957 pecunia
535 4892 646 4957 publica
660 4908 714 4943 non
726 4890 930 4951 decerneretur,
953 4898 987 4939 er

153 4980 160 4985 ·
188 4963 343 5013 multatitia
366 4959 591 5020 foeneratoribus
614 4960 803 5013 condemnatis
833 4956 987 5010 aediculam

187 5044 299 5085 aeream
310 5030 377 5083 iecit
392 5031 421 5080 io
431 5028 624 5092 Graecostasi,
643 5042 712 5097 quae
726 5034 794 5081 tunc
810 5040 895 5093 supra
906 5026 990 5078 couri·

91 5116 99 5133 ’
186 5101 257 5153 tium
269 5105 339 5153 crat.
375 5100 533 5167 inciditque
550 5100 577 5151 in
594 5100 699 5151 tabella
715 5110 868 5150 aereacam
882 5096 989 5155 aedem,

185 5171 320 5224 trecentis
330 5177 449 5235 quatuor
460 5171 539 5221 annis
551 5179 614 5236 post
622 5167 815 5235 Capitolinam,
824 5165 991 5218 dedicatam.

186 5238 232 5292 lta
243 5238 425 5294 ccccxmx
441 5239 584 5291 accedite
601 5239 673 5290 Urbe
686 5244 793 5305 gestum
812 5243 867 5287 est:
889 5241 917 5286 et
937 5233 991 5300 pri·

186 5322 263 5361 mem
277 5309 422 5359 anulorum
439 5309 589 5374 vestigium
607 5315 712 5359 exstat:
736 5304 884 5374 promiscui
897 5308 988 5353 autem

185 5392 255 5428 usus
267 5376 386 5426 alterurn
398 5376 519 5425 secundo
533 5376 634 5427 l’nnlco
645 5376 734 5428 bello:
756 5376 928 5441 neque-enim
939 5372 990 5422 ali·

166 5450 238 5544 Ι
246 5446 403 5544 pptuissent
418 5442 550 5494 trimodia
566 5444 617 5496 illa
631 5445 777 5497 anulorum
793 5439 989 5508 Carthaginem

275 5511 406 5563 conibale
426 5510 509 5560 mitti.
552 5512 626 5563 ieter
645 5513 812 5580 Caepionem
834 5524 941 5577 quoque
963 5516 991 5561 ct

341 5597 356 5634 r
369 5579 453 5632 anulo
464 5581 491 5629 in
503 5581 633 5634 auctione
644 5583 744 5649 renali,
755 5580 921 5634 inimicitiae
931 5595 991 5633 coe·

1030 476 1113 534 parer
1128 462 1202 515 unde
1213 462 1293 531 erigo
1304 456 1417 514 socialis
1427 461 1505 525 belli,
1516 466 1545 515 st
1554 463 1643 516 exitia
1652 480 1755 519 rernm.
1790 464 1834 519 Ne

1031 543 1090 587 tum
1113 533 1223 602 quidem
1245 547 1342 585 omnes
1362 542 1508 585 senatores
1529 531 1698 586 babuerunt:
1735 540 1833 601 utpote

1031 618 1092 656 cum
1104 604 1238 653 memoria
1248 616 1362 654 erorum
1375 601 1455 651 nrulti
1474 606 1605 668 praetura
1616 618 1725 671 quoqne
1736 605 1834 667 irrectl,

1031 675 1062 725 in
1072 673 1147 724 ierro
1158 670 1628 737 consenuerint,sicutCaipnrnium
1640 673 1833 736 ctManillnm,

1032 744 1078 810 qul
1092 742 1200 809 legatus
1213 742 1269 791 Caii
1280 739 1363 790 Marii
1374 738 1467 790 inerat
1478 737 1640 806 iugurthino
1651 741 1735 806 bello,
1746 742 1833 794 Fene·

1033 809 1226 864 stellatredlt:
1244 815 1273 860 et
1295 808 1375 858 multi
1394 809 1427 859 L.
1438 808 1576 859 Fufidium
1596 809 1730 870 illum,ad
1752 820 1833 877 quem

1033 881 1154 934 Scaurus
1171 877 1206 930 dc
1226 880 1283 929 rita
1298 892 1350 928 sua
1364 878 1490 943 scripsit:
1509 880 1535 929 iu
1550 877 1745 939 Quinctiorum
1767 893 1833 932 uero

1032 949 1141 1002 familia
1151 962 1258 1010 aurum,
1277 960 1312 998 ne
1324 945 1442 998 reminas
1453 947 1574 1013 quidem,
1591 946 1694 1000 bebere
1705 962 1764 998 mos
1775 947 1835 1001 irre·

1033 1020 1085 1072 rit:
1104 1018 1251 1086 nullosque
1272 1018 1384 1068 omnino
1404 1016 1503 1067 anolus
1518 1017 1607 1067 maior
1624 1028 1688 1083 pars
1708 1017 1835 1085 gentium

1033 1088 1173 1141 bominum
1194 1102 1246 1149 ue,
1266 1086 1349 1139 etiarn
1361 1086 1409 1152 qui
1419 1085 1471 1136 sub
1484 1085 1599 1152 imperio
1611 1092 1708 1138 nostro
1721 1085 1834 1154 degunt,

1033 1156 1171 1224 hodieque
1207 1157 1297 1207 abeat.
1333 1155 1395 1206 Non
1413 1156 1508 1223 signat
1519 1155 1618 1207 Crlens
1630 1157 1834 1224 autnegyptus

1034 1228 1213 1288 etiamnunc,
1231 1224 1323 1277 literis
1339 1230 1470 1275 contenta
1484 1224 1561 1276 solis.
1596 1224 1695 1276 Multis
1711 1223 1764 1276 hoc
1777 1240 1835 1277 nro·

1034 1297 1088 1358 dis,
1098 1300 1129 1345 ut
1138 1301 1231 1345 cetera
1242 1292 1459 1355 omnin,iuxuria
1469 1293 1593 1356 variavit,
1599 1310 1722 1362 gemmas
1733 1294 1835 1346 adden·

1035 1366 1071 1417 do
1083 1364 1218 1430 exquisiti
1236 1363 1363 1432 iulgoris,
1384 1378 1521 1429 censuque
1538 1364 1631 1430 opimo
1650 1363 1754 1432 digitos
1770 1378 1835 1417 one·

1035 1432 1133 1494 rande,
1152 1434 1224 1485 sicut
1235 1432 1356 1484 dicessus
1368 1432 1396 1483 in
1408 1447 1578 1499 geminarum
1591 1433 1745 1484 volumine:
1768 1446 1835 1486 mox

1036 1509 1064 1555 et
1076 1500 1180 1571 efligies
1191 1503 1282 1553 carias
1293 1502 1439 1563 caelando,
1448 1509 1480 1553 ut
1492 1502 1559 1554 alibi
1569 1517 1623 1564 ars,
1636 1502 1704 1554 alibi
1716 1505 1836 1554 materia

1036 1579 1109 1625 esset
1120 1572 1147 1623 in
1160 1572 1260 1640 pretio.
1296 1571 1372 1622 Alias
1388 1570 1489 1622 deiude
1502 1586 1626 1639 gemmas
1642 1571 1744 1623 violari
1756 1569 1836 1624 nens

1037 1642 1160 1709 putarit:
1180 1654 1258 1693 acne
1274 1639 1334 1722 quis
1352 1640 1480 1706 sigonam
1497 1657 1609 1693 censam
1624 1642 1652 1692 ln
1670 1641 1761 1691 anulis
1774 1656 1836 1693 esse

1036 1710 1219 1779 intelligeret,
1230 1708 1336 1761 solidas
1349 1710 1446 1760 induit.
1470 1710 1609 1770 Quasdam
1622 1726 1687 1761 rero
1702 1722 1789 1777 neque
1800 1710 1836 1762 ab

1038 1790 1071 1835 ca
1082 1789 1162 1847 parte
1174 1795 1244 1848 quae
1256 1779 1345 1847 digito
1358 1780 1526 1841 occullatur,
1543 1794 1611 1830 auro
1624 1780 1715 1841 clusit,
1727 1793 1837 1831 aurunt·

1038 1864 1090 1916 qne
1112 1848 1237 1901 millibus
1258 1848 1417 1915 lapillorum
1439 1848 1523 1899 vilius
1544 1848 1619 1899 iecit
1656 1851 1760 1899 Contra
1769 1860 1836 1899 rere

1039 1917 1119 1975 multi
1140 1918 1230 1969 nullas
1254 1917 1406 1969 admittunt
1426 1932 1561 1986 gemmas,
1574 1931 1698 1984 auroque
1717 1918 1779 1983 ipso
1800 1915 1838 1967 si·

1038 1993 1137 2054 gnant:
1166 1986 1195 2038 ld
1222 1985 1332 2041 Claudii
1354 1988 1482 2038 Caesaris
1504 1986 1662 2053 principatu
1685 1992 1836 2052 repertum.

1038 2056 1096 2110 Nec
1108 2070 1164 2108 non
1184 2061 1213 2108 et
1231 2054 1346 2107 servitia
1360 2056 1414 2106 iam
1431 2054 1536 2107 ierrum
1552 2070 1621 2106 auro
1632 2056 1759 2121 cingunt:
1780 2051 1839 2105 alia

1039 2141 1089 2193 per
1099 2141 1162 2177 sese
1178 2138 1257 2176 mero
1272 2137 1340 2175 euro
1356 2124 1501 2177 decorant:
1522 2123 1599 2175 cuius
1615 2123 1746 2175 licentiae
1757 2122 1838 2190 origo

1039 2196 1149 2247 nomine
1161 2194 1223 2262 ipse
1237 2194 1267 2244 in
1287 2191 1467 2245 Samothrace
1483 2193 1510 2245 id
1526 2193 1686 2244 institutum
1704 2192 1837 2243 declaret.

1038 2264 1161 2333 Singulis
1173 2267 1259 2329 primo
1272 2262 1367 2330 digitis
1403 2262 1445 2315 eri
1455 2278 1513 2314 mos
1528 2262 1636 2323 iuerat,
1657 2262 1703 2328 qui
1714 2267 1777 2312 sunt
1787 2260 1838 2311 mi*

1037 2334 1120 2384 nimis
1131 2335 1265 2400 proximi:
1284 2333 1324 2384 sic
1336 2334 1364 2383 ln
1377 2277 1483 2384 §umas
1495 2338 1523 2384 et
1534 2332 1623 2384 Servii
1636 2330 1724 2382 Tullii
1737 2333 1838 2381 statuis

1039 2401 1173 2453 ridemus.
1210 2400 1312 2453 Postea
1331 2400 1425 2468 pollici
1446 2402 1573 2466 proximo
1593 2399 1728 2461 induere,
1751 2400 1838 2451 etiam

1040 2469 1155 2521 deorum
1166 2470 1336 2521 simulacris:
1356 2468 1418 2519 dein
1431 2470 1539 2520 inritet
1551 2470 1665 2519 minimo
1678 2469 1753 2518 dare.
1768 2466 1838 2518 Gal·

1038 2538 1093 2591 liae
1111 2539 1329 2604 Britanniaeqee
1350 2536 1492 2595 in‚medio
1514 2536 1642 2588 dicuntur
1662 2551 1737 2587 usae.
1783 2534 1839 2585 liic

1039 2622 1112 2659 nunc
1123 2607 1201 2658 solers
1212 2608 1362 2673 excipitur:
1382 2605 1468 2657 ceteri
1480 2619 1574 2656 omncs
1586 2610 1747 2667 onerantur,
1756 2609 1839 2671 atquc

1039 2679 1125 2730 ctiam
1148 2677 1277 2743 privatim
1293 2675 1404 2727 articuli
1420 2675 1571 2725 mineribus
1587 2673 1661 2727 eliis.
1700 2673 1770 2724 Sunt
1791 2670 1839 2738 qui
1933 2708 1938 2713 -

1039 2753 1097 2799 tres
1109 2747 1158 2798 uni
1168 2746 1281 2798 minimo
1296 2750 1458 2812 congerant:
1487 2743 1534 2794 alii
1548 2759 1613 2795 vero
1630 2749 1659 2794 et
1678 2742 1742 2793 huic
1754 2755 1839 2791 unum

1039 2808 1162 2878 tantu’m,
1184 2830 1238 2884 quo
1254 2815 1409 2883 signantem
1425 2813 1545 2881 signent.
1581 2811 1715 2864 Conditus
1729 2809 1787 2872 ille,
1808 2814 1840 2860 ut

1039 2900 1084 2938 res
1100 2898 1173 2947 rara,
1193 2892 1222 2937 ct
1239 2882 1343 2935 iniuria
1359 2894 1424 2933 esus
1444 2881 1566 2948 indigna,
1587 2880 1664 2933 velut
1681 2896 1696 2931 o
1716 2878 1838 2931 sacraris

1039 2957 1188 3023 promitur:
1208 2959 1238 3006 et
1248 2968 1330 3004 unum
1343 2952 1372 3003 in
1390 2953 1503 3003 minimo
1516 2950 1605 3016 digito
1617 2948 1758 3010 babuisse,
1779 2962 1841 3015 pre·

1038 3024 1167 3075 tiosioris
1187 3023 1216 3074 in
1234 3022 1376 3074 recondito
1402 3018 1585 3086 supellectilis
1611 3020 1765 3070 ostentatio
1787 3023 1839 3069 est.

1039 3095 1096 3146 lem
1108 3094 1157 3145 alii
1170 3091 1293 3162 pondera
1304 3095 1555 3142 eorumostenruot.
1575 3087 1643 3139 Aliis
1654 3089 1746 3153 plures
1757 3100 1840 3152 quam

1040 3178 1122 3214 unam
1135 3168 1247 3231 gestare
1257 3161 1338 3212 labor
1352 3164 1404 3210 est.
1441 3158 1495 3208 mii
1511 3157 1638 3205 bracteas
1653 3153 1784 3206 infarcire
1801 3153 1841 3206 le·

1039 3232 1116 3283 viere
1127 3231 1252 3292 materia,
1263 3235 1377 3297 propter
1387 3239 1491 3286 casum,
1507 3225 1595 3274 tutius
1606 3238 1774 3291 gemmarum
1786 3223 1840 3276 soi·

1040 3300 1178 3352 licitndioi
1191 3301 1298 3362 putant.
1343 3293 1397 3344 nni
1408 3293 1459 3343 snb
1470 3293 1587 3359 gentonis
1597 3305 1703 3343 recena
1715 3292 1840 3356 cludunt,

1039 3371 1111 3420 sicut
1122 3362 1326 3417 Demosthenes
1337 3377 1458 3413 summus
1469 3362 1603 3413 Graeciae
1615 3371 1718 3425 orator,
1729 3363 1840 3413 anulos-

1040 3450 1092 3505 que
1114 3434 1213 3486 mortis
1234 3433 1328 3501 gretia
1348 3431 1459 3482 babent.
1496 3430 1623 3497 Denique
1642 3438 1673 3481 ut
1693 3432 1841 3498 plurimum

1041 3518 1123 3570 opum
1137 3503 1244 3555 scelera
1253 3500 1345 3552 anulis
1357 3502 1434 3551 dunt.
1470 3499 1549 3562 Quae
1559 3499 1614 3550 run
1625 3500 1674 3551 iiia
1686 3501 1841 3567 priscorum

1040 3575 1107 3630 rita.
1119 3574 1208 3640 qualis
1219 3570 1389 3633 innocentia,
1401 3571 1430 3620 in
1442 3582 1495 3636 qna
1506 3566 1576 3637 njlril
1588 3568 1771 3636 signabaturl
1805 3571 1842 3620 nt

1042 3658 1114 3696 nunc
1144 3642 1196 3695 cibi
1217 3655 1326 3708 quoqne
1356 3655 1389 3690 ac
1414 3645 1496 3706 potus
1523 3639 1607 3691 anulo
1630 3636 1806 3690 uindicantur
1825 3652 1843 3688 a

1040 3714 1147 3780 rapina.
1183 3712 1246 3762 Hoc
1268 3708 1410 3777 profecere
1431 3707 1629 3776 mancipiorum
1653 3707 1788 3777 legiones,
1813 3712 1843 3758 et

1040 3783 1068 3833 io
1089 3778 1171 3832 domo
1194 3780 1275 3832 turba
1297 3785 1421 3838 externa,
1437 3793 1470 3829 ec
1484 3792 1625 3830 serrorum
1648 3792 1756 3847 queque
1776 3790 1840 3828 cau·

1040 3866 1072 3903 sa
1103 3849 1293 3901 nomenclator
1324 3846 1506 3899 adhibendus.
1541 3847 1631 3899 Aliter
1662 3847 1733 3914 apud
1769 3846 1841 3897 anti·

1042 3936 1136 3988 quos,
1166 3919 1269 3987 singull
1304 3917 1476 3984 Marcipores
1502 3915 1689 3984 Luciporesre
1716 3914 1843 3966 domino·

1041 4004 1103 4042 rum
1125 3989 1252 4058 gentiles,
1277 4000 1387 4039 omnem
1408 3989 1509 4038 rictam
1532 3985 1561 4036 in
1582 3984 1739 4053 promiscuo
1761 3981 1842 4035 lrabe-

1041 4062 1119 4111 bent:
1151 4074 1200 4109 nec
1221 4059 1278 4109 ulia
1305 4058 1380 4107 domi
1410 4053 1538 4106 custodia
1555 4070 1572 4106 a
1591 4052 1752 4105 domesticis
1772 4064 1842 4117 opus

1042 4134 1112 4179 erat.
1148 4127 1229 4178 Nunc
1240 4124 1593 4192 eripiendaecomparanter
1605 4120 1712 4188 epulae,
1725 4120 1843 4185 pariter-

1043 4211 1094 4263 que
1104 4196 1151 4260 qui
1160 4198 1271 4259 rapiant
1283 4208 1330 4244 ens
1337 4230 1347 4257 ,
1366 4199 1396 4245 et
1407 4194 1499 4243 clares
1511 4206 1621 4257 queque
1633 4191 1706 4255 ipsas
1717 4191 1843 4255 signasse

1042 4280 1095 4314 nno
1109 4270 1152 4314 est
1163 4265 1246 4313 satis:
1264 4263 1387 4329 granatis
1402 4276 1500 4311 somno
1512 4266 1561 4309 aut
1573 4258 1754 4310 morientibus
1766 4256 1844 4308 anuli

1043 4330 1239 4383 detrahuntur:
1259 4331 1402 4397 maiorque
1419 4331 1492 4381 ritae
1505 4328 1579 4379 ratio
1592 4327 1667 4378 circa
1677 4324 1728 4377 boc
1739 4326 1842 4377 instru-

1043 4409 1164 4454 mentum
1176 4416 1236 4452 esse
1247 4399 1357 4465 coepit,
1379 4400 1515 4450 incertum
1528 4413 1544 4448 a
1556 4411 1611 4463 quo
1622 4403 1755 4461 tempore.
1791 4395 1841 4447 Vl·

1043 4471 1139 4523 demur
1150 4477 1241 4521 tamen
1254 4485 1335 4536 posse
1347 4468 1374 4519 io
1387 4470 1510 4519 externis
1523 4465 1717 4518 auctoritatem
1729 4464 1790 4516 elus
1801 4464 1844 4515 rei

1042 4538 1209 4607 intelligere,
1219 4540 1292 4590 circa
1300 4537 1476 4607 Polycratem
1490 4536 1567 4589 Sami
1578 4543 1737 4603 tyrannum,
1745 4536 1788 4584 cui
1800 4533 1843 4585 di·

1043 4611 1132 4662 lectus
1143 4609 1193 4660 ilie
1204 4609 1302 4659 anulus
1314 4610 1340 4659 in
1353 4623 1428 4659 marc
1441 4606 1576 4668 abiectus,
1592 4611 1672 4671 capto
1684 4603 1788 4655 relatus
1800 4606 1844 4655 est

1043 4681 1127 4747 pisce,
1138 4677 1200 4746 ipso
1213 4677 1324 4728 circiter
1334 4674 1458 4728 CCXXX
1467 4691 1570 4727 onerum
1582 4674 1660 4725 urbis
1671 4680 1785 4725 nostrae
1797 4673 1841 4724 in·

1042 4748 1170 4801 terfecto.
1190 4748 1364 4800 celebratior
1376 4746 1487 4814 quidem
1499 4761 1565 4796 usus
1576 4759 1637 4795 curn
1651 4743 1764 4795 foenore
1778 4757 1842 4794 coe·

1042 4819 1119 4887 pisse
1141 4817 1237 4870 debet:
1255 4823 1419 4885 argumento
1442 4822 1486 4868 est
1506 4814 1677 4868 consuetudo
1698 4812 1785 4879 vulgi,
1807 4808 1844 4862 ad

1043 4887 1204 4956 sponsiones
1215 4887 1365 4938 etiamnum
1386 4885 1469 4936 anulo
1488 4885 1642 4946 exsiliente,
1661 4888 1753 4935 tracta
1763 4881 1798 4934 ab
1810 4892 1844 4931 eo

1043 4967 1177 5024 tempore,
1199 4972 1252 5024 quo
1263 4955 1386 5006 nondum
1397 4960 1457 5006 erat
1469 4954 1553 5005 arrha
1563 4953 1700 5005 velocior:
1718 4959 1750 5002 ut
1761 4949 1844 5017 plane

1043 5026 1180 5079 nllirmare
1189 5025 1335 5093 possimus,
1341 5038 1466 5076 nummos
1481 5029 1545 5075 ante
1557 5023 1628 5089 apud
1640 5034 1768 5084 nos‚mox
1780 5030 1843 5069 coc·

1045 5098 1120 5164 pisse
1131 5096 1239 5148 anulos.
1276 5094 1319 5146 De
1331 5095 1450 5145 nummis
1459 5092 1544 5159 paulo
1556 5099 1619 5158 pest
1631 5091 1748 5142 dicetur.

1078 5164 1137 5217 vn.
1155 5164 1236 5216 Anuli
1248 5163 1403 5215 distinxere
1414 5164 1535 5213 alterum
1549 5161 1673 5212 ordinem
1685 5173 1700 5208 a
1713 5155 1801 5223 plebe,
1813 5160 1845 5204 ut

1043 5233 1130 5288 semel
1141 5240 1292 5300 coeperant
1302 5248 1364 5287 esse
1374 5234 1508 5294 celebres,
1520 5233 1593 5283 sieut
1603 5229 1694 5281 tunica
1706 5225 1739 5275 ab
1751 5221 1844 5273 anulis

1043 5310 1169 5358 senatum
1190 5308 1314 5353 tantum:
1334 5316 1493 5369 quenquam
1505 5308 1534 5354 ct
1549 5299 1601 5350 boc
1611 5312 1686 5348 sere:
1705 5292 1844 5358 vulgoque

1043 5388 1166 5442 purpura
1177 5371 1279 5425 latiore
1295 5372 1407 5423 tunicae
1422 5386 1492 5422 oses
1504 5368 1658 5422 invenimus
1669 5363 1750 5413 etiarn
1764 5374 1843 5426 prae·

1043 5458 1136 5504 cenes,
1155 5441 1226 5493 sicut
1240 5448 1346 5509 patrem
1358 5426 1438 5492 [ocii
1454 5440 1524 5493 Aelii
1535 5435 1658 5492 Stilonis,
1680 5428 1844 5482 Praeconini

1043 5514 1078 5564 ob
1090 5511 1116 5563 id
1129 5511 1327 5579 cognominati.
1363 5510 1417 5564 Sed
1432 5509 1511 5560 anuli
1529 5506 1608 5582 plene
1628 5499 1748 5551 medium
1767 5498 1843 5551 ordi·

1042 5598 1114 5647 acm,
1131 5581 1308 5651 tertiumque,
1329 5579 1407 5649 plebi
1416 5585 1447 5631 et
1458 5573 1585 5644 patribus
1596 5582 1752 5624 inseruerat
1771 5568 1846 5637 quod
