4340 6018
344 312 408 377 130
492 306 526 375 0.
559 306 711 371 Pthll
742 278 953 370 sacuam
985 300 1157 365 NATUR.
1190 296 1382 366 tttsrott.
1415 300 1504 365 1:113.
1525 299 1586 364 IX.
1621 298 1863 365 canta-ut.

343 461 425 518 tenio
435 460 567 530 quidnam
579 466 654 515 esset
666 462 775 517 amara,
785 455 942 508 detractum
953 452 1071 506 alterum
1080 466 1151 506 mer-

344 533 391 597 sit,
410 547 443 585 ac
453 529 636 600 liquefactum
645 526 798 579 absorbuit.
833 524 934 576 iniecit
943 524 1026 576 alteri
1036 537 1150 576 manum

345 603 379 656 L.
391 602 518 664 Plancus,
538 600 622 651 iudex
641 594 797 661 sponsionis
815 596 884 658 eius,
905 607 1089 662 eumqunque
1100 608 1149 661 pa·

345 672 521 726 masinili
540 667 623 721 niodo
641 664 797 725 absumere,
817 664 979 734 victumque
999 664 1149 717 Antonium

344 740 546 812 pronuntiavit,
567 736 659 788 natine
671 740 743 785 rato.
780 734 939 785 comitatur
955 733 1149 785 lamaunionis

346 812 406 865 eius
418 823 524 877 parem,
538 810 619 871 capta
629 802 679 854 illa
689 809 784 854 tantae
795 804 968 870 quaestionis
979 804 1094 856 victrice
1104 818 1148 856 re·

364 884 410 931 'na
420 881 579 935 dissectum,
595 879 628 924 ut
638 880 714 925 esset
724 874 754 925 in
764 874 892 940 utrisque
904 872 1024 926 Veneris
1034 874 1148 926 auribus

370 962 448 1000 ornae
457 946 485 995 in
496 942 621 996 Pantheo
633 942 751 995 dimidia
760 958 856 997 eorum
869 958 964 997 coena.

378 1016 449 1069 bix.
468 1013 529 1066 Non
541 1012 738 1065 lerenttamen
755 1012 826 1064 hanc
860 1013 972 1076 almam,
989 1012 1149 1080 spoliabun-

342 1094 442 1152 turque
452 1085 536 1136 etiam
548 1083 676 1137 luxuriae
696 1082 795 1152 gloria.
832 1028 912 1135 lirim
927 1083 955 1134 id
976 1080 1085 1134 fecerat
1096 1082 1150 1134 lio·

342 1170 403 1207 mae
413 1155 443 1205 in
454 1153 604 1205 unionibus
614 1168 732 1222 magnae
748 1155 901 1205 taxationis
913 1150 1025 1204 Clodius
1036 1158 1148 1220 tragoe-

341 1225 370 1276 di
380 1224 484 1289 Aesopi
505 1222 588 1287 lilius,
606 1223 721 1275 relictus
738 1223 773 1274 ab
794 1237 826 1275 en
838 1226 867 1274 in
879 1222 980 1288 amplis
992 1223 1091 1288 opibus
1101 1220 1148 1273 he·

340 1310 394 1357 res,
414 1309 448 1346 ne
468 1292 649 1345 triumviratu
668 1308 719 1345 suo
740 1293 824 1345 nimis
844 1292 990 1360 superbiat
1000 1292 1148 1355 Antonius,

341 1378 429 1433 paene
440 1360 568 1416 histrioni
580 1368 768 1430 comparatus,
778 1371 807 1415 et
817 1363 927 1429 quidem
938 1361 1016 1414 nulla
1024 1361 1149 1431 sponsio·

340 1449 375 1488 ne
386 1432 424 1485 ad
434 1432 488 1485 hnc
500 1432 647 1500 producto,
669 1448 723 1500 qun
745 1433 834 1499 magis
846 1433 955 1501 regium
967 1434 1034 1484 liat:
1056 1430 1106 1483 sed
1116 1436 1148 1482 ut

340 1504 515 1572 experiretur
533 1502 564 1555 in
584 1500 676 1569 gloria
693 1501 798 1569 palati,
817 1503 885 1568 quid
896 1510 1026 1570 saperent
1037 1515 1147 1567 marga·

340 1574 427 1626 ritae:
448 1580 534 1640 atque
554 1577 587 1624 ut
607 1571 677 1624 mire
697 1572 835 1639 placuere,
857 1588 891 1624 ne
924 1572 1002 1624 solus
1023 1570 1077 1623 hoc
1093 1572 1146 1622 sci·

339 1650 396 1708 ret,
417 1643 544 1712 singulos
563 1643 679 1693 uniunes
699 1640 1147 1709 convivisqunqueabsorbendes

341 1714 428 1767 dedit.
455 1714 561 1765 ltnnrae
581 1713 607 1763 in
630 1712 817 1779 promiscuum
830 1726 863 1762 ae
879 1710 1052 1779 frequeniem
1066 1725 1146 1762 usum

339 1785 464 1845 venisse,
487 1781 657 1837 Alexandria
674 1782 703 1830 in
720 1781 854 1832 ditionem
873 1780 1007 1833 redacta:
1028 1783 1148 1847 primum

341 1863 435 1905 autem
447 1852 573 1917 coepisse
585 1851 660 1901 circa
671 1848 787 1901 Sullana
797 1857 925 1914 tempora
937 1849 1058 1899 minutas
1068 1855 1097 1900 ct
1108 1850 1148 1900 vi·

340 1923 394 1984 les,
403 1919 563 1974 Fenestella
575 1918 669 1979 tradit,
690 1918 839 1970 manifesto
852 1932 958 1979 errore,
978 1932 1040 1969 cum
1051 1918 1148 1969 nelias

341 1990 415 2044 Stilo
432 1987 599 2057 iugurthino
615 1988 689 2041 bello
712 1992 845 2040 unionum
865 2002 967 2039 nomen
985 1988 1146 2054 impositum

343 2061 462 2113 maxime
472 2056 627 2127 grandibus
640 2057 800 2125 margaritis
811 2055 919 2124 prodat.

376 2130 436 2182 Lx.
454 2130 493 2180 Et
513 2126 566 2179 hoc
586 2135 678 2179 tamen
700 2133 834 2180 aeternae
854 2141 940 2193 prope
962 2126 1148 2194 possessionis

341 2206 398 2254 est:
410 2199 539 2266 sequitur
550 2196 723 2261 heredem,in
734 2198 924 2262 nrancipatum
933 2198 1018 2259 venit,
1029 2204 1059 2248 ut
1068 2213 1148 2264 prae·

341 2269 418 2322 dium
432 2269 559 2336 aliquod:
577 2265 728 2335 conchylia
739 2272 768 2319 ct
778 2281 915 2333 purpuras
926 2269 1016 2317 omnis
1026 2264 1097 2319 hora
1107 2273 1148 2317 at·

342 2340 421 2401 terit,
431 2339 530 2405 quibus
542 2337 638 2390 eadem
651 2345 740 2389 nrater
750 2335 863 2388 luxuria
875 2336 953 2403 paria
964 2350 1050 2403 paene
1061 2338 1147 2388 etiam

341 2408 505 2477 margaritis
517 2409 609 2475 pretia
621 2406 696 2459 lecit.
731 2405 874 2473 Purpurae
884 2407 982 2457 vivunt
993 2405 1072 2457 arinis
1084 2406 1146 2473 plu-

341 2480 442 2531 mnium
452 2480 582 2546 septenis.
619 2478 731 2540 Latent,
750 2476 824 2528 sicut
836 2476 962 2538 ararites,
980 2477 1055 2528 circa
1066 2475 1148 2527 Canis

344 2556 438 2602 ortum
448 2548 563 2601 tricenis
574 2548 682 2600 diebus.
718 2548 931 2618 congregantur
943 2561 1029 2601 verno
1038 2552 1148 2617 tempe·

343 2637 383 2685 re,
403 2626 555 2688 mutuoque
569 2619 670 2673 attritu
684 2617 823 2672 lentorem
836 2619 978 2671 cuiusdam
992 2634 1073 2671 cerae
1084 2620 1149 2671 sali·

342 2698 417 2744 rant.
453 2692 544 2743 Simili
565 2692 649 2743 modo
670 2698 699 2743 et
721 2690 848 2742 murices.
885 2689 940 2742 Sed
951 2703 1090 2756 purpurae
1100 2688 1149 2740 llo·

342 2775 401 2814 rem
421 2761 501 2813 illum
522 2762 663 2828 tingendis
682 2761 839 2827 expetitum
853 2759 990 2819 restibus,
1009 2760 1039 2810 in
1050 2759 1149 2812 mediis

342 2830 447 2884 habent
458 2831 596 2883 faucibus.
633 2830 764 2898 Liquoris
776 2829 821 2881 hic
831 2829 937 2880 minimi
949 2837 994 2882 est
1011 2830 1039 2880 in
1052 2829 1148 2881 candi·

342 2900 379 2953 da
388 2916 470 2963 vena,
493 2901 565 2953 unde
577 2902 717 2967 pretiosus
727 2898 776 2949 ille
786 2898 899 2961 bibitur,
917 2897 1055 2967 nigrantis
1066 2912 1148 2950 rusae

343 2970 438 3023 colore
454 2971 613 3021 sublucens.
650 2967 796 3035 Reliquum
808 2982 908 3033 corpus
918 2968 1024 3021 sterile.
1061 2969 1147 3022 Vitas

343 3054 443 3105 capere
462 3038 641 3097 centendunt,
660 3038 725 3104 quia
742 3051 803 3088 cunr
822 3039 1001 3089 ritasuccum
1013 3052 1074 3089 eum
1086 3053 1148 3091 evo·

341 3115 430 3160 munt.
468 3110 504 3159 Et
515 3105 668 3158 maioribus
679 3106 789 3173 quidem
802 3107 932 3173 purpuris
944 3106 1074 3159 detracta
1084 3122 1147 3159 cun-

343 3175 549 3229 chaauierunt:
570 3176 693 3227 minores
703 3191 764 3228 cunr
775 3184 850 3228 testa
860 3177 938 3230 rivas
948 3175 1088 3245 frangunt,
1105 3177 1147 3228 ita

342 3245 452 3298 demum
463 3259 556 3297 rorem
568 3260 631 3298 eunt
643 3253 817 3313 exspuentes.

377 3315 448 3382 'l'yri
466 3315 630 3382 praecipuus
651 3315 800 3368 hichsiae:
820 3316 849 3368 in
865 3317 1006 3384 Meninge,
1024 3314 1146 3379 Africae,

343 3391 372 3438 ei
392 3385 514 3437 Gaetulo
535 3384 618 3436 litere
639 3385 753 3436 occani:
776 3386 803 3435 in
825 3387 986 3447 Laconica,
1006 3386 1145 3449 Europae.

342 3455 683 3521 Huiclascessecuresque
692 3455 833 3506 Rouranae
843 3455 917 3506 viam
926 3453 1049 3505 iaciunt:
1061 3452 1147 3504 idem·

344 3541 396 3594 que
407 3538 457 3591 pro
469 3523 615 3576 maiestate
625 3525 764 3591 pueritiae
776 3531 829 3576 cst.
859 3523 1016 3589 Distinguit
1025 3522 1060 3573 ab
1072 3524 1147 3588 equi·

342 3602 371 3647 te
383 3595 508 3645 Curiam:
525 3593 577 3645 diis
588 3593 741 3645 aduncatur
751 3592 909 3659 placandis:
925 3606 1089 3658 omnemque
1100 3607 1146 3643 ve·

343 3671 414 3715 stem
426 3662 578 3714 illuminat:
597 3664 625 3714 ia
637 3661 808 3729 triumphali,
826 3660 958 3713 miscetur
969 3675 1047 3713 auro.
1070 3662 1144 3724 Qua·

343 3739 458 3800 propter
468 3739 603 3785 excusata
614 3742 642 3785 et
653 3748 793 3800 purpurae
804 3733 841 3782 sit
852 3732 969 3784 insania.
1007 3729 1061 3783 Sed
1073 3730 1145 3783 unde

341 3799 494 3870 conchyliis
516 3804 623 3871 pretia:
644 3802 721 3868 queis
741 3801 816 3851 rirus
828 3816 913 3868 grave
929 3802 958 3851 in
969 3798 1044 3861 fuco,
1067 3801 1146 3852 color

342 3882 471 3925 austerus
484 3873 513 3923 in
524 3874 633 3941 glauco,
647 3877 676 3922 et
686 3870 819 3920 irascenti
830 3868 931 3920 similis
943 3869 1031 3921 marii

378 3941 491 4010 Lingua
502 3955 641 4007 purpurae
652 3938 828 4005 longitudine
848 3938 970 4007 digitali,
989 3952 1044 4005 qua
1055 3939 1146 4005 pasci·

341 4021 388 4066 tnr
399 4010 568 4080 perforando
579 4010 689 4076 reliqua
699 4007 861 4075 conchylia:
881 4016 958 4060 tanta
969 4007 1074 4060 duritia
1083 4024 1146 4060 ncu-

340 4085 385 4136 leo
396 4090 446 4135 est.
482 4084 560 4148 Aqua
578 4079 652 4130 dulci
674 4084 823 4139 necantur,
843 4084 872 4129 et
882 4077 970 4129 sicubi
982 4075 1084 4131 humen
1096 4079 1147 4130 im·

339 4156 485 4221 mergitur:
497 4149 601 4217 alioqui
613 4156 722 4216 captae,
734 4146 1039 4216 diebusquinquagenis
1049 4148 1146 4200 vivunt

340 4223 431 4275 saliva
441 4239 500 4275 sua.
520 4218 647 4274 Conchae
657 4234 753 4271 omnes
765 4216 908 4270 celerrime
918 4226 1056 4281 crescunt,
1066 4234 1147 4286 prae·

340 4287 1146 4427 ‘tlttalitali}litttiliiilllill,s...

339 4430 435 4483 datam
447 4431 615 4497 protectore
626 4430 740 4484 luxuria
761 4428 865 4491 credat,
886 4444 991 4497 nosque
1002 4428 1158 4499 indiligen-¹

339 4501 398 4552 tiae
417 4499 539 4552 damnet.
576 4501 763 4560 Quamobrem
779 4514 977 4569 persequemur
988 4498 1075 4551 etiam
1088 4498 1146 4551 oili-

341 4569 433 4622 cinas:
448 4574 479 4619 ut
489 4576 621 4635 tanquam
635 4571 662 4621 in
675 4571 734 4620 rita
746 4568 855 4637 frugum
868 4573 993 4621 nuscitur
1005 4571 1094 4629 ratio,
1106 4570 1146 4619 sic

341 4652 447 4699 omnes,
455 4637 503 4704 qui
512 4640 576 4688 istis
583 4640 930 4705 gaudent,praemlaritae
940 4655 1006 4691 suae
1014 4638 1145 4690 calleant.

342 4705 515 4759 Cauchorum
537 4706 571 4758 ati
593 4721 732 4772 purpuras
742 4714 772 4757 et
782 4708 929 4774 conchylia
947 4705 1060 4775 (eadem
1072 4706 1143 4760 enim

343 4782 385 4830 est
396 4776 524 4836 nrateria,
543 4775 592 4826 scd
604 4776 692 4826 distat
703 4780 936 4839 temperamento)
959 4776 1013 4827 duc)
1024 4784 1089 4828 sunt
1100 4790 1146 4843 ge·

244 4890 249 4901 ,
342 4859 423 4896 nera:
432 4846 583 4896 Buccinunr
594 4841 808 4905 minorcuncha,
818 4844 853 4896 ad
864 4843 1073 4899 similitudinem
1086 4847 1145 4898 eius

342 4928 396 4983 qua
405 4915 518 4967 buccini
528 4928 613 4964 sonus
625 4914 731 4965 editur:
753 4912 824 4964 unde
835 4918 864 4965 et
875 4929 960 4965 causa
969 4917 1084 4977 nomini,
1101 4930 1145 4967 ro·

341 4983 482 5041 tundltate
494 4984 551 5035 oris
562 4983 589 5033 in
611 4981 736 5050 margine
751 4980 849 5032 incisa.
884 4982 1011 5036 Alterum
1022 5000 1145 5053 purpura

340 5060 465 5113 vocatur,
484 5052 660 5131 agricolaum
674 5057 855 5119 procurrente
867 5059 968 5117 restro,
986 5062 1015 5105 et
1026 5055 1145 5106 cuniculi

340 5124 430 5175 latere
451 5122 589 5174 introrsus
608 5122 754 5182 tabulato,
785 5134 839 5187 qua
860 5121 1020 5186 proferatur
1039 5124 1078 5174 lin
1119 5139 1144 5174 a.

341 5189 492 5246 Praeterea
501 5194 639 5245 clavatum
654 5199 700 5244 est
710 5189 746 5241 ad
764 5190 904 5242 turbinem
920 5207 1018 5259 usque,
1037 5208 1087 5244 acu
1103 5192 1144 5244 eis

340 5261 368 5315 in
380 5263 475 5314 orbem
484 5260 606 5328 septenis
618 5260 693 5315 lere:
718 5261 766 5326 qui
787 5276 842 5312 non
860 5268 926 5311 sunt
938 5262 1073 5314 buccina:
1095 5262 1145 5314 sed

340 5333 466 5400 utrisque
477 5333 559 5384 orbes
572 5330 698 5392 totidem,
710 5335 780 5397 quot
790 5328 912 5381 habeant
923 5346 1018 5384 annos.
1049 5332 1145 5384 Bucci-

342 5415 407 5453 num
418 5401 528 5455 nonnisi
540 5402 628 5467 petris
637 5399 786 5461 adhaeret,
797 5399 1062 5467 circaquescopulns
1073 5401 1144 5471 legi·

340 5475 395 5522 tur.
431 5471 580 5541 Purpurae,
589 5473 700 5522 nomine
710 5468 768 5523 alio
780 5469 907 5536 pelagiae
917 5479 1060 5523 vocantur.
1090 5475 1144 5525 Ea·

338 5553 400 5592 rum
411 5555 515 5610 genera
524 5542 612 5609 plura,
628 5541 729 5608 pabulo
740 5546 771 5593 et
780 5539 842 5591 solo
855 5539 985 5591 discreta.
1021 5540 1144 5595 butenae

338 5611 414 5677 patri
429 5610 511 5676 limo,
531 5616 562 5665 et
575 5611 688 5682 algense
698 5612 854 5666 enutritum
875 5609 957 5679 alga,
977 5608 1144 5663 vilissimum

1201 457 1366 523 utrumque:
1388 452 1488 507 melius
1498 452 1651 515 taeniense,
1668 452 1699 504 in
1710 451 1813 506 taeniis
1821 453 1909 508 maris
1920 455 2008 513 colie-

1203 527 1289 575 ctum:
1312 522 1367 576 hoc
1382 538 1491 590 qunque
1502 530 1594 575 tamen
1606 523 1759 574 etiamnum
1770 524 1859 578 levius
1869 531 1955 595 atque
1966 526 2012 579 di-

1202 593 1302 645 lutius:
1325 592 1483 646 calculense
1495 593 1656 661 appellatur
1666 608 1683 643 a
1695 592 1804 645 calculo
1820 596 1916 659 maris,
1936 597 2009 652 mire

1201 669 1298 730 aptum
1318 661 1491 731 conchyliis:
1511 671 1541 715 et
1552 663 1640 730 longe
1656 664 1791 728 optimum
1803 668 1932 733 purpuris
1942 664 2009 720 Dia·

1202 732 1323 796 lutense,
1335 732 1363 783 id
1375 739 1428 795 est,
1438 732 1517 785 vario
1529 733 1583 784 soli
1591 746 1694 800 genere
1706 739 1825 798 pastum.
1854 734 2009 803 capiuntur

1202 809 1296 855 autem
1307 817 1446 870 purpurae
1457 802 1578 869 pernulis
1589 801 1716 867 rarisque
1725 807 1807 854 textu
1817 803 1908 858 veluti
1919 807 2009 859 nassis

1192 873 1231 924 ‘ia
1243 873 1303 924 alto
1314 873 1404 925 iactis.
1440 874 1518 925 inest
1537 872 1571 924 lis
1583 886 1655 934 esca,
1675 870 1788 925 clusiles
1806 875 2008 944 arerdacesque

1201 941 1341 1007 conchae,
1363 956 1412 994 ceu
1424 942 1537 994 mitulos
1549 941 1687 994 ridemus:
1712 940 1762 993 has
1773 945 1936 1008 semineces,
1958 945 2008 1000 sed

1201 1011 1324 1065 redditas
1335 1013 1404 1062 mari
1410 1012 1494 1064 avido
1507 1011 1582 1063 hiatu
1592 1011 1787 1064 reviviscentes
1798 1020 2006 1084 appetuntpur·

1201 1098 1296 1150 purae,
1308 1083 1501 1149 porrectisque
1513 1082 1614 1150 linguis
1625 1080 1774 1133 infestant:
1788 1083 1896 1136 attilae
1907 1086 2006 1139 aculeo

1201 1152 1400 1205 exstimulatae
1411 1152 1622 1213 clauduntsese,
1629 1152 1869 1220 comprimuntque
1878 1155 2007 1209 morden-

1201 1224 1258 1273 tia:
1279 1225 1320 1274 ita
1338 1221 1489 1289 pendentes
1500 1220 1634 1273 ariditate
1645 1236 1697 1273 sua
1706 1236 1846 1289 purpurae
1857 1225 2003 1279 tolluntur·

1236 1291 1323 1344 Lxu.
1341 1293 1410 1358 Capi
1420 1306 1468 1344 eas
1478 1298 1541 1358 post
1552 1292 1633 1342 Canis
1644 1298 1744 1355 ortuni,
1755 1300 1804 1344 aut
1815 1300 1880 1347 ante
1891 1310 2004 1349 vernum

1200 1368 1319 1430 terripus,
1329 1361 1507 1417 utilissimum
1519 1378 1525 1411 :
1538 1361 1668 1482 ganniant
1680 1377 1744 1413 cum
1754 1363 1941 1428 ccrihcarere,
1952 1363 2004 1418 ttu-

1200 1447 1251 1484 xos
1264 1431 1366 1483 habent
1376 1447 1482 1483 succos.
1501 1430 1536 1484 Se
1570 1431 1600 1482 id
1612 1431 1777 1499 tingeatlum
1788 1432 1915 1486 officinae
1925 1435 2005 1504 igno·

1201 1507 1273 1565 rant,
1295 1516 1357 1553 cum
1369 1516 1479 1555 summa
1489 1507 1614 1555 vertatur
1625 1503 1653 1552 in
1664 1516 1708 1554 eo.
1744 1500 1887 1555 Eximitur
1908 1511 2007 1572 postea

1200 1586 1280 1631 vena,
1304 1586 1385 1639 quam
1405 1573 1546 1624 diximus:
1568 1572 1614 1622 cui
1626 1570 1693 1622 addi
1704 1571 1794 1624 salem
1810 1575 2006 1641 necessarium,

1200 1641 1338 1693 sextarios
1349 1641 1437 1693 ferme
1447 1643 1475 1693 in
1488 1642 1575 1694 libras
1588 1647 1736 1693 centenas:
1757 1644 1894 1696 macerari
1911 1646 2006 1697 triduo

1201 1713 1322 1762 iustum:
1343 1713 1445 1779 quippe
1462 1718 1543 1762 tanto
1565 1715 1654 1763 maior
1665 1714 1716 1773 vis,
1736 1718 1840 1778 quante
1856 1715 2005 1769 recentior.

1201 1780 1320 1832 Ferrere
1333 1779 1360 1830 in
1372 1782 1494 1846 plumbo,
1515 1781 1696 1848 singulasque
1706 1782 1854 1849 amphoras
1863 1790 2006 1848 centenas,

1200 1850 1235 1901 ad
1248 1849 1451 1916 quingentenas
1462 1850 1651 1902 medicaminis
1664 1850 1749 1902 libras
1757 1852 1882 1920 aequari,
1903 1869 1937 1906 sc
1947 1869 2007 1906 nto·

1200 1918 1263 1971 dico
1275 1934 1377 1986 vapore
1387 1920 1499 1983 torreri,
1524 1927 1553 1972 et
1569 1920 1633 1971 ideo
1644 1919 1812 1988 longinquae
1822 1920 1945 1976 fornacis
1958 1938 2005 1975 cu·

1200 1988 1300 2041 niculo.
1337 1989 1381 2041 lta
1398 1989 1569 2057 despumatis
1588 1990 1706 2042 subinde
1717 1992 1860 2054 carnibus,
1880 2007 1948 2060 quas
1958 1993 2007 2045 ad·

1201 2058 1325 2111 haesisse
1336 2060 1413 2112 renis
1424 2074 1539 2112 necesse
1550 2066 1603 2124 est,
1620 2060 1729 2112 decimo
1741 2059 1830 2113 ferme
1841 2060 1887 2114 die
1900 2062 2007 2130 liquata

1201 2130 1320 2191 cortina,
1341 2129 1429 2181 vellus
1451 2130 1614 2182 elutriatum
1637 2132 1774 2199 mergitur
1795 2134 2006 2199 inexperimen·

1200 2205 1258 2249 turn
1269 2214 1275 2247 :
1298 2206 1326 2249 ct
1337 2199 1424 2251 donec
1436 2200 1496 2266 spei
1506 2201 1574 2251 satis
1587 2200 1644 2262 flat,
1655 2202 1746 2252 uritur
1757 2200 1857 2267 liquor.
1894 2201 2004 2254 liabens

1201 2268 1280 2319 color
1301 2268 1430 2336 nigrante
1452 2270 1584 2321 deterior.
1622 2270 1721 2333 Quiris
1740 2270 1807 2323 lurra
1825 2278 1905 2338 potat
1917 2272 2005 2336 horis,

1200 2352 1349 2404 rursusque
1361 2338 1497 2405 mergitur
1507 2341 1670 2401 carminata,
1690 2339 1778 2393 donec
1790 2356 1899 2393 omnem
1912 2342 2006 2395 ebibat

1199 2407 1315 2459 saniem.
1352 2406 1505 2459 Buccinum
1528 2422 1578 2474 per
1594 2425 1624 2462 se
1643 2411 1799 2474 damnatur,
1821 2412 1950 2478 queniam
1962 2410 2002 2463 iu.

1200 2493 1260 2529 cum
1272 2476 1399 2528 remittit.
1436 2477 1553 2544 Pelagio
1565 2478 1715 2532 atinrodum
1728 2481 1874 2548 alligatur,
1890 2482 2004 2534 nimiae·

1200 2562 1253 2617 que
1265 2546 1325 2602 eins
1337 2547 1468 2620 nigritiae
1474 2547 1522 2601 tlat
1531 2550 1724 2602 austeritatem
1736 2551 1813 2603 illam
1822 2551 2003 2617 nitoremque,

1200 2621 1248 2687 qui
1260 2621 1412 2686 quaeritur,
1432 2625 1518 2674 cocci.
1554 2623 1597 2675 lta
1609 2622 1755 2691 permixtis
1767 2620 1871 2676 risibus
1883 2621 2002 2677 alterurn

1200 2690 1291 2742 altero
1302 2692 1450 2753 excitatur,
1472 2699 1521 2743 aut
1532 2692 1725 2761 adstringitur.
1762 2694 1873 2747 Summa
1883 2694 2001 2746 medica·

1200 2761 1306 2811 atinum
1318 2760 1347 2811 in
1360 2760 1384 2812 1.
1395 2761 1474 2813 libris
1487 2763 1630 2826 vellerum,
1650 2765 1757 2816 baccini
1769 2764 1904 2816 ducenae:
1925 2762 2001 2832 pela-

1199 2830 1317 2897 gitcx.
1355 2833 1397 2884 lta
1412 2832 1443 2882 tit
1464 2832 1614 2900 aarethysti
1637 2834 1716 2885 color
1736 2834 1856 2886 exirnius
1876 2834 1933 2885 ille.
1967 2835 2004 2886 rit

1199 2900 1424 2970 'l'yriuspelagio
1437 2902 1553 2968 primum
1566 2904 1696 2963 satiatur,
1709 2903 1858 2954 immatura
1867 2902 2003 2969 viridique

1200 2969 1321 3021 cortina:
1334 2985 1399 3021 mon
1413 2977 1589 3037 permutatur
1600 2973 1627 3021 in
1641 2970 1767 3021 buccine.
1804 2971 1879 3022 lmus
1892 2972 1917 3023 ei
1928 2987 2002 3023 sunr-

1199 3052 1253 3100 ma,
1264 3039 1291 3088 in
1303 3039 1397 3090 colore
1407 3039 1548 3105 sanguinis
1560 3040 1694 3099 concreti,
1707 3038 1846 3105 nigricans
1857 3040 2003 3106 adspectu,

1198 3107 1329 3176 idemque
1347 3114 1475 3174 suspectu
1487 3107 1636 3175 refulgens.
1673 3106 1749 3159 Unde
1761 3114 1789 3158 ct
1802 3107 1925 3160 Homero
1938 3124 2003 3175 pur·

1198 3191 1301 3244 pareus
1313 3177 1416 3228 dicitur
1426 3178 1547 3244 sanguis.

1234 3244 1332 3298 hxttt.
1352 3246 1494 3313 Purpurae
1513 3262 1593 3298 usum
1606 3249 1712 3301 Romae
1732 3263 1841 3317 semper
1857 3246 1945 3299 fuisse
1962 3248 2004 3299 ri·

1199 3314 1261 3377 deo,
1274 3315 1324 3368 sed
1336 3315 1457 3367 Romula
1469 3321 1495 3367 in
1503 3318 1611 3369 trabea.
1648 3319 1718 3370 Naar
1729 3323 1796 3386 toga
1807 3324 1963 3384 praetexta,
1973 3325 2004 3371 et

1198 3384 1301 3439 latiore
1322 3385 1526 3438 clarnTullum
1539 3387 1689 3439 llostilium
1713 3403 1729 3437 e
1749 3390 1861 3456 regibus
1883 3388 2002 3455 primum

1198 3468 1278 3503 usum
1292 3454 1419 3506 Etruscis
1431 3456 1549 3509 devictis
1560 3459 1629 3508 satis
1641 3462 1760 3509 constat.
1797 3457 1889 3524 Nepos
1900 3458 2003 3510 Corne·

1198 3521 1263 3584 lius,
1287 3522 1332 3590 qui
1344 3523 1410 3574 Diri
1421 3525 1538 3593 Augusti
1552 3527 1709 3593 principatu
1723 3526 1803 3589 obiit,
1823 3527 1879 3588 Mc,
1900 3527 2004 3595 inquit,

1198 3591 1299 3644 iurene
1315 3593 1442 3645 violacea
1460 3610 1582 3662 purpura
1601 3597 1724 3663 rigebat,
1745 3597 1824 3647 cuius
1836 3595 1908 3648 libra
1920 3596 2002 3649 dena-

1199 3661 1249 3712 riis
1260 3668 1370 3713 centum
1383 3662 1510 3715 venibat:
1531 3680 1582 3715 nec
1595 3666 1682 3715 multo
1699 3670 1762 3730 post
1774 3667 1859 3717 rubra
1868 3664 2000 3718 'Parenti-

1198 3746 1241 3783 na.
1270 3732 1345 3784 lluic
1355 3733 1491 3784 successit
1501 3733 1623 3800 dibapha
1633 3735 1730 3801 'l'yria,
1741 3749 1811 3801 quae
1823 3738 1850 3786 in
1862 3733 1947 3786 libras
1957 3734 2003 3788 de·

1198 3800 1285 3852 nariis
1296 3802 1372 3853 mille
1385 3817 1438 3852 non
1450 3810 1561 3867 poterat
1574 3803 1638 3855 enti.
1662 3804 1725 3854 Hac
1737 3805 1765 3856 l’.
1775 3804 1911 3869 lentulus
1921 3803 2003 3871 Spin·

1198 3868 1262 3922 ther
1272 3870 1373 3922 aedilis
1389 3874 1492 3923 curulis
1505 3873 1610 3940 primus
1622 3873 1649 3922 in
1662 3881 1811 3939 praetexta
1822 3889 1888 3925 usus
1900 3875 2001 3940 impru-

1196 3939 1330 3991 babatur:
1353 3956 1407 4009 qua
1420 3956 1541 4008 purpura
1552 3944 1616 4010 quis
1627 3958 1680 3992 nnn
1695 3943 1758 4004 ianr,
1770 3944 1867 4012 inquit,
1880 3944 2002 3996 triclina-

1198 4010 1242 4061 ria
1251 4007 1341 4062 faciti
1362 4010 1494 4078 Spinther
1504 4012 1603 4065 aedilis
1617 4011 1672 4062 luit
1682 4012 1765 4064 Urbis
1785 4014 1915 4065 conditae
1927 4028 2000 4065 anno

1198 4080 1319 4142 DCXCl,
1329 4081 1464 4132 Cicerone
1475 4082 1598 4133 consule.
1628 4080 1759 4149 Dibapha
1769 4090 1838 4135 tunc
1847 4083 1999 4145 dicebatur,

1198 4164 1268 4215 quae
1279 4149 1322 4201 bis
1331 4151 1420 4202 tincta
1429 4160 1512 4215 estet,
1523 4152 1611 4203 veluti
1623 4154 1769 4220 nragnihco
1779 4153 1927 4221 impendio,
1935 4168 2001 4220 qvia·

1197 4217 1263 4269 liter·
1273 4234 1345 4272 nurrc
1365 4236 1461 4274 carues
1481 4236 1569 4290 paene
1585 4223 1788 4276 cnrnmodiores
1800 4238 1936 4292 purpurae
1950 4221 2001 4273 tin·

1197 4298 1308 4357 guntur.

1234 4360 1332 4414 trxtv.
1352 4360 1381 4412 ln
1402 4361 1581 4431 cnrrchyliata
1602 4372 1678 4417 reste
1698 4369 1792 4417 cetera
1811 4362 1918 4427 eadem,
1940 4361 2000 4414 sine

1198 4431 1333 4481 buccine:
1353 4440 1527 4501 praeterque,
1550 4435 1595 4484 ius
1617 4440 1787 4501 temperatur
1807 4446 1888 4498 aqua,
1911 4438 2000 4497 etpro

1198 4499 1329 4562 indiviso,
1350 4499 1460 4553 huntani
1473 4512 1554 4569 potus
1571 4512 1761 4556 excrescente:
1780 4499 1893 4550 dimidia
1905 4507 1932 4548 et
1945 4515 2001 4551 nve-

1198 4568 1337 4621 dicanrina
1354 4572 1503 4624 adduntur.
1541 4574 1587 4623 Sic
1604 4573 1728 4639 gignitur
1738 4568 1868 4621 laudatus
1878 4566 1926 4617 illc
1939 4567 1999 4634 pal·

1197 4637 1242 4689 lor
1261 4641 1411 4691 saturitate
1433 4640 1573 4702 fraudata,
1595 4647 1726 4705 tantoque
1747 4636 1873 4697 dilutior,
1894 4643 2001 4703 quanto

1197 4710 1286 4775 magis
1307 4708 1411 4759 uellera
1431 4711 1566 4759 esuriunt.
1603 4708 1698 4758 l'retia
1716 4706 1922 4758 medicamento
1934 4715 2001 4759 sunt

1196 4776 1308 4843 quidem
1330 4790 1380 4842 pro
1404 4776 1550 4828 fertilitate
1563 4776 1674 4827 litorum
1687 4776 1803 4827 viliora:
1825 4791 1879 4826 nnn
1904 4783 1999 4828 tamen

1196 4860 1311 4912 usquam
1334 4845 1434 4913 pelagii
1458 4852 1588 4897 centenas
1607 4845 1910 4913 libraequinquagenns
1924 4858 2000 4897 nutn·
2069 4852 2075 4859 “

1197 4930 1257 4966 mos
1268 4913 1413 4987 excedere,
1434 4921 1463 4966 et
1483 4914 1593 4966 baccini
1604 4922 1748 4977 centenos,
1769 4916 1859 4966 sciaut
1880 4915 1926 4983 qui
1944 4916 1999 4967 ista

1196 4991 1355 5035 mercantur
1368 4983 1514 5035 innuensn.

1231 5052 1316 5105 LXV.
1336 5051 1390 5104 Sed
1401 5052 1459 5104 alia
1471 5070 1486 5105 e
1499 5055 1552 5105 tine
1563 5051 1661 5103 initis:
1683 5051 1814 5120 iuratque
1834 5052 1930 5106 ludere
1950 5053 2000 5105 im·

1195 5120 1308 5241 prndio,
1330 5128 1359 5174 et
1380 5121 1458 5173 lusus
1470 5123 1612 5189 geminen-e
1634 5122 1784 5184 celerando,
1805 5123 1959 5190 iterumque
1970 5129 2000 5174 et

1207 5206 1257 5257 psa
1268 5191 1427 5245 adulterare
1439 5192 1577 5245 adulteria
1587 5200 1706 5244 naturae
1718 5210 1724 5244 :
1747 5193 1819 5245 sicut
1841 5192 1999 5246 testudines

1194 5262 1234 5313 tin
1256 5277 1311 5324 ere,
1323 5270 1466 5329 argentum
1479 5278 1548 5314 auro
1559 5262 1736 5324 confundere,
1756 5271 1789 5315 ut
1799 5262 1904 5316 electra
1916 5266 1999 5314 hant:

1195 5276 1300 5384 addere
1311 5328 1353 5382 his
1365 5346 1438 5393 uera,
1450 5340 1480 5383 ut
1490 5330 1644 5384 Corinthia.
1682 5332 1743 5385 h'on
1761 5340 1804 5385 cst
1824 5335 1895 5385 satis
1906 5332 2000 5384 abstu-

1196 5400 1261 5455 lisse
1274 5416 1399 5470 geniatae
1410 5416 1510 5454 nonren
1527 5401 1735 5469 amethystum:
1757 5402 1864 5454 rursun'r
1886 5398 1999 5454 absulu-

1196 5478 1254 5524 tun:
1268 5473 1422 5525 inebriatur
1433 5472 1537 5539 '1⁴yritr,
1559 5479 1590 5523 ot
1602 5473 1640 5523 sit
1652 5488 1685 5523 es
1698 5481 1816 5541 utroque
1834 5486 1934 5523 numen
1951 5470 2000 5520 im·

1197 5544 1323 5610 probum,
1334 5541 1472 5609 simulque
1484 5542 1594 5594 lusoria
1606 5542 1724 5610 duplex:
1743 5550 1772 5595 et
1783 5557 1843 5594 cunr
1855 5540 2003 5593 coniecere

1196 5609 1354 5679 conchylia,
1371 5612 1492 5667 transire
1503 5612 1604 5667 melius
1615 5613 1644 5665 ln
1654 5613 1774 5681 'l‘5rium
1786 5615 1895 5679 putant.
1930 5604 2003 5662 Pus·
