4368 6008
264 344 295 405 0.
325 342 475 409 ruisti
503 341 713 405 SECUNDI
740 340 908 408 NATUR.
934 348 1128 412 HISTOR
1157 352 1237 411 ele.
1263 350 1444 411 xxviii.
1468 356 1561 414 CAP.
1584 357 1705 417 24-27.
1757 312 1823 423 dii

182 502 236 546 tur.
262 491 341 555 Quae
349 489 416 543 Lala
428 496 458 542 ct
466 490 630 558 Elephantis
639 494 713 543 ister
722 509 753 545 se
764 498 908 547 costrsria
916 506 978 562 pro»
1062 496 1165 551 XXVl.
1184 497 1287 550 Cameli
1299 500 1441 553 cerebmsr
1452 501 1615 565 arefactum,
1627 500 1825 576 potumqso‘es

184 563 280 615 didere
290 560 325 612 dc
336 559 479 621 abortivis,
500 561 619 613 carbone
636 562 757 613 eradico
767 562 916 626 brassicae,
935 564 978 617 sel
1029 568 1503 629 secto,eumitialibuamerbisaisnt
1513 572 1630 623 mederi:
1641 574 1709 626 item
1716 575 1754 628 iel
1762 592 1825 629 eura

184 631 280 700 myrti,
300 629 343 681 rel
354 629 498 681 tannaricis
509 629 538 679 io
550 642 584 681 eo
595 630 728 697 sanguiue
739 631 888 683 castineto:
909 633 978 685 item
1029 636 1111 687 stello
1123 644 1232 702 potum:
1253 635 1305 687 hoc
1316 646 1345 689 et
1353 640 1480 705 anglone.
1511 639 1605 692 Gauda
1614 643 1739 695 melecta
1749 646 1824 697 solri

183 701 276 754 minas
295 714 350 750 ooo
367 697 514 764 concipere
530 704 573 748 tot
594 700 681 760 annis,
700 707 865 767 quotgrana
880 699 978 754 hordei
1029 705 1135 755 ulrum:
1156 704 1215 753 limi
1233 705 1325 757 cinere
1339 707 1455 772 crispari
1465 707 1594 773 capillum
1605 726 1665 761 cum
1677 711 1750 764 oleo.
1786 715 1824 765 Et

184 773 315 823 contacta
335 765 458 818 ederint:
481 780 605 832 quaeque
621 766 678 818 alis
692 782 780 820 nuncu
802 784 885 822 svera
902 785 978 822 mon·
1030 771 1216 839 dysentericis
1228 773 1342 839 prodest
1351 775 1439 826 illitus
1449 779 1527 838 cinis,
1541 784 1678 844 potusque
1687 788 1823 845 quantum
1927 820 1940 833 ,

184 835 777 903 atrilica,autinteripsaspugnantia:cum
826 838 978 891 cerneres.
1029 842 1119 893 tribus
1130 840 1228 906 digitis
1238 843 1373 907 capiatur,
1384 850 1413 894 et
1423 845 1612 897 comitialibus
1622 847 1734 899 morbis.
1760 851 1822 902 Uri·

185 908 301 961 ditotenn
314 905 373 957 lieri
385 904 481 956 iisdem
494 904 596 966 modis,
617 905 978 971 quibusillasterilitstam,
1030 925 1092 963 nem
1112 909 1266 961 fullonibus
1286 910 1465 963 utilissimi
1477 927 1537 965 esse
1553 914 1682 967 tradunt:
1700 916 1824 985 itemque

185 977 403 1045 praenuntiaret,
413 973 512 1025 niellus
524 980 567 1024 est
580 990 633 1025 non
646 972 767 1028 credere.
785 976 896 1043 Bythos
906 978 979 1043 Dyr·
1029 977 1187 1029 hulceribus
1198 979 1386 1030 manantibus:
1402 981 1542 1033 Barbaros
1553 998 1614 1035 eam
1624 998 1736 1037 serrare
1747 987 1825 1052 qoin-

184 1044 320 1097 rnchoous
331 1041 462 1094 hebetata
473 1051 587 1108 aspecto
598 1044 712 1109 specula
724 1044 848 1111 recipere
859 1047 977 1098 nitorem
1049 1048 1159 1112 ueenio,
1172 1054 1201 1100 et
1211 1045 1328 1099 heminis
1339 1054 1406 1114 pota
1417 1049 1491 1101 ciere
1502 1050 1602 1102 slsum.
1638 1051 1718 1104 Setas
1729 1068 1745 1105 e
1757 1069 1823 1106 cau·

184 1114 281 1173 tradit,
297 1111 399 1163 iisdem
410 1126 508 1163 aversa
525 1125 619 1163 rursus
629 1113 833 1166 contuentibus:
854 1129 976 1167 oannem·
1029 1064 1230 1180 inconsonas,
1249 1124 1279 1170 et
1289 1120 1403 1170 sinistre
1413 1117 1528 1170 brachio
1538 1120 1669 1186 alligatas
1680 1123 1824 1188 quartanis

186 1198 238 1249 que
248 1183 304 1234 rim
320 1180 404 1232 talem
423 1179 536 1243 resolvi,
555 1181 580 1232 si
591 1182 704 1233 mullum
716 1185 817 1250 piscem
829 1198 921 1235 secura
932 1182 978 1236 ha·
1031 1186 1145 1239 mederi.

184 1254 278 1305 beant.
313 1249 398 1301 Multi
409 1265 475 1301 vero
485 1250 576 1301 inesse
587 1251 669 1302 ctiam
681 1253 805 1305 remedio
815 1259 894 1305 tanto
906 1253 978 1305 niolo
1065 1255 1179 1308 xxvii.
1197 1256 1344 1322 Hyaeoam
1353 1254 1474 1323 Magios
1486 1256 1611 1307 omnibus
1621 1257 1786 1311 animalibus
1794 1259 1824 1310 in

186 1325 279 1375 aiunt:
300 1320 438 1387 podagras
449 1318 528 1379 illini,
537 1326 658 1371 strumas
671 1328 698 1372 et
710 1321 861 1389 parotidas,
882 1336 979 1387 panes,
1031 1324 1152 1374 marinna
1161 1323 1345 1376 admiratione
1356 1331 1521 1390 posuerunt,
1541 1332 1638 1391 utpote
1657 1329 1699 1377 cui
1718 1333 1748 1383 et
1768 1328 1824 1393 ipsi

186 1405 282 1444 sacros
293 1389 382 1458 ignes,
401 1386 574 1452 furunculos,
594 1387 739 1456 epiphoras
752 1398 873 1442 tractatu
884 1405 978 1447 aarum
1031 1392 1157 1459 Mogicas
1172 1400 1246 1445 ortes
1267 1392 1404 1455 dederint,
1424 1394 1543 1459 vinique,
1564 1408 1618 1460 qua
1629 1393 1737 1446 alliciat
1747 1396 1782 1446 ad
1793 1411 1825 1449 se

186 1460 333 1512 mulierum
347 1457 437 1509 leniri.
473 1454 541 1509 Lais
555 1462 584 1508 et
598 1458 680 1525 Salpe
697 1474 795 1510 cenum
806 1460 979 1512 rabiosorum
1032 1459 1157 1513 homines
1178 1470 1269 1515 ments
1289 1462 1433 1515 alienatos.
1469 1463 1512 1515 De
1543 1464 1824 1516 ermutntiosesexus

186 1543 304 1591 morsm,
317 1531 345 1580 et
357 1526 488 1579 tertianas
500 1532 702 1594 quartanasque
719 1528 818 1589 febres,
839 1535 979 1581 menstruo
1032 1531 1196 1584 aorroasice
1208 1531 1336 1595 diximus,
1357 1539 1504 1599 ceteraque
1533 1546 1548 1583 e
1566 1530 1825 1583 munificantu-

186 1602 216 1650 in
225 1599 290 1650 laos
298 1597 395 1651 arietis
404 1596 484 1663 nigri,
494 1600 626 1661 argenteo
636 1593 899 1649 brachialiincluso.
916 1597 981 1649 Dio·
1032 1614 1065 1650 nn
1086 1600 1160 1650 eius:
1180 1616 1251 1652 nnnc
1272 1615 1660 1667 persequemurqoaeounqas
1678 1601 1825 1653 roedicinis

174 1665 441 1727 ·timusThcbenus,
460 1664 978 1732 cclcorninorestisitainiectaepor·
1033 1669 1195 1735 produntur.
1231 1668 1381 1736 Praecipue
1393 1669 1535 1736 pantheris
1547 1673 1649 1723 terrori
1665 1671 1825 1724 msemsdi·

176 1734 320 1799 ‚tiuncula
340 1733 426 1785 acrei
442 1732 789 1795 iici0,brachioliinserta.
825 1734 920 1787 Sotira
930 1735 979 1786 ob·
1032 1744 1086 1800 tur,
1107 1744 1327 1790 utneooaentur
1345 1738 1612 1804 quidemresistere:
1635 1738 1827 1807 etsliquidde

185 1803 295 1863 stetrir,
315 1801 443 1853 tertianis
462 1805 660 1868 quartanisque
679 1803 900 1857 efficacissimum
911 1803 980 1855 dixit
1033 1808 1110 1858 corio
1129 1808 1190 1859 eios
1205 1805 1352 1859 habentem
1369 1822 1421 1858 non
1433 1808 1537 1873 appeti.
1571 1808 1728 1875 Mirumque
1738 1807 1826 1871 dictu,

186 1873 297 1940 plantas
306 1869 383 1936 aegri
392 1869 551 1921 subterlioi:
569 1872 712 1937 multoque
723 1872 862 1925 efficacius
873 1872 908 1923 ab
920 1872 982 1938 ipss
1032 1875 1058 1926 ai
1070 1875 1156 1940 pelles
1166 1875 1308 1941 utriusque
1320 1879 1478 1928 contrariae
1489 1877 1701 1942 suspendantur,
1718 1876 1826 1929 deeida-

187 1940 311 2001 muliere,
332 1946 359 1991 et
377 1938 525 2005 ignoranti.
561 1937 608 1991 Sic
628 1947 656 1992 et
676 1942 831 1993 comitiales
852 1940 980 1992 excitari.
1034 1958 1063 1995 re
1074 1943 1146 2009 pilos
1155 1942 1316 2011 pantherae.
1351 1947 1420 1996 cum
1437 1944 1545 2012 fugiant
1561 1953 1715 2006 venantem,
1737 1945 1825 1998 decli·

185 2008 306 2062 icetidas
325 2006 446 2059 medicus
464 2015 613 2074 quartanas
627 2011 703 2061 coitu
719 2011 802 2072 liniri,
823 2009 980 2076 incipienti·
1034 2028 1102 2063 sare
1117 2013 1152 2064 ad
1164 2011 1300 2074 dextram,
1318 2020 1350 2064 ot
1362 2016 1564 2081 praetergressi
1575 2013 1693 2065 hominis
1704 2014 1827 2082 vestigia

185 2079 239 2130 bus
253 2078 400 2129 dumtaxat
418 2077 577 2139 menstruis,
596 2079 753 2145 spopondit.
788 2078 863 2133 inter
884 2093 981 2131 omnes
1032 2086 1179 2149 occupent.
1215 2081 1297 2142 Quod
1316 2081 1524 2143 simonesserit,
1543 2083 1660 2134 alienari
1669 2089 1771 2144 arente,
1791 2096 1828 2133 ao

186 2162 254 2200 sero
265 2146 521 2212 conveniensque
532 2153 668 2215 potusque
681 2147 876 2201 formidetorn
886 2164 980 2201 morsu
1033 2152 1078 2205 rel
1088 2167 1122 2203 ex
1136 2164 1207 2223 sque
1224 2149 1362 2202 hominem
1372 2151 1511 2203 decidere.
1544 2153 1579 2202 st
1588 2152 1614 2201 si
1623 2153 1652 2201 in
1663 2152 1770 2205 lessam
1780 2149 1828 2203 da·

184 2217 274 2283 panis,
293 2216 439 2282 supposito
458 2223 568 2269 tanturn
588 2217 670 2268 calici
691 2217 792 2270 lacinia
804 2218 864 2280 tali,
884 2219 980 2270 stotira
1033 2221 1159 2283 torserit,
1177 2220 1331 2273 deliciantis
1349 2228 1539 2286 argumentum
1560 2235 1630 2282 erse,
1652 2220 1826 2286 celeremque

187 2292 291 2338 metum
302 2284 983 2354 emndiscuti:videlicetpraevalentesympothia
1033 2298 1186 2356 capturam.
1222 2290 1345 2342 Facilius
1357 2298 1448 2340 autem
1466 2291 1572 2357 capi,si
1586 2291 1828 2341 cinctussuosra·

187 2354 239 2407 illa
249 2354 428 2417 Graecorum,
448 2370 509 2406 cum
526 2356 632 2409 rabiem
648 2370 746 2407 canum
763 2356 823 2408 eius
840 2356 982 2424 sanguinis
1033 2366 1124 2419 nator,
1137 2358 1331 2425 flagellumque
1340 2358 1504 2424 imperitans
1514 2372 1584 2424 equo
1594 2358 1717 2424 septenis
1729 2357 1828 2424 alliga·

186 2423 604 2493 gustatuinciperedirorinrus.
639 2425 781 2478 cinereae
795 2425 980 2477 iumentorum
1033 2426 1201 2480 veritoodis.
1237 2427 1313 2485 hlox,
1334 2433 1365 2477 ut
1385 2434 1428 2477 cst
1446 2425 1827 2493 solersambsgibusrsnitss

186 2494 309 2545 omnium
321 2491 434 2545 bule-era
447 2493 542 2545 sanari
556 2498 663 2545 certum
674 2500 727 2554 est,
745 2493 843 2545 addita
857 2494 980 2544 camino·

185 2577 248 2613 rom
260 2561 350 2611 farina
360 2568 388 2610 ct
398 2573 470 2611 cera.
505 2561 631 2612 Maculas
643 2568 734 2610 autern
746 2577 762 2611 e
775 2569 850 2612 veste
860 2575 916 2621 eas,
926 2575 982 2611 non

187 2627 377 2681 nislciosdcm
390 2628 564 2677 urinaablul.
601 2629 728 2679 cinerem
749 2641 798 2692 per
816 2643 847 2679 se
868 2643 981 2680 rosncco

186 2696 315 2755 ernistum,
336 2691 498 2743 feminarum
520 2694 676 2760 praecipue,
694 2696 795 2760 capitis
816 2695 914 2747 sedare
930 2696 981 2747 do·

185 2766 262 2818 lores
282 2763 383 2813 illitum
403 2760 500 2812 fronti.
534 2762 774 2881 asperrimamque
790 2765 843 2815 vim
855 2764 982 2829 proilurii

186 2833 248 2888 eius
260 2833 321 2885 csse
333 2846 382 2898 per
395 2846 426 2883 ao
437 2830 516 2882 annis
526 2831 686 2898 virginitate
696 2846 727 2883 so
741 2839 796 2883 uta.
832 2832 862 2884 ld
873 2846 982 2900 quoque

1033 2495 1191 2560 Magorum,
1197 2496 1260 2560 copi
1269 2495 1365 2546 iubent
1373 2494 1552 2545 Geminorum
1564 2495 1673 2560 signum
1684 2503 1829 2545 trameun·

1034 2571 1063 2615 te
1073 2564 1160 2623 Luna,
1181 2562 1360 2629 singulosque
1376 2576 1461 2627 prope
1479 2561 1551 2626 pilos
1566 2561 1684 2613 serrari.
1718 2560 1828 2627 Capitis

1034 2630 1125 2683 dolori
1136 2630 1279 2699 alligatum
1291 2638 1379 2681 cutem
1392 2627 1530 2695 prodesse,
1569 2644 1620 2681 uas
1635 2627 1721 2680 fuerit
1737 2630 1766 2680 in
1781 2643 1826 2680 ca·

1035 2700 1094 2764 pite
1105 2700 1172 2751 cius.
1208 2698 1380 2765 lippitudini
1391 2696 1429 2749 fel
1442 2697 1544 2747 illitum
1550 2644 1711 2750 hostibus:
1732 2705 1782 2749 out
1793 2711 1828 2749 ne

1038 2765 1150 2817 omnino
1171 2767 1315 2833 lippiatur,
1336 2766 1480 2817 decoctum
1489 2780 1551 2817 curn
1563 2766 1654 2818 mellis
1663 2766 1749 2817 Attici
1757 2781 1827 2833 cya-

1038 2835 1093 2888 this
1104 2835 1202 2896 tribus,
1213 2843 1242 2886 et
1251 2835 1326 2886 croci
1338 2835 1418 2884 uncia
1429 2837 1582 2884 inunctum:
1604 2834 1645 2884 sic
1655 2840 1683 2885 ct
1694 2834 1829 2901 caligines

185 2901 323 2962 convenit,
334 2915 388 2967 quo
398 2897 466 2951 nihil
478 2900 603 2967 equidem
615 2900 746 2951 libentius
757 2900 931 2963 crediderim,
943 2908 982 2952 ta·
1034 2903 1370 2964 disenti,etsuffusiones.
1407 2901 1568 2954 Claritatem
1588 2903 1708 2955 excitari
1728 2904 1829 2956 melios

180 2973 240 3026 'ctis
261 2972 370 3023 omnino
386 2976 528 3022 menstruo
544 2969 678 3035 postibus,
697 2969 794 3022 irrites
810 2971 872 3022 lieri
886 2970 982 3038 Mago·

184 3056 246 3094 runs
257 3046 341 3100 ortes,
351 3041 460 3106 generis
471 3039 621 3101 senissimi,
632 3047 662 3090 ut
675 3039 825 3091 aestimare
835 3038 912 3091 licet.
930 3038 981 3090 Po·

137 3128 142 3137 ·
183 3125 248 3161 nom
261 3108 333 3160 enim
345 3107 388 3160 vel
398 3106 630 3160 modestissimum
644 3108 812 3173 epromissis
823 3122 935 3161 eorum:
947 3123 981 3160 ex

184 3176 297 3230 homine
307 3177 442 3243 siquidem
454 3177 611 3243 rescgnrlnu
627 3178 758 3244 unguium
773 3176 916 3244 specibus
926 3192 983 3229 ma·

182 3247 267 3299 nibus
288 3262 322 3297 ue
333 3261 397 3298 cera
407 3246 552 3311 permista,
560 3246 599 3298 ita
609 3253 639 3297 ut
651 3247 771 3308 dicatur,
782 3246 929 3308 tertianas,
938 3246 981 3298 rel

185 3262 378 3386 quotidianae,
395 3314 439 3365 rel
457 3322 609 3381 quartanae
627 3314 697 3366 febri
716 3314 866 3367 remedium
879 3317 983 3381 quaeri,

185 3392 255 3439 anto
267 3384 339 3435 Solis
350 3389 441 3433 ortum
458 3384 566 3435 alienae
578 3384 676 3435 ianuae
688 3384 764 3450 atligi
775 3383 879 3446 iubent,
893 3383 929 3435 ad
940 3399 981 3436 re·

184 3452 281 3508 medin
295 3453 323 3504 io
334 3451 369 3501 iis
382 3451 502 3502 morbis:
515 3458 618 3517 quanta
629 3452 763 3514 sanitate,
775 3454 800 3504 si
812 3453 912 3505 salsum
924 3451 983 3505 esti

183 3527 326 3589 quantave
336 3519 428 3580 nonis,
446 3520 470 3571 si
480 3519 651 3573 transierunt
663 3522 792 3573 inorbost
811 3522 983 3574 innocentio·

183 3605 233 3643 res
250 3604 285 3640 ex
301 3588 344 3639 his
362 3588 483 3639 omniurn
498 3590 648 3657 digitorum
664 3591 820 3659 resegmioa
840 3591 983 3660 unguium,

185 3658 222 3712 ad
236 3672 365 3710 cavernas
375 3657 551 3710 formicarum
568 3659 652 3712 abiici
664 3659 767 3722 iubent,
787 3676 903 3730 samque
912 3675 982 3728 quae

184 3728 279 3795 prison
289 3727 413 3792 coeperit
424 3727 542 3791 trahere,
550 3736 704 3796 correptam
714 3728 842 3784 subnecti
852 3729 933 3793 collo,
940 3729 983 3783 its

184 3797 289 3850 discuti
301 3796 435 3847 morbum.
607 3792 616 3801 “

220 3862 322 3916 XXlV.
342 3865 421 3917 llaec
433 3872 498 3915 sont
509 3878 579 3930 quac
590 3867 720 3921 retulisse
731 3868 774 3920 fas
783 3867 830 3930 sit,
852 3882 886 3920 sc
894 3867 983 3936 plero-

184 3949 239 4001 que
251 3947 284 3984 ex
301 3932 336 3983 iis
347 3950 401 3985 noa
419 3933 472 3984 nisi
487 3931 592 3985 honore
608 3936 694 3989 dieto.
730 3938 847 4004 Reliqua
861 3938 980 3989 intesta·

183 4003 256 4055 bilia
265 4008 292 4053 et
302 4001 424 4064 infanda,
441 4010 470 4052 ut
482 4001 594 4054 instinct
606 4007 697 4058 oratio
709 4008 745 4057 eb
755 4006 866 4059 homine
876 4006 981 4074 lugere.

183 4070 217 4124 in
237 4073 336 4123 ceteris
356 4070 499 4122 claritates
515 4073 673 4125 animalium
694 4082 743 4125 aut
757 4089 980 4141 operumseque·

183 4154 257 4193 mur.
293 4138 440 4205 Elephanti
451 4140 571 4205 sanguis,
582 4144 731 4208 praecipue
741 4143 835 4204 maris,
845 4142 982 4194 fluxiones

182 4224 294 4270 omnes,
313 4223 381 4274 quas
393 4205 607 4260 rheumatismos
620 4216 730 4271 socant,
745 4209 830 4261 sistit.
866 4210 983 4261 ilamen-

1023 4146 1114 4210 pitet,
1136 4143 1241 4210 aliquid
1261 4142 1510 4196 excordseecturn
1531 4154 1595 4190 man

1034 2974 1189 3024 inveterato
1210 2971 1421 3023 medicamento.
1457 2972 1602 3022 deserviri
1622 2978 1715 3024 eutem
1730 2972 1760 3023 io
1775 2973 1829 3039 cy·
1938 2992 1944 3015 ι

1034 3043 1094 3108 pria
1103 3039 1217 3108 pyxide.
1251 3039 1358 3091 Eodem
1368 3040 1595 3107 ssoariargcma,
1614 3040 1771 3102 mortuas,
1783 3055 1830 3093 es·

1033 3110 1188 3163 crescentia
1207 3112 1235 3160 in
1256 3109 1358 3161 oculisr
1381 3109 1446 3160 item
1458 3109 1609 3163 cicatrices.
1645 3109 1830 3161 Glaucomata

1034 3194 1100 3232 rero
1112 3178 1245 3229 iocinoris
1255 3177 1374 3229 recentis
1385 3176 1502 3229 inassati
1515 3179 1601 3239 sanie,
1613 3193 1674 3229 eum
1685 3179 1829 3245 despuma-

1035 3256 1064 3301 to
1077 3247 1158 3305 melle
1169 3246 1298 3298 inunctis.
1311 3246 1415 3298 Dentes
1426 3247 1487 3297 eius
1497 3246 1619 3299 dentium
1631 3245 1776 3299 doloribus
1787 3255 1828 3300 ta·

1034 3325 1081 3369 ctu
1090 3316 1231 3383 prodesse,
1238 3315 1283 3367 rel
1294 3314 1462 3380 adalligatos
1474 3314 1586 3367 ordine:
1596 3313 1725 3367 humeros
1736 3315 1830 3368 hume·

1035 3401 1128 3437 rorum
1149 3393 1178 3436 et
1198 3386 1364 3436 lacertorum
1386 3383 1538 3435 doloribus.
1575 3383 1708 3435 Eiusdem
1721 3384 1829 3445 dentes,

1035 3455 1060 3505 si
1070 3454 1104 3506 de
1115 3454 1229 3505 sinistra
1240 3459 1317 3519 porte
1330 3453 1416 3503 rostri
1424 3453 1498 3504 eruti
1510 3451 1596 3512 sinti
1619 3453 1625 3465 '
1665 3459 1710 3505 tos
1721 3453 1830 3520 pecoris

1034 3530 1085 3576 aut
1094 3524 1170 3588 capri
1181 3523 1255 3589 pelle
1266 3519 1403 3573 stomachi
1422 3520 1598 3572 eruciatibus.
1656 3522 1782 3575 ulmones
1799 3523 1830 3573 in

1035 3594 1098 3644 cibo
1117 3597 1223 3643 suantos
1244 3591 1385 3643 coeliacis.
1419 3588 1607 3653 ventriculis,
1629 3591 1748 3643 cinerem
1766 3604 1830 3644 cunr

1036 3662 1099 3714 olco
1110 3661 1220 3713 illitum.
1255 3661 1364 3720 Nereis,
1372 3658 1506 3711 medullas
1515 3675 1533 3712 e
1543 3658 1695 3712 dorsocusn
1706 3661 1769 3711 oleo
1781 3674 1829 3712 re·

1035 3737 1096 3783 tere
1108 3746 1141 3781 ae
1150 3729 1224 3782 lello.
1253 3729 1389 3782 Febribus
1400 3729 1554 3794 quartanis,
1565 3729 1831 3795 ieeurdegoststum

1033 3808 1078 3853 tor
1088 3808 1153 3851 ante
1163 3799 1346 3851 accessiones.
1373 3796 1517 3865 Podagrls,
1527 3801 1623 3863 spineo
1635 3800 1755 3850 cinerem
1766 3811 1830 3850 cusa

1034 3870 1131 3937 lingna
1141 3876 1171 3921 et
1179 3870 1280 3921 dextro
1291 3867 1362 3935 pede
1372 3868 1454 3919 rituli
1465 3867 1573 3925 marini,
1583 3865 1679 3918 addito
1690 3867 1756 3918 islle
1769 3874 1830 3919 tau·

1033 3940 1106 4001 rino,
1124 3940 1216 3989 omnin
1227 3938 1332 4004 pariter
1342 3942 1516 4004 sociantque
1526 3934 1599 3986 illita
1609 3932 1733 4000 hyaenae
1745 3934 1827 3998 pelle.

1035 4010 1065 4060 ln
1085 4008 1185 4060 cedern
1206 4008 1302 4059 morbo
1319 4006 1489 4072 prodessent
1501 4003 1539 4055 iel
1552 4018 1619 4053 cum
1637 4001 1727 4067 lapids
1738 4002 1827 4052 Assio

1034 4075 1183 4137 Tremulis,
1192 4076 1329 4141 spasticis,
1342 4074 1545 4132 exsilientibus,
1560 4078 1589 4122 et
1598 4070 1830 4197 agilammc'oirmpnlli

1035 4213 1159 4278 reliquae
1171 4213 1260 4275 partis
1272 4212 1342 4263 cinis
1352 4224 1412 4261 cum
1428 4209 1541 4261 cerebro
1554 4205 1682 4271 hyaenae
1691 4205 1828 4259 illiaatur.

181 4280 223 4331 tis
239 4276 333 4328 eboris
345 4291 405 4327 cum
423 4275 505 4326 melle
520 4277 612 4328 Attico
629 4282 671 4339 (ut
686 4278 774 4337 aiunt)
791 4277 942 4329 nubeculae
954 4277 982 4327 io

181 4347 269 4407 facie,
290 4345 375 4396 scobe
392 4341 715 4410 paronychiatolloahrr.
752 4346 982 4401 Proboscidista·
1033 4345 1153 4408 seselis,
1173 4348 1274 4399 eculeis
1294 4347 1370 4412 pm'os
1386 4344 1747 4412 quosrsosscisonlibeet.
1780 4288 1829 4395 ξε

181 4424 233 4468 ctu
254 4412 353 4478 capitis
369 4413 452 4464 dolor
468 4411 590 4476 leretur,
606 4414 744 4469 efficacius
759 4415 785 4466 ai
801 4422 830 4468 et
845 4420 981 4469 sternuat.
1035 4422 1064 4469 et
1074 4415 1212 4482 palpebris
1223 4416 1336 4467 inutiles
1344 4414 1415 4467 tolli.
1434 4414 1603 4469 lmmhorum
1616 4412 1760 4465 doloribus
1770 4426 1829 4464 car·

180 4484 294 4537 Dentre
305 4495 369 4547 pars
381 4480 553 4547 proboscidis
565 4498 624 4535 cum
635 4483 752 4536 Lemnia
762 4485 873 4537 rubrica
882 4483 982 4537 adsili-
1035 4482 1722 4551 nesclumbisedendaaillinendaaquecumoleo.
1742 4480 1828 4533 Steri·

181 4558 261 4622 gato,
272 4550 392 4615 impetus
402 4549 547 4602 libidinum
558 4553 693 4606 stimulet.
720 4551 839 4620 Sanguis
849 4560 980 4621 etsynte·
1035 4556 1144 4608 litatem
1155 4554 1301 4607 mulierem
1313 4553 1461 4614 emendari,
1482 4552 1564 4605 oculo
1576 4549 1829 4619 cunglycyrrhiza

183 4620 265 4674 cticis
297 4620 401 4683 rodest,
413 4622 545 4687 iecurque
557 4621 744 4674 comitialibus
754 4622 869 4675 morbis.
1034 4632 1064 4678 et
1074 4623 1177 4677 anetho
1186 4631 1278 4679 sumto
1290 4625 1318 4675 is
1331 4623 1401 4685 cibo,
1409 4622 1545 4688 promisso
1556 4620 1828 4673 intratriduumcoa·

220 4635 309 4741 xxi.
327 4687 430 4740 Leonis
452 4689 550 4755 adipes
571 4705 633 4742 com
642 4706 759 4744 rosaceo
771 4700 860 4744 cutem
872 4693 899 4743 ie
910 4690 980 4747 iacis
1034 4699 1125 4760 cepto.
1137 4696 1240 4747 Contra
1252 4700 1402 4745 nocturnos
1413 4705 1539 4756 pavores,
1551 4689 1763 4755 anihrarorsque
1774 4697 1828 4742 ter·

183 4757 348 4811 custodiunt
359 4773 376 4809 a
387 4758 474 4819 vitiis,
485 4759 689 4828 candoremque
700 4769 821 4814 serrant.
840 4759 943 4813 Sonant
954 4768 983 4814 et
1034 4778 1136 4825 rorem,
1157 4778 1228 4814 unus
1242 4779 1258 4816 e
1275 4760 1383 4827 magnis
1399 4760 1530 4813 dentibus
1552 4759 1610 4810 lino
1622 4758 1755 4824 alligatus
1764 4771 1830 4825 soeg

183 4825 289 4879 adusta
298 4827 414 4888 nisibus,
426 4827 606 4880 articulorum
628 4837 807 4882 ectumoros.
835 4829 981 4898 Magorum
1034 4840 1293 4886 currerensrratur.
1315 4827 1829 4889 Furestessuilirleodemstcircum·

184 4899 298 4949 sanitas
308 4897 448 4963 perunctis
460 4912 494 4950 eo
505 4896 596 4964 adipe,
609 4846 770 4952 iaciliorem
780 4899 900 4967 gratiam
909 4899 981 4966 apud
1034 4901 1118 4970 ligari
1130 4909 1308 4968 antepectus,
1329 4915 1390 4951 cum
1406 4897 1620 4965 adipsr'eoium,
1641 4895 1827 4954 curiosioris,

182 4964 304 5033 populos
316 4982 431 5034 regesve
442 4968 596 5033 promittit:
615 4969 764 5035 praecipue
772 4976 865 5021 morso
876 4984 908 5022 eo
921 4970 981 5036 pin·
1034 4978 1084 5023 eut
1104 4971 1176 5038 polle
1198 4970 1377 5038 praecipiunt.
1412 4964 1527 5019 ltlulieri
1542 4965 1660 5017 eandida
1677 4980 1696 5018 a
1715 4970 1828 5030 pectore

182 5034 983 5174 elidiillidit?'illitredecim
1033 5039 1160 5162 lybii
1171 5029 1829 5173 ellemberthi§.feminal

1399 5141 1407 5166 i
1656 5139 1664 5165 Ι

183 5179 280 5226 rostro
301 5140 439 5235 inferiori,
459 5176 685 5241 promisserunt.
745 5177 770 5228 el
791 5192 863 5246 aqua
879 5177 982 5239 addita,
1034 5124 1351 5246 pfftospmmittoamr.
1386 5174 1522 5227 Venerem
1543 5166 1828 5248 stimularegenitalia

186 5241 347 5295 claritatem
368 5243 457 5295 oeulis
471 5243 590 5297 inunctis
601 5243 686 5299 iacit:
707 5252 809 5298 etcum
819 5246 902 5313 adipe
911 5247 982 5298 eius·
1035 5248 1071 5301 sd
1081 5263 1164 5300 sexus
1173 5262 1239 5298 suos
1250 5247 1279 5298 is
1291 5240 1374 5299 asello
1383 5249 1484 5305 sente,
1495 5242 1607 5295 etiamsi
1619 5242 1669 5293 siri
1681 5237 1827 5292 mulsere·

185 5310 259 5374 dem,
268 5312 426 5364 comitiales
435 5315 545 5367 morbos
553 5313 736 5377 discutit‚leri
746 5322 873 5383 gustu,et
883 5322 982 5383 etpro-
1035 5318 1126 5370 coitss
1138 5317 1257 5368 oderint.
1292 5317 1366 5377 Quin
1377 5313 1461 5366 immo
1476 5312 1565 5365 totius
1579 5311 1676 5363 domus
1685 5303 1826 5359 ooooordl·

184 5380 271 5442 tious,
292 5381 341 5447 qui
356 5395 488 5443 sumsere,
509 5383 627 5435 cursuid
640 5383 776 5442 digerant.
811 5385 866 5437 Cor
877 5385 977 5437 incibo
1035 5402 1089 5448 sm,
1107 5384 1204 5439 eodem
1216 5384 1330 5451 genitali
1345 5390 1374 5437 st
1395 5381 1515 5435 articulo
1529 5397 1542 5429 s
1563 5381 1627 5431 ‘nae
1641 5391 1703 5458 essm
1719 5369 1826 5453 adbae-

183 5459 318 5510 ⁸¹1¹¹¹2¹¹¹¹b
339 5450 465 5515 quartani
751 5470 755 5471 ⁷
782 5469 844 5507 curn
865 5467 981 5507 rosaceo
1033 5462 1113 5507 rente
1123 5457 1200 5507 corio
1215 5453 1366 5506 asservatis
1377 5458 1521 5507 oonstors:
1561 5448 1818 5511 urscsprssesrtrcs

184 5516 449 5583 ⁴l⁰⁰l5di³⁰i³f⁰blfl
792 5521 980 5592 eulogium.
1033 5524 1101 5587 lum,
1119 5525 1179 5577 aire
1192 5523 1306 5584 nedum,
1323 5521 1466 5575 Atlantion
1477 5524 1592 5570 vocante
1608 5517 1757 5593 ‘utsutssr
1768 5509 1828 5577 pri·

183 5584 440 5708 liegisteretitiami
1033 5608 1103 5647 mue.
1138 5593 1168 5646 ln
1188 5580 1827 5708 conludiumssueqoeremedirsbabantsust.

248 5670 318 5709 cro.
373 5669 426 5709 rer

1035 4280 1110 4332 Pilos
1124 4279 1207 4331 etiam
1220 4277 1325 4331 suferri
1335 4276 1387 4329 hoo
1397 4275 1596 4342 compositione
1606 4275 1699 4335 illita,
1718 4282 1767 4327 aut
