4330 6014
359 338 397 407 rs
490 318 522 403 c'.
565 332 721 434 aarum
764 326 968 397 sucuro:
1012 328 1179 394 aaron.
1222 326 1410 392 aaaron.
1457 327 1621 390 atuor.
1650 328 1874 391 carmon.

359 510 407 548 ne:
438 492 588 546 tumiocus
609 489 741 541 Doriscos
759 482 858 535 decem
879 479 1099 545 milhhomlnum
1114 497 1158 535 ca·

358 578 421 632 par.
445 565 489 614 iia
501 562 607 615 Xerses
617 558 655 609 ibi
667 554 854 606 dinumeravit
863 553 1025 604 exereitum.
1053 555 1091 605 tis
1104 552 1159 605 lie·

359 635 411 687 bri.
429 632 532 684 Portas
541 629 685 682 Stentoris.
713 620 851 688 Oppidani
863 623 953 674 Aenos
963 621 1078 674 liberum
1092 634 1156 673 cum

358 700 495 771 Polydori
504 699 627 756 tuniolo,
649 693 782 742 Ciconum
800 690 938 756 quondam
954 692 1042 758 regio.
1069 690 1157 742 ADo·

358 773 432 824 riseo
449 772 610 821 incurratur
629 768 679 811 ora
694 759 730 810 ad
740 754 856 810 Macron
872 757 977 810 'i‘ichos
995 764 1104 811 centum
1116 760 1158 811 ri·

360 842 429 909 giuti
450 840 566 889 morum
586 830 737 896 nriii.pass.
765 829 845 879 Circa
866 828 1047 895 quemiocum
1060 827 1159 879 iiorius

359 911 459 967 nicius,
481 918 498 954 a
528 915 563 951 ms
586 902 662 950 sinos
684 897 848 964 appellatur.
876 897 1000 964 Oppida:
1018 897 1160 965 Cypselis,

336 1002 339 1013 .
358 972 498 1034 Bisanthe,
550 984 634 1020 acron
645 967 748 1018 Tichos
759 965 875 1025 dictum,
897 981 951 1033 qua
962 981 979 1016 a
990 965 1159 1034 Propontide

358 1044 392 1098 ud
403 1042 541 1096 Melonem
553 1037 644 1089 sinum
656 1034 792 1087 interduo
805 1034 894 1084 maria
905 1043 1048 1101 porrectus
1063 1048 1159 1088 murus

357 1114 566 1183 procurrentem
578 1105 700 1159 excludit
711 1102 920 1155 Cherronesum.

389 1180 503 1248 lanaque
514 1178 635 1232 'l'hracia
649 1175 738 1226 altero
757 1174 847 1224 latere
869 1189 886 1223 a
897 1171 1011 1224 Pontico
1022 1170 1107 1224 litore
1117 1171 1159 1223 in·

357 1251 473 1318 eiplens,
492 1248 540 1301 ubl
552 1249 622 1298 is'ter
639 1243 729 1295 ansnis
740 1242 925 1309 immergitur,
944 1242 987 1293 rei
1008 1239 1159 1308 pulcherri-

356 1328 416 1372 mas
426 1320 454 1369 iu
465 1330 497 1370 ea
509 1324 589 1383 parte
602 1312 684 1365 urbes
697 1310 788 1372 habet,
810 1311 958 1378 istropoiin
970 1309 1158 1373 Milesiorum,

357 1390 470 1450 Tomos,
482 1384 655 1450 Caiatinque,
667 1392 739 1449 quae
750 1388 834 1432 antea
845 1382 985 1433 Acerretis
997 1381 1157 1431 vocabatur.

357 1458 522 1512 Heracleam
534 1452 646 1515 habuit,
668 1456 697 1502 et
707 1449 831 1501 Bizonen
843 1456 934 1502 terrae
945 1448 1023 1501 hiatu
1035 1457 1158 1517 raptam:

356 1543 428 1579 nosne
439 1525 521 1577 habet
533 1518 750 1589 Dionysopolin.
765 1520 871 1570 Crunos
883 1525 965 1570 antea
976 1518 1087 1570 dictam.
1114 1517 1159 1568 Al·

356 1598 409 1648 luit
420 1596 499 1646 liras
511 1593 608 1643 amuis.
636 1592 740 1642 ‘l'otum
752 1598 814 1639 cunr
830 1595 948 1640 tractum
960 1586 1082 1655 Scythae
1092 1589 1160 1638 Aro-

356 1676 430 1716 teres
442 1661 631 1729 cognominati
643 1666 765 1711 tenuere.
795 1659 898 1708 Eorum
915 1657 1032 1724 oppida:
1053 1655 1159 1723 Aphro·

356 1734 451 1793 alisius,
473 1731 607 1793 insistas,
630 1729 738 1796 Zigere,
763 1724 905 1788 Borcobe,
926 1725 1072 1788 Eunrenia,
1091 1725 1157 1777 Par·

355 1801 523 1868 thenopoiis,
546 1800 676 1861 Gerania,
697 1797 744 1846 ubi
758 1795 958 1862 Pygmaeorum
981 1811 1049 1863 gens
1071 1793 1158 1845 fuisse

355 1871 506 1941 proditur:
528 1868 662 1919 Cattuzos
682 1864 799 1918 Barbari
823 1872 932 1928 rorant,
954 1864 1159 1930 creduntquea

355 1939 471 2008 gruibus
487 1937 607 2006 legatos.
638 1937 668 1986 in
686 1952 737 1988 ora
748 1950 765 1986 a
776 1934 960 2001 Dionysopoli
982 1939 1025 1987 est
1036 1933 1158 1985 Odessus

354 2008 538 2062 Milesiorum.
564 2005 680 2056 Pionren
694 2004 828 2070 Panysos.
852 2002 990 2071 Oppidum
1002 2003 1158 2054 Tetranau-

355 2072 463 2132 lochus.
492 2076 574 2127 Mons
593 2075 717 2126 liaemua
739 2079 818 2123 rasio
839 2072 906 2139 iugo
928 2072 1111 2139 procumbens
1131 2069 1159 2121 in

355 2146 484 2207 Pontum,
496 2143 629 2213 oppidum
641 2142 739 2194 habuit
751 2142 1059 2194 incerticeAristaeum.
1078 2139 1161 2191 Nunc

354 2217 385 2268 in
406 2228 458 2266 ora
478 2212 659 2274 Mesembria,
676 2210 854 2273 Anchialum,
873 2212 921 2262 ubi
942 2211 1037 2262 Messa
1058 2209 1159 2261 fuerat.

354 2285 450 2338 Astice
460 2285 538 2351 regio
550 2281 646 2333 habuit
657 2280 788 2346 oppidum
797 2279 938 2330 Anthium:
950 2294 1022 2331 :nuno
1030 2278 1160 2347 estApoi·

353 2354 440 2406 ionia.
468 2352 609 2404 Flumina:
630 2351 764 2411 Panissu,
784 2347 858 2411 Pica,
879 2350 996 2412 'i'carus,
1019 2349 1160 2401 Orosines.

356 2421 478 2490 Oppida:
499 2420 634 2487 Thynias,
654 2417 866 2486 iiainrydessos,
884 2417 1021 2471 Dercitoo
1032 2433 1093 2471 cunr
1105 2424 1161 2467 sta·

395 2508 431 2555 o,
452 2490 526 2558 quod
549 2504 620 2540 nunc
642 2487 774 2540 Deultum
797 2493 927 2549 vocatur,
946 2494 1160 2538 veteranorum:

356 2504 529 2628 Plrnopuns,
549 2558 627 2609 iuxta
646 2572 727 2677 apuam
750 2554 920 2622 Bosphorus.
950 2557 989 2607 Ab
1002 2555 1065 2607 istri
1086 2556 1159 2607 ostio

357 2630 393 2683 ad
404 2643 436 2688 os
447 2629 529 2681 Ponti
541 2642 613 2693 pass.
625 2626 652 2676 D
666 2624 703 2676 ,V
716 2624 781 2675 utili.
793 2624 842 2674 aiii
853 2623 955 2677 fecere.
978 2626 1099 2692 Agrippa
1111 2623 1160 2675 ad·

355 2698 423 2752 lecit
434 2697 493 2749 LX.
511 2696 577 2748 inde
588 2696 623 2747 ad
636 2708 743 2745 murum
754 2708 837 2759 supra
850 2693 953 2745 dictum
965 2702 1074 2747 centum
1086 2695 1162 2764 quin·

357 2761 1034 2902 quggrllnttaaiiozlphegrffilnlgsgbgihffiezyi'glr'tlrlrm
1047 2831 1160 2885 Sensim:

356 2906 472 2967 etoiier,
482 2903 685 2971 quiMulierum
694 2901 915 2968 cognominatur.
934 2898 1159 2952 Promontorium

356 2971 562 3042 Chrysoccras,
587 2972 616 3021 in
636 2984 690 3036 quo
709 2968 840 3035 oppidum
863 2968 1032 3035 Byzantium
1055 2971 1161 3020 liberae

357 3041 531 3099 conditionis,
547 3046 630 3090 antea
640 3036 737 3103 Lygos
747 3038 862 3087 dictum.
880 3038 964 3087 Abest
975 3053 992 3088 a
1001 3036 1159 3104 Dyrrachio

357 3108 542 3226 'septingentis
562 3103 688 3156 undecim
710 3104 834 3154 nniiiibus
855 3117 994 3183 passuum.
1038 3106 1158 3154 'l'antum

355 3183 435 3297 patet
464 3190 498 3226 on
521 3173 600 3224 ‘tudo
619 3178 756 3222 terrarum
777 3172 850 3251 inter
860 3169 1031 3221 Adriaticum
1042 3186 1119 3252 arare
1131 3178 1159 3222 et

358 3236 1160 3381 .iratiiit·staindeliumhirininiti:

358 3388 449 3437 torum
463 3396 594 3450 passuum
606 3379 758 3433 continenti
770 3388 886 3430 annuero.
910 3378 987 3429 intus
998 3377 1097 3445 Bizya,
1108 3390 1159 3428 anx

357 3452 610 3522 regum'i'hraciae,
630 3448 741 3500 a'i'erei
762 3446 871 3498 nelasto
892 3448 1004 3501 crinitae
1020 3447 1161 3498 inrisahi·

357 3518 533 3573 tundinibus.
557 3518 597 3568 Be
619 3516 644 3566 'o
657 3516 782 3577 Caenica,
792 3515 1091 3583 coioniaFiariopolis,
1113 3516 1159 3567 ubi

357 3598 441 3641 antea
453 3586 520 3638 Zeia
530 3586 593 3653 oppi
613 3599 658 3634 uns
670 3586 831 3635 vocabatur.
857 3585 893 3635 Et
901 3601 918 3636 a
929 3582 1017 3654 Bizya
1028 3586 1159 3655 quinqua·

357 3657 435 3725 ginta
452 3653 541 3706 ouilia
559 3667 689 3720 passuum
700 3658 788 3718 Apros
805 3653 922 3716 colonia,
941 3668 1012 3722 quae
1024 3670 1042 3706 a
1054 3654 1157 3722 Phiiip-

355 3725 401 3793 pis
422 3722 500 3774 obest
521 3729 629 3773 centum
652 3723 797 3787 octoginta
814 3730 878 3773 orto
898 3722 964 3774 mili.
978 3739 1048 3791 pass.
1084 3725 1118 3775 At
1130 3725 1158 3774 in

356 3809 408 3845 ora
423 3793 511 3843 sunnis
522 3791 657 3859 Erginus:
679 3790 807 3858 oppidum
829 3788 882 3841 suit
893 3790 1000 3845 Ganos:
1021 3792 1160 3845 deseritur

357 3871 384 3915 et
396 3858 577 3929 Lysimachia
597 3863 651 3911 iam
672 3861 699 3909 iu
713 3859 896 3911 Cherroneso.

391 3932 468 3983 Alius
481 3946 598 3999 namque
610 3929 648 3980 lbi
663 3927 780 3980 isthmos
792 3928 921 3995 angustia
934 3929 1020 3981 simili
1040 3935 1092 3991 est,
1114 3946 1159 3982 eo·

356 4001 548 4062 dennnomine,
570 3996 833 4066 etpariiatitudinc.
862 3996 1004 4050 illustrant
1025 4000 1097 4052 duae
1117 4014 1159 4049 ur·

357 4072 407 4124 bes
418 4064 546 4137 utriunque
557 4068 649 4130 litora,
661 4082 731 4135 quae
742 4064 815 4117 haud
828 4067 958 4118 dissimili
969 4066 1051 4120 modo
1063 4078 1158 4121 tenue·

357 4155 387 4192 re
397 4158 403 4191 :
414 4132 520 4207 Pactye
533 4136 736 4206 aPropontide,
746 4136 848 4188 Cardia
858 4136 992 4189 aMeiane
1004 4139 1079 4189 sinu:
1091 4136 1159 4188 haec

253 4210 258 4221 “
358 4225 391 4261 eu
404 4208 476 4262 lucie
492 4208 547 4260 loci
563 4208 674 4258 noorine
686 4213 811 4272 accepto:
834 4214 967 4274 utraeque
982 4205 1160 4273 coniprehen·

357 4292 405 4329 sae
416 4285 513 4344 postea
524 4274 703 4345 Lysimachia
722 4278 840 4343 quinque
861 4277 929 4327 miii
942 4291 1014 4342 pass.
1027 4290 1044 4327 a
1056 4278 1159 4345 imagis

359 4348 453 4396 muris.
482 4345 671 4399 Cherronesos
683 4356 699 4396 a
711 4344 878 4411 Propontide
891 4344 987 4397 habuit
996 4346 1158 4411 Tiristasin,

362 4411 522 4465 Crithoten:
533 4416 638 4468 Cissam
646 4414 752 4466 donnini
760 4417 846 4481 Argos
854 4414 1024 4482 appositam:
1036 4414 1159 4467 hunchu-

357 4478 407 4534 bet
417 4495 434 4531 a
445 4482 556 4533 colonia
565 4486 638 4551 Apro
652 4484 727 4536 xxii
745 4484 814 4534 nriii.
826 4496 966 4551 passuum,
987 4484 1114 4536 Resiston
1125 4500 1157 4537 ex

359 4549 477 4603 adverso
490 4552 615 4602 coioniae
627 4553 769 4604 Parianae.
790 4555 824 4604 iit
836 4552 1042 4621 ileiIespontus,
1052 4561 1157 4621 septem

359 4622 402 4682 (ut
412 4619 543 4683 diximus)
554 4619 652 4671 stadiis
666 4623 801 4687 Europam
816 4620 850 4673 ab
861 4623 925 4675 Asia
936 4623 1071 4686 dividens,
1093 4636 1158 4690 qua·

318 4729 321 4734 A
358 4692 425 4739 tum
436 4686 496 4739 iilic
507 4687 580 4739 inter
589 4703 619 4739 se
630 4690 783 4738 contrarias
794 4692 875 4741 urbes
886 4690 987 4745 habet:
1007 4692 1035 4742 lo
1047 4693 1158 4759 Europa

359 4755 509 4823 Callipolim
520 4763 548 4808 et
559 4755 666 4815 Seston,
688 4764 716 4806 et
729 4758 755 4805 in
767 4758 831 4808 Asia
843 4760 1023 4826 isarnipsacum
1038 4766 1068 4811 et
1081 4760 1156 4827 Aby-

359 4821 422 4876 don.
451 4824 523 4878 Dein
546 4822 762 4892 promontorium
780 4822 945 4880 Cherronesi
956 4828 1093 4881 Mastusia
1112 4828 1158 4879 ad-

308 4954 311 4963 .
359 4907 468 4947 reraum
485 4893 579 4960 Sigeo:
606 4893 683 4944 cuius
698 4893 725 4943 in
741 4891 832 4944 ironte
852 4896 962 4965 obliqua
974 4902 1157 4966 Cynossema:

359 4960 398 5013 ita
412 4962 569 5029 appellator
579 4961 711 5014 Hecubae
729 4963 861 5025 tunruius,
880 4968 965 5016 statio
976 4968 1156 5019 Achaeorum.

357 5030 456 5083 Turris
469 5038 496 5081 et
507 5030 652 5082 delubrum
665 5030 819 5082 Protesilai.
848 5034 885 5083 Et
903 5032 929 5083 iu
939 5042 1064 5087 extranta
1074 5034 1157 5087 Cher·

358 5099 451 5151 ronesi
463 5099 565 5162 ironic,
576 5114 647 5167 quae
659 5107 771 5151 uocatur
782 5098 917 5163 Aeolium,
929 5105 1062 5170 oppidum
1075 5106 1156 5156 Elae-

359 5183 399 5219 us.
420 5167 489 5220 Dein
503 5170 608 5235 petenti
619 5166 756 5221 Melaneus
769 5169 870 5233 sinant,
891 5174 1106 5236 pernoscamus,
1129 5178 1159 5227 ei

1209 480 1314 534 timili.
1324 478 1438 532 iaciunt
1455 477 1594 531 Latitudo
1604 476 1785 532 ducentorum
1795 478 1940 547 octoginta
1952 490 2016 548 qua·

1211 557 1276 604 tuor
1284 549 1403 602 millium
1415 554 1466 601 est.

1246 620 1358 688 Aegaeo
1377 617 1452 671 arari
1472 628 1572 670 nomnen
1593 616 1670 669 dedit
1682 616 2016 685 scopulusinter'ienum

1211 696 1241 741 et
1252 688 1350 740 Chium
1362 690 1454 740 serius
1491 700 1556 739 uam
1576 682 1681 750 insuia,
1701 688 1759 738 Aea
1774 688 1885 737 oonrine
1897 688 2017 754 asperia

1212 772 1320 826 caprae,
1340 772 1413 826 quae
1427 756 1469 809 ita
1507 756 1595 809 raceis
1617 754 1787 824 appellatur,
1808 762 2017 822 repenteeme·

1212 826 1260 879 dio
1272 827 1342 879 mari
1353 824 1493 880 exsiliens.
1520 826 1642 878 Cerauni
1659 840 1721 877 euni
1738 840 1754 875 a
1766 825 1864 876 dextra
1875 832 1955 892 parte
1965 824 2017 877 An·

1212 896 1292 949 drum
1313 897 1476 964 aurigantes
1498 896 1533 948 ab
1545 894 1656 958 Achaia,
1679 894 1767 943 dimus
1790 909 1822 945 ac
1843 893 2017 961 pestiferum.

1211 967 1315 1032 Aegaei
1326 980 1391 1032 pars
1401 966 1517 1032 Myrtoo
1529 963 1623 1016 datur:
1636 963 1795 1030 appellatur
1806 960 1841 1014 ab
1852 963 1944 1014 insuia
1955 977 2016 1031 par·

1211 1051 1255 1097 ra,
1276 1049 1345 1101 quae
1365 1037 1488 1086 cernitur
1503 1034 1699 1085 Macedoniam
1721 1048 1738 1083 a
1750 1033 1886 1085 Geraesto
1898 1033 2017 1114 petenti-

1212 1103 1272 1167 bus,
1293 1103 1366 1154 haud
1381 1102 1476 1169 procul
1492 1103 1624 1155 Euboeae
1641 1104 1771 1170 Carysto.
1795 1102 1912 1153 iionram
1923 1103 2017 1156 omnia

1212 1170 1281 1224 haec
1298 1170 1387 1223 marla
1403 1169 1511 1223 duobus
1526 1172 1683 1224 nominibus
1705 1169 1861 1239 appellanti
1881 1169 2014 1223 Macedo·

1210 1240 1313 1303 uicum,
1329 1255 1490 1308 quaerunque
1501 1240 1693 1293 Macedoniam
1710 1247 1759 1293 aut
1770 1238 1919 1291 'i'hraciam
1931 1242 2017 1292 attiu-

1211 1310 1264 1380 git:
1286 1311 1464 1372 Graeciense,
1482 1325 1537 1379 qua
1547 1310 1692 1363 Graeciam
1714 1308 1804 1361 alluit.
1833 1310 1903 1362 Nam
1915 1308 2017 1362 Graeci

1211 1388 1240 1432 et
1251 1380 1359 1431 ionium
1371 1379 1497 1431 dividunt
1507 1380 1535 1429 in
1547 1379 1678 1442 Siculum,
1693 1392 1725 1430 ac
1736 1380 1885 1443 Creticum,
1895 1379 1930 1431 ab
1940 1378 2016 1433 insu·

1211 1449 1255 1500 iis.
1275 1452 1344 1500 item
1354 1449 1481 1511 icarium,
1502 1449 1575 1516 quod
1592 1456 1635 1502 est
1651 1447 1857 1509 interSamum,
1878 1455 1907 1501 et
1918 1449 2016 1516 Myro·

1210 1532 1286 1568 nuris.
1305 1518 1405 1570 Cetera
1415 1519 1527 1569 noniina
1537 1516 1613 1570 sirius
1625 1517 1736 1581 dedere,
1750 1531 1818 1583 quos
1829 1518 1958 1569 diximus.
1979 1517 2017 1570 Et

1210 1589 1301 1638 maria
1312 1586 1422 1654 quidem
1431 1594 1584 1655 gentesque
1602 1588 1632 1640 ln
1649 1587 1735 1641 tertio
1750 1586 1881 1657 Europae
1901 1588 1964 1639 sinu
1979 1586 2016 1642 ad

1211 1657 1285 1709 hunc
1297 1656 1407 1707 niodum
1419 1656 1573 1708 schabest.

1245 1724 1319 1778 xix.
1340 1725 1451 1777 insulae
1468 1733 1561 1778 autem
1583 1741 1617 1779 ex
1638 1725 1754 1779 adverso
1772 1724 1978 1793 Thesprotiae:
1998 1734 2017 1777 a

1211 1792 1352 1849 Buthroto
1364 1795 1510 1848 duodecim
1523 1795 1613 1848 miliia
1624 1810 1768 1865 passuum,
1781 1795 1876 1848 eadem
1887 1795 1921 1847 ab
1933 1794 2016 1846 Acro·

1212 1864 1350 1916 cerauniis
1366 1865 1565 1932 quinquaginta
1581 1866 1648 1918 miii.
1665 1881 1727 1916 cunr
1743 1866 1812 1917 urbe
1831 1865 1953 1916 eiusdem
1967 1878 2018 1913 no·

1211 1936 1305 1996 urinis,
1322 1935 1456 2001 Corcyra,
1480 1935 1586 1988 liberae
1597 1935 1731 1998 civitatis,
1752 1943 1780 1987 et
1794 1933 1895 2002 oppido
1908 1930 2017 1985 Cassio·

1212 2019 1255 2070 pe,
1277 2003 1435 2070 temploque
1456 2003 1544 2055 Cassii
1565 2005 1648 2068 iovis,
1668 2019 1797 2073 passuum
1814 2004 1966 2069 nonaginta
1976 2016 2019 2054 se·

1212 2083 1287 2141 ptem
1304 2074 1373 2124 mili.
1393 2074 1422 2123 in
1443 2072 1649 2141 longitudinem
1666 2080 1780 2142 patens:
1799 2074 1925 2125 Boniero
1942 2070 2020 2123 dicta

1212 2140 1327 2194 Scheria
1338 2149 1367 2194 et
1375 2139 1519 2204 Phaeacia,
1527 2142 1698 2196 Callimacho
1710 2142 1795 2195 etiam
1803 2142 1941 2209 Drepane.
1961 2139 2019 2192 Cir·

1213 2226 1247 2263 ca
1257 2227 1317 2263 eam
1326 2211 1441 2279 aliquot,
1453 2210 1502 2264 sed
1514 2210 1549 2262 ad
1560 2212 1671 2265 italiam
1681 2226 1797 2281 vergens
1806 2211 1969 2263 Thoronos:
1981 2206 2018 2261 ad

1212 2280 1382 2333 Leucadiam
1394 2280 1489 2333 Paxoe
1500 2281 1581 2343 duae,
1592 2284 1712 2350 quinque
1723 2282 1761 2333 Μ.
1774 2280 1915 2333 discretae
1926 2295 1943 2331 a
1953 2278 2019 2331 Cor·

1213 2364 1289 2417 cyra.
1309 2349 1367 2401 Nec
1377 2352 1475 2417 procul
1487 2351 1522 2401 ab
1534 2352 1569 2402 iis
1580 2359 1645 2404 ante
1655 2354 1806 2419 Corcyram
1817 2351 1943 2413 Ericusa,
1953 2349 2016 2400 Ma·

1213 2418 1303 2482 rathe,
1314 2418 1467 2486 Elaphusa,
1478 2419 1629 2484 Malthace,
1639 2420 1769 2484 Trachia,
1780 2419 1940 2490 Pythionia,
1950 2418 2018 2486 Pty-

1212 2487 1284 2550 chia,
1292 2487 1440 2541 'Tarachie
1457 2490 1494 2541 Et
1505 2487 1812 2559 aPhaiacroCoreyrae
1821 2489 2017 2558 promontorio

1213 2557 1365 2624 scopulus,
1387 2557 1415 2607 in
1432 2572 1512 2625 quem
1525 2568 1659 2611 mutatam
1676 2561 1783 2629 Ulyssis
1795 2574 1891 2612 narem
1903 2552 2017 2610 asinriil

1213 2631 1306 2695 specte
1323 2627 1418 2678 sabula
1436 2631 1488 2679 est.
1509 2630 1578 2680 Ante
1594 2630 1784 2690 Leucimnam,
1795 2628 1911 2698 Sybota.
1939 2626 2017 2678 inter

1214 2697 1485 2750 iseucadianrautem
1494 2695 1657 2750 etAchaiam
1666 2699 1830 2766 permultae,
1843 2694 2017 2766 quamm'Pe·

1213 2765 1350 2829 leboides,
1360 2765 1670 2834 eaedemque'i'aphiae,
1683 2770 1717 2820 ab
1729 2768 1830 2819 incidis
1841 2766 2017 2818 amelmass-

1213 2836 1287 2886 diam
1301 2834 1485 2902 appellantur,
1495 2835 1627 2901 Taphias,
1640 2838 1736 2899 Ouiae,
1746 2837 1907 2888 Prinoessa:
1919 2838 2017 2887 etanta

1212 2904 1349 2955 Aetoliam
1372 2902 1541 2964 Echinades,
1563 2905 1700 2971 Aegialia,
1721 2906 1850 2963 Catonis,
1872 2904 1915 2955 'ih
1929 2901 2018 2963 elisa,

1215 2971 1346 3033 Geoaris,
1354 2968 1500 3035 Dionysia,
1511 2972 1629 3035 Cyrnus,
1642 2971 1762 3032 Chalcis,
1773 2971 1883 3032 Pinara,
1924 2978 2016 3037 ystus.

1246 3042 1316 3089 Ante
1332 3052 1380 3088 eas
1396 3036 1425 3085 ln
1442 3037 1500 3087 aito
1517 3036 1694 3102 Cephalania,
1711 3037 1879 3104 Zacynthus,
1898 3047 2019 3104 utraque

1211 3105 1311 3157 libera:
1332 3103 1433 3165 ithaca,
1455 3103 1625 3168 Dulichium,
1640 3102 1731 3167 Same,
1743 3105 1888 3171 Crocyiea.
1905 3106 1926 3155 A
1939 3102 2018 3156 Paxo

1212 3171 1382 3239 Cephalania
1401 3168 1538 3237 quondam
1549 3172 1676 3225 Melaena
1687 3174 1772 3235 dicta,
1793 3172 1920 3225 undecim
1933 3173 2019 3224 milii·

1212 3242 1264 3292 bus
1275 3255 1348 3306 pass.
1359 3240 1448 3302 abest,
1468 3241 1584 3293 circuitu
1605 3250 1683 3310 patet
1699 3241 1800 3296 XLIV.
1827 3241 1909 3295 Same
1922 3242 2018 3295 diruta

1211 3308 1383 3371 aiionmnis,
1404 3309 1494 3361 adhoc
1514 3317 1607 3363 tamen
1629 3313 1730 3378 oppida
1752 3312 1911 3364 triaiiabct.
1938 3304 2018 3364 inter

1212 3376 1283 3431 hane
1294 3387 1322 3432 et
1331 3378 1471 3441 Achaiam,
1481 3394 1542 3431 com
1555 3382 1656 3448 oppido
1669 3382 1816 3450 magnilica
1827 3390 1854 3434 ct
1866 3380 2015 3434 fertilitate

1212 3450 1371 3519 praecipua,
1393 3448 1560 3517 Zacynthus,
1582 3452 1729 3519 aliquando
1750 3452 1892 3519 appellata
1914 3450 2015 3516 llyrie,

1212 3518 1398 3585 Cephalcniae
1410 3518 1587 3571 anseridlana
1598 3530 1678 3586 purte
1689 3521 1769 3573 XXV
1780 3522 1817 3574 M.
1825 3522 1912 3573 abest.
1932 3519 2014 3571 Mons

1211 3589 1312 3639 Elatus
1324 3589 1362 3639 ibi
1374 3588 1483 3639 nobilis.
1513 3589 1577 3654 ipsa
1589 3591 1704 3642 circuitu
1724 3590 1832 3659 colligit
1845 3586 1962 3643 XXXVi
1975 3586 2014 3638 ht.

1211 3657 1294 3711 Abeo
1304 3656 1401 3707 ithaca
1411 3654 1463 3707 XV
1473 3657 1512 3708 M.
1522 3656 1617 3719 distat,
1630 3660 1655 3708 in
1668 3674 1721 3726 qua
1732 3660 1938 3712 nnonsh'eritus.
1956 3659 2015 3710 To-

1212 3734 1242 3778 ta
1253 3742 1320 3778 reru
1331 3726 1446 3776 circuitu
1468 3733 1546 3791 patet
1558 3727 1636 3781 XXV
1646 3728 1684 3778 Μ.
1716 3745 1769 3779 ass.
1798 3730 1838 3781 Ab
1851 3744 1884 3781 ea
1894 3730 2014 3780 Araxum

1212 3795 1394 3862 Peloponnesi
1426 3796 1683 3848 ronroutoriumiiii
1727 3794 2014 3864 .pass.Antehanein

1213 3866 1271 3917 aito
1283 3866 1397 3926 Asteris,
1407 3810 1504 3915 Prote:
1515 3873 1579 3917 ante
1591 3864 1765 3932 Zacynthum
1777 3866 1884 3919 XXXV
1895 3864 1932 3916 Μ.
1940 3878 2014 3931 pass.

1211 3934 1241 3985 in
1253 3934 1357 3985 Eurum
1378 3940 1488 3985 rentum
1501 3932 1673 4000 Strophades
1686 3935 1770 3998 duae,
1792 3936 1827 3987 ab
1840 3935 1903 3986 aliia
1916 3933 2015 3985 Plotae

1211 4000 1313 4055 dictae.
1341 4005 1412 4054 Ante
1424 4003 1620 4070 Cephalaniam
1632 4004 1743 4057 Letoia.
1762 4007 1833 4058 Ante
1845 4004 1944 4072 Pylum
1956 4011 2014 4055 tres

1211 4072 1362 4141 Sphagiae:
1383 4079 1412 4124 et
1423 4072 1541 4125 totidem
1554 4081 1618 4125 ante
1630 4074 1778 4127 Messenen
1790 4075 1940 4127 Oenussae.

1246 4143 1276 4193 in
1288 4143 1406 4194 Asinaeo
1417 4142 1477 4191 sinu
1491 4148 1547 4193 tres
1558 4142 1711 4211 Thyrides:
1730 4145 1761 4195 in
1772 4143 1911 4195 Laconico
1919 4144 2012 4208 'iega-

1212 4224 1289 4273 nusa,
1301 4210 1419 4271 Cothon,
1437 4210 1561 4279 Cythera
1573 4228 1633 4264 cunr
1651 4214 1764 4281 oppido,
1784 4220 1849 4265 ante
1859 4210 2013 4278 Porphyris

1211 4280 1362 4348 appellata.
1382 4281 1460 4332 ilaec
1471 4282 1528 4332 sita
1539 4289 1581 4332 est
1592 4284 1727 4337 aMaieae
1738 4284 1929 4350 promontorio
1939 4278 1961 4329 V
1972 4278 2012 4329 M.

1231 4367 1284 4401 ass.
1300 4350 1413 4415 ancipiti
1426 4359 1540 4417 propter
1555 4356 1696 4418 angustias
1714 4354 1754 4406 ibi
1770 4354 1883 4404 narium
1897 4349 2011 4401 amiiiiu.

1210 4366 1241 4470 fn
1253 4420 1393 4488 Argolico,
1408 4418 1532 4487 Pityusa,
1545 4421 1625 4483 irinc,
1636 4420 1761 4490 Ephyre:
1772 4430 1870 4472 ciuntra
1881 4419 2011 4470 iiermio·

1211 4488 1287 4540 nium
1299 4504 1394 4558 agrum
1408 4490 1571 4557 'i'iparenus,
1583 4492 1730 4558 Aperopia,
1743 4492 1864 4551 Colonia,
1875 4488 2011 4540 Aristera:

1211 4566 1309 4611 contra
1320 4560 1505 4610 'i'roczeoiom
1525 4561 1663 4621 Calamis,
1681 4560 1846 4626 quingentos
1861 4569 1959 4621 passus
1971 4554 2013 4604 di·

1209 4634 1301 4678 stans:
1322 4627 1436 4688 Plateis,
1456 4627 1581 4687 Belbina,
1602 4627 1697 4687 lasia,
1719 4623 1878 4676 Baucidias.
1909 4624 2013 4675 Contra

1209 4696 1378 4761 Epidaurum
1388 4693 1582 4761 Cecryphaios,
1593 4693 1758 4761 Pityonesos
1768 4691 1806 4742 Vi
1818 4691 1938 4743 millibus
1951 4707 2012 4758 pas·

1209 4780 1287 4813 smnn
1302 4764 1495 4814 accintinente.
1514 4763 1554 4812 Ab
1566 4762 1733 4830 haeAegina
1753 4761 1856 4814 liberae
1872 4760 2010 4812 conditio·

1211 4833 1253 4881 :nis
1266 4829 1340 4882 xvii
1353 4829 1422 4879 oriil.
1439 4844 1510 4896 pass.
1530 4832 1606 4882 cuius
1620 4830 1672 4883 XX
1683 4832 1720 4882 Μ.
1737 4846 1809 4899 pass.
1821 4831 2011 4897 praeternavi-

1210 4903 1286 4966 gatio
1299 4908 1351 4949 est.
1368 4898 1469 4949 iisdem
1482 4898 1719 4951 autemaPiraeeo
1728 4898 1935 4951 Atheniensium
1949 4911 2012 4965 por·

1210 4980 1239 5018 tu
1252 4966 1304 5018 XX
1316 4968 1354 5018 M.
1364 4983 1437 5033 pass.
1448 4967 1536 5029 abest,
1548 4971 1731 5021 aoteOcoone
1744 4971 1872 5022 incitata.
1893 4966 2010 5035 Spiraion

1210 5036 1402 5107 promontorio
1424 5035 1551 5089 obiacent
1573 5038 1689 5100 Eleusa,
1710 5038 1852 5100 Dendros,
1872 5036 2010 5104 Craugiae

1210 5108 1296 5169 duae,
1316 5105 1432 5158 Caeciae
1453 5105 1536 5167 duae,
1556 5104 1719 5169 Seiachusa,
1739 5106 1900 5169 Cerrcirreis,
1920 5106 2008 5173 Aspis.

1210 5174 1280 5229 Sunt
1290 5182 1317 5227 et
1329 5177 1356 5225 in
1370 5175 1511 5241 Megarico
1521 5175 1581 5226 sinu
1595 5175 1769 5226 Methurides
1782 5184 1910 5243 quatuor.
1929 5177 2007 5243 Aegi·

359 5232 539 5297 Panhormus,
554 5244 582 5291 et
592 5252 676 5304 supra
687 5237 762 5289 dieta
772 5236 882 5290 Cardia.
901 5240 1016 5292 Tertius
1028 5242 1158 5310 Europae
1210 5246 1238 5297 ia
1248 5252 1338 5296 autem
1350 5240 1401 5295 XV
1414 5245 1451 5294 Μ.
1463 5259 1535 5310 pass.
1549 5260 1565 5295 a
1576 5243 1705 5311 Cythera,
1717 5245 1867 5317 canicieque
1879 5262 1896 5299 a
1908 5246 2009 5297 Cretae

357 5305 435 5357 sinus
447 5302 565 5359 adhunc
577 5306 685 5358 modom
698 5306 844 5359 clauditur.
864 5304 975 5360 Montes
987 5318 1066 5362 extra
1077 5324 1156 5380 prae·
1210 5312 1382 5366 Phalasarna
1395 5312 1496 5379 oppido
1507 5310 1583 5366 XXV
1594 5313 1661 5364 nriii.
1674 5329 1811 5381 passuum.

358 5372 449 5427 dictos
460 5373 598 5427 Thraciae
614 5374 735 5437 Edonus,
757 5376 933 5445 Gigemoros,
954 5377 1081 5441 Meritus,
1100 5380 1158 5433 Me·
1244 5382 1306 5435 XX.
1327 5381 1575 5448 ipsaCretaaltero
1587 5382 1674 5434 latere
1687 5382 1720 5435 ad
1732 5380 2007 5449 austrum,aiteromi

358 5442 537 5514 iaaipbyiios.
565 5442 694 5495 Flunrina
710 5446 737 5496 in
748 5444 872 5498 liehrum
885 5444 1021 5509 cadentia,
1040 5448 1158 5519 Bargus,
1212 5456 1439 5520 septemtrionem
1463 5451 1635 5514 sommiator
1650 5460 1740 5505 ortum
1752 5468 1934 5521 occasumque
1946 5464 2010 5518 por·

359 5508 486 5567 Sueraus.
513 5512 704 5577 Macedoniae,
717 5510 864 5578 thraciae,
879 5513 1055 5582 iieliesponti
1068 5518 1156 5569 lunei—
1209 5522 1320 5590 rigitur,
1332 5528 1442 5573 centum
1454 5518 1561 5571 urbium
1572 5520 1649 5573 clara
1661 5520 1744 5575 laona.
1773 5523 2010 5577 Dosiadeseama

358 5580 430 5636 mun
438 5588 482 5636 est
495 5583 673 5651 supradicta.
690 5582 809 5647 uuluam
819 5584 1059 5653 septingentorum
1070 5588 1157 5657 :igun-
1210 5592 1291 5644 Creta
1303 5588 1437 5657 nympha:
1457 5588 1620 5657 Hesperidis
1632 5591 1698 5657 illia,
1707 5591 1927 5646 Anaximander:
1939 5602 1957 5641 a
1968 5602 2010 5641 re·
