4374 6014
357 304 420 366 een
462 301 495 362 c.
517 282 671 360 aurun
699 292 905 357 saeuum
932 293 1100 357 aaron.
1129 292 1319 378 nistros.
1353 291 1442 357 ure.
1465 294 1643 358 xxxiv.
1671 296 1769 361 cur.
1788 303 1911 365 sr-se.

359 453 459 524 pessit,
479 451 678 517 hulcernmquo
698 446 847 514 serpentia.
883 447 921 500 Et
942 447 1021 514 genis
1041 446 1165 516 prodest,

359 525 469 578 farinae
481 520 564 572 modo
573 518 708 585 adspersa
719 518 869 635 paulisper.
905 515 1063 585 Praecipua
1073 525 1164 569 tamen

362 591 567 646 commendatio
590 590 649 638 eius
671 589 698 637 in
736 587 946 653 ygremplastro
967 589 1002 639 ad
1020 587 1165 655 purganda

339 694 343 702 ·
360 664 477 715 vulnera
487 658 660 724 fistulasque,
671 664 699 708 et
710 672 820 708 earnem
833 657 935 708 callum
947 650 1128 719 erodendum,
1137 664 1165 709 et

361 734 434 786 rasis
454 730 563 782 ossibus
583 740 680 778 carnes
699 725 874 778 recreandas.
913 728 1094 794 componitur
1112 725 1164 777 hoc

361 802 459 855 moder
479 797 547 866 picis
569 796 646 847 oboli
667 810 727 857 sex,
747 797 882 848 Cimoliae
901 803 995 849 cretae
1014 796 1164 849 drachmae

361 886 426 925 sex:
446 866 594 921 aeris‘tusi
616 864 764 918 drachmae
786 866 872 919 duae:
894 881 1026 933 squamae
1046 866 1164 928 ferreae,

360 938 489 993 totidem:
511 951 600 999 cerae,
623 950 688 987 serr
710 936 926 989 oleisextarius.
957 938 1011 988 llis
1022 934 1164 999 adiicitur,

361 1026 422 1062 cum
434 1013 497 1060 sunt
508 1004 684 1073 repurganda
694 1005 809 1059 vulnera
820 1013 870 1057 aut
880 1006 1023 1074 replenda,
1031 1013 1162 1057 ceratum.

395 1076 511 1132 xuvu.
530 1076 665 1143 Sequitur
680 1082 779 1127 natura
796 1076 912 1142 plumbi.
950 1078 1037 1128 Ceius
1049 1075 1105 1128 duo
1116 1091 1163 1143 ge·

359 1164 436 1212 nera,
448 1147 566 1215 aig-rum,
579 1151 662 1210 atque
674 1144 831 1197 candidam.
851 1144 1164 1198 Pretiosissimunrcan·

360 1217 465 1279 ditium,
475 1215 615 1267 ailraecis
626 1214 797 1281 appellatum
805 1214 972 1278 cassiteras,
980 1215 1162 1282 fabuloseque

359 1293 503 1339 narratum
514 1285 542 1335 in
553 1284 800 1336 insulasrttlantioi
811 1288 896 1340 araris
907 1288 973 1353 peti,
984 1286 1161 1352 vitilibusque

359 1356 478 1424 rmrigiis
489 1355 663 1406 circumsutis
676 1354 754 1406 corio
767 1354 875 1409 advehi.
901 1356 982 1406 Nune
991 1361 1096 1408 certum
1110 1362 1161 1417 est,

360 1429 390 1479 in
408 1424 555 1478 Lusitania
568 1423 655 1491 gigni,
675 1431 703 1475 et
720 1425 748 1475 in
760 1424 916 1480 Gallaecia:
937 1440 1045 1477 summu
1057 1426 1160 1478 tellure

360 1511 488 1557 arenosa,
509 1502 538 1548 et
546 1494 648 1546 coloris
659 1494 744 1562 nigri:
766 1496 888 1562 pendere
900 1500 1006 1547 tantum
1018 1511 1051 1548 ea
1062 1497 1159 1561 depre-

361 1565 503 1619 henditur.
539 1564 731 1616 interveniunt
751 1571 780 1615 et
800 1565 900 1617 minuti
912 1565 1021 1627 calculi,
1041 1565 1160 1617 niaxime

362 1635 533 1688 torrentibus
543 1633 665 1686 siccatis.
688 1634 797 1686 Larant
806 1650 856 1688 eas
867 1650 966 1688 arenas
977 1635 1119 1697 metallici,
1131 1641 1160 1686 et

362 1705 436 1774 quod
447 1703 581 1766 subsidit,
603 1711 725 1771 coquunt
735 1704 763 1755 in
773 1702 944 1757 fornacibus.
980 1706 1121 1759 invenitur
1132 1711 1160 1755 et

360 1779 392 1828 in
402 1775 521 1827 aurariis
532 1768 663 1839 metallis,
675 1789 744 1842 quae
755 1775 834 1827 aluta
844 1782 958 1829 vocante
975 1790 1047 1845 aqua
1057 1774 1160 1826 immis-

361 1862 394 1899 sa
404 1845 515 1899 eluente.
528 1843 653 1897 calculos
665 1845 759 1913 nigros
770 1845 883 1912 paulum
895 1844 1016 1897 candore
1028 1846 1161 1906 variatos,

360 1917 460 1985 quibus
471 1915 569 1968 eadem
580 1916 703 1983 gravitas
714 1931 784 1983 quoe
794 1931 876 1967 auro:
888 1921 916 1967 ot
926 1915 990 1967 ideo
999 1915 1026 1965 lo
1034 1913 1161 1975 calathis,

360 1988 389 2038 in
401 1985 502 2054 quihus
512 2000 610 2037 aurum
619 1985 992 2058 cqlligitur,remanentcom
1002 2000 1047 2036 eo:
1062 1989 1162 2051 postea

361 2057 475 2110 caminis
486 2063 667 2122 separantur,
689 2054 859 2122 conflatique
870 2055 898 2105 in
914 2053 1006 2105 album
1019 2054 1161 2120 plumbum

359 2126 547 2180 resolvuntur.
584 2125 647 2177 Non
657 2127 689 2175 tit
699 2124 729 2174 in
739 2122 885 2176 Gallaecia
894 2124 1013 2193 nigrum,
1025 2139 1085 2174 cum
1097 2122 1163 2174 rici·

359 2212 397 2250 na
407 2194 558 2249 Cantabria
568 2193 649 2262 nigro
662 2200 768 2245 tantum
780 2192 918 2246 abundet:
936 2209 986 2245 nec
997 2208 1032 2246 ex
1044 2194 1109 2245 albu
1121 2207 1163 2245 ar·

360 2274 485 2336 gentum,
497 2279 559 2317 cum
572 2264 620 2315 liat
631 2278 665 2316 ox
675 2262 766 2331 nigro.
803 2261 883 2331 iungi
895 2264 969 2315 inter
979 2279 1009 2316 se
1020 2264 1162 2331 plumbum

359 2338 470 2406 nigrum
490 2336 551 2387 sine
574 2334 639 2387 alho
660 2349 713 2384 non
726 2338 830 2399 potest,
852 2348 902 2385 nec
914 2332 968 2384 hoc
979 2333 1005 2385 ei
1018 2334 1077 2386 sine
1089 2334 1162 2385 olco.

357 2408 400 2469 lte
411 2422 445 2458 ne
456 2405 548 2458 album
559 2404 671 2473 quidem
684 2418 778 2456 secum
789 2404 849 2455 sine
861 2403 951 2470 nigro.
962 2403 1058 2456 tilbum
1066 2401 1164 2456 habuit

360 2477 559 2528 auctoritatem
581 2482 611 2527 et
631 2473 725 2526 iliacis
743 2472 926 2541 temporibus,
946 2478 1020 2528 teste
1029 2474 1164 2537 Homero,

361 2546 516 2598 nassiterna
527 2545 562 2596 ab
572 2545 623 2596 ille
635 2543 749 2596 dictum.

396 2616 507 2667 Plumbi
520 2615 591 2683 nigri
604 2616 685 2682 origo
703 2613 807 2681 duplex
818 2620 874 2667 est:
896 2619 945 2667 aut
956 2614 1028 2667 enim
1039 2628 1163 2682 suapro·

360 2685 440 2738 venit
452 2699 591 2748 renu,nec
602 2683 753 2752 quidquam
766 2683 889 2738 ulindex
900 2685 1028 2805 separii:
1041 2691 1089 2735 aut
1102 2700 1162 2737 cum

361 2761 479 2822 argento
491 2755 624 2816 nascitur,
635 2754 786 2821 aristisque
796 2755 873 2806 renis
884 2766 934 2808 con
957 2760 1028 2808 atur.
1042 2755 1108 2807 Eius
1116 2756 1162 2821 qui

359 2826 468 2889 primus
479 2824 541 2876 fluit
549 2824 578 2874 in
589 2823 751 2875 fornacibus
768 2823 878 2891 liquor,
900 2831 1029 2883 stannum
1041 2824 1163 2891 appella·

360 2900 418 2944 tur:
440 2895 487 2960 qui
499 2892 647 2954 secundus,
658 2903 816 2960 argentum:
839 2893 914 2960 quod
927 2897 1060 2946 remansit
1070 2896 1098 2944 in
1108 2893 1163 2944 ier·

358 2963 482 3023 necibus,
489 2962 677 3029 galena,qnae
689 2968 732 3013 est
743 2964 829 3015 tertia
838 2963 931 3028 portio
945 2963 1162 3015 additaevenae.

358 3030 439 3079 ilaec
448 3045 546 3081 rursus
554 3030 687 3094 conllata,
695 3030 743 3083 dat
754 3031 866 3097 nigrum
878 3032 1023 3098 plumbum
1035 3030 1163 3084 deductis

357 3096 486 3161 partibus
497 3094 613 3150 duabus.

393 3162 517 3215 XLVlll.
537 3163 677 3214 &annum
696 3167 801 3219 illitum
819 3173 913 3223 aeneis
927 3170 1012 3232 rasis,
1031 3182 1161 3237 saporem

357 3232 511 3303 gratiorem
531 3230 616 3294 facit,
637 3238 667 3283 et
684 3239 834 3299 compescit
850 3238 992 3306 aeruginis
1005 3240 1091 3292 rinus:
1115 3243 1163 3292 nri·

358 3319 485 3371 rumque,
507 3301 614 3371 pondus
635 3317 689 3353 non
700 3309 794 3370 auget.
831 3308 952 3372 Speculo
963 3325 1072 3381 qnoque
1084 3326 1118 3363 ex
1128 3326 1162 3364 eo

359 3373 568 3439 laudatissima,
579 3379 612 3425 ut
622 3372 750 3438 diximus,
770 3373 913 3427 Brundisii
925 3381 1162 3446 temperabantur,

358 3445 448 3497 driaco
460 3445 600 3513 argenteis
611 3444 653 3495 uti
664 3458 781 3510 coepere
793 3451 822 3496 et
832 3445 958 3499 ancillae.
992 3450 1072 3503 Nunc
1084 3451 1161 3503 adul·

358 3523 466 3565 teratur
476 3522 607 3566 stannum
618 3511 715 3564 addita
725 3516 799 3565 aeris
809 3516 921 3568 candidi
936 3519 1021 3569 tertia
1032 3522 1161 3585 portione

357 3582 385 3632 in
408 3583 550 3648 plumbum
572 3584 676 3634 album.
712 3582 759 3634 Fit
771 3591 798 3636 et
810 3587 864 3637 alio
875 3586 974 3639 modo:
995 3588 1089 3640 aristis
1102 3588 1161 3640 albi

358 3650 465 3713 plumbi
476 3652 603 3716 nigrique
615 3652 702 3702 libris.
719 3652 782 3703 lion
793 3670 864 3707 nunc
875 3656 961 3722 aliqui
972 3658 1159 3724 argentarium

358 3717 512 3781 appellant.
548 3720 635 3770 lidem
648 3727 676 3771 et
688 3718 846 3773 tertiarium
859 3734 970 3786 vocant,
981 3727 1009 3776 in
1022 3742 1076 3793 quo
1088 3726 1160 3779 duae

357 3785 430 3851 nigri
442 3784 584 3851 portiones
596 3793 669 3845 sunt,
680 3795 708 3839 et
721 3791 807 3841 tertia
818 3792 885 3843 albi.
922 3793 1045 3846 Pretium
1057 3797 1118 3848 eins
1130 3797 1159 3847 in

356 3854 444 3906 libras
456 3853 490 3905 Χ.
503 3854 539 3906 X.
575 3855 638 3905 Hoc
653 3854 763 3907 listulas
770 3858 934 3912 solidantur.
970 3865 1159 3930 improbiores

356 3925 392 3978 ad
405 3923 563 3977 tertiarium
575 3923 677 3976 additis
687 3925 784 3992 aequis
796 3931 920 3991 prartibus
932 3931 1006 3995 albi,
1028 3943 1157 4002 argenta·

355 3999 428 4046 rium
448 4000 559 4057 recent,
581 4001 609 4046 et
629 4009 663 4047 eo
675 3995 1025 4067 quaeroiuntineoquunt.
1063 4005 1159 4057 Pretia

355 4064 438 4116 huius
450 4063 595 4117 facientia
608 4064 698 4130 pondo
710 4065 740 4127 C,
752 4063 850 4118 Lxx.
886 4068 957 4119 hibe
968 4084 1017 4135 per
1027 4088 1057 4126 se
1070 4076 1157 4128 since.

355 4152 388 4188 ro
399 4137 492 4202 pretia
503 4141 568 4187 sunt
580 4134 653 4195 X.X,
666 4137 745 4202 nigro
757 4144 873 4202 septem.
909 4137 972 4189 hlbi
985 4150 1084 4196 natura
1095 4145 1157 4211 plus

354 4206 427 4258 aridi
439 4205 541 4259 habet:
554 4211 705 4272 contraque
719 4206 791 4273 nigri
805 4212 866 4257 tota
877 4205 990 4260 humida
1002 4217 1054 4262 est.
1090 4214 1156 4268 ideo

353 4277 447 4328 albunr
460 4277 531 4328 nulli
543 4278 583 4327 rei
595 4277 655 4328 sine
668 4277 790 4327 nrirtura
800 4277 869 4329 utile
881 4287 932 4330 est.
954 4279 1050 4347 Neque
1061 4295 1158 4349 argen-

353 4352 413 4395 tum
436 4360 471 4397 ex
493 4362 526 4400 eo
545 4346 713 4413 plumbatur,
737 4347 866 4412 quoniam
879 4350 956 4415 prius
969 4348 1100 4416 liquescit
1111 4367 1155 4404 ar·

354 4420 477 4480 gentum.
490 4418 672 4480 Corrtirmant,
683 4417 757 4482 quod
769 4418 793 4468 si
806 4419 897 4469 minus
909 4418 973 4470 albo
985 4421 1156 4487 nigri,quam

353 4482 481 4543 satissit,
502 4485 659 4547 misceatur,
682 4485 760 4536 erodi
772 4487 806 4537 ab
819 4502 852 4539 ee
864 4495 1019 4555 argentum.
1056 4490 1155 4543 Album

353 4549 513 4614 incoquitur
524 4556 612 4606 aereis
624 4555 755 4622 operibus
767 4555 923 4608 Galliarum
935 4561 1057 4621 invento,
1072 4560 1113 4611 ita
1125 4567 1157 4615 ut

352 4619 400 4668 sir
412 4617 533 4671 discerni
543 4626 632 4689 possit
645 4626 680 4677 ab
691 4632 823 4693 argento,
844 4643 931 4694 eaque
949 4628 1095 4681 incoctilia
1106 4646 1153 4681 ro·

356 4694 429 4738 cant.
465 4687 575 4744 Deinde
597 4701 782 4762 etargentnm
805 4699 954 4764 incoquere
974 4700 1059 4751 simili
1070 4699 1153 4751 modo

352 4770 471 4822 coepere
485 4772 618 4824 equorum
637 4764 757 4817 niaxime
768 4768 938 4819 ornamentis
955 4768 1154 4821 iumentorum·

353 4838 405 4890 que
414 4825 495 4891 iugis,
506 4827 638 4884 inhietis
648 4835 764 4900 oppido:
775 4836 984 4905 reliquagimia
994 4839 1153 4907 Biturigum

350 4893 416 4946 tuit.
446 4896 569 4961 Coepere
580 4900 681 4954 deindo
691 4910 720 4955 et
730 4904 837 4967 esseda,
848 4913 877 4957 et
887 4905 1025 4970 vehicula,
1037 4914 1066 4961 et
1076 4916 1152 4975 peto-

349 4965 409 5016 rita
419 4978 569 5017 exnrnare:
581 4968 722 5037 similique
734 4974 861 5026 modoad
874 4990 959 5028 aurea
970 4992 1089 5045 quoque,
1097 4994 1152 5031 non

350 5035 436 5088 motio
457 5042 598 5101 argentea,
621 5040 752 5093 staticula
769 5044 859 5096 inanis
879 5046 991 5098 luxuria
1014 5049 1150 5115 pervenit:

352 5119 479 5173 quaeque
489 5104 519 5154 in
528 5103 644 5172 scyphis
655 5110 731 5160 cerui
743 5112 897 5183 prodigium
910 5123 980 5179 erat,
991 5115 1058 5170 haec
1068 5117 1097 5171 in
1107 5135 1151 5172 re·

350 5174 453 5228 hieulis
475 5175 569 5235 atteri,
589 5174 680 5226 cultus
696 5188 818 5233 vocatur.
853 5184 964 5239 Plumbi
976 5187 1150 5255 alhierperi·

350 5254 475 5298 mentum
488 5245 516 5296 ln
527 5241 626 5297 charta
636 5250 726 5307 estut
735 5248 918 5316 liquefactum
930 5257 1153 5323 pondereridea·

349 5322 466 5377 tannen
479 5313 582 5378 calore,
592 5314 709 5382 rupisse.
722 5318 802 5370 ludia
813 5336 902 5389 neque
913 5340 1003 5378 sesne
1024 5327 1152 5394 ueplum·

349 5384 414 5435 horn
425 5384 524 5449 habet,
543 5387 715 5455 gemmisque
726 5388 784 5438 suis
795 5343 1077 5461 acmsrgaritislraec
1089 5411 1150 5467 per·

348 5462 447 5505 nrutrrt.

384 5522 482 5574 xntx.
502 5523 592 5593 Nigro
603 5523 717 5592 plumbo
738 5526 773 5579 ad
791 5526 902 5580 fistulas
913 5528 1087 5600 laminasque
1097 5536 1150 5587 uti-

345 5601 425 5652 mar,
447 5591 618 5649 laboriosius
638 5596 668 5649 in
683 5596 824 5666 ilispuale
842 5603 934 5662 mlo,
953 5604 1082 5667 totasque
1100 5618 1150 5670 per

1218 448 1342 503 Galliasr
1364 449 1413 503 sed
1423 449 1452 502 in
1463 447 1612 503 Britannia
1628 467 1737 507 summo
1754 456 1852 507 terrae
1865 457 1942 510 corio
1954 458 2026 514 adso

1218 523 1304 589 large,
1325 526 1356 571 ut
1366 520 1413 571 lex
1424 519 1500 571 ultro
1512 519 1629 582 dicatur,
1650 539 1683 575 ne
1694 524 1760 590 plus
1772 531 1852 575 certo
1864 527 1948 579 niodo
1966 530 2024 582 ilat

1218 591 1299 657 Nigri
1319 591 1467 658 generibus
1486 588 1765 649 haecsuutnomin'a:
1787 594 1955 661 Oretanum,
1977 600 2025 651 Ca·

1217 661 1370 727 prariense,
1382 660 1569 711 Oleastrense.
1590 661 1649 713 Nec
1659 661 1822 714 differentia
1834 665 1894 717 ulla
1904 669 2024 734 scoriae,

1216 729 1300 781 mode
1311 731 1349 781 sit
1360 735 1477 782 excocta
1487 728 1646 796 diligenter.
1683 731 1841 801 Mirumque
1856 736 1883 786 io
1896 734 1939 789 his
1953 738 2025 791 solis

1217 800 1353 863 metallis,
1371 799 1447 866 qued
1459 799 1595 853 derelicta
1606 800 1727 853 fertilius
1737 802 1921 857 renitescunt.
1960 810 2026 861 Boc

1216 869 1328 922 ridetur
1345 868 1438 922 lacere
1450 870 1555 922 laxatis
1566 873 1746 938 spiramentis
1764 872 1798 923 ad
1811 875 1971 929 satietatem
1983 879 2027 931 in·

1215 937 1296 990 fusus
1318 953 1376 1002 aer,
1396 946 1527 1007 aequent
1545 940 1667 993 leoninas
1677 939 1813 1012 quasdam
1828 942 2026 1001 foecundiores

1215 1007 1310 1061 facere
1321 1011 1447 1078 phortus.
1458 1008 1553 1077 Nuper
1563 1010 1593 1062 id
1606 1021 1778 1079 conspertum
1793 1011 1820 1061 ln
1834 1013 2025 1070 BaeticaSun·

1215 1079 1320 1130 torensi
1332 1079 1458 1142 metallo,
1466 1080 1539 1146 quod
1552 1080 1640 1133 locari
1650 1083 1764 1133 solitum
1777 1081 1805 1133 X
1817 1082 1861 1134 CC
1872 1084 1903 1136 Μ
1914 1087 2024 1151 annuis,

1215 1154 1362 1216 postquam
1376 1148 1556 1201 obliteratum
1568 1159 1639 1214 erat,
1651 1151 1747 1204 CCLV
1757 1152 1884 1206 locatum
1895 1162 1947 1208 est.
1977 1155 2022 1209 Si·

1214 1218 1277 1269 mili
1297 1218 1380 1270 niodo
1392 1220 1577 1271 Antonianum
1600 1220 1627 1271 in
1640 1221 1738 1274 eadem
1751 1223 1898 1289 provincia
1908 1227 1969 1292 pari
1978 1225 2021 1279 lo·

1215 1287 1326 1340 catione
1337 1289 1464 1357 pervenit
1475 1289 1509 1340 ad
1522 1289 1616 1357 pondo
1628 1292 1716 1344 CCCC
1726 1293 1886 1361 rectigalie.
1925 1294 1960 1346 Bt
1970 1296 2021 1348 mi·

1214 1372 1286 1422 rum,
1297 1373 1368 1425 aqua
1379 1357 1475 1411 addita
1483 1374 1540 1410 nnn
1556 1360 1711 1426 liquescere
1722 1377 1789 1415 rasa
1800 1380 1816 1417 e
1830 1363 1944 1428 plumbo
1955 1381 2020 1418 con·

1214 1433 1285 1480 stat:
1305 1428 1404 1482 eadem
1423 1428 1452 1480 in
1473 1444 1546 1497 aqna
1563 1429 1690 1484 calculus
1702 1447 1838 1488 serenare
1849 1433 2021 1503 quadranssi

1213 1497 1343 1564 addatur,
1354 1513 1402 1551 ras
1413 1501 1518 1567 peruri.

1248 1601 1281 1653 1..
1300 1600 1330 1652 ln
1352 1600 1488 1655 medicina
1508 1617 1558 1669 per
1576 1619 1607 1657 se
1619 1603 1727 1672 plumbi
1742 1620 1809 1659 usus
1820 1612 1866 1661 est
1877 1608 2019 1661 cicatrices

1212 1671 1378 1738 reprimere:
1396 1671 1615 1740 adalligatisque
1625 1674 1784 1728 lumborum
1795 1685 1825 1730 et
1835 1692 1931 1731 renum
1946 1683 2019 1745 parti

1213 1740 1326 1793 laminis
1337 1739 1487 1808 frigidiore
1497 1751 1597 1795 natura
1617 1743 1745 1799 inhibere
1759 1750 1882 1817 impetus
1897 1746 2019 1801 Veneris.

1214 1812 1337 1877 Visaque
1348 1812 1376 1862 in
1388 1812 1481 1878 quiete
1494 1812 1620 1866 Veneres
1634 1825 1735 1883 sponte
1746 1826 1864 1870 naturae
1875 1832 2019 1885 erumpen-

1213 1883 1256 1931 tia
1265 1883 1391 1948 usquein
1403 1882 1492 1934 morbi
1503 1898 1606 1951 genus,
1626 1883 1670 1937 his
1681 1886 1792 1939 laminis
1804 1888 1905 1941 Calvus
1922 1896 2019 1940 errator

1216 1948 1373 2002 cohibuisse
1394 1951 1538 2016 traditur,
1566 1954 1695 2023 viresque
1716 1960 1840 2027 corporis
1859 1957 2019 2009 studiorum

1215 2019 1305 2072 labori
1326 2019 1492 2074 custodisse.
1527 2022 1604 2076 Nero
1624 2027 1765 2092 (quoniam
1778 2029 1820 2079 ita
1835 2026 1889 2078 diis
1900 2024 2019 2094 placuit)

1215 2090 1353 2157 princeps,
1369 2090 1474 2143 lantino
1483 2096 1592 2157 pectori
1602 2094 1733 2162 imposita
1745 2100 1796 2150 sub
1807 2112 1840 2150 ea
1851 2097 1961 2149 cantica
1971 2111 2018 2150 ex·

1215 2161 1345 2222 cinarans,
1351 2159 1461 2212 alendis
1471 2163 1586 2215 vocibus
1594 2164 1796 2220 demonstrarit
1806 2168 1955 2220 rationem.
1966 2168 2018 2218 Cn·

1216 2230 1310 2298 quitur
1318 2230 1354 2281 ad
1365 2231 1599 2298 medicinaeusns,
1608 2236 1712 2301 patinis
1724 2237 2016 2300 lictilibus,substrato

1216 2299 1355 2367 sulphuris
1368 2301 1484 2364 minuto,
1505 2303 1615 2355 laminis
1626 2306 1764 2373 impositis
1775 2308 1915 2369 tenuibus,
1938 2320 2018 2374 oper·

1217 2371 1310 2438 iisque
1318 2370 1450 2437 sulphure
1462 2379 1491 2423 et
1501 2372 1576 2424 lerro
1589 2375 1687 2426 nrirtis.
1724 2376 1790 2425 Cum
1804 2375 1945 2442 coquitur,
1958 2390 2018 2429 mu·

1217 2441 1318 2492 nienda
1330 2441 1357 2491 in
1366 2456 1404 2493 eo
1416 2457 1500 2509 opere
1510 2442 1649 2496 foramina
1659 2444 1771 2511 spiritus
1781 2444 1922 2496 convenit:
1943 2443 2018 2499 alio·

1214 2512 1262 2578 qui
1274 2509 1379 2577 plumbi
1392 2510 1547 2564 fornacium
1560 2511 1662 2566 halitus
1672 2514 1771 2565 noxius
1782 2517 1914 2578 sentitur,
1930 2522 1959 2567 et
1971 2530 2017 2583 pe·

1216 2581 1324 2642 stilens,
1346 2588 1375 2633 et
1386 2582 1501 2633 canibus
1513 2583 1655 2638 ocissime:
1677 2586 1796 2635 omnium
1808 2600 1875 2636 rere
1885 2585 2017 2637 metallo·

1214 2665 1286 2712 rum,
1306 2650 1409 2702 muscis
1430 2657 1459 2703 et
1482 2652 1630 2705 culicibus:
1652 2655 1830 2722 quamobrem
1843 2669 1898 2705 nnn
1909 2661 1974 2706 sunt
1984 2668 2017 2707 ea

1218 2719 1311 2772 taedia
1328 2721 1360 2771 in
1382 2720 1512 2773 metallis.
1550 2723 1668 2786 Quidam
1689 2724 1720 2774 in
1743 2723 1887 2794 coquendo
1903 2726 2016 2776 scobem

1217 2789 1320 2859 plumbi
1333 2789 1400 2841 lima
1412 2793 1564 2859 quaesitam
1575 2792 1701 2860 sulphuri
1713 2794 1844 2845 miscent:
1863 2793 1915 2845 alii
1927 2808 2016 2846 cerus·

1217 2874 1276 2911 sam
1287 2861 1479 2929 potiusquam
1490 2859 1616 2928 sulphur.
1627 2863 1676 2914 Fit
1687 2871 1715 2915 et
1726 2865 1819 2931 lotura
1827 2863 1941 2931 plurimi
1952 2878 2014 2914 usus

1215 2928 1243 2980 in
1256 2929 1402 2993 medicina,
1425 2946 1485 2982 cum
1496 2946 1527 2981 sc
1544 2933 1606 2998 ipso
1623 2934 1724 2985 teritur
1734 2936 1763 2986 in
1775 2933 1920 2985 arostariis
1930 2933 2015 3000 pluru-

1216 2998 1276 3051 beis
1287 2996 1385 3052 addita
1393 3015 1465 3067 aqua
1477 3001 1600 3065 caelesti,
1617 3001 1705 3055 donec
1715 3009 1877 3056 crassescat.
1913 3002 2015 3055 Postea

1215 3076 1398 3135 supernatans
1420 3085 1491 3136 aqua
1500 3070 1612 3122 tollitur
1626 3073 1767 3140 spongiis:
1790 3072 1864 3141 quod
1877 3072 2012 3125 crassissi-

1215 3152 1289 3190 munr
1302 3139 1364 3202 luit,
1384 3141 1517 3192 siccatum
1530 3140 1667 3193 dividitur
1679 3142 1707 3193 in
1720 3143 1860 3210 pastillos.
1896 3142 2015 3206 Quidam

1215 3206 1343 3261 limatum
1356 3209 1496 3276 plumbum
1516 3210 1557 3262 sic
1575 3217 1682 3263 terunt:
1704 3212 1816 3279 quidam
1828 3213 1911 3266 etiam
1924 3211 2015 3279 plum-

1215 3277 1343 3345 baginem
1366 3279 1533 3331 admiscent:
1556 3280 1603 3331 alii
1624 3295 1690 3332 rero
1708 3288 1829 3345 acetum,
1851 3283 2014 3344 aliirinum,

1215 3347 1265 3398 alii
1276 3347 1451 3414 adipenr,alii
1466 3364 1566 3401 rosam.
1576 3350 1697 3412 Quidam
1709 3353 1737 3404 in
1750 3354 1884 3405 mortario
1895 3350 2014 3418 lapideo,

1215 3424 1243 3469 et
1264 3420 1384 3470 marimo
1407 3419 1559 3481 Thebaico,
1578 3421 1706 3488 plumbeo
1729 3422 1836 3489 pistillo
1855 3429 1947 3474 terere
1959 3434 2014 3471 ma·

1213 3487 1289 3539 lunt:
1302 3488 1502 3557 carrdidiusquo
1514 3491 1545 3540 lit
1556 3491 1597 3541 ita
1607 3491 1850 3544 medicamentum.
1879 3491 1908 3542 ld
1920 3497 2014 3543 autem

1213 3556 1288 3625 qnod
1310 3565 1403 3610 ustum
1426 3567 1470 3611 est
1490 3559 1642 3627 plumbum,
1664 3561 1784 3624 iuratur,
1805 3568 1834 3613 et
1848 3563 1960 3622 teritur,
1980 3565 2015 3610 ut

1213 3627 1330 3679 cadmia.
1366 3627 1465 3680 Potest
1475 3629 1662 3698 adstringere,
1680 3634 1789 3694 sotere,
1801 3627 1965 3682 contrahere
1976 3630 2013 3681 ci·

1212 3697 1339 3748 catrices.
1376 3698 1449 3749 Usus
1460 3701 1532 3750 enim
1544 3701 1697 3763 estendam,
1716 3707 1744 3754 et
1756 3702 1783 3751 in
1797 3698 1942 3750 oculorum
1953 3713 2012 3751 me·

1212 3762 1390 3828 dicamentis,
1411 3776 1439 3819 et
1450 3770 1571 3822 orarime
1582 3777 1679 3821 contra
1691 3769 1889 3835 procidentiam
1902 3782 2014 3831 eorum,

1212 3839 1240 3884 et
1250 3835 1413 3886 inunitatem
1427 3836 1577 3900 hulcernm,
1586 3835 1959 3902 excrescentiave,rimasque
1971 3851 2015 3889 se·

1212 3901 1265 3965 dis,
1276 3912 1325 3954 aut
1336 3902 1575 3971 haemorrhoidas,
1586 3914 1634 3959 aut
1645 3906 1851 3974 condylomata.
1889 3904 2013 3959 adhaec

1211 3973 1332 4025 araxime
1342 3972 1437 4027 latura
1448 3976 1554 4043 plumbi
1565 3978 1646 4032 iacit:
1658 3978 1727 4030 cinis
1737 3984 1830 4029 autem
1842 3976 1899 4027 usti
1909 3976 2013 4028 adhul-

1207 4056 1277 4095 cera
1288 4044 1440 4112 serpentia,
1449 4053 1499 4098 aot
1509 4048 1635 4100 sordida:
1646 4047 1805 4115 eademque,
1815 4060 1887 4114 quae
1898 4045 2013 4105 chartis,

1210 4116 1283 4165 ratio
1295 4112 1446 4181 proiectus.
1472 4117 1566 4170 Uritur
1576 4118 1707 4172 autemin
1720 4118 1822 4186 patinis
1833 4131 1885 4184 per
1894 4115 2012 4167 laminas

1209 4183 1333 4235 nrinutas
1344 4201 1405 4236 cum
1416 4186 1558 4254 sulphure,
1574 4186 1713 4241 uersatum
1726 4187 1842 4240 rudibus
1855 4186 1953 4239 terrers
1963 4191 2012 4236 aut

1209 4251 1367 4317 ferulaceis,
1390 4255 1479 4309 donec
1491 4256 1583 4323 liquor
1594 4267 1718 4310 mutetur
1731 4260 1761 4310 in
1773 4258 1902 4309 cinerem.
1938 4255 2010 4306 Dein

1206 4322 1407 4390 refrigeratum
1419 4326 1561 4378 teritorio
1573 4327 1701 4381 farinam.
1737 4328 1792 4379 Alii
1812 4327 2008 4389 limatamuco·

1209 4387 1271 4440 bem
1281 4394 1309 4443 in
1320 4394 1399 4447 tiotili
1412 4397 1498 4449 crudo
1510 4407 1631 4463 coquunt
1642 4401 1671 4450 in
1683 4398 1808 4458 caminis,
1820 4398 1906 4448 donee
1917 4406 2010 4472 pereo·

1209 4466 1311 4525 quatur
1332 4464 1469 4531 tiglinum.
1516 4466 1610 4534 Aliqui
1639 4484 1779 4521 cerussam
1807 4466 1924 4518 miscent
1948 4477 2009 4529 pars

1209 4543 1352 4592 mensura,
1369 4540 1419 4582 aut
1434 4531 1583 4597 hordeum,
1601 4545 1767 4606 teruntque,
1788 4543 1819 4587 ut
1836 4538 1864 4585 in
1876 4532 1957 4586 crudo
1968 4530 2009 4581 di·

1208 4606 1281 4651 ctum
1292 4606 1355 4664 est,
1376 4606 1405 4653 et
1414 4602 1577 4670 praeierunt
1592 4606 1632 4658 sic
1642 4609 1740 4659 tritum
1756 4606 1900 4673 plumbum
1910 4600 2008 4670 spodio

1208 4669 1320 4736 Cyprio.

1242 4754 1288 4808 Ll.
1310 4755 1526 4827 Scoriaquoque
1541 4761 1647 4830 plumbi
1658 4761 1688 4811 in
1701 4763 1817 4819 nonest,
1836 4759 2008 4835 optimaque,

1207 4838 1278 4890 quae
1289 4827 1323 4877 nd
1335 4828 1439 4880 luteum
1454 4830 1574 4880 araxime
1586 4831 1707 4882 colorem
1719 4826 1838 4888 accedit,
1850 4829 1911 4880 sine
1922 4832 2008 4898 plum·

1205 4893 1235 4944 bi
1256 4893 1392 4962 reliquiis,
1404 4903 1454 4948 snt
1473 4895 1615 4964 sulphuris
1635 4897 1737 4963 specie,
1756 4904 1785 4948 et
1806 4900 1882 4949 terra
1903 4914 2008 4952 careus

1203 4963 1329 5016 Iteratur
1351 4961 1418 5016 haec
1440 4966 1467 5016 in
1489 4966 1631 5019 mortariis
1652 4964 1779 5017 minutim
1801 4963 1901 5029 fracta,
1922 4968 2011 5020 donec

1201 5049 1278 5103 aqua
1288 5033 1393 5085 luteum
1405 5033 1528 5087 colorem
1540 5034 1642 5098 trahat,
1665 5043 1693 5087 et
1704 5034 1910 5089 transfunditur
1920 5037 1948 5090 in
1962 5052 2010 5089 ras

1223 5118 1311 5162 urum,
1323 5101 1404 5171 idque
1414 5107 1534 5170 saepius,
1544 5121 1630 5173 usque
1641 5104 1705 5157 dum
1717 5103 1854 5170 subsidat,
1870 5107 1943 5173 quod
1955 5108 2010 5159 uti·

1204 5118 1340 5226 lissimum
1352 5178 1408 5224 est:
1429 5174 1596 5242 eosdemque
1608 5175 1725 5228 effectus
1735 5174 1829 5241 babet,
1841 5191 1911 5244 quos
1921 5177 2010 5243 plum·

1203 5243 1279 5308 bum,
1301 5243 1348 5296 sed
1365 5241 1497 5296 acriores.
1534 5244 1635 5297 Mirari
1651 5248 1788 5299 succurrit
1807 5246 2008 5311 experientiam

1202 5313 1286 5375 ritae,
1302 5329 1341 5365 ne
1361 5312 1437 5365 saeco
1459 5311 1568 5379 quidem
1589 5330 1693 5380 rerum,
1711 5321 2010 5384 excrementorumque

1200 5381 1654 5438 laeditateintentatatotmodis.

1236 5468 1297 5522 Lll.
1316 5468 1363 5522 Fit
1373 5476 1401 5521 et
1413 5469 1541 5535 spodium
1553 5487 1588 5525 ex
1598 5471 1712 5540 plunrbo
1723 5470 1821 5523 eodem
1834 5469 1932 5532 modo,
1951 5485 2007 5537 quo

1201 5552 1235 5590 er
1248 5540 1352 5606 Cyprio
1363 5554 1427 5591 aere
1437 5539 1567 5594 diximus.
1576 5540 1737 5595 Laratnrin
1749 5540 1844 5594 linteis
1854 5541 1924 5594 raris
1934 5553 2009 5607 aque

1202 5608 1328 5672 meteret,
1351 5616 1551 5680 separaturque
1571 5619 1712 5666 terrenum
1735 5610 1933 5676 mutatione,
1955 5611 2009 5662 cri·
