4340 6018
1611 2 1633 39 ‘x

345 312 407 374 aaa
490 308 524 370 c.
553 303 706 370 rainu
740 304 948 369 sacunur
980 300 1148 363 aaron.
1177 282 1367 362 aisron
1399 296 1490 361 nra.
1512 298 1566 361 xi
1611 299 1704 360 car.
1727 300 1847 362 ea-os.

345 461 391 516 tia
426 460 551 528 Aperta,
572 465 764 526 praeterquam
782 451 879 506 eodem
898 450 1142 516 diesulaoccisaa,

344 530 434 585 livida
444 544 478 582 ac
489 542 589 581 macra.
616 527 675 580 Nec
685 522 856 575 novellarum
866 536 955 585 suum,
965 529 1078 589 praeter
1107 523 1143 573 ri·

345 602 468 668 miparsa
478 599 624 666 probatur:
635 593 780 661 potiusque
791 597 927 654 ratarum,
936 590 1002 643 duna
1013 607 1074 645 nce
1096 605 1143 643 oe·

345 679 448 733 tarum,
459 684 511 720 nee
522 666 604 716 biduo
616 667 811 727 antepartum,
831 666 955 782 auisset
965 668 1083 728 parturn,
1093 664 1143 712 aut

346 754 401 808 quo
411 736 546 791 eiecerint
560 731 613 782 die.
650 730 781 782 morinis
797 731 879 784 eiecti
904 744 937 783 ae
956 739 1012 793 est,
1031 730 1142 784 occisae

345 824 400 861 unu
411 808 455 859 die
466 809 530 870 post
540 798 658 867 partum.
694 799 788 851 liuius
803 805 832 852 et
842 815 966 852 supteno
987 801 1096 862 timum,
1117 799 1144 851 si

343 876 427 930 modo
448 871 542 923 iaetus
562 882 617 919 non
632 866 773 923 hauserit:
795 869 936 922 alectitise
992 869 1143 922 terrimum.

343 941 456 1009 Antiqui
467 938 604 991 abdomen
615 940 765 993 vocabant:
785 939 948 1008 priusquam
957 939 1083 1001 ullast,
1100 940 1144 989 ia·

343 1014 445 1065 cientes
457 1006 586 1060 occidere
596 1022 652 1059 non
661 1010 778 1061 assueti.

338 1116 341 1123 ·
377 1075 517 1132 LXXXV.
535 1077 690 1146 Cornigera
698 1070 979 1146 unapartedentdta,
992 1075 1144 1145 etquaeia

341 1148 457 1218 pedibus
477 1145 551 1197 tulos
570 1144 689 1211 babent,
706 1163 772 1201 sevo
791 1148 984 1216 pinguescunt
1020 1145 1143 1209 Bisnica,

341 1217 471 1271 scissisve
482 1216 511 1266 in
522 1213 628 1284 digitos
637 1216 768 1285 pedibus,
779 1224 809 1271 et
819 1232 875 1270 nen
886 1216 1039 1285 cornigera,
1051 1215 1142 1281 adipe.

342 1283 559 1348 concremante,
571 1291 672 1337 etcum
684 1285 810 1349 refrixit,
832 1284 957 1355 fragiliac
978 1299 1143 1352 semperque

340 1358 370 1408 in
382 1356 438 1407 line
448 1353 548 1407 carais.
585 1355 690 1406 Contra
711 1357 812 1422 pingue
829 1356 904 1408 inter
919 1369 1029 1407 caraem
1040 1360 1142 1407 sutem·

341 1439 403 1495 que,
418 1439 502 1477 succo
512 1422 656 1491 liquidum.
681 1423 827 1486 Quaedam
838 1440 894 1478 non
904 1428 1099 1495 pinguescunt,
1109 1428 1143 1475 ut

341 1496 429 1563 lepus,
443 1492 549 1561 perdix.
569 1492 719 1546 steriliora
731 1500 832 1546 cuncta
842 1495 972 1563 pinguia,
983 1502 1011 1547 at
1020 1493 1049 1545 in
1059 1493 1144 1544 mari·

339 1566 402 1628 bus,
413 1569 442 1616 at
452 1564 482 1615 in
493 1561 613 1615 leminis.
648 1561 802 1617 δοαοιιιιιιι
821 1564 939 1618 celerius
951 1563 1141 1631 praepinguis.

342 1632 476 1685 Omnibus
493 1631 658 1684 animalibus
678 1637 722 1684 est
732 1632 872 1699 quoddam
883 1632 1014 1686 inoculis
1030 1634 1143 1699 pingue.

340 1703 432 1770 adeps
446 1700 554 1753 cunctis
574 1702 635 1753 sina
655 1714 751 1764 sensu,
771 1703 836 1768 quia
856 1718 907 1756 nec
917 1704 1036 1755 arterias
1047 1701 1147 1764 batem

226 1814 229 1819 i
340 1787 392 1825 nec
402 1785 496 1822 venae
515 1768 658 1835 Plerisque
670 1770 831 1824 animalium
844 1779 887 1824 eat
898 1770 1068 1839 pinguitudo
1081 1771 1143 1823 sino

341 1855 438 1893 sensns
451 1853 532 1906 quam
540 1838 575 1890 ob
586 1852 697 1889 musam
707 1854 772 1891 sues
784 1841 922 1907 spirantes
933 1840 1144 1892 amuribustra-

341 1909 411 1962 dunt
421 1922 540 1960 arrosus.
559 1908 633 1970 Quin
644 1912 673 1959 et
683 1907 1008 1975 L.riproniiconaularia
1020 1908 1073 1960 riri
1083 1909 1143 1961 iilia

341 1978 482 2033 detractos
492 1974 781 2045 udipca,leratumque
790 1993 892 2046 corpus
902 1978 1039 2031 immobili
1049 1993 1144 2033 onere.

377 2045 529 2100 LXXXVl.
546 2046 583 2097 lit
603 2045 728 2099 medulla
738 2062 772 2100 ex
783 2047 883 2100 eodem
894 2047 1006 2103 ridetur
1017 2063 1093 2113 esse,
1112 2049 1144 2100 in

340 2120 457 2170 maesta
468 2115 577 2179 rubens,
586 2120 616 2169 et
626 2120 740 2169 aenam
748 2116 900 2170 albescens.
928 2117 992 2170 Nou
1001 2119 1056 2170 nisi
1068 2119 1143 2171 caris

342 2186 410 2239 baec
420 2186 542 2238 ossibusa
553 2200 606 2237 nee
617 2185 745 2238 cruribus
755 2188 953 2251 iumentorum,
969 2193 1019 2240 aut
1029 2202 1143 2241 mount:

342 2270 428 2323 quare
437 2254 527 2307 tracta
538 2269 593 2306 nun
603 2252 837 2319 ierrumiaantur,
847 2256 923 2325 qaod
932 2255 1072 2310 delineata
1083 2272 1145 2310 ere·

342 2326 383 2377 nit
402 2323 532 2377 medulla.
568 2324 726 2377 Estautem
738 2326 849 2395 pinguis
859 2326 904 2389 iis,
924 2327 1023 2395 quibua
1038 2327 1143 2393 adeps:

342 2409 451 2456 aevosa,
462 2393 632 2461 cornigeris:
653 2408 782 2459 nerrosa,
793 2403 822 2449 et
830 2396 858 2447 ia
871 2396 951 2464 spina
961 2403 1070 2448 tantum
1081 2395 1144 2448 dor·

342 2464 377 2527 si,
399 2477 464 2515 oasa
484 2477 540 2515 aon
560 2460 735 2527 habentibus,
755 2471 787 2516 ιιι
807 2465 1049 2534 pisciumgaueri:
1069 2467 1142 2517 ursis

341 2532 437 2586 nulia:
457 2531 533 2583 launi
543 2531 572 2581 in
582 2528 716 2584 feminum
728 2538 758 2586 et
768 2533 945 2586 brachiorum
954 2535 1065 2586 ossibus
1074 2548 1143 2600 pau·

343 2602 382 2655 cla
392 2600 493 2669 exigua
503 2599 665 2652 admodum:
676 2601 727 2654 aad
734 2601 770 2654 iis
780 2602 811 2654 ia
819 2608 901 2656 tanta
909 2602 1061 2664 duritia,ut
1068 2602 1144 2670 ignia

341 2671 472 2731 elidatur,
481 2669 685 2723 relutesilice.

376 2738 587 2793 LXXXVlMit
597 2739 634 2792 iia
645 2740 724 2801 dura,
734 2754 805 2804 qnae
816 2756 871 2795 non
883 2741 1080 2805 pinguescunt:
1092 2736 1144 2788 asi·

344 2824 440 2863 norum
451 2807 487 2861 ad
497 2806 583 2858 tibias
596 2821 708 2858 canora.
726 2803 874 2873 Delphinis
885 2821 959 2869 ossa,
969 2821 1025 2859 non
1036 2805 1144 2873 spinae:

343 2877 446 2932 animal
462 2877 535 2929 enim
555 2876 683 2944 pariunt:
705 2876 879 2943 serpentibus
889 2878 995 2944 apinae.
1030 2875 1142 2943 Aquati-

343 2950 412 3002 iium
423 2945 563 3008 mollibus,
573 2945 664 2997 nulla:
687 2944 736 2996 aad
749 2961 849 3014 corpus
860 2945 974 2998 circulis
985 2945 1076 2998 carnis
1086 2947 1144 2997 riu·

344 3026 427 3080 mum,
446 3022 478 3068 ut
489 3015 592 3083 sepiae,
603 3020 686 3082 atque
697 3014 818 3083 loligini.
853 3014 892 3066 Et
901 3016 1017 3067 insectis
1027 3020 1145 3081 negatur

344 3101 432 3155 aeque
452 3100 514 3138 esse
539 3085 607 3138 ulia.
643 3083 835 3150 Cartilaginea
854 3085 1018 3151 aquatilium
1039 3082 1145 3136 babent

345 3155 494 3210 medullam
506 3157 534 3205 in
544 3154 632 3222 apina.
655 3154 747 3207 Vituli
758 3154 858 3205 marini
870 3154 1072 3219 cartilaginem,
1087 3167 1143 3203 non

345 3240 418 3295 oasa.
453 3225 523 3277 item
536 3225 658 3276 omnium
669 3224 821 3286 auriculae,
832 3236 865 3274 ac
875 3236 968 3283 nares,
978 3236 1049 3287 quse
1059 3220 1144 3272 modo

343 3295 475 3356 eminent,
495 3290 590 3346 llaxili.
604 3292 737 3357 mollitia,
757 3300 874 3345 naturae
895 3290 1086 3358 procidentia,
1108 3304 1145 3341 ne

345 3364 551 3432 frangerentur.
581 3364 725 3430 cartilago
740 3369 823 3430 rupta
832 3376 887 3414 non
897 3361 1051 3415 solidescit.
1085 3358 1145 3413 Nec

345 3435 470 3502 praecisa
480 3448 546 3487 osan
556 3441 727 3498 recrescunt,
744 3438 941 3500 praeterquam
957 3430 1089 3484 veterinis
1108 3431 1143 3483 ab

344 3506 449 3574 ungula
460 3504 495 3556 ad
510 3503 700 3571 suffraginem.
736 3504 829 3556 liumo
840 3501 942 3555 crescit
953 3501 981 3552 in
993 3499 1145 3567 longitudi-

343 3589 406 3626 nem
417 3573 453 3625 ad
463 3588 646 3639 annosasque
656 3579 851 3641 terseptenos:
860 3577 920 3624 tum
931 3569 1031 3623 deinde
1042 3569 1078 3621 ad
1088 3569 1145 3634 ple·

345 3641 507 3695 nitudinem.
542 3642 666 3697 Maxime
676 3648 769 3695 autom
780 3643 934 3709 pubescens
944 3638 1049 3692 nodum
1061 3653 1144 3705 quen-

345 3710 407 3762 dam
419 3711 537 3775 aoivere,
549 3718 578 3767 et
607 3715 736 3780 rescipue
748 3709 932 3779 aegritudine,
943 3707 1071 3760 sentitur.

380 3777 557 3834 LXXXVlii.
603 3784 662 3834 ervi
675 3781 734 3833 urai
745 3796 763 3832 a
774 3780 867 3844 corde,
888 3777 1048 3844 bubuloque
1060 3776 1143 3829 etiam

344 3848 548 3912 circumvoluti,
558 3852 678 3904 similem
688 3856 817 3901 naturam
827 3855 858 3900 et
867 3861 978 3899 causam
990 3845 1102 3909 babent,
1113 3846 1143 3897 in

344 3917 472 3970 omnibus
482 3918 599 3972 lubricis
610 3917 745 3985 applicati
756 3917 877 3968 ossibus:
887 3915 1032 3982 nodosque
1042 3930 1144 3982 corpo.

344 4004 414 4049 raim,
429 3986 476 4055 qai
486 3996 622 4040 uocantur
632 3984 764 4046 articuli,
775 3984 861 4037 aliubi
874 3986 1040 4047 interventu,
1056 3985 1145 4037 aliubi

342 4058 459 4117 ambitu,
470 4058 556 4108 aliubi
564 4053 687 4106 transitu
697 4054 831 4120 ligantes:
842 4053 888 4106 hic
894 4060 1008 4115 teretes,
1017 4054 1144 4117 illiciati,

343 4135 374 4178 ut
384 4129 412 4177 in
423 4135 590 4190 unoquoque
604 4121 697 4187 poscit
707 4122 849 4188 figuratio.
882 4124 979 4191 Neque
990 4124 1011 4175 ii
1021 4124 1143 4175 enudan-

341 4206 389 4248 tur
394 4192 488 4246 incisi:
499 4191 663 4257 mirumque,
673 4189 824 4243 cameratis
833 4207 956 4246 summus
963 4192 1057 4256 doior;
1068 4207 1145 4259 prae·

342 4263 437 4326 saetis,
455 4261 559 4314 aulius.
588 4258 654 4314 Sine
665 4260 759 4313 nervia
776 4268 842 4313 sunt
853 4260 1144 4328 quaedamanimalia,

343 4338 375 4382 ut
391 4334 500 4397 pisces:
522 4330 633 4384 arteriis
649 4331 724 4384 euim
745 4336 881 4383 constant.
917 4330 973 4384 Sed
993 4347 1084 4398 neque
1100 4329 1144 4383 bis

345 4400 443 4451 molles
455 4401 571 4467 piscium
602 4400 705 4453 ederis.
739 4399 794 4453 Ubi
814 4401 975 4468 suntnervi,
994 4401 1144 4453 interiores

345 4466 502 4519 conducunt
512 4415 647 4534 memlra,
656 4471 816 4539 superiores
826 4475 967 4524 revocant.
1003 4469 1144 4523 internos

346 4534 435 4584 latent
446 4537 576 4600 arteriae,
597 4537 690 4602 idest,
710 4540 826 4607 spiritus
841 4542 968 4594 semitae.
1004 4540 1145 4593 lliainna·

345 4607 407 4653 tnnt
416 4615 514 4683 renas,
527 4604 561 4655 id
574 4611 629 4666 est,
648 4609 793 4673 sanguinis
804 4610 865 4661 rivi.
900 4610 1074 4663 arteriarum
1085 4609 1145 4675 pul·

345 4686 405 4731 aus,
424 4685 454 4721 an
466 4673 611 4724 cacumine
622 4677 744 4728 maxime
756 4678 942 4730 membrorum
955 4679 1081 4741 evidens,
1101 4680 1143 4729 in-

345 4737 399 4791 dex
408 4735 468 4792 iere
478 4740 684 4803 morboram,in
696 4743 825 4796 modulos
834 4752 936 4808 certus,
946 4746 1078 4816 legesque
1088 4763 1144 4800 me-

345 4807 440 4869 tricas,
461 4821 512 4874 per
523 4814 641 4870 aetates,
652 4811 773 4873 stabilia,
796 4819 844 4863 aut
855 4814 967 4877 citatus,
977 4825 1026 4868 sut
1036 4815 1143 4877 tardus,

346 4876 502 4943 descriptus
522 4876 725 4944 ablieropbilo
746 4879 899 4935 medicinae
922 4889 997 4947 rate,
1016 4886 1144 4939 miranda

344 4950 414 5007 arte,
425 4946 540 4998 nimiam
551 4955 666 5012 propter
677 4947 863 5003 subtilitatem
884 4952 1023 5016 desertus,
1045 4954 1142 5007 obser·

344 5017 456 5069 ratione
467 5021 559 5069 tamen
572 5016 663 5069 crebri
674 5022 724 5070 aut
734 5016 860 5087 languidi
870 5021 951 5086 ictus,
973 5023 1142 5090 gubernacu-

344 5085 613 5152 laritastemperat.

378 5154 532 5208 bXXXlX.
550 5155 678 5209 arteriae
687 5164 785 5211 carent
799 5173 897 5211 sensu:
918 5176 982 5213 nam
994 5166 1142 5230 strangui·

344 5240 386 5278 ne.
420 5222 481 5277 Nec
490 5237 586 5275 omnes
597 5222 708 5279 sitalem
719 5227 864 5281 continent
873 5228 1018 5297 spiritum:
1038 5233 1145 5300 praeci·

342 5295 437 5362 sisque
448 5294 583 5360 torpescit
593 5298 700 5347 tentum
713 5309 777 5361 para
796 5313 829 5350 ea
840 5300 975 5367 eorporis.
1009 5303 1081 5353 Aves
1092 5317 1144 5355 nec

342 5380 427 5418 vanas
438 5378 488 5417 nac
499 5363 617 5417 arterias
629 5362 744 5417 babent:
764 5367 831 5421 item
841 5376 1001 5435 serpentes,
1023 5370 1143 5424 testudi-

343 5448 401 5497 nea,
410 5435 542 5495 lacertae,
549 5434 748 5502 nainimumqua
758 5437 912 5505 sanguinis.
923 5437 1019 5492 Venae
1029 5440 1057 5491 ia
1065 5454 1143 5508 praa·

341 5511 441 5555 tenues
460 5510 600 5572 postremo
616 5504 699 5559 libras
717 5506 814 5559 subter
830 5514 919 5560 tutam
930 5514 1023 5561 cutem
1035 5509 1143 5577 disper·

341 5586 398 5631 sae,
411 5571 482 5626 adeo
493 5575 521 5626 in
533 5582 678 5643 angustam
688 5575 872 5631 subtilitatem
886 5584 1047 5641 tenuantur,
1057 5588 1144 5646 utpe·

1196 456 1308 507 aatnre

1195 536 1259 574 naar
1269 522 1305 574 ab
1313 521 1375 584 illu,
1386 520 1434 589 qni
1445 518 1633 571 cacuminibus
1644 517 1797 570 innumeris
1807 518 1893 571 sudor
1903 521 1997 589 appel·

1195 590 1279 644 latur.
1313 592 1454 645 Venarum
1464 589 1493 639 in
1502 586 1635 640 umbilico
1647 586 1889 643 nodusaecoitua

1230 661 1288 713 XC·
1305 658 1425 726 Sangada
1435 657 1536 779 luam!
1545 655 1650 709 multus
1660 661 1689 707 et
1699 655 1822 739 pinguis,
1840 658 1995 712 iracunda:

1194 730 1327 793 mannus,
1343 744 1425 796 quam
1452 727 1560 784 eminas,
1576 726 1695 793 nigrior:
1716 728 1997 797 etausentaemagis,

1196 815 1278 871 quam
1289 800 1383 852 senior
1404 806 1435 851 et
1449 796 1583 850 inferiore
1594 800 1673 862 parts
1683 794 1823 863 pinguior.
1852 797 1957 865 Magna
1967 804 1996 851 et

1194 870 1224 921 in
1235 885 1268 923 eo
1278 868 1429 921 vitalitatis
1439 866 1541 933 portio.
1559 865 1686 917 Emissae
1692 865 1824 931 spiritum
1833 881 1927 921 secum
1937 875 1994 920 tra·

1195 938 1251 991 bit:
1273 942 1379 990 tactam
1389 943 1483 988 tamen
1495 932 1656 987 noasentit.
1683 934 1854 989 Animaiium
1865 935 1995 999 fortiora,

1195 1009 1413 1075 quibuasanguis
1423 1003 1559 1059 crassiora
1571 1004 1752 1071 sapientiora,
1759 1004 1861 1074 quibus
1869 1007 1994 1060 tenuior:

1195 1076 1351 1140 timidiora,
1369 1073 1620 1144 quibusminiaaus,
1635 1073 1801 1127 autauiius.
1838 1075 1995 1129 'ibororum

1195 1146 1342 1201 celerrime
1362 1146 1423 1201 coit
1443 1151 1527 1212 atque
1545 1143 1681 1205 durescit,
1702 1144 1767 1196 ideo
1788 1142 1908 1211 pestiier
1927 1152 1996 1212 potu

1195 1215 1324 1269 mamare.
1359 1216 1511 1282 aprorum,
1522 1227 1556 1267 ac
1565 1227 1719 1276 cervorum,
1730 1228 1957 1282 caprearumque,
1967 1222 1997 1267 et

1194 1285 1360 1339 bubalorum
1369 1285 1492 1337 omnium
1500 1299 1556 1336 non
1563 1283 1710 1352 spissatur.
1728 1283 1930 1351 Pinguiasimus
1940 1285 1995 1337 asi·

1194 1355 1247 1419 ais,
1268 1352 1374 1407 bomini
1383 1353 1574 1408 tenuissimus.
1600 1353 1666 1415 liis,
1681 1354 1783 1420 quibus
1794 1354 1856 1420 pius
1868 1354 1995 1420 quaterni

1193 1424 1290 1493 pedes,
1299 1423 1402 1476 nullus.
1420 1424 1518 1475 Obesis
1529 1423 1619 1474 minus
1629 1421 1906 1490 copiosas,quoniam
1916 1424 1996 1476 absu-

1195 1494 1280 1546 mitur
1290 1493 1396 1561 plagui.
1406 1489 1577 1545 Proilurium
1587 1489 1703 1543 eiurari
1713 1492 1781 1544 litia
1790 1493 1902 1545 naribus
1910 1491 1997 1545 bomi-

1194 1563 1232 1627 ni,
1247 1563 1313 1616 aliis
1323 1575 1391 1615 aare
1403 1558 1721 1628 alterutraquibusiam
1732 1576 1783 1630 pes
1792 1561 1916 1614 interme
1927 1563 1997 1615 mul·

1194 1634 1234 1685 tis
1245 1646 1356 1702 perora
1374 1636 1449 1683 stato
1466 1636 1600 1697 tempora,
1621 1634 1655 1682 ut
1675 1644 1762 1697 saper
1774 1630 1996 1685 Maennaviseu

1194 1705 1256 1755 riso
1274 1700 1432 1769 praeteriet
1453 1699 1504 1753 aad
1513 1699 1642 1753 omnibus
1652 1703 1731 1753 annis
1742 1700 1861 1754 Volusio
1872 1699 1998 1754 Saturni·

1196 1787 1232 1825 no
1244 1772 1326 1824 llrbis
1342 1768 1496 1840 praelecto,
1516 1769 1567 1838 qni
1585 1770 1792 1838 nonagesimum
1805 1772 1889 1823 etiam
1902 1784 1998 1826 exoca-

1195 1844 1355 1895 sitannum.
1383 1839 1481 1893 &lam
1490 1839 1545 1892 lroc
1555 1839 1587 1891 in
1598 1853 1715 1907 corpore
1725 1841 1925 1906 temporarium
1935 1858 1998 1894 sen·

1195 1912 1233 1965 tit
1252 1914 1465 1964 incrementum:
1486 1908 1625 1977 siquidem
1641 1908 1752 1963 bustiae
1762 1908 1996 1964 abundantiorem

1196 1981 1323 2044 fundunt,
1334 1980 1359 2032 si
1369 1980 1447 2047 prius
1456 1980 1564 2033 bibere.

1229 2051 1301 2105 Xci.
1311 2052 1391 2114 Quae
1401 2049 1564 2103 animalium
1575 2049 1665 2102 latere
1676 2048 1764 2101 certis
1772 2048 1945 2116 temporibus
1956 2049 1997 2101 di-

1195 2121 1297 2183 ainus,
1307 2134 1363 2172 non
1373 2118 1478 2173 babeat
1487 2126 1554 2172 tunc
1563 2118 1738 2188 sanguineas,
1758 2124 1872 2187 praeter
1883 2118 1998 2187 exiguas

1195 2190 1344 2243 admodum
1355 2189 1432 2243 circa
1452 2190 1540 2243 corda
1560 2196 1665 2259 guttas,
1687 2190 1757 2241 miro
1770 2202 1856 2256 opere
1867 2194 1997 2241 naturaes

1195 2259 1269 2312 sicut
1278 2260 1306 2310 in
1317 2257 1441 2320 bomine,
1451 2262 1505 2310 vim
1516 2261 1576 2311 eiua
1587 2258 1622 2311 ad
1635 2258 1748 2310 minima
1758 2266 1900 2310 momenta
1910 2264 1998 2309 muts·

1195 2329 1235 2382 ri:
1255 2342 1309 2380 non
1320 2328 1403 2381 modo
1415 2335 1525 2381 tantum
1539 2330 1567 2379 in
1579 2342 1629 2381 ors
1640 2326 1746 2381 suffusa
1757 2331 1882 2391 materia,
1902 2342 1995 2380 verum

1196 2399 1232 2451 ad
1242 2399 1368 2467 singulos
1377 2397 1464 2451 animi
1472 2396 1597 2461 babitus,
1607 2396 1723 2464 pudore,
1733 2398 1787 2460 ira,
1796 2406 1886 2451 metu:
1907 2396 1996 2464 pallu-

1196 2470 1237 2521 ris
1247 2468 1373 2535 pluribus
1384 2466 1486 2533 modis,
1506 2467 1576 2521 item
1596 2467 1717 2521 ruboris.
1751 2467 1913 2519 Aliuaenim
1926 2468 1996 2526 irae,

1197 2537 1269 2589 aliua
1279 2536 1472 2589 verecundiae.
1501 2533 1572 2587 Nara
1583 2540 1613 2587 et
1623 2535 1650 2584 in
1662 2541 1737 2613 matu
1749 2534 1886 2601 refugere,
1896 2542 1925 2587 et
1935 2550 1999 2586 ause

1196 2600 1997 2738 itastis.iminiuiliililtili‘ibiibi

1197 2741 1300 2791 mutari
1311 2738 1443 2804 diximus,
1462 2740 1585 2793 colorem
1596 2739 1718 2792 alienum
1730 2742 1869 2810 accipiunt
1878 2742 1997 2808 quodam

1196 2822 1375 2876 repercussu:
1395 2808 1480 2862 bomo
1491 2810 1569 2862 solua
1580 2811 1609 2861 in
1620 2825 1652 2864 se
1662 2815 1760 2863 mutat.
1796 2811 1887 2865 ldorbi
1903 2824 1997 2862 omues

1196 2892 1327 2945 morsque
1337 2878 1503 2945 sanguinem
1515 2879 1672 2931 absumunt.

1232 2946 1316 2999 XCll.
1334 2945 1405 2999 Sunt
1425 2946 1473 3013 qui
1492 2947 1677 2999 subtilitatem
1694 2947 1781 2999 animi
1804 2955 1998 3003 constarenon

1197 3018 1336 3069 tenuitate
1345 3016 1490 3079 magarlnis
1503 3020 1613 3081 putent:
1624 3013 1674 3065 aed
1687 3021 1752 3066 cute
1762 3019 1998 3085 operimentisque

1196 3098 1343 3151 corporum
1355 3083 1446 3148 magia
1457 3090 1505 3134 nut
1515 3084 1606 3133 minus
1617 3081 1699 3133 bruta
1709 3096 1780 3145 esse,
1802 3087 1834 3134 ut
1851 3093 1946 3138 ostrea
1968 3096 2000 3140 et

1196 3151 1367 3206 testudines:
1386 3152 1470 3204 boum
1489 3157 1584 3219 terga,
1604 3157 1680 3202 setas
1691 3165 1771 3202 suum
1783 3151 1896 3222 obstare
1906 3156 1997 3207 tenui·

1196 3223 1252 3274 tati
1270 3220 1430 3273 immeantis
1450 3220 1581 3288 spiritua,
1611 3234 1663 3273 nec
1686 3234 1785 3287 purum
1803 3221 1998 3291 liquidumque

1196 3291 1362 3344 transmitti:
1383 3289 1424 3342 sic
1435 3299 1464 3343 et
1474 3292 1502 3342 in
1514 3287 1638 3351 bomine,
1647 3304 1708 3343 cum
1720 3289 1843 3343 crassior
1853 3291 1997 3345 callosior·

1195 3378 1229 3416 re
1240 3359 1373 3414 excludat
1384 3362 1472 3413 cutis:
1482 3375 1540 3413 =ceu
1551 3374 1618 3413 vero
1628 3375 1685 3413 nen
1693 3359 1841 3414 crocodilis
1853 3368 1881 3414 st
1892 3361 1998 3416 duritia

1198 3434 1319 3499 tergoris
1329 3433 1479 3494 tribuatur,
1488 3437 1517 3482 et
1527 3429 1654 3483 solertia.

1231 3501 1327 3555 xciii.
1336 3499 1536 3568 Hippopotami
1547 3499 1617 3551 curii
1628 3499 1786 3553 crassitudo
1796 3501 1874 3562 talis,
1891 3506 1922 3553 ut
1931 3501 1996 3555 inde

1196 3576 1342 3623 tornentur
1352 3568 1465 3623 bastae:
1475 3576 1504 3623 et
1515 3576 1609 3622 tamen
1619 3568 1753 3637 quaedam
1765 3571 1877 3637 ingenio
1887 3571 1997 3623 medica

1197 3638 1352 3708 diligentia.
1386 3637 1607 3706 iiiepbantorum
1619 3645 1854 3706 quoquetergora
1873 3643 1994 3707 impene-

1196 3709 1314 3762 trabiles
1326 3713 1416 3761 cetrae
1428 3706 1543 3761 babent:
1564 3723 1625 3760 cum
1638 3717 1732 3762 tamea
1744 3709 1868 3760 omnium
1878 3708 1996 3777 quadru-

1196 3778 1298 3847 pedum
1317 3776 1462 3830 subtilitas
1479 3776 1565 3830 animi
1577 3778 1728 3845 praecipua
1739 3774 1995 3844 perhibeaturillis.

1196 3849 1273 3917 lirgo
1284 3847 1355 3899 cutis
1365 3846 1521 3914 ipsasenau
1531 3854 1620 3908 caret,
1640 3847 1761 3900 maxime
1771 3847 1799 3898 in
1811 3849 1916 3915 capite:
1937 3848 1996 3900 ubl·

1197 3932 1304 3984 cunque
1313 3930 1364 3983 per
1372 3931 1404 3969 sa
1415 3932 1449 3968 ae
1458 3918 1520 3969 aiae
1537 3930 1622 3970 carne
1630 3922 1682 3981 est,
1704 3916 1853 3971 vulnerata
1864 3932 1918 3971 non
1929 3918 1997 3979 coit,

1196 3987 1266 4039 utin
1279 3985 1506 4054 buccacilioque.
2013 4004 2018 4011 ·

1230 4057 1328 4110 xciv.
1347 4055 1426 4118 Quae
1446 4055 1550 4109 animal
1565 4056 1687 4121 pariunt,
1703 4056 1776 4122 pilos
1787 4055 1904 4108 babent:
1925 4070 1996 4122 quae

1197 4139 1258 4188 ora,
1274 4138 1387 4190 pennas,
1404 4128 1454 4174 aut
1465 4138 1605 4191 squamas,
1617 4129 1666 4174 aut
1676 4126 1820 4188 corticem,
1841 4133 1872 4177 ut
1881 4125 1996 4177 testudi-

1197 4210 1259 4247 nes:
1274 4200 1325 4245 aut
1335 4199 1427 4245 cutem
1439 4207 1547 4260 param,
1557 4201 1588 4245 ut
1598 4200 1749 4261 serpentes.
1767 4195 1923 4247 Pennarum
1934 4208 1996 4246 cau·

1197 4263 1239 4316 isa
1255 4263 1378 4315 omnium
1397 4263 1472 4315 cari:
1493 4262 1705 4329 praecisaenon
1723 4274 1866 4326 crescunt,
1884 4263 1997 4316 evulsae

1196 4339 1388 4386 renascuntur.
1425 4332 1596 4386 Membranis
1616 4333 1997 4403 rolantiragiiibuainsecta,

1197 4401 1373 4456 humentibus
1384 4399 1547 4456 hirundines
1557 4403 1585 4455 in
1599 4403 1678 4467 uram,
1688 4405 1771 4457 siccis
1782 4405 1857 4456 inter
1868 4410 1942 4455 tecta
1954 4416 1997 4453 re·

1196 4472 1336 4539 spertilio.
1354 4472 1461 4525 liorum
1474 4473 1536 4526 alae
1547 4488 1656 4541 quoque
1668 4474 1801 4525 articulos
1812 4471 1922 4523 babeat.
1940 4469 1997 4522 Pili

1197 4557 1215 4593 a
1224 4550 1287 4594 cute
1297 4549 1402 4594 exeunt
1411 4557 1508 4595 crassa
1517 4541 1707 4603 birti,farbinis
1719 4540 1868 4599 tenuiores,
1880 4539 1997 4603 equisia

1196 4613 1262 4664 iuba
1272 4611 1358 4679 largi,
1378 4611 1404 4662 iu
1417 4613 1502 4664 araris
1514 4611 1602 4663 leoni:
1620 4609 1757 4676 dasypodi
1766 4616 1795 4660 et
1804 4609 1833 4658 iu
1845 4605 1939 4658 buccis
1949 4606 1995 4659 in·

1196 4687 1254 4741 tua,
1266 4688 1295 4733 st
1303 4681 1334 4732 in
1345 4680 1475 4746 pedibus,
1489 4695 1560 4746 quae
1571 4685 1689 4744 utraque
1699 4678 1809 4744 Trogus
1820 4680 1848 4726 et
1858 4675 1887 4728 in
1898 4674 1998 4743 lepore

1196 4750 1299 4802 tradit:
1320 4748 1373 4800 boc
1393 4747 1523 4814 exenrplo
1542 4746 1751 4799 libidinosiores
1773 4744 1915 4797 bominum
1926 4761 1997 4812 qun·

1196 4834 1250 4887 qua
1267 4818 1355 4870 birtos
1375 4815 1517 4882 colligens.
1554 4814 1755 4867 Viiioaisaimus
1772 4816 1930 4867 animalium
1951 4816 1993 4870 le·

1196 4904 1256 4956 pua
1291 4885 1420 4937 Pubescit
1430 4882 1513 4936 bomo
1524 4884 1614 4935 soluat
1635 4883 1708 4950 quod
1720 4883 1773 4936 nisi
1785 4885 1915 4953 contigit,
1933 4895 1993 4940 ste·

1196 4959 1259 5011 ritis
1275 4955 1303 5005 in
1318 4953 1458 5021 gignendo
1469 4962 1523 5015 est,
1533 4968 1582 5007 sau
1592 4953 1741 5017 masculus,
1750 4970 1800 5007 seu
1810 4954 1921 5009 semina.
1939 4955 1994 5009 Pili

1195 5022 1349 5078 labamine
1360 5024 1461 5089 partim
1482 5022 1574 5085 simul,
1594 5023 1694 5090 partim
1713 5031 1813 5090 postea
1833 5025 1993 5094 gignuntur.

1197 5091 1347 5160 congeniti
1357 5098 1451 5144 autem
1463 5106 1518 5143 arun
1531 5091 1805 5154 desinuntaicutnec
1813 5093 1928 5148 leminis
1936 5111 1995 5150 mse

1196 5162 1995 5300 aalide·iiliimbtllibi'iilllttb‘l:

1195 5308 1309 5356 stetere.
1345 5300 1518 5363 Quibusdam
1539 5302 1710 5370 postgeniti
1731 5305 1797 5356 viris
1818 5309 1919 5372 sponte
1938 5318 1995 5356 noa

1195 5373 1353 5443 gignuntm.
1388 5370 1503 5432 aunum
1540 5370 1621 5423 dibus
1632 5372 1718 5438 pilum
1730 5373 1922 5442 caderentque
1931 5373 1996 5427 aab·

1194 5443 1283 5507 nasci,
1293 5454 1413 5493 anuum
1425 5447 1470 5493 eat
1532 5441 1582 5493 iris
1592 5449 1720 5495 crescant
1730 5447 1850 5497 maxime
1864 5444 1894 5495 ia
1904 5442 1992 5509 capii·

1194 5513 1234 5576 ln,
1247 5508 1350 5565 moria
1359 5508 1456 5564 barba
1483 5509 1587 5575 lieeisi,
1597 5527 1661 5575 nnn,
1675 5511 1828 5577 atbarbae,
1839 5514 1874 5566 ab
1885 5513 1995 5578 ipsein-

1195 5582 1779 5647 munaummmeuabmciiaeareant.
1816 5584 1949 5636 creseunt
1962 5589 1995 5635 et

1317 452 1430 521 sanguis
1441 465 1497 501 aon
1506 449 1603 515 possit,
1625 446 1738 501 aliudve
1755 462 1837 517 quam
1849 448 1933 502 exilis
1945 448 1996 504 bu·
