4340 6018
355 297 415 353 ere
507 292 536 351 c.
572 289 723 351 aarum
758 288 967 348 secunus
1002 283 1172 341 aaron
1203 283 1397 357 maron,
1437 282 1519 339 ssa.
1542 278 1583 334 x.
1615 276 1705 333 one.
1731 246 1848 333 rossss.

358 441 500 495 Medicina
521 443 550 492 in
571 442 652 502 tarne,
674 446 702 491 et
713 436 820 489 cubitus
831 434 860 487 in
870 432 957 496 tamo,
977 432 1073 498 ntique
1084 431 1108 481 si
1119 444 1156 483 cx

357 514 446 574 lauro,
463 517 512 562 ant
522 509 608 562 herba
618 508 715 559 sabina
730 507 791 554 liat:
811 517 903 568 penna
924 517 973 568 per
984 508 1154 551 transversas

357 580 464 631 inserta
474 593 563 640 nares,
575 586 603 631 et
612 591 661 643 per
672 587 768 624 oannes
780 571 838 623 dios
850 579 938 622 nauta:
961 570 1048 631 cibus,
1058 567 1154 619 allium

358 664 420 700 cum
432 646 515 709 farre,
536 654 584 697 aut
595 659 666 709 aqua
678 639 815 707 perinsus,
837 640 864 690 in
887 655 942 706 qua
956 637 1093 689 maduerit
1105 652 1153 688 no·

358 726 434 779 etna,
447 722 496 767 aut
504 730 564 766 cuns
575 712 679 763 semine
691 710 754 761 ritis
765 709 845 763 albae
857 714 967 760 coctana
980 715 1009 759 et
1019 705 1152 773 quaedam

358 786 423 837 alia.
459 808 462 815 ⁴

392 850 516 923 lalllllx.
536 847 687 900 Columbae
710 849 821 914 propriu
842 845 896 897 ritu
918 845 1154 897 osculanturante

357 923 470 973 coitum.
494 917 609 968 Pariunt
620 916 679 969 fere
692 918 759 967 bina
769 931 832 966 ora:
844 914 884 965 ita
895 920 995 965 natura
1007 913 1152 965 moderan-

356 1000 395 1052 te,
407 992 439 1037 ut
450 986 512 1038 aliis
521 985 645 1037 crebrior
657 984 693 1035 sit
706 984 806 1045 foetus,
816 981 881 1034 aliis
893 982 1075 1034 numerosior.
1105 980 1155 1033 l’a·

354 1055 463 1109 lumbes
471 1061 502 1121 *et
514 1061 638 1109 turtures
650 1053 797 1121 plurimum
811 1058 907 1104 terna:
928 1067 980 1103 nec
1000 1051 1060 1117 plus
1071 1065 1153 1116 quam

355 1128 398 1178 bis
409 1121 611 1190 rere‘panunt:
624 1131 705 1189 atque
716 1124 766 1182 ita,
775 1123 799 1172 si
814 1122 891 1186 prior
902 1117 996 1173 foetus
1006 1127 1153 1186 corruptas

355 1201 412 1248 est:
429 1200 459 1245 et
470 1195 595 1260 quamvis
607 1193 663 1244 tria
674 1191 840 1257 pepererint,
861 1204 997 1256 nunquam
1009 1189 1072 1254 plns
1084 1190 1153 1240 duo·

354 1265 406 1316 bus
418 1263 548 1316 educunt.
576 1261 701 1312 Tertium
712 1259 786 1327 quod
797 1258 907 1310 irritum
920 1267 972 1321 est,
988 1259 1097 1309 urinum
1108 1272 1154 1308 ro·

356 1340 428 1384 cant.
465 1329 611 1381 Palumbcs
631 1328 744 1380 incubat
761 1327 865 1379 femina
885 1336 948 1394 post
960 1326 1154 1379 meridianain

356 1400 529 1459 nratotirrum,
542 1404 634 1449 cetero
644 1412 712 1449 mas.
732 1398 882 1449 Columbae
891 1412 995 1449 marem
1007 1411 1116 1463 semper
1126 1401 1154 1448 et

356 1468 487 1520 senriorem
505 1467 624 1532 pariunt,
646 1467 765 1533 priorem
790 1481 903 1528 maram,
926 1466 1062 1533 postridie
1072 1464 1152 1517 femi·

355 1553 427 1589 nani.
448 1536 581 1585 incubant
591 1535 621 1586 in
633 1550 666 1586 eo
678 1550 780 1603 genere
790 1535 882 1598 ambo,
893 1534 1014 1587 interdiu
1026 1551 1093 1595 oras,
1104 1549 1153 1585 no·

355 1615 400 1658 cta
413 1605 523 1655 femina.
550 1604 706 1655 Excludunt
716 1604 847 1655 vicesimo
859 1604 913 1655 die.
942 1603 1058 1655 Pariunt
1071 1620 1089 1655 a
1099 1603 1155 1655 coi-

355 1680 386 1725 tu
398 1675 506 1740 quinto.
529 1674 642 1725 Aestate
655 1674 764 1740 quidem
778 1673 915 1724 interdum
927 1672 1002 1723 binis
1015 1674 1154 1724 orerrsibus

356 1751 437 1794 terna
448 1740 567 1793 educunt
580 1742 669 1807 paria:
693 1756 754 1792 narn
768 1742 875 1795 decimo
894 1750 994 1793 octavo
1007 1742 1051 1793 die
1063 1741 1156 1793 exclu-

356 1810 434 1872 dunt,
445 1813 592 1879 statimque
603 1811 773 1877 concipiunt.
802 1813 895 1874 Quare
907 1812 982 1863 inter
993 1810 1085 1877 pullos
1095 1826 1154 1862 sae·

356 1894 391 1947 pe
403 1895 456 1931 ora
466 1880 653 1943 inreniuntur,
672 1880 759 1932 etalii
772 1880 926 1945 provolant,
939 1880 988 1931 alii
1000 1885 1155 1945 erumpunt.
1173 1878 1177 1887 ’

354 1947 517 2015 lpsideinde
529 1949 599 2015 pulli
611 1947 1155 2016 quinquemestresloetiticant.1ltipsae

356 2023 449 2070 autem
460 2017 533 2070 inter
543 2015 618 2087 se(si
630 2033 690 2068 aras
701 2018 809 2077 nonsit)
817 2017 937 2069 feminae
947 2018 1155 2084 aequesaliont,

354 2087 521 2206 pariuntque
531 2100 584 2137 orn
593 2086 685 2148 irrita,
694 2101 730 2138 es
742 2087 841 2153 quibus
854 2085 923 2137 nihil
934 2086 1073 2154 gignitur:
1085 2100 1155 2153 quac

372 2156 522 2224 ypenemia
533 2155 634 2207 Graeci
646 2161 755 2207 rorant.

390 2225 492 2276 Paroa
504 2224 620 2275 trimatu
633 2229 715 2290 parit.
733 2223 827 2275 Primo
839 2238 911 2276 anno
925 2239 1007 2274 unum
1022 2229 1071 2276 aut
1080 2223 1153 2275 alte-

356 2309 415 2345 rum
428 2306 520 2355 orum,
541 2293 669 2360 sequenti
680 2299 814 2359 quaterna
825 2295 950 2360 quinave,
970 2295 1070 2346 ceteris
1086 2293 1154 2344 duo·

356 2363 437 2424 dena,
459 2377 513 2413 uon
525 2361 660 2426 amplius:
681 2362 870 2417 intermittens
883 2362 963 2414 binos
975 2361 1035 2414 dies
1045 2369 1154 2413 ternos·

354 2447 387 2483 re
409 2431 499 2496 parit3
521 2436 550 2481 et
560 2436 604 2483 ter
615 2445 703 2495 anno,
723 2431 748 2482 si
759 2431 871 2498 gallinis
883 2430 1154 2483 subiicianturincu-

354 2501 454 2552 banda.
484 2499 579 2552 Mares
600 2514 634 2551 ea
652 2499 785 2568 frangunt
803 2499 942 2553 desiderio
954 2500 1156 2552 incubantiurn.

355 2568 533 2635 Quapropter
554 2575 638 2620 noctu
649 2576 677 2620 et
689 2571 716 2619 in
734 2569 850 2621 latebris
868 2569 988 2635 pariunt,
1008 2570 1095 2625 autin
1108 2583 1156 2620 ex-

355 2636 430 2689 celso
442 2637 589 2689 cubantes:
601 2638 688 2689 etnisi
700 2637 777 2689 molli
788 2645 878 2691 strato
890 2644 1016 2705 excepta,
1024 2638 1156 2706 frangun-

315 2744 330 2753 .
355 2715 410 2757 tur.
429 2707 522 2757 Mares
533 2705 640 2774 singuli
669 2707 741 2757 uinis
754 2706 893 2760 sufficiunt
904 2708 1076 2775 coniugibus.
1088 2710 1156 2758 Cum

353 2775 481 2843 singulae
492 2782 542 2827 ant
553 2775 636 2829 binae
679 2792 736 2838 ere,
746 2779 933 2844 corrumpitur
942 2777 1088 2828 salacitate
1098 2775 1156 2829 foe·

354 2845 492 2897 conditas.
520 2845 620 2901 Partus
632 2845 793 2899 excluditur
804 2845 901 2900 diebus
910 2853 955 2899 ter
966 2846 1091 2908 novenis,
1108 2850 1157 2898 aut

354 2914 464 2966 tardius
478 2913 648 2968 tricesimo.l

387 2986 508 3035 Anseres
517 2983 545 3034 in
556 2997 628 3050 aqua
638 2989 748 3046 coeunt,
756 2984 866 3052 pariunt
876 2999 952 3037 rere:
965 2990 1014 3037 aut
1024 2983 1048 3035 si
1058 2984 1156 3034 bruma

354 3051 475 3112 coivere,
486 3056 551 3116 post
561 3051 723 3114 solstitium,
734 3053 918 3119 quadraginta
929 3062 1024 3119 prope.
1049 3051 1099 3101 Bis
1109 3066 1156 3100 an·

354 3132 400 3180 uo,
412 3119 435 3167 si
448 3118 567 3184 priorem
579 3119 685 3171 loetum
696 3120 818 3187 gallinae
829 3120 995 3172 excludant:
1017 3119 1086 3169 alias
1097 3118 1155 3183 plu·

353 3189 425 3239 rima
438 3200 491 3237 ora
501 3184 634 3237 sedecim:
655 3189 831 3253 paucissima,
842 3194 957 3253 septem.
981 3186 1011 3237 Si
1022 3189 1083 3252 quis
1094 3200 1153 3236 sur·

353 3254 449 3320 ripiat,
464 3253 576 3320 pariunt
587 3255 675 3307 donec
685 3262 859 3322 rumpantur.
886 3254 984 3307 Aliena
996 3268 1050 3304 non
1062 3253 1154 3305 exclu-

354 3321 431 3373 dunt.
460 3322 618 3375 incubanda
627 3324 727 3376 subiici
737 3324 915 3375 utilissimum
926 3336 1034 3385 norem,
1048 3328 1098 3373 aut
1107 3339 1155 3374 un·

354 3390 455 3444 decim.
480 3391 615 3443 incubant
624 3393 744 3444 leoninae
754 3398 862 3441 taciturn
874 3391 990 3441 tricenis
1001 3391 1111 3442 diebus:
1131 3392 1154 3445 sl

353 3475 419 3513 vcro
430 3459 583 3526 tepidiores
594 3462 664 3522 sint,
685 3460 925 3526 vigintiquinque.
954 3458 1041 3509 Pollis
1058 3474 1154 3512 eorum

354 3528 445 3579 urtica
456 3532 585 3577 contactu
597 3527 757 3579 mortifera:
769 3542 820 3579 nec
831 3528 920 3579 minus
932 3528 1061 3590 aviditas,
1083 3544 1155 3581 nunc

354 3597 486 3647 satietate
498 3594 593 3656 nimia,
605 3610 678 3646 nunc
688 3602 796 3647 suamet
806 3598 848 3647 ri:
869 3596 979 3663 quando
997 3596 1152 3663 apprehen·

354 3677 386 3714 sa
396 3661 500 3722 radice,
513 3676 605 3713 morsu
618 3678 701 3730 saepe
713 3672 845 3716 conantes
855 3665 990 3727 avellere,
1003 3673 1068 3718 ante
1079 3666 1154 3719 eolla

355 3744 406 3782 sua
416 3730 592 3795 abrumpunt.
611 3733 716 3784 Contra
728 3736 844 3785 urticam
855 3733 1006 3786 reniedium
1019 3740 1151 3799 sabatra-

355 3803 448 3850 mento
459 3798 494 3849 ab
504 3798 630 3852 incubitu
641 3801 755 3854 subdita
766 3804 847 3854 radix
860 3818 964 3855 earum.

390 3866 570 3920 ardeolarum
582 3871 637 3921 tria
648 3884 763 3937 genera:
784 3870 894 3935 leucen,
906 3872 1036 3933 asterius,
1056 3872 1154 3939 pelles.

354 3938 392 3988 lli
403 3936 431 3986 in
444 3936 519 3987 coitu
531 3946 678 4004 anguntur.
697 3938 791 3991 Mares
802 3939 912 4007 quidem
925 3957 986 3992 cum
998 3940 1152 3993 uociferata

354 4004 514 4073 sauguinem
534 4012 617 4058 etiam
634 4010 772 4073 ⁴errocalis
783 4009 965 4076 profundunt.
993 4010 1051 4062 Nec
1062 4011 1152 4063 nrinus

355 4089 439 4143 aegre
453 4074 564 4140 pariunt
574 4076 716 4142 gravidae.
734 4079 832 4146 Aquila
841 4078 956 4131 tricenis
967 4077 1066 4131 dicbus
1076 4081 1152 4130 ineu·

356 4146 413 4205 bat,
426 4141 524 4196 atsere
536 4146 656 4198 maiores
668 4147 763 4199 alites:
785 4147 906 4199 minores
916 4148 1030 4210 vicenis,
1050 4155 1082 4200 ut
1094 4149 1154 4200 mil-

355 4229 404 4264 rus
416 4218 444 4266 et
454 4212 596 4280 accipiter.
624 4214 753 4282 Singulos
765 4215 823 4268 iere
836 4217 918 4283 parit,
939 4231 1077 4283 nunquam
1090 4217 1153 4285 plus

355 4288 451 4332 ternos
463 4299 470 4331 ι
489 4282 514 4334 is
525 4283 573 4349 qui
584 4285 710 4351 aegolios
720 4291 845 4346 vocatur,
866 4291 1014 4349 quaternos
1026 4304 1032 4336 :
1054 4301 1153 4339 corros

354 4349 503 4417 aliquando
516 4361 545 4402 ot
555 4352 667 4418 quinos:
687 4354 816 4405 incubant
828 4355 944 4413 totidem
957 4352 1063 4407 diebus.
1088 4357 1152 4408 Cor·

353 4423 441 4485 tricem
454 4418 628 4473 incubantem
639 4437 698 4472 mas
709 4426 805 4490 pascit.
825 4422 892 4474 Pica
902 4438 1037 4476 novenos:
1048 4425 1152 4477 melan·

355 4485 494 4553 coryphas
505 4500 590 4554 supra
600 4490 709 4542 vicenos
720 4494 802 4559 parit.
815 4506 924 4559 semper
935 4506 1050 4545 numero
1061 4494 1150 4560 impa-

353 4554 376 4605 ri
389 4569 396 4602 :
409 4569 458 4604 uec
470 4554 527 4605 alia
539 4555 649 4621 plures:
666 4567 746 4610 tanto
759 4560 934 4612 foecunditas
945 4562 1035 4614 maior
1047 4563 1148 4628 parcis.

351 4621 501 4673 Hirundini
514 4626 588 4676 caeci
601 4627 690 4690 primo
701 4628 779 4693 pulli,
799 4636 827 4682 et
839 4628 898 4682 lere
908 4631 1035 4682 omnibus
1051 4631 1150 4697 quibus

351 4693 528 4742 numerosior
537 4689 639 4745 luctus.

388 4757 500 4810 LXXX.
518 4759 604 4812 lrrita
614 4775 677 4824 ova,
690 4761 791 4830 qnaeh
804 4768 941 4831 'peremis
952 4766 1081 4829 diximus,
1102 4773 1151 4818 aot

352 4832 450 4907 mutua
472 4825 591 4880 leoninae
611 4829 724 4884 interea
735 4781 861 4885 libidinis
872 4834 1073 4901 imaginatione
1084 4849 1150 4887 con·

353 4900 464 4959 crprunt,
486 4901 536 4947 aut
555 4897 682 4963 pulcercc
702 4915 752 4952 nec
764 4899 907 4954 colrrmbae
920 4910 1038 4967 tantum,
1058 4903 1150 4956 sedet

352 4961 485 5083 gallinae,
501 4964 637 5030 perdices,
654 4982 785 5034 pavones,
804 4984 924 5031 anseres,
941 4971 1148 5038 chenalopeces.

375 5037 424 5081 ont
434 5038 526 5095 autern
538 5032 657 5098 sterilia,
669 5042 697 5087 et
710 5036 826 5099 minora,
838 5054 870 5090 nc
880 5038 969 5091 minus
980 5042 1093 5092 iucundi
1103 5058 1148 5093 sa-

354 5099 439 5164 poris,
451 5106 480 5152 et
489 5104 576 5170 magis
586 5101 709 5156 humida.
745 5104 864 5165 Quidam
877 5114 905 5159 et
916 5114 997 5161 rento
1009 5116 1107 5174 putant
1117 5124 1150 5162 ea

352 5170 491 5288 qpnerari:
514 5170 613 5238 quade
625 5187 708 5224 causa
718 5174 802 5225 etlam
814 5174 953 5241 zephyria
965 5178 1149 5245 appellantur.

382 5251 431 5289 aec
448 5245 540 5289 autern
557 5254 623 5291 vere
634 5246 741 5292 tanturn
760 5242 839 5303 liunt,
860 5244 1036 5299 incubatione
1047 5247 1149 5299 dereli-

353 5313 406 5367 cta,
423 5320 493 5373 quae
505 5306 582 5359 aliie
604 5322 707 5361 nosura
716 5308 820 5362 dixere.
849 5312 909 5362 (ira
919 5320 998 5367 aceto
1009 5311 1150 5369 maceiata

352 5376 500 5427 intantum
520 5324 715 5442 emolliantur,
735 5384 767 5429 ut
783 5392 836 5499 per
856 5380 973 5433 mnulos
994 5389 1150 5438 transeant.

352 5442 464 5497 Servari
478 5459 512 5497 ea
529 5445 701 5509 inlamento,
722 5451 771 5499 aut
803 5447 913 5500 icmein
925 5448 1021 5515 paleis,
1040 5460 1149 5507 aestate

351 5513 378 5563 in
388 5511 748 5578 furlurlbnsmtilissimum.
766 5514 831 5569 Sale
841 5516 980 5570 exinaniri
989 5521 1149 5577 creduntur.

1244 426 1369 481 LXXXI.
1388 424 1542 480 Volucrum
1564 422 1666 475 animal
1683 422 1763 489 parit
1771 424 1935 490 vespertilio
1946 435 2009 480 tan·

1208 506 1276 561 tum,
1287 497 1333 550 cui
1344 504 1372 548 et
1385 497 1611 547 membranaceae
1624 493 1725 558 pinnae
1737 493 1794 544 nni.
1824 492 1931 547 uadem
1948 499 2011 549 solu

1208 567 1350 619 uolucrum
1360 565 1435 616 lacte
1447 563 1547 615 nutrit:
1559 561 1645 613 ubera
1655 560 1794 617 admovet.
1812 561 1915 615 Parcas
1924 568 2010 631 gensi.

1208 652 1258 689 nos
1270 636 1369 688 volitat
1380 634 1510 699 anrplesa
1519 630 1649 693 infantes,
1671 646 1821 697 secumque
1833 639 1936 698 portat
1963 635 2011 687 Ei·

1208 706 1270 758 dem
1283 702 1422 757 coxendix
1433 717 1488 755 aaa
1498 700 1630 762 traditur,
1649 707 1678 752 et
1689 699 1718 751 in
1729 700 1822 752 cibatu
1835 702 1938 755 culices
1948 718 2011 772 gra·

1207 774 1319 827 tissimi.

1242 840 1381 895 hilllllll.
1400 838 1506 891 Rursus
1521 839 1548 890 in
1565 839 1744 891 terrestribus
1760 853 1813 891 ora
1830 838 2010 906 pariantaer·

1206 919 1317 981 pentes:
1331 910 1476 977 dequibus
1488 908 1607 962 noudum
1620 909 1723 959 dictam
1736 916 1787 959 est.
1817 911 1924 961 Coeunt
1936 924 1996 960 corn

1207 982 1300 1049 plexu,
1314 981 1385 1033 adeo
1398 977 1617 1029 circumvolutae
1628 977 1680 1029 sibi
1694 978 1780 1043 ipsae,
1803 983 1834 1029 ut
1845 993 1900 1029 una
1910 979 2008 1030 existi·

1208 1054 1277 1102 mari
1290 1051 1384 1114 biceps
1395 1049 1491 1113 possit.
1521 1046 1638 1115 viperae
1650 1062 1710 1098 mas
1721 1055 1804 1114 capnt
1820 1048 1918 1099 inserit
1930 1051 1955 1098 in
1967 1064 2010 1110 os,

1207 1120 1280 1188 quod
1291 1120 1341 1170 illa
1351 1116 1463 1169 abrodit
1472 1117 1626 1183 voluptatis
1641 1115 1796 1168 dulcedine.
1820 1117 2009 1170 ‘terrestrium

1207 1188 1303 1242 eadem
1314 1187 1376 1239 sola
1386 1187 1459 1238 intra
1469 1202 1500 1237 se
1511 1186 1583 1252 parit
1598 1201 1651 1237 ora
1662 1186 1741 1237 unius
1752 1186 1854 1238 coloris
1866 1194 1895 1239 et
1906 1188 2010 1251 mollia,

1206 1266 1238 1310 ut
1249 1259 1346 1325 pisces.
1373 1256 1473 1306 Tertia
1483 1256 1528 1307 die
1540 1257 1614 1306 intra
1626 1264 1734 1306 uterum
1746 1256 1856 1309 catulos
1870 1255 2008 1321 excludit,
2064 1240 2074 1265 ’

1207 1328 1307 1380 deinde
1316 1325 1442 1392 singulos
1453 1325 1570 1392 singolis
1578 1325 1676 1376 (liebus
1689 1327 1773 1391 parit,
1784 1325 1883 1393 viginti
1891 1327 1949 1378 lere
1961 1342 2010 1377 nu·

1207 1412 1293 1448 mero.
1313 1397 1409 1460 ltaque
1421 1400 1531 1446 ceterae
1543 1394 1686 1446 tarditatis
1694 1395 2009 1461 impatienteaperrum·

1208 1474 1277 1533 pnrrt
1288 1466 1387 1526 latera,
1407 1463 1497 1514 occiso
1508 1470 1631 1528 parente.
1661 1465 1777 1517 Ceterae
1787 1472 1931 1530 serpentes
1942 1479 2008 1515 con·

1208 1543 1286 1588 texta
1297 1549 1350 1585 ora
1361 1533 1390 1583 in
1402 1540 1479 1584 terra
1498 1533 1640 1592 irrcnhant,
1662 1540 1690 1582 et
1702 1532 1807 1583 loetum
1819 1540 1952 1600 sequente
1963 1549 2009 1587 cx·

1207 1605 1323 1656 cludant
1333 1617 1414 1655 anuo.
1434 1601 1576 1653 Crocodili
1587 1600 1693 1652 vicibus
1705 1602 1846 1663 iactabant,
1858 1618 1916 1654 roras
1928 1610 1956 1653 et
1969 1602 2008 1655 ie·

1208 1674 1292 1724 urina.
1321 1671 1376 1725 Sed
1385 1671 1556 1737 reliquorum
1568 1685 1676 1737 quoque
1688 1671 1861 1723 terrestrium
1872 1672 2007 1725 reddatur

1226 1742 1358 1795 enecatio.

1207 1759 1396 1864 gLllllillll.
1424 1811 1559 1879 Bipedum
1581 1810 1658 1863 solus
1679 1809 1761 1862 homo
1781 1808 1884 1863 animal
1908 1811 2009 1879 gignit.

1207 1881 1325 1933 llomini
1337 1887 1444 1931 tantum
1463 1881 1546 1948 prinrl
1559 1882 1647 1931 coitus
1659 1876 1840 1947 poenitentia,
1860 1881 2010 1947 angurium

1208 1951 1315 2002 scilieet
1327 1950 1401 2002 ritae
1412 1966 1430 2001 a
1441 1951 1609 2018 poenitenda
1618 1950 1733 2017 origine.
1769 1949 1876 2002 Ceteris
1887 1950 2011 2001 animali·

1208 2019 1260 2070 bus
1271 2019 1338 2070 stati
1350 2034 1399 2085 per
1410 2026 1537 2084 tempora
1554 2020 1619 2070 anni
1635 2020 1812 2071 concubitus:
1837 2017 1941 2069 honrini
1960 2016 2010 2139 gn

1209 2088 1312 2139 dictum
1325 2092 1380 2150 est)
1392 2089 1519 2140 omnibus
1530 2086 1604 2139 horis
1619 2088 1724 2139 dicrum
1736 2089 1923 2154 noctiumque.
1983 2105 2009 2139 e·

1209 2160 1276 2209 teris
1287 2160 1404 2209 satietas
1415 2158 1443 2208 in
1456 2157 1541 2219 coito,
1553 2156 1656 2208 homini
1670 2171 1754 2224 prope
1767 2156 1853 2209 nulla
1883 2157 2009 2208 Messali-

1209 2242 1246 2277 na
1256 2226 1365 2278 Claudii
1377 2228 1503 2280 Caesaris
1515 2228 1626 2289 coniux,
1635 2226 1763 2292 ‚regalem
1778 2227 1940 2277 existimans
1953 2228 2009 2293 pal-

1209 2310 1291 2359 arans,
1303 2295 1390 2363 elegit
1401 2295 1469 2346 inid
1481 2302 1623 2347 certamen
1634 2295 1834 2346 nobilissimam
1847 2311 1863 2346 e
1875 2298 2007 2360 prostitu-

1209 2366 1246 2417 tis
1258 2364 1387 2416 ancillam
1398 2366 1586 2417 mercenariae
1598 2365 1688 2430 stipis,
1700 2378 1814 2431 canique
1827 2374 1907 2417 nocte
1918 2380 1950 2415 ac
1962 2364 2009 2416 die

1208 2435 1359 2500 superarit,
1380 2434 1477 2500 quinto
1498 2449 1531 2484 ac
1543 2436 1672 2485 vicesimo
1685 2435 1844 2486 concubitu.
1879 2435 1908 2485 ln
1920 2434 2008 2484 homi·

1209 2519 1272 2554 num
1285 2517 1387 2569 genere
1399 2503 1520 2554 maribus
1531 2502 1699 2554 diverticula
1708 2504 1826 2556 Veneris
1842 2504 2009 2569 excogitata,

1209 2572 1304 2623 omnia
1314 2572 1420 2625 scelere
1432 2580 1561 2625 naturae:
1576 2571 1688 2624 leoninis
1699 2587 1765 2624 vero
1777 2574 1898 2624 abortus.
1916 2572 2009 2633 (israu-

1208 2647 1266 2692 tum
1289 2641 1316 2692 in
1337 2640 1391 2693 hac
1406 2649 1485 2708 parte
1495 2641 1584 2694 nrulto
1596 2642 1773 2693 nocentiores
1784 2656 1865 2713 quarn
1876 2639 1952 2693 ferae
1962 2655 2008 2690 su·

1209 2711 1285 2762 nrusl
1304 2709 1388 2761 Viros
1399 2711 1540 2764 aridmres
1551 2711 1668 2765 Veneris
1679 2709 1779 2775 hieme,
1790 2711 1907 2765 leoninas
1916 2715 2008 2762 aesta·

1209 2788 1246 2841 te,
1260 2779 1403 2832 Hesiodus
1414 2781 1546 2846 prodidit.

1243 2851 1338 2900 Cottas
1349 2852 1454 2901 aversis
1464 2848 1631 2915 elephantis,
1653 2849 1775 2911 camelis,
1786 2850 1915 2918 tigribus,
1925 2847 2010 2915 lynci·

1208 2917 1268 2978 bus,
1288 2917 1468 2979 rhinoceroti,
1490 2918 1577 2980 leoni,
1588 2917 1733 2984 dasypodi,
1745 2920 1889 2981 ouuiculis,
1909 2918 2009 2986 quibus

1208 3000 1307 3037 aversa
1318 2985 1462 3051 genitalia.
1492 2986 1598 3037 Canreli
1615 2986 1699 3036 etiarn
1711 2986 1886 3049 solitudines,
1907 2993 1955 3039 ant
1966 3002 2011 3038 se·

1207 3059 1284 3104 creta
1293 3059 1367 3102 certe
1379 3058 1488 3116 petunt:
1507 3068 1594 3119 neque
1604 3053 1774 3104 intervenire
1785 3053 1869 3104 datur
1879 3056 1938 3108 sine
1949 3071 2011 3123 per·

1207 3120 1287 3171 niele.
1315 3119 1412 3170 Coitus
1429 3118 1560 3171 totadie:
1580 3118 1668 3172 ethis
1687 3126 1795 3171 tantum
1816 3137 1851 3173 ex
1872 3124 2012 3186 omuibus,

1207 3188 1307 3257 quibus
1317 3187 1409 3238 solida
1424 3187 1538 3254 ungula.
1574 3188 1606 3240 ln
1618 3187 1827 3256 quadrupedum
1838 3205 1938 3257 genere
1950 3208 2009 3244 nra-

1207 3272 1251 3308 res
1263 3253 1385 3307 ollactus
1397 3257 1531 3310 accendit.
1559 3257 1731 3310 Avertantur
1747 3266 1776 3311 et
1788 3275 1879 3323 caries,
1896 3259 2010 3328 phocae,

1207 3326 1275 3392 lupi,
1296 3326 1325 3375 in
1340 3326 1486 3394 medioque
1497 3327 1584 3393 coitu,
1605 3328 1740 3394 invitique
1752 3328 1838 3381 etiarn
1848 3327 2008 3383 cohaerent

1207 3395 1300 3461 Supra
1316 3395 1456 3449 dictrrrum
1473 3396 1614 3465 plerisque
1634 3397 1753 3449 feurinae
1764 3401 1871 3465 priores
1881 3414 2010 3466 superre-

1206 3467 1293 3526 niunt,
1313 3465 1540 3532 reliqnisrnares.
1578 3466 1640 3517 Ursi
1662 3473 1765 3530 autem,
1783 3474 1815 3518 ut
1832 3467 1933 3520 dictum
1955 3477 2009 3531 est,

1208 3532 1368 3584 hunraoitus
1389 3537 1481 3592 strati,
1502 3533 1642 3588 herinacei
1666 3542 1774 3587 stantes
1796 3538 1877 3588 ambo
1894 3538 2009 3589 interae

1207 3602 1358 3668 complexi:
1371 3601 1439 3654 leles
1450 3618 1526 3654 mare
1537 3610 1640 3665 stante,
1653 3603 1757 3654 lentina
1765 3604 1936 3656 subiacente:
1948 3607 2008 3656 rul-

1207 3685 1255 3737 pes
1266 3670 1295 3720 in
1308 3670 1398 3722 latera
1409 3674 1568 3736 proiectae,
1586 3687 1747 3740 maremque
1757 3671 1861 3726 femina
1870 3675 2007 3740 auspican.

1206 3742 1360 3791 'l'surorum
1376 3753 1575 3807 cervorumque
1593 3739 1715 3793 festinae
1731 3741 1786 3792 vim
1805 3759 1859 3794 non
1871 3744 2006 3795 tolerant:

1206 3807 1284 3861 eade
1299 3822 1384 3859 causa
1403 3806 1599 3874 ingrediuntur
1609 3809 1637 3860 in
1656 3817 1800 3878 conceptu.
1837 3813 1916 3864 Cerri
1927 3813 2007 3864 sicis·

1206 3877 1257 3928 sim
1269 3875 1304 3926 ad
1313 3876 1384 3928 alias
1396 3883 1551 3940 transeunt,
1563 3883 1590 3930 et
1599 3878 1633 3931 ad
1645 3882 1752 3945 priores
1762 3879 1886 3933 redeunt.
1905 3880 2006 3933 Lacer-

1205 3952 1261 4007 tae,
1271 3950 1302 3995 at
1312 3959 1428 4011 eaquae
1438 3945 1497 3998 sinc
1508 3946 1627 4013 pedibus
1637 3954 1711 4012 suat,
1721 3951 1909 4018 circumplexo
1920 3951 2007 4003 Vene·

1205 4027 1384 4066 remnorere.

1240 4085 1342 4135 Omnia
1362 4083 1496 4137 animalia
1512 4102 1568 4154 qno
1579 4088 1689 4141 maiora
1699 4102 1825 4156 corpore,
1846 4085 1899 4140 hoc
1915 4088 2006 4138 nriaus

1205 4150 1345 4205 foecunda
1362 4159 1434 4204 sunt.
1459 4153 1589 4223 Singulos
1601 4158 1719 4226 gignunt
1730 4157 1880 4226 elephanti,
1895 4156 2005 4217 carneli,

1206 4222 1284 4288 equi:
1299 4222 1425 4274 acanthis
1436 4222 1588 4288 duodenos,
1600 4229 1660 4278 aris
1672 4228 1795 4280 minima.
1814 4220 1948 4279 Oclssirn'e
1960 4239 2008 4293 pa·

1205 4292 1290 4354 liunt,
1313 4306 1383 4359 qnae
1399 4293 1536 4359 plurimps
1555 4296 1683 4363 gignunt.
1719 4296 1780 4358 (luo
1792 4296 1880 4348 maius
1892 4302 1935 4348 est
1946 4297 2004 4347 ani·

1205 4360 1269 4423 urai,
1291 4366 1369 4413 tanto
1386 4360 1490 4414 diutius
1512 4364 1650 4418 iuraretur
1665 4367 1694 4416 ia
1705 4372 1795 4419 utero.
1832 4364 1945 4441 Diutius
1956 4380 2005 4433 ge·

1204 4436 1323 4492 staretur,
1346 4430 1446 4499 quibus
1467 4433 1597 4500 longiora
1613 4442 1678 4487 sunt
1696 4435 1770 4488 ritae
1780 4433 1879 4500 spatia.
1907 4432 2006 4501 Neque

1204 4499 1386 4551 crescentium
1399 4504 1565 4569 tempestiva
1575 4503 1609 4554 ad
1620 4503 1808 4570 generandum
1821 4506 1906 4551 aetas.
1926 4504 2005 4564 Quae

1203 4567 1310 4619 solidas
1322 4568 1425 4622 habent
1436 4572 1564 4639 ungulas,
1580 4573 1718 4639 singulos:
1742 4584 1812 4636 quae.
1823 4566 1955 4629 bisulcas,
1977 4580 2006 4623 et

1204 4639 1329 4700 geminos
1341 4638 1460 4703 pariunt.
1497 4639 1619 4701 Quarum
1635 4640 1663 4689 io
1673 4638 1778 4704 digitos
1789 4636 1890 4756 pedum
1903 4636 2005 4693 fissura

1204 4704 1295 4755 dirisa
1306 4713 1356 4767 est,
1376 4720 1409 4755 ea
1420 4706 1614 4757 numerosiora
1625 4707 1654 4756 in
1666 4706 1754 4757 foetu.
1810 4703 1844 4755 ed
1857 4709 2005 4773 superiora

1203 4773 1296 4824 omnia
1305 4774 1443 4839 periectos
1453 4772 1538 4824 edunt
1549 4780 1653 4840 partus,
1663 4772 1731 4825 haec
1742 4773 1900 4826 inchoatos:
1910 4775 1937 4826 in
1949 4793 2004 4844 quo

1203 4848 1267 4891 sunt
1279 4855 1380 4908 genere
1391 4842 1514 4903 leaenae,
1526 4858 1617 4903 ursae,
1628 4848 1655 4895 et
1664 4842 1761 4910 vulpes
1771 4842 1906 4895 informia
1917 4847 2003 4898 etiam

1203 4910 1302 4975 magis,
1313 4923 1393 4974 quam
1408 4909 1576 4975 supradicta,
1588 4911 1675 4977 parit:
1695 4927 1844 4980 rarumque
1854 4919 1896 4965 est
1907 4914 2003 4967 videre

1203 4977 1366 5044 parientem.
1414 4976 1516 5030 Postea
1545 4979 1692 5033 lambendo
1720 4981 1890 5047 calefaciunt
1909 4981 2004 5035 foetus

1202 5045 1295 5097 omnia
1306 5060 1347 5106 ea,
1359 5046 1529 5112 attigerant.
1555 5047 1671 5100 Pariunt
1684 5049 1830 5116 plurimum
1843 5057 2002 5117 quaternos.

1237 5116 2002 5187 Caecosauterngignuutcanes,lupi‚pantherae,th0es

1203 5183 1306 5236 Canum
1317 5182 1398 5250 plura
1410 5197 1523 5250 genera.
1539 5186 1696 5241 Laconicae
1706 5196 1907 5243 oetaramense
1917 5192 2004 5243 utrin·
2039 5214 2044 5220 ·

1203 5266 1255 5317 que
1265 5258 1407 5319 generant.
1426 5254 1531 5306 Ferunt
1541 5259 1688 5324 sexaginta
1698 5258 1842 5322 diebus,et
1851 5258 2002 5327 plurimum

1201 5319 1298 5372 tribus.
1318 5321 1433 5373 Ceterae
1445 5337 1528 5375 canes
1539 5331 1567 5376 et
1577 5336 1724 5387 semestres
1735 5329 1839 5380 coitum
1850 5331 2003 5396 patiuntur.

1201 5389 1353 5456 implentur
1365 5404 1460 5442 omnes
1472 5407 1526 5446 uno
1540 5393 1623 5445 coitu.
1650 5395 1729 5457 Quae
1740 5404 1804 5451 onte
1815 5400 1918 5450 iustum
1930 5401 2001 5448 tem·

1202 5473 1253 5525 pus
1274 5471 1436 5524 concepere,
1457 5459 1562 5515 diutius
1584 5478 1681 5518 caecus
1701 5464 1931 5529 habentcatolos,
1951 5480 2003 5519 nec

1203 5541 1300 5580 omnes
1312 5526 1430 5580 totidem
1443 5528 1548 5584 diebus.
1573 5532 1778 5590 Existimanrur
1788 5538 1817 5588 in
1828 5537 1907 5591 anina
1916 5535 2001 5587 attol-
