4368 6008
297 333 331 394 a.
366 330 518 392 rnrnrr
552 325 762 388 secunus
796 329 959 389 aaron
993 330 1716 398 ursroaara.xx1ncor.an-ta
1779 341 1842 403 ste
1903 358 1913 375 ·

186 481 370 555 mumque
389 476 794 549 pairlnonrntorosrestieas.
830 477 896 532 Deo
907 488 991 546 gene·

162 566 221 608 tra
231 555 293 607 eius
304 560 386 613 sunt,
409 550 566 607 aculeatum
577 556 606 601 et
616 549 755 616 crispum,
776 548 851 617 quod
862 550 990 604 merium

188 691 426 761 melamphyiium.
447 692 540 743 liuius
551 689 660 741 radices
668 689 742 741 ustis
750 688 910 758 luxatisque
921 690 991 744 mire

188 770 319 833 prosunt:
338 763 408 815 item
419 762 520 828 ruptis,
530 757 682 821 convulsis,
692 764 722 811 et
733 758 855 824 phthisin
866 766 990 813 metuen-

105 872 125 879 -
188 834 265 885 tibus
273 833 401 884 incoctas
412 832 483 893 cibo,
494 829 613 882 nonime
622 830 742 895 ptisana.
776 829 913 899 Podagris
924 844 991 901 quo·

190 917 242 971 que
250 900 399 955 illinuntur
409 901 495 953 tritae
508 906 536 952 et
547 896 705 951 adolanae
715 898 822 951 calidis.

179 974 191 1025 i
223 970 339 1024 XXXV.
357 970 518 1038 Bnpieurou
534 970 564 1021 in
581 975 682 1035 sponte
696 971 869 1022 ausentium
881 969 988 1022 olemrn

187 1055 303 1095 numero
314 1039 416 1094 Graeci
427 1039 552 1104 habent,
564 1038 643 1090 ceule
653 1038 784 1100 cubitali,
804 1038 883 1090 loliis
892 1038 989 1089 nruitis

186 1111 343 1181 longisque,
366 1111 458 1178 capite
469 1108 574 1171 anethi,
595 1107 738 1161 laudatum
751 1108 861 1161 lucinis
872 1109 907 1160 ab
918 1108 989 1175 liip-

187 1189 316 1249 pocrste:
332 1182 361 1232 iu
372 1179 512 1235 medicina
524 1194 541 1231 n
552 1177 705 1239 Glaucone,
718 1186 747 1231 et
755 1177 907 1231 Nicandro.
943 1178 990 1230 Se·

188 1265 254 1303 men
265 1257 363 1303 contra
371 1255 514 1318 serpentes
525 1249 611 1300 ualet.
649 1248 733 1300 Folia
744 1248 779 1300 ad
800 1247 988 1301 secundarie·

186 1321 335 1381 minarum,
347 1320 392 1373 rel
402 1334 513 1371 succum
525 1334 560 1372 aa
571 1321 636 1372 rino
647 1319 774 1371 illinuntr
784 1324 813 1371 et
824 1318 939 1370 strumis
949 1316 990 1368 io·

185 1390 226 1441 iia
238 1405 298 1441 cunr
311 1390 371 1442 sale
382 1396 411 1441 et
421 1390 497 1440 rino.
533 1388 625 1442 Radix
636 1397 736 1443 contra
751 1395 896 1458 serpentes
906 1387 990 1441 datur

111 1498 116 1511 .
173 1459 214 1509 ·in
226 1459 299 1520 rino,
311 1466 340 1510 et
349 1459 446 1511 urinae
458 1457 581 1511 ciendae.

79 1530 97 1547 ·'
129 1526 187 1547 '⁰⁴'
222 1527 350 1579 xxxvi.
367 1528 524 1595 ilnprestim
536 1540 638 1594 aragne
648 1527 837 1580 inconstantia
846 1526 948 1579 Graeci
959 1526 989 1578 in

49 1604 55 1615 ·
74 1588 127 1607 ''¹'
152 1596 156 1603 '
183 1596 317 1648 laudibus
327 1597 452 1650 ciborum
466 1597 551 1650 etism
563 1594 700 1649 habuerer
716 1598 854 1665 iidemque
865 1596 989 1650 mutelli&

185 1674 323 1732 tanquam
345 1674 442 1719 contra
461 1680 595 1721 venenum
618 1666 808 1733 prodiderunt.
844 1666 881 1718 iit
898 1668 988 1734 ipsum

184 1749 288 1789 nomen
307 1735 412 1788 indicio
431 1743 474 1789 est
489 1738 572 1789 boum
589 1742 667 1788 certe
682 1750 817 1789 uenenum
828 1750 899 1799 esse,
920 1749 989 1803 quos

186 1804 311 1871 dissilire
323 1805 473 1874 degustata
484 1804 616 1858 latentur.
641 1806 819 1872 Quapropter
830 1819 881 1858 nec
892 1806 926 1858 de
937 1803 989 1857 hac

185 1874 269 1941 plura
279 1873 410 1927 dicemus.
447 1876 498 1927 Est
510 1888 575 1927 rero
587 1889 679 1937 caasa,
697 1889 784 1942 quare
796 1890 900 1929 uenena
910 1888 988 1927 mon·

184 1948 307 1996 strenus
318 1945 392 1995 inter
402 1945 559 2011 grunnineas
571 1958 698 2007 coronas,
721 1945 776 1996 nisi
787 1944 913 1996 libidinis
924 1958 988 1996 cau·

184 2028 219 2065 sa
230 2012 386 2080 expetenda
400 2014 485 2067 alicui
495 2013 619 2078 ridetur,
639 2030 721 2083 quam
737 2029 794 2068 non
806 2015 890 2068 aliter
900 2013 989 2083 magis

185 2083 302 2134 accendi
314 2089 420 2150 putant,
431 2098 514 2152 qurum
527 2092 594 2151 pota
604 2099 645 2137 ea.

222 2150 361 2205 xxxvii.
381 2153 595 2222 Elapheboscon
606 2154 774 2208 ferulaceum
787 2159 838 2217 est,
851 2153 991 2221 genicula·

185 2228 247 2273 tum
259 2222 340 2290 digiti
352 2223 546 2288 crassitudine,
564 2226 670 2277 semine
682 2226 824 2293 corymbis
836 2223 991 2291 dependen-

184 2291 272 2354 tibus,
283 2293 344 2343 silis
356 2293 457 2361 effigie,
468 2295 517 2346 sed
529 2309 584 2346 non
594 2295 707 2357 amaris,
719 2294 795 2345 iuliis
807 2293 941 2345 olusatri:
962 2300 991 2345 et

186 2360 240 2429 hoc
252 2360 395 2415 laudatum
408 2367 435 2415 in
447 2364 525 2418 cibis.
557 2365 666 2431 Quippe
679 2364 763 2416 etiam
775 2364 916 2416 conditum
927 2375 991 2428 pro·

184 2428 306 2498 rogator
326 2431 363 2484 ad
384 2435 493 2484 urinam
505 2432 639 2494 ciendenr,
660 2430 1002 2491 tarensdoioressedan

185 2500 249 2564 dos,
263 2515 295 2552 ru
317 2508 354 2563 ta,
377 2501 651 2563 convulsasananda,
666 2502 826 2553 inflationes
838 2500 989 2552 discutien-

186 2568 248 2633 das,
261 2516 370 2632 cohque
381 2575 530 2620 tormenta.
556 2570 659 2617 Contra
669 2570 839 2633 serpentium
852 2568 989 2620 omnium·

186 2654 242 2705 que
254 2637 445 2687 aculeatorum
457 2635 538 2685 ictus.
558 2636 666 2701 Quippe
676 2634 753 2687 lame
762 2643 815 2699 est,
826 2635 877 2689 hoc
888 2638 990 2705 pabulo

187 2718 286 2758 ceruos
299 2704 430 2756 resistere
441 2704 628 2771 serpentibus.
648 2703 774 2756 Fistoias
785 2721 898 2773 quoque
909 2705 991 2758 radix

183 2775 263 2827 uitro
275 2772 372 2825 addito
384 2772 460 2826 illita
470 2779 560 2827 sanat.
576 2773 711 2826 siccanda
722 2780 814 2825 autem
826 2777 853 2825 in
865 2790 914 2824 ens
925 2790 990 2826 usus

182 2844 333 2912 primast,
355 2857 388 2895 ne
400 2858 484 2896 succo
497 2859 549 2896 suo
564 2843 688 2907 madeat,
711 2844 759 2910 qui
769 2848 868 2896 contra
878 2855 989 2910 serpen·

180 2914 256 2965 tium
266 2910 339 2964 ictus
351 2911 490 2965 faciteam
503 2914 681 2966 deteriorem.

181 2998 185 3009 '
222 2996 377 3052 xxxviii.
406 2997 528 3051 scandix
551 3012 659 3066 quoque
680 2997 708 3049 in
733 2997 809 3050 olere
831 2995 991 3049 silvestria

183 3070 303 3123 Graecis
322 3068 446 3134 ponitur,
466 3075 498 3118 ut
509 3070 602 3133 ilpion
618 3073 647 3119 et
657 3067 849 3120 Erasistratus
866 3066 990 3120 tradunt.

182 3140 257 3195 ltem
268 3139 384 3190 decocta
395 3137 486 3189 aluum
499 3137 584 3188 sistit.
622 3136 733 3190 Semine
748 3137 886 3205 singultus
897 3135 990 3188 conle-

183 3210 251 3263 stim
264 3223 297 3260 ex
308 3214 388 3259 aceto
400 3204 489 3260 sedat.
526 3206 650 3258 illinitur
661 3208 805 3269 ambustis,
816 3209 913 3258 urinas
926 3206 989 3260 ciet.

182 3278 329 3332 llecoctae
340 3291 439 3327 succus
451 3276 565 3342 prodest
574 3275 728 3340 stomacho,
735 3277 860 3338 iocineri,
867 3277 990 3340 renibus,

161 3338 306 3401 'uesicae
335 3348 412 3397 liaeo
423 3352 475 3407 est,
486 3360 567 3413 quam
578 3345 778 3414 Aristophanes
789 3344 915 3414 Euripidi
927 3361 989 3414 poe·

183 3424 234 3470 tae
247 3415 345 3468 obiicit
356 3414 534 3476 ioculariter,
554 3420 670 3467 matrem
683 3416 742 3467 eius
761 3431 796 3467 ne
807 3418 868 3467 olus
880 3416 989 3482 quidem

182 3487 341 3555 legitimum
354 3483 521 3548 venditasse,
532 3481 581 3535 sed
592 3483 757 3537 scandicem.

133 3550 156 3583 ³*
177 3562 194 3609 ⁴.
222 3554 326 3608 Eadem
339 3561 399 3605 erat
410 3551 577 3614 anthriscus,
594 3554 618 3604 si
631 3554 760 3607 tenuiora
770 3552 842 3606 iolla
852 3558 880 3606 et
890 3554 990 3607 odoru-

184 3625 262 3678 tiora
280 3621 404 3678 haberet.
442 3622 597 3676 Pecuiiaris
617 3624 677 3675 inus
693 3626 764 3687 eius,
783 3620 856 3691 quod
868 3622 990 3692 fatigato

184 3695 297 3749 Venere
318 3693 431 3759 corpori
447 3692 594 3755 succurrit,
614 3702 825 3759 marcentesque
841 3694 918 3746 senio
935 3695 988 3746 iam

187 3766 281 3817 coitus
294 3765 404 3815 excitat.
442 3761 524 3815 Sistit
534 3762 670 3829 proilurla
679 3761 744 3816 alba
754 3761 929 3816 taurinorum.

162 3876 178 3889 ι
222 3847 352 3902 xxxix.
370 3848 408 3900 Et
419 3847 526 3915 lesione
538 3846 878 3910 niossihesrrehabemr,
893 3849 923 3900 in
934 3856 990 3902 ter·

186 3935 221 3973 ra
230 3932 339 3984 repens,
360 3932 421 3969 cum
433 3916 508 3970 lacte
521 3917 623 3969 multo:
647 3918 743 3971 linirem
760 3917 817 3971 lert
828 3919 988 3971 ceudidnmr

186 3987 336 4042 concilium
348 3993 459 4039 vocant.
487 3986 524 4037 iit
536 3987 619 4039 huius
629 3987 725 4040 eadem
736 3989 942 4041 coniurendatio
953 3987 989 4039 sd

184 4056 370 4111 stimulandos
389 4057 489 4110 coitus.
526 4056 619 4107 Cruda
633 4072 666 4108 ea
685 4059 988 4118 acetoinoibosomta,

183 4127 352 4181 mulieribus
365 4127 446 4177 iactis
457 4126 611 4177 ubertatem
624 4134 759 4190 praestat.
795 4125 935 4177 Salutaris
946 4136 990 4176 est

184 4196 319 4263 phthisim
329 4195 526 4247 sentientibus.
543 4193 696 4245 infantium
708 4195 795 4260 capiti
806 4193 889 4255 illitu,
900 4194 990 4244 nutrit

75 4280 80 4289 ·
185 4265 331 4333 capillum,
342 4262 570 4326 tenacioremque
581 4262 641 4313 eius
651 4270 744 4313 cutem
755 4260 847 4313 ellioil.

220 4351 282 4403 xl..
301 4351 387 4401 iistur
411 4353 440 4397 et
460 4343 596 4406 caumlis,
615 4344 757 4395 ioenicuio
775 4343 887 4406 similis,
910 4344 988 4395 breti

183 4421 278 4482 caule,
290 4418 359 4469 tiore
369 4413 585 4474 mantoncourt
596 4413 683 4464 utilis.
695 4412 798 4463 Soccus
808 4426 917 4479 quoque
928 4412 989 4464 eius

73 4480 83 4491 ⁸
181 4490 300 4548 bibitur,
310 4482 455 4536 stomacho
467 4495 602 4548 perquem
613 4481 830 4545 commendatus,
841 4488 871 4535 et
880 4483 988 4546 urinae,

183 4557 359 4623 calculisque
370 4560 398 4606 et
408 4552 500 4604 arenis
511 4549 657 4617 pellendis,
664 4558 693 4603 et
703 4552 812 4605 sesiam
823 4552 987 4619 pruritibus.

185 4631 329 4682 Extenuat
339 4630 368 4676 et
380 4621 471 4683 lienis,
481 4621 623 4682 iocineris,
634 4636 786 4689 renumque
798 4622 922 4688 pituitas.
939 4622 988 4675 Se·

183 4714 250 4753 men
269 4708 378 4748 menses
396 4692 558 4745 feminarum
578 4690 701 4754 adiurat,
721 4691 860 4760 bilemque
878 4700 987 4760 apertu

184 4773 283 4821 siccat.
319 4764 410 4816 Datur
428 4766 459 4813 et
473 4767 572 4813 contra
591 4761 727 4827 proiiuria
745 4763 891 4831 geniturae
911 4762 986 4814 viris.

185 4838 358 4903 chrysippus
377 4839 408 4886 et
427 4830 655 4899 conceptionibus
676 4847 737 4884 eam
762 4838 842 4898 putat
860 4831 987 4885 conterre

185 4906 319 4958 multum:
340 4904 447 4956 bibitur
457 4904 483 4953 ln
495 4902 560 4953 rino
570 4902 680 4953 ieiunis.
718 4901 840 4953 illinitur
849 4911 880 4953 et
889 4910 987 4954 eontra

184 4990 294 5028 senene
313 4975 492 5036 marinorum,
511 4974 585 5024 sicut
596 4969 741 5024 Petrichus
757 4972 786 5023 iu
802 4972 925 5025 carmine
934 4987 986 5025 suo

187 5044 336 5113 significat.

221 5128 295 5182 XLi.
311 5128 364 5180 iiis
375 5126 557 5182 adnumerant
567 5132 597 5179 et
607 5127 681 5191 sion,
692 5126 781 5180 iatius
791 5125 863 5194 apio,
875 5128 903 5178 in
915 5140 988 5196 aqua

186 5212 312 5261 nascens,
322 5197 640 5266 pinguiusynlgriusque,
661 5199 803 5265 copiosum
816 5198 930 5260 semine,
942 5212 986 5249 so·

208 5282 255 5320 ore
268 5267 407 5319 nasturtii.
426 5265 543 5318 l‘rodcst
554 5269 649 5331 urinis,
661 5268 784 5329 renibus,
798 5266 924 5327 lienibus,
931 5280 988 5317 nru-

201 5340 343 5457 lemmppue
354 5335 504 5395 mensibus,
525 5338 584 5387 sire
594 5338 684 5404 ipsum
695 5339 722 5388 in
734 5337 796 5388 cibo
808 5342 938 5396 sumtum,
950 5335 987 5385 si·

187 5422 220 5460 *Ὅ
232 5409 275 5459 itte
307 5406 409 5463 emuli.
430 5404 490 5454 siue
501 5418 594 5457 semen
616 5423 631 5458 e
643 5408 709 5457 rino
720 5404 860 5459 drachmis
872 5403 987 5455 duabus.

184 5475 315 5529 calculos
328 5472 439 5541 rutiliiib
451 5472 582 5539 aquisque
593 5488 663 5541 quae
674 5476 793 5545 gignunt
803 5489 860 5526 ens.
872 5474 987 5520 resistit.

185 5543 380 5612 llyseuterieis
392 5539 506 5610 prodest
514 5539 646 5597 inlusum.
658 5546 727 5598 ltem
740 5545 824 5597 illitur

184 5620 214 5666 et
225 5614 374 5666 mulierum
386 5609 463 5662 vitiis
474 5608 501 5662 in
513 5607 584 5663 iacie
595 5622 679 5667 noctu
692 5613 808 5677 illitum,

224 5682 321 5737 Patr.
340 5681 438 5736 ilrsr.
457 5693 584 5736 neuun.

1037 4908 1175 4975 'immenso
1188 4917 1316 4985 exemplo
1328 4918 1355 4968 in
1366 4917 1498 4970 crimene

1044 496 1098 550 que
1117 485 1211 536 mmm
1230 481 1369 549 emendet,
1380 490 1418 538 ut
1436 485 1555 541 ramices
1575 486 1653 551 teuit,
1674 494 1704 541 et
1722 487 1848 543 stabim
1938 552 1946 567 ι

1043 566 1189 620 equorum.

159 624 308 697 peltarum
328 618 514 689 incensioni
532 619 620 686 aliqui
640 618 794 686 paederota
807 625 918 683 vocent,
939 620 991 673 alii
1037 622 1166 674 exiiii.
1183 620 1320 689 Siiybum,
1331 621 1522 677 &cunboni
1532 623 1598 676 albo
1609 626 1740 687 similem,
1756 642 1843 694 aeque

1043 691 1193 758 spinosam,
1204 706 1239 743 ne
1250 693 1277 742 in
1289 692 1387 745 Cilicia
1396 694 1518 761 quidem,
1529 701 1578 746 aut
1588 693 1681 761 Syria,
1692 704 1741 749 sut
1751 696 1842 750 Phoe·

1042 763 1113 824 nice,
1127 761 1176 813 ubi
1186 761 1317 824 aucitm,
1323 776 1443 828 coquere
1454 763 1526 816 tanti
1536 770 1590 816 est:
1603 766 1643 816 ita
1653 779 1773 831 operosa
1782 767 1842 819 eius

1043 830 1135 881 crriina
1145 829 1274 881 traditur.
1311 832 1342 882 in
1352 832 1490 886 medicina
1503 833 1612 884 nullum
1624 848 1703 885 nsum
1714 833 1807 889 hebet.

1077 898 1177 951 libili.
1195 897 1348 966 Scolyurca
1366 915 1475 969 quoque
1488 903 1518 953 in
1537 903 1615 956 cibos
1625 903 1724 970 recipit
1735 905 1843 969 Oriens,

1041 975 1070 1023 et
1081 970 1137 1021 aiio
1149 969 1262 1021 nomine
1273 969 1417 1031 limoniam
1436 972 1567 1037 appellat.
1604 973 1709 1025 Frutca
1719 980 1762 1026 est
1772 988 1842 1026 nun·

1042 1052 1123 1106 quam
1143 1039 1259 1091 cubitali
1277 1040 1371 1102 altior,
1394 1041 1542 1108 cristisque
1561 1041 1693 1093 loliorum
1704 1058 1737 1094 ac
1749 1043 1843 1097 radice

1041 1109 1133 1176 nigra,
1144 1108 1193 1162 sed
1204 1107 1292 1160 dulci:
1304 1108 1483 1162 Eratostheni
1494 1125 1602 1178 quoque
1612 1111 1727 1164 laudata
1738 1114 1766 1164 in
1778 1126 1844 1180 pau·

1041 1182 1116 1246 peris
1134 1193 1229 1231 coena.
1266 1177 1377 1231 lirinum
1389 1181 1465 1232 ciere
1482 1181 1630 1247 praecipue
1646 1181 1781 1234 traditur:
1800 1196 1843 1234 sa·

1041 1262 1108 1300 nare
1120 1246 1241 1303 lichenas
1252 1255 1280 1299 at
1292 1247 1385 1315 lepras
1393 1264 1427 1301 ex
1439 1257 1530 1301 aceto.
1548 1249 1685 1303 Venerem
1697 1251 1843 1305 stimulare

1041 1319 1070 1368 in
1081 1317 1155 1380 rino,
1176 1317 1304 1371 Hesiodo
1315 1325 1345 1373 et
1355 1318 1457 1389 Aioegp
1468 1319 1600 1373 testibus:
1621 1321 1670 1387 qui
1680 1318 1798 1385 liprente
1809 1335 1844 1373 ea

1042 1387 1153 1439 cicadas
1172 1386 1305 1441 acerrimi
1323 1386 1420 1440 cantos
1435 1404 1508 1453 esse,
1528 1394 1557 1441 et
1575 1389 1710 1443 mulieres
1721 1389 1843 1442 libidinis

1041 1456 1361 1524 ar·idissimas,rirosque
1371 1458 1398 1509 iu
1407 1460 1512 1510 coitum
1521 1459 1842 1527 pigerrimosscripsere,

1042 1526 1120 1578 uelut
1130 1527 1306 1594 prouidentia
1316 1535 1435 1580 naturae
1446 1527 1498 1580 hoe
1508 1527 1668 1581 adiumento
1678 1534 1744 1581 tunc
1754 1529 1847 1582 valen·

1041 1598 1159 1648 tissima.
1195 1596 1264 1649 item
1276 1598 1497 1665 graveolentiam
1507 1598 1615 1648 sianum
1627 1597 1757 1649 emendat
1769 1598 1844 1649 radi·

1043 1667 1084 1717 cis
1095 1665 1284 1719 emedullatae
1303 1667 1397 1731 uncia,
1418 1667 1445 1719 in
1462 1667 1520 1717 riui
1537 1665 1654 1718 Falerni
1668 1665 1787 1718 heminis
1797 1668 1846 1718 tri·

1042 1736 1094 1787 bus
1105 1736 1222 1789 decemo
1232 1735 1268 1788 ad
1279 1738 1388 1801 tertias,
1408 1743 1436 1789 et
1448 1751 1465 1788 a
1475 1735 1588 1789 balineo
1599 1736 1704 1799 ieiuno,
1725 1738 1847 1803 itemque

1041 1814 1107 1872 post
1119 1806 1211 1858 cibum
1223 1803 1335 1873 cyathis
1345 1806 1464 1874 singulis
1477 1811 1552 1873 pota.
1587 1805 1691 1856 Mirum
1703 1812 1755 1869 est,
1772 1804 1849 1874 quod

1043 1875 1217 1941 lienpcrates
1226 1875 1368 1945 promittit
1379 1875 1580 1945 experimento,
1600 1875 1697 1927 uitium
1709 1875 1738 1927 id
1750 1889 1784 1927 ex
1795 1873 1849 1927 alis

1044 1943 1470 2076 pegihlllilanb'lsefflftesancbos,
1486 2014 1531 2075 (ut
1548 2026 1629 2081 quern
1645 2011 1756 2066 Theseo
1774 2012 1848 2081 apud

1042 2080 1243 2137 caltiniachunr
1255 2090 1378 2152 apponat
1389 2082 1506 2147 ilecaie)
1523 2090 1653 2151 uterque,
1675 2082 1755 2136 nibus
1764 2090 1795 2135 et
1806 2082 1847 2133 ni-

1043 2168 1108 2222 ger:
1140 2153 1266 2206 lactucae
1287 2153 1394 2205 similes
1416 2153 1514 2215 ambo,
1536 2153 1590 2203 nisi
1610 2152 1715 2220 spinosi
1737 2154 1846 2205 emente

1044 2223 1124 2275 caule
1137 2224 1262 2287 cubitali,
1275 2223 1421 2291 anguloso,
1435 2223 1511 2273 intus
1521 2236 1601 2285 cavo,
1620 2221 1670 2274 sed
1682 2223 1728 2289 qui
1741 2222 1848 2274 tractus

1043 2294 1156 2359 copioso
1168 2292 1242 2344 lacte
1253 2300 1356 2344 nranet.
1390 2292 1485 2356 Albus,
1496 2293 1570 2359 quie
1581 2292 1653 2343 lacte
1664 2293 1748 2352 nitor,
1769 2291 1848 2342 utilis

1043 2361 1237 2429 orthopnoicis
1247 2361 1418 2414 lactucarum
1431 2362 1525 2424 modo,
1531 2376 1565 2413 ex
1576 2362 1771 2413 embammsto.
1781 2360 1849 2414 Era·

1043 2432 1175 2482 sistratus
1188 2431 1310 2482 calculos
1328 2445 1377 2498 per
1391 2429 1500 2482 urinam
1517 2430 1586 2498 peili
1604 2445 1637 2482 eo
1648 2434 1796 2491 monstrat,
1818 2434 1849 2483 et

1044 2499 1103 2551 oris
1114 2499 1335 2566 graveolentiam
1351 2498 1580 2553 commanducato
1592 2499 1706 2566 corrigi.
1743 2498 1849 2550 Saccus

1043 2569 1127 2619 triom
1140 2567 1307 2635 cyathorum
1320 2583 1458 2630 mensura,
1468 2570 1497 2618 in
1508 2570 1572 2618 rino
1582 2567 1646 2618 aibo
1657 2575 1686 2618 et
1698 2565 1763 2617 oleo
1773 2566 1847 2619 cnie-

1042 2637 1146 2700 lactus,
1166 2637 1281 2688 adiurat
1292 2644 1397 2704 partus,
1419 2636 1460 2687 ita
1470 2642 1501 2686 nt
1513 2652 1530 2688 a
1540 2643 1623 2702 partu
1633 2634 1775 2686 ambulent
1786 2648 1849 2702 gru·

1043 2706 1134 2757 vicine.
1171 2705 1262 2759 Datur
1274 2714 1303 2759 et
1313 2707 1341 2758 in
1350 2705 1512 2757 sorbitione.
1542 2707 1604 2770 ipse
1616 2703 1704 2754 caulis
1715 2703 1848 2755 decoctus

1043 2775 1112 2824 iacit
1123 2773 1207 2822 lectis
1219 2776 1417 2821 abundantiam
1429 2773 1593 2835 nutricibus,
1604 2770 1782 2839 coloremque
1793 2786 1848 2824 me·

1043 2830 1142 2893 liorem
1155 2839 1319 2892 infantium:
1340 2838 1504 2890 utilissimus
1523 2840 1573 2901 his,
1594 2852 1666 2906 quae
1678 2841 1782 2892 lacsibi
1793 2841 1849 2893 coi·

1042 2924 1075 2962 re
1086 2909 1219 2961 sentiant.
1256 2908 1411 2960 instillatur
1425 2909 1537 2962 nuribus
1555 2923 1663 2974 succus,
1685 2910 1848 2978 calidusque

1044 2982 1070 3031 in
1084 2976 1243 3047 stranguria
1252 2977 1360 3030 bibitur
1371 2976 1466 3046 cyathi
1477 2993 1615 3040 mensura,
1628 2986 1657 3031 et
1667 2979 1696 3030 in
1707 2978 1848 3034 stomachi

1042 3049 1202 3101 rosionibus
1212 3061 1275 3098 cum
1287 3050 1392 3100 semine
1404 3048 1735 3115 cucumeris,nuclelsqoe
1746 3049 1847 3117 pineis.

1043 3118 1166 3169 illinitur
1177 3122 1206 3170 et
1216 3116 1290 3169 sedis
1300 3117 1523 3169 collectionibus.
1558 3116 1673 3170 Bibitur
1682 3126 1781 3170 contra
1792 3134 1849 3171 ser·

1043 3195 1141 3255 pentes
1153 3186 1383 3253 scorpionesque:
1405 3186 1485 3238 radix
1496 3200 1561 3239 rero
1571 3186 1699 3240 illinitur.
1740 3187 1848 3242 Eadem

1043 3257 1195 3309 decoctain
1208 3256 1280 3318 oleo,
1301 3256 1396 3308 Punici
1415 3255 1482 3308 maii
1499 3257 1604 3324 calyce,
1625 3257 1732 3309 aurium
1742 3258 1847 3310 morbis

1042 3327 1213 3398 praesidium
1226 3333 1276 3379 est.
1312 3328 1391 3378 ilaec
1402 3327 1496 3377 omnia
1508 3340 1541 3378 ex
1554 3327 1628 3378 albo.
1664 3326 1847 3395 cleemporus

1043 3399 1124 3467 nigro
1141 3394 1273 3465 prohihet
1288 3395 1374 3457 vesci,
1394 3402 1425 3445 ut
1440 3395 1553 3447 morbos
1572 3395 1704 3460 iaciente,
1727 3396 1761 3447 dc
1780 3395 1847 3448 albo

1043 3467 1226 3520 consentiens.
1271 3463 1436 3533 Agathocles
1458 3467 1542 3518 etiam
1564 3470 1663 3516 eontra
1683 3467 1847 3533 sanguinem

1042 3536 1117 3589 tauri
1129 3528 1303 3587 demonstrat
1311 3549 1422 3585 succum
1434 3532 1504 3585 eius.
1540 3533 1793 3600 Reirigeratoriam
1805 3541 1847 3586 ta-

1044 3621 1107 3658 men
1116 3606 1171 3655 eim
1184 3619 1245 3657 esse
1256 3604 1389 3656 convenit
1401 3603 1490 3670 nigro,
1501 3608 1529 3654 et
1539 3601 1593 3655 hnc
1602 3616 1687 3655 causa
1699 3603 1844 3673 imponen-

1043 3676 1108 3727 dum
1121 3688 1182 3727 cum
1202 3673 1323 3742 polenta.
1360 3673 1454 3745 Zenon
1470 3671 1566 3725 radice
1582 3673 1639 3726 sibi
1656 3674 1846 3742 stranguriam

1044 3744 1239 3798 docetsaneri.

1078 3814 1162 3866 XLV.
1182 3810 1347 3864 Condrlllon
1359 3814 1417 3863 sire
1428 3809 1576 3872 condrille,
1589 3807 1660 3861 lolia
1671 3808 1757 3863 habet
1769 3811 1843 3863 intu-

1041 3885 1081 3946 bi,
1099 3883 1276 3935 circumrosis
1287 3880 1402 3942 similia,
1420 3879 1528 3931 cauiem
1539 3880 1629 3930 nrinus
1641 3879 1742 3945 pedali,
1762 3895 1845 3933 succo

1042 3953 1200 4005 madentem
1222 3966 1333 4011 omaro,
1354 3948 1448 4000 radice
1469 3946 1553 4001 fabae
1569 3948 1671 4009 simili,
1693 3949 1844 4014 aliquando

1043 4036 1198 4074 nunterosa.
1233 4020 1326 4071 Habet
1347 4020 1501 4084 proximam
1519 4024 1612 4067 terroe
1633 4015 1785 4066 mastichen
1803 4026 1844 4068 tu·

1042 4090 1155 4143 bercuio
1168 4090 1258 4150 labec,
1271 4102 1340 4154 quae
1352 4087 1482 4153 apposita
1495 4084 1658 4136 sentinarum
1669 4099 1777 4135 aienses
1790 4093 1847 4138 tra·

1042 4157 1229 4211 benedicitur.
1267 4158 1347 4208 'i'usa
1359 4171 1419 4206 cum
1436 4152 1578 4205 radicibus
1595 4158 1657 4201 tota
1670 4151 1805 4204 diuiditur
1815 4155 1846 4205 in

1043 4226 1181 4294 pastillos,
1193 4230 1291 4276 contra
1302 4231 1456 4291 serpentes,
1468 4225 1632 4287 argumento
1643 4219 1796 4284 probabili:
1809 4222 1846 4274 si·

1042 4293 1152 4362 quidem
1164 4308 1256 4343 mures
1269 4300 1393 4360 agrestes
1404 4290 1474 4341 laesi
1486 4289 1521 4340 ab
1535 4286 1586 4350 his,
1597 4286 1668 4338 hanc
1679 4303 1742 4342 esse
1753 4290 1846 4342 dicun·

1042 4370 1097 4415 tur.
1134 4361 1236 4412 Succos
1257 4376 1291 4412 ex
1308 4364 1372 4412 rino
1390 4364 1495 4419 coctae,
1515 4356 1606 4407 airum
1618 4357 1703 4409 sistit.
1739 4359 1845 4412 Eadem

1041 4431 1235 4500 palpebrarum
1247 4429 1321 4496 pilos
1331 4426 1597 4487 inordinatissimos,
1609 4440 1660 4493 pro
1672 4429 1775 4495 ganimi
1789 4428 1846 4481 elli·

1043 4502 1188 4555 cecissime
1200 4501 1283 4568 regit.
1320 4494 1481 4550 Dorotheus
1491 4492 1637 4547 stomacho
1650 4505 1678 4548 ct
1689 4500 1848 4551 concoctio·

1041 4573 1121 4624 nibus
1137 4570 1235 4623 utilem
1253 4569 1422 4622 carminibus
1437 4564 1494 4629 suis
1512 4566 1717 4634 pronuntiarit.
1753 4568 1846 4636 iiiiqul

1040 4641 1162 4702 leoninis,
1184 4647 1212 4692 et
1224 4639 1322 4706 oculis,
1345 4638 1577 4708 generationique
1592 4637 1716 4690 virorum
1732 4645 1844 4691 contra·

1039 4717 1266 4833 rarsprbppltappppr.
1277 4794 1310 4831 ea
1322 4792 1391 4845 quae
1402 4740 1508 4829 temere
1519 4773 1703 4837 manduntur,
1726 4779 1754 4828 et
1765 4774 1842 4831 boie-

1040 4858 1085 4904 tos
1105 4849 1206 4903 merito
1223 4851 1374 4917 posuerim,
1394 4846 1493 4915 optimi
1501 4845 1621 4967 dquidem
1642 4843 1693 4897 hos
1708 4844 1773 4907 eibi,
1795 4843 1845 4897 sed

1520 4914 1628 4977 ductos,
1645 4928 1750 4967 ueneno
1762 4913 1846 4965 Tibe·

1040 4992 1085 5045 rio
1097 4989 1214 5041 Claudio
1227 4986 1344 5056 principi
1361 5001 1410 5053 per
1427 4985 1498 5038 hanc
1513 4986 1687 5037 occasionem
1700 4982 1845 5051 aconiuge

1040 5060 1193 5130 Agrippina
1206 5060 1286 5110 dato:
1308 5072 1362 5126 qao
1379 5054 1454 5107 lacto
1471 5056 1523 5107 ilia
1535 5056 1618 5107 terris
1628 5068 1762 5106 uenenum
1776 5053 1844 5104 alte·

1041 5145 1112 5192 rum,
1123 5129 1230 5197 sibique
1242 5133 1306 5179 ante
1317 5140 1421 5187 omnes,
1429 5124 1566 5178 Neronem
1574 5139 1653 5175 suurn
1664 5122 1751 5174 dedit.
1771 5122 1844 5183 Quo·

1042 5199 1160 5253 rundam
1172 5213 1206 5250 ex
1216 5197 1260 5249 his
1272 5194 1356 5248 facile
1368 5200 1519 5247 noscuntur
1527 5208 1642 5256 venena,
1664 5193 1753 5244 (illuto
1763 5189 1844 5240 rubo·

1040 5286 1080 5333 re,
1093 5267 1205 5321 rancido
1216 5272 1338 5336 aspectu,
1349 5264 1433 5317 livido
1446 5265 1520 5317 intus
1532 5264 1635 5326 colore,
1648 5262 1751 5314 rimoso
1762 5256 1844 5319 stria,

1060 5336 1145 5390 allido
1157 5335 1349 5405 perambitum
1363 5334 1454 5386 labro.
1492 5334 1555 5387 Non
1570 5340 1634 5385 sont
1650 5330 1720 5382 haec
1734 5329 1763 5378 iu
1780 5326 1844 5393 qui-

1040 5354 1170 5460 husdam:
1193 5407 1323 5473 siccique,
1347 5404 1453 5456 etnitri
1471 5402 1585 5463 similes,
1606 5399 1695 5451 relati
1708 5394 1841 5466 guttasin

1040 5477 1145 5530 vertice
1165 5475 1243 5527 albas
1259 5491 1292 5527 er
1308 5474 1464 5526 tunicasun
1481 5475 1589 5539 gerunt.
1625 5465 1745 5518 Voiram
1766 5466 1840 5519 eninr

1104 5563 1114 5584 ²
1126 5547 1162 5599 ob
1175 5544 1227 5598 hoc
1238 5545 1315 5614 prius
1326 5545 1353 5615 gi
1393 5545 1424 5605 it,
1435 5544 1525 5607 ipsum
1537 5544 1634 5605 postea
1644 5536 1672 5586 in
1683 5534 1773 5599 rolra,
1791 5551 1840 5588 ccu

1160 5621 1185 5670 *t
1195 5616 1311 5672 luteum.
1346 5560 1527 5730 ffigpunicae
1537 5605 1628 5657 minor
1635 5604 1729 5674 pratis
1738 5606 1766 5660 iu
1778 5605 1842 5661 cibo
