4330 6014
344 344 392 417 ιι
471 356 503 414 ι
546 320 703 415 rainu
745 345 949 410 saeuum
992 345 1158 406 norun.
1202 304 1391 407 ιιιιιοιι.
1437 341 1593 403 nino
1636 339 1881 401 ιιιιι-ἰι.

344 506 417 567 bras,
430 502 685 562 nebulacsubcuot,
701 498 1143 562 siccanturamnes,ruuntgrao·
1197 495 1302 549 caelum
1313 494 1405 563 periti.
1439 493 1469 544 lo
1486 491 1530 545 bis
1540 490 1650 571 quidem
1670 490 1748 543 mille
1758 495 1904 542 sexcentas
1916 502 2000 543 anon

344 571 638 636 dinentorrentradii,
649 575 788 621 etterram
799 566 828 616 iu
839 563 1144 630 mediumundiqueim·
1194 572 1290 617 tavers
1309 565 1427 626 stellas,
1452 565 1573 630 insignes
1593 560 1726 613 videlieet
1745 559 1868 623 effectu,
1893 558 1999 612 visure.

347 644 464 712 pellunt.
493 644 580 695 iidem
590 637 701 690 infracti
719 634 860 686 militm&
879 640 916 694 οι
937 648 1008 699 quoe
1019 632 1144 699 potuere,
1196 634 1434 702 Exempligratia,
1452 633 1481 684 io
1492 632 1581 683 cauda
1591 632 1679 682 Tauri
1690 634 1807 696 septem,
1824 643 1893 697 quas
1904 626 1997 695 appel·

346 712 477 765 auferunt
486 725 588 763 secum.
613 706 709 772 Vapor
719 719 754 757 en
766 704 824 755 alto
837 703 921 765 cadit,
942 716 1106 768 rursumque
1116 702 1144 752 in
1195 703 1287 755 lavere
1299 703 1456 771 Vergilias3
1476 702 1504 752 io
1516 700 1608 754 fronte
1618 699 1748 764 Suculae,
1767 698 1886 762 Booten,
1898 700 1996 766 quisc-

346 782 432 834 nltum
443 781 523 834 redit.
554 776 638 827 Venti
656 774 903 841 ingruontinanes,
921 770 1061 838 iidemque
1081 785 1143 822 cum
1194 774 1289 840 quitur
1299 772 1528 839 septemtriones.

345 854 442 918 rapina
462 850 593 900 remeant.
623 845 681 894 'rot
701 842 861 895 animalium
872 838 987 890 baustus
1014 840 1143 908 spiritum
1228 842 1313 895 xbll.
1332 843 1422 894 Extra
1432 840 1481 892 bas
1503 854 1599 892 cousus
1613 854 1668 889 noo
1683 837 1842 956 negaverim
1863 834 1995 888 exsistere

346 918 483 971 esublimi
494 912 590 967 trabit.
611 912 815 965 relucemus
825 910 932 971 nititur,
942 907 1091 976 tellusque,
1111 916 1142 961 ut
1193 911 1297 962 imbres
1309 918 1477 978 ventosque:
1501 913 1629 976 quoniam
1641 905 1716 958 humi
1737 922 1780 956 am
1793 911 1904 966 aterna,
1926 905 1997 955 allas

344 987 428 1048 inani,
449 985 527 1037 eaelo
546 982 676 1049 spirimm
695 979 823 1031 infundit.
853 978 901 1030 Sic
919 979 997 1030 ultre
1017 982 1144 1044 citroque
1194 995 1261 1034 vero
1280 988 1394 1049 propter
1411 992 1528 1045 raperes
1550 976 1682 1029 fumidam
1704 973 1830 1028 exhalari
1849 974 1996 1039 caliginem

345 1061 517 1108 commeante
528 1060 637 1112 natura,
647 1055 678 1101 ut
688 1055 829 1101 tomento
839 1048 945 1115 aliquo,
968 1048 1144 1121 arundineis·
1195 1056 1300 1102 eertum
1315 1057 1368 1102 est.
1399 1049 1547 1114 Nubesque
1567 1049 1674 1115 liquere
1694 1044 1848 1111 egressoin
1868 1043 1997 1106 sublime,

343 1127 428 1177 ritate
443 1122 584 1174 discordia
594 1119 762 1173 accenditur.
792 1117 851 1169 Nee
860 1127 935 1169 stare
950 1132 1058 1185 pugnae
1068 1117 1143 1177 licet,
1194 1125 1288 1171 nutes
1310 1134 1375 1172 sere
1384 1124 1480 1169 coacto
1493 1118 1521 1167 in
1539 1118 1674 1183 liquorem
1681 1116 1784 1182 ,gigni
1811 1112 1996 1164 Densitasca·

343 1193 392 1246 sed
412 1193 523 1244 assidue
542 1197 624 1256 rapta
641 1187 826 1249 convolvitur,
847 1194 875 1239 et
887 1187 961 1238 circa
980 1194 1083 1238 terram
1093 1186 1144 1236 im·

344 1277 441 1314 menso
453 1276 543 1313 rerum
556 1273 654 1309 musas
664 1255 749 1323 globo
757 1255 889 1319 ostendit,
910 1255 1027 1308 subinde
1037 1270 1087 1323 per
1095 1269 1144 1306 nn·

344 1330 509 1383 bescaelum
521 1327 598 1379 aliud
619 1325 762 1378 obtexens.
793 1325 945 1379 Ventorum
957 1322 1010 1376 hoe
1018 1339 1141 1392 regnum.

343 1402 439 1467 ltaque
451 1397 598 1464 praecipua
610 1410 705 1447 eorum
717 1402 817 1446 natura
826 1395 874 1456 ibi,
885 1401 914 1445 ct
926 1393 1012 1447 ferme
1022 1388 1142 1460 reliquas

344 1468 490 1536 ceorplexa
510 1481 620 1519 ιιιιιιιιιι
643 1464 775 1532 quonlam
787 1470 816 1516 et
836 1463 989 1514 tonitruum
1000 1470 1029 1514 et
1048 1460 1142 1514 folori-

344 1554 407 1590 num
429 1537 533 1597 iactus,
556 1534 653 1586 borum
677 1533 828 1586 violentiae
848 1532 971 1600 plerique
991 1531 1143 1598 assignant.

343 1608 416 1672 Quis
434 1605 537 1658 ntideo
557 1603 697 1670 lapidibus
716 1604 810 1669 pluere
831 1601 951 1662 interim,
972 1600 1045 1668 quod
1060 1607 1142 1652 rento

343 1680 440 1727 sintin
461 1675 491 1736 ti,
511 1682 541 1724 ιι
552 1673 640 1725 mults
660 1672 800 1730 similiter.
833 1670 1044 1733 Quamobrem
1063 1669 1144 1738 plura

342 1745 424 1798 simul
435 1691 554 1796 dicenda
562 1748 635 1794 sunt.

376 1812 504 1865 XXXIX.
526 1814 747 1879 Tempestatum,
765 1823 913 1877 rerumque
933 1806 1066 1877 quasdam
1088 1812 1143 1859 sta·

342 1891 388 1935 tas
399 1897 461 1935 esse
482 1897 587 1944 causas,
608 1880 740 1948 quasdam
751 1894 817 1932 vero
833 1879 974 1942 tumuitus,
995 1884 1043 1930 aut
1053 1876 1143 1929 adbuc

343 1952 461 2004 rationis
482 1953 679 2018 incompertae,
701 1949 879 2002 manifestum
900 1955 951 2000 est.
981 1948 1051 2011 Qpis
1070 1948 1147 1998 enim

343 2026 473 2083 aestates,
486 2027 514 2073 et
525 2020 641 2082 hiemes,
651 2035 775 2086 quaeque
787 2021 817 2070 in
826 2017 995 2084 temporibus
1003 2030 1094 2068 annun
1105 2015 1144 2068 ri·

343 2106 374 2141 ee
384 2090 587 2157 intelliguntur,
606 2090 726 2140 siderum
738 2094 816 2138 motu
827 2088 888 2138 lieri
899 2085 1025 2138 dubiteti
1046 2085 1082 2136 Ut
1094 2084 1144 2136 So·

343 2160 377 2210 lis
388 2173 455 2225 ergo
471 2167 570 2211 natura
579 2156 760 2223 temperando
770 2155 938 2224 intelligitur
947 2170 1037 2219 anno,
1049 2154 1091 2206 sic
1102 2169 1143 2206 re·

341 2229 480 2295 liquorum
492 2242 600 2295 quoque
616 2226 735 2279 siderum
748 2225 861 2294 propria
870 2231 913 2278 est
929 2225 1083 2291 quibusque
1092 2225 1143 2286 ris,

341 2306 371 2349 et
382 2296 416 2349 ad
427 2311 504 2348 suam
517 2298 616 2365 eoique
626 2302 752 2347 naturam
775 2294 887 2347 fertilis.
918 2293 981 2346 Alia
992 2301 1057 2346 sunt
1068 2294 1096 2344 io
1107 2293 1143 2344 li·

341 2381 456 2435 quorem
477 2365 566 2418 soluti
583 2364 706 2416 humoris
725 2363 871 2426 foecunda,
894 2363 951 2414 alia
973 2362 1095 2414 concreti
1115 2363 1143 2413 iu

341 2436 463 2503 pruinas,
482 2442 533 2487 aut
553 2435 683 2486 coactiio
701 2436 788 2496 uires,
808 2440 857 2485 aut
867 2432 984 2500 glaciati
993 2433 1021 2484 in
1033 2429 1144 2499 grandi·

341 2521 404 2555 oesr
416 2502 571 2567 aliafiatos,
587 2502 644 2555 alia
654 2502 770 2569 teporis,
788 2502 845 2554 alla
855 2503 976 2568 vaporis,
997 2502 1053 2553 alia
1063 2492 1144 2562 r'oris,

341 2572 399 2624 alia
409 2572 521 2639 rigoris.
549 2572 607 2625 Nec
618 2585 683 2624 vero
695 2571 764 2623 baec
775 2577 855 2624 tanta
866 2570 967 2623 debem
978 2571 1144 2630 existimari,

339 2648 446 2709 quanta
466 2648 628 2705 carnuntum
649 2655 710 2692 eum
731 2655 793 2693 csse
812 2655 908 2703 eornm
928 2640 1034 2692 nullum
1054 2640 1144 2690 minus

341 2713 421 2763 Luna
433 2716 491 2762 tem
513 2710 664 2762 immensae
676 2709 836 2761 altitudinis
846 2709 919 2761 ratio
935 2708 1069 2761 declaret.
1090 2707 1144 2775 lgi-

340 2787 387 2831 tur
407 2781 496 2832 insuo
518 2794 643 2847 quaeque
664 2785 743 2830 motu
763 2786 890 2830 naturam
909 2794 987 2830 suam
1002 2784 1144 2831 exercent:

341 2848 415 2916 quod
427 2848 603 2900 manifestum
614 2846 726 2900 Saturni
737 2848 997 2900 maximetraositns
1008 2847 1144 2899 imbribus

341 2917 455 2969 faciunt
487 2916 545 2969 Nee
555 2918 706 2968 meantium
727 2916 811 2967 modo
830 2917 951 2968 siderum
964 2915 1031 2967 baec
1041 2918 1082 2967 vis
1093 2922 1144 2978 cst,

338 2986 388 3038 sed
399 2986 548 3036 multorum
560 2986 646 3037 etiam
657 2983 866 3045 adhaerentium
877 2985 965 3046 caelo,
980 2985 1090 3051 quoties
1101 2999 1143 3034 er·

339 3056 460 3106 rentium
470 3067 583 3104 accessu
599 3052 728 3115 impulsa,
747 3059 796 3103 aut
805 3053 932 3103 coniectu
943 3051 1084 3103 radiorum
1095 3066 1142 3103 ex·

340 3122 485 3174 stimulata
494 3126 573 3169 suot:
596 3118 716 3185 qualiter
731 3119 757 3169 in
770 3118 877 3172 Suculis
888 3120 1022 3171 sentimus
1033 3119 1141 3171 accide-

341 3206 380 3252 re,
400 3204 469 3257 quas
479 3185 582 3240 Graeci
591 3187 627 3237 ob
638 3185 667 3239 id
689 3185 783 3252 pluvio
795 3189 904 3239 nomine
919 3187 1037 3253 Hyadas
1049 3188 1143 3253 appel·

340 3260 408 3312 lent.
430 3257 504 3322 Quin
514 3262 545 3309 et
553 3270 607 3309 saa
615 3261 717 3322 sponte
730 3255 874 3322 quaedam,
882 3254 1023 3322 statisque
1032 3263 1141 3322 tempo·

341 3328 427 3392 ribus,
446 3333 478 3380 ιιι
488 3326 653 3381 lloedorum
664 3332 785 3379 exortus.
798 3325 910 3378 Arcturi
920 3339 985 3376 vero
1001 3323 1077 3377 sidus
1087 3339 1142 3377 non

341 3399 429 3453 terme
438 3399 499 3450 sine
508 3396 667 3464 procellosa
676 3395 812 3465 grandine
823 3396 950 3462 emergit.

374 3469 434 3521 xi..
455 3467 526 3520 Nam
536 3465 685 3518 Caniculae
704 3470 802 3521 exortu
814 3464 929 3517 accendi
939 3462 1013 3516 Solis
1024 3475 1143 3529 vapores

341 3538 401 3603 quis
411 3534 540 3601 ignorati
551 3534 629 3585 euius
639 3532 739 3583 sideris
750 3532 864 3584 effectus
875 3531 1037 3598 amplissimi
1049 3532 1077 3582 io
1087 3538 1143 3583 ter·

339 3620 372 3656 ra
382 3605 549 3655 sentiuntur.
568 3600 690 3653 Fervent
700 3600 790 3651 maria
800 3601 943 3654 exoriente
955 3615 998 3663 eo,
1009 3600 1143 3652 fluctuant

339 3675 369 3724 in
381 3670 460 3722 cellis
469 3670 542 3731 vina,
552 3677 698 3735 moventur
709 3675 818 3737 stagna.
830 3670 952 3739 Orygem
965 3670 1141 3737 appellatio·

341 3744 444 3807 gyptus
454 3736 552 3800 feram,
574 3752 655 3805 quam
668 3738 696 3788 io
709 3744 808 3790 exortu
829 3738 889 3791 eius
900 3744 1092 3799 contrastare,
1112 3745 1142 3790 et

341 3808 468 3861 contueri
487 3805 583 3870 nont,
603 3822 636 3859 ac
654 3808 731 3860 velut
754 3808 880 3871 adorare,
901 3823 962 3860 eum
981 3808 1142 3860 stemuerit.

341 3881 429 3931 Canes
440 3877 551 3946 quidem
563 3882 623 3929 toto
636 3891 670 3928 eo
681 3877 774 3944 spatio
784 3878 904 3932 maxime
914 3878 944 3929 in
961 3877 1067 3930 rabiem
1085 3877 1141 3946 agi,

341 3963 395 3999 ooo
407 3946 584 3998 estdubium.

373 4016 445 4069 xil.
465 4016 539 4079 Quin
550 4015 676 4083 partibus
686 4029 796 4082 quoqne
811 4016 956 4085 signorum
970 4013 1140 4083 quorundam

338 4085 534 4148 sundsinest,
554 4091 586 4136 ut
602 4084 756 4136 autumnali
776 4085 951 4152 aequinoctio
973 4086 1072 4137 bruma
1092 4099 1138 4146 ιιι,

339 4171 401 4208 eum
418 4155 629 4221 tempestatibus
649 4155 748 4206 conici
766 4154 844 4206 sidus
864 4154 1054 4221 intelligimus.
1110 4169 1142 4206 ec

338 4225 472 4277 imbribus
491 4229 598 4276 tantum
619 4223 898 4292 tempestatibusque,
918 4224 969 4277 sed
987 4222 1082 4275 multis
1114 4228 1143 4276 et

307 4299 310 4305 '
340 4308 486 4360 corporum
507 4293 622 4345 etruris
634 4292 839 4360 experimentis.
859 4290 1139 4345 Atilanturaliiside-

339 4377 379 4423 re,
400 4361 676 4423 aliicemmorentur,
696 4361 778 4414 statis
790 4362 970 4428 temporibus,
991 4363 1062 4423 alre,
1081 4377 1142 4413 ner·

338 4431 392 4489 vis,
413 4430 622 4494 capitqmeote.
642 4431 721 4493 Olea,
732 4439 761 4483 et
769 4432 888 4499 populus
900 4431 971 4493 alba,
992 4439 1020 4483 et
1030 4429 1140 4495 salices,

342 4497 466 4549 solstitio
477 4496 549 4547 folia
564 4500 764 4568 circumagunt.
784 4501 880 4554 Floret
890 4501 952 4568 ipso
966 4501 1083 4554 brumab
1094 4500 1141 4553 die

341 4579 477 4632 suspensa
496 4566 525 4617 io
537 4566 621 4616 tectis
630 4572 733 4619 arentis
744 4569 830 4623 berba
840 4570 953 4637 pulegii,
976 4577 1141 4637 rumpuntur

341 4637 465 4687 intentae
484 4633 585 4700 spiritu
602 4636 786 4690 membranae.
816 4639 936 4693 Miretur
946 4638 1007 4703 hoc,
1027 4639 1073 4708 qni
1085 4655 1140 4690 oon

340 4705 483 4756 observet·
497 4700 662 4768 quotidiano
683 4704 889 4769 experimento,
912 4707 1026 4761 herbam
1047 4723 1139 4769 unam,

341 4787 411 4841 qnae
421 4767 754 4890 '⁰⁰²‘P.¹¹9¹³⁰“⁰{¹¹¹¹!¹2
773 4774 920 4828 abeuntem
932 4778 1026 4830 Solem
1037 4777 1139 4828 intueri

340 4855 457 4907 semper,
475 4841 657 4905 omnibusque
695 4854 752 4890 oris
769 4856 831 4892 eum
845 4858 879 4895 eo
890 4847 970 4908 renti,
990 4840 1138 4899 reioubilo

341 4910 531 4963 obumbrante.
560 4908 618 4960 lam
638 4908 748 4978 quidem
770 4909 863 4961 lunari
881 4919 1021 4977 potestate
1036 4919 1140 4966 ostrea·

341 4994 412 5042 rum,
432 4976 705 5044 conchyliorumque,
725 4984 753 5030 et
763 4977 930 5031 concharum
947 4984 1067 5033 omnium
1078 4994 1139 5033 cer·

341 5062 412 5115 pora
420 5046 525 5114 augeri,
536 5061 569 5098 ac
578 5061 675 5098 ramus
685 5046 780 5100 minoi.
801 5047 873 5109 Quin
885 5056 914 5101 et
924 5051 1044 5101 soricum
1056 5053 1139 5103 libras

338 5113 507 5183 respondere
526 5129 641 5168 numere
660 5115 768 5176 Lunae,
788 5116 963 5186 exquisirere
984 5119 1141 5187 diligentio-

340 5200 399 5238 res:
420 5183 617 5251 minimumque
632 5184 734 5237 animal
745 5184 889 5238 formicam
901 5187 1006 5240 sentire
1016 5190 1089 5241 vires
1101 5188 1139 5238 si·

339 5250 581 5316 terminationis
593 5267 701 5320 semper
713 5261 874 5308 cessantem.
904 5254 964 5317 ouo
976 5256 1140 5323 turpiorbo·

339 5324 407 5374 mini
418 5319 529 5374 inscitia
539 5328 591 5384 ιιι,
608 5322 709 5375 fatenti
720 5325 867 5391 praecipue
877 5324 1063 5378 iumentorum
1075 5340 1140 5393 quo·

339 5392 455 5444 rendam
470 5388 499 5441 ln
521 5390 609 5442 oculis
630 5392 813 5445 morbescum
828 5393 907 5445 imon
931 5393 1085 5447 inerescere
1108 5410 1141 5446 ac

339 5458 635 5513 minuiPatroeioatnr
645 5462 764 5514 vastitas
774 5462 855 5525 caeli,
864 5462 999 5519 immensa
1019 5462 1140 5516 discreta

338 5528 488 5582 altitudine
499 5531 530 5583 in
541 5529 596 5582 duo
605 5536 686 5598 atque
696 5533 876 5599 septuaginta
890 5532 979 5600 signs.
1000 5530 1063 5582 lise
1074 5538 1139 5583 sunt

337 5616 431 5656 rernm
451 5602 502 5653 ant
522 5600 704 5653 animantium
718 5598 839 5669 efligies,
858 5600 887 5654 in
906 5616 973 5670 qous
999 5598 1139 5668 digessere

1194 1203 1264 1250 rum,
1286 1203 1442 1256 corpusque
1452 1186 1524 1237 baud
1536 1187 1618 1237 dubio
1630 1186 1805 1236 coniectatur
1823 1190 1997 1248 argunrcoto,

1195 1273 1254 1309 eum
1266 1256 1359 1310 Solem
1382 1258 1557 1317 obumbrent,
1577 1253 1748 1321 perspicuum
1761 1251 1831 1303 alias
1843 1252 1927 1303 etiam
1938 1251 1995 1301 uri·

1194 1327 1324 1378 nantibus
1335 1329 1364 1378 in
1384 1325 1540 1392 quamlibet
1550 1323 1714 1391 profundam
1726 1336 1860 1388 aquarum
1873 1321 1995 1373 altitudi-

1194 1410 1265 1448 nem.

1228 1464 1327 1516 XLlll.
1345 1463 1436 1532 igitur
1451 1476 1579 1514 oeream
1598 1459 1720 1522 inficias,
1744 1473 1825 1526 posse
1846 1457 1874 1509 in
1895 1456 1945 1509 lias
1968 1466 1997 1510 ιι

1193 1528 1996 1602 ignessupernestellarumdecidere,qualesserenosaepe

1195 1606 1343 1655 cemimus:
1354 1616 1469 1671 quornm
1481 1602 1539 1652 ictu
1549 1601 1660 1651 concuti
1671 1603 1737 1649 aira
1746 1612 1837 1650 verum
1850 1603 1902 1671 est,
1912 1612 1996 1663 quos·

1193 1674 1231 1725 do
1240 1680 1269 1725 ιι
1280 1674 1339 1726 tela
1348 1674 1459 1726 ribmta
1468 1670 1599 1721 stridunt.
1622 1670 1690 1720 Com
1703 1668 1811 1719 veroin
1822 1666 1921 1719 nubem
1936 1681 1996 1733 per·

1192 1745 1328 1807 venerint,
1338 1734 1467 1809 raperem
1479 1740 1619 1791 dissonum
1631 1736 1717 1806 gigni,
1733 1743 1764 1787 ut
1772 1736 1909 1789 candente
1921 1734 1996 1786 ferro

1193 1811 1222 1864 io
1234 1826 1333 1880 aquam
1345 1812 1481 1873 demerso,
1492 1817 1520 1861 et
1530 1808 1665 1860 fumidum
1676 1807 1810 1858 vorticem
1820 1806 1903 1857 volvi.
1923 1805 1997 1856 llioe

1193 1884 1270 1933 nasci
1282 1882 1430 1948 procellas.
1446 1880 1494 1930 'Et
1503 1880 1528 1931 si
1539 1879 1568 1929 in
1578 1880 1651 1930 nube
1661 1878 1783 1928 luctetur
1792 1872 1875 1926 flatus
1885 1880 1934 1925 aut
1947 1889 1994 1924 ro·

1193 1965 1253 2017 por,
1264 1951 1390 2001 tonitrua
1396 1949 1457 2001 edi:
1467 1948 1491 1999 si
1502 1954 1632 2014 erumpat
1640 1945 1748 2006 ardens,
1760 1942 1891 1995 fulmina:
1904 1944 1929 1993 si
1939 1943 1997 1994 lon·

1194 2022 1272 2086 giers
1283 2026 1373 2071 tractu
1384 2020 1498 2079 nitatur,
1510 2016 1640 2084 fulgetra.
1669 2016 1721 2066 ilis
1733 2013 1800 2065 lindi
1811 2014 1918 2073 nubem,
1938 2011 1996 2062 illis

1193 2091 1346 2156 perrumpi:
1369 2090 1405 2140 m
1416 2103 1476 2139 esse
1486 2089 1611 2139 tonitrua
1626 2086 1809 2152 impactorum
1820 2082 1922 2150 ignium
1935 2081 1995 2147 pla-

1194 2173 1256 2225 gas:
1278 2158 1396 2226 ideoque
1408 2158 1534 2224 protinus
1552 2169 1699 2207 eoruscare
1718 2153 1815 2220 igneas
1832 2151 1946 2202 nubium
1958 2150 1996 2201 ri·

1194 2243 1262 2278 nias.
1283 2226 1369 2278 Posse
1381 2235 1412 2280 et
1422 2227 1535 2292 repulsu
1543 2225 1664 2277 siderum
1676 2223 1846 2289 depressum,
1858 2221 1905 2288 qoi
1916 2235 1932 2270 a
1942 2226 1997 2272 ter·

1193 2311 1225 2348 ra
1237 2296 1381 2358 meaverit,
1392 2297 1520 2364 spiritum
1532 2295 1604 2347 nube
1617 2292 1769 2347 cohibitum
1782 2298 1887 2351 tonare,
1898 2296 1997 2340 natura

1194 2364 1387 2433 strangulante
1411 2365 1530 2415 sonitum
1550 2363 1616 2414 dum
1636 2366 1761 2421 rixetur,
1788 2358 1864 2411 edito
1884 2357 1997 2425 fragore

1194 2450 1255 2485 cnm
1268 2442 1402 2501 erumpat,
1412 2441 1443 2485 ut
1453 2434 1482 2484 in
1493 2434 1652 2484 membrana
1663 2431 1761 2498 spiritu
1771 2430 1886 2482 intenta.
1910 2428 1996 2480 Posse

1194 2504 1344 2566 ctattritu,
1365 2502 1467 2554 dumio
1481 2514 1612 2568 praeceps
1622 2502 1739 2560 feratur,
1759 2500 1850 2561 illum,
1872 2499 1995 2565 quisquis

1195 2580 1246 2634 cst,
1257 2572 1384 2640 spiritum
1395 2571 1519 2624 accendi.
1550 2570 1636 2624 Posse
1648 2578 1677 2624 et
1688 2568 1815 2621 conflictu
1827 2567 1938 2618 nubium
1947 2566 1995 2618 cli·

1195 2643 1222 2693 di
1235 2648 1265 2693 ut
1276 2641 1394 2693 duorum
1407 2640 1539 2709 lapidum,
1548 2638 1765 2693 scintillantibus
1776 2638 1914 2705 fulgetris.
1940 2635 1993 2686 Sed

1195 2710 1264 2763 baec
1274 2712 1368 2763 omnia
1376 2726 1437 2763 esse
1449 2711 1574 2763 fortuita.
1605 2710 1679 2760 llioc
1690 2707 1773 2759 bruta
1784 2706 1902 2757 fulmina
1912 2712 1940 2757 et
1948 2719 1994 2755 ra·

1196 2796 1239 2841 oa,
1250 2786 1281 2832 ut
1298 2795 1368 2847 quae
1384 2780 1462 2831 nulla
1471 2781 1582 2832 veniant
1591 2782 1701 2830 ratione
1713 2784 1839 2828 naturae.
1870 2775 1923 2827 llis
1935 2788 1995 2841 per·

1195 2849 1383 2911 cutimootes,
1406 2849 1556 2913 hismeria,
1576 2861 1727 2913 crinesque
1746 2844 1817 2896 alios
1839 2845 1934 2896 irritos
1955 2842 2022 2892 iss

1195 2927 1264 2970 ctus.
1275 2918 1329 2970 llls
1338 2933 1402 2970 vero
1414 2918 1529 2969 fatidica
1542 2932 1575 2968 ex
1586 2917 1653 2978 alto,
1663 2916 1801 2981 statisque
1811 2913 1846 2965 de
1857 2915 1956 2973 causis,
1967 2920 1994 2961 ιι

1194 3002 1229 3039 ex
1240 2987 1298 3036 suis
1310 2988 1403 3036 venire
1414 2984 1560 3035 sideribus.
1691 3032 1693 3035 .

1215 3051 1327 3105 XLW.
1351 3052 1443 3103 Simili
1455 3051 1537 3102 inodo
1549 3056 1657 3111 ventos,
1668 3048 1714 3100 rel
1724 3048 1819 3115 potius
1829 3047 1921 3107 flama,
1932 3061 1995 3111 pos-

1193 3137 1224 3174 se
1235 3128 1264 3174 et
1274 3136 1309 3172 ex
1321 3120 1398 3172 arido
1418 3120 1547 3184 siccoque
1557 3117 1681 3169 anhelitu
1693 3125 1787 3169 terrae
1796 3116 1873 3184 gigni
1884 3128 1938 3165 non
1948 3129 1994 3165 ne·

1193 3190 1329 3257 gaverino:
1352 3202 1434 3254 posse
1444 3194 1473 3239 et
1484 3190 1563 3254 aquis
1575 3189 1642 3238 aira
1662 3186 1875 3252 exspirantibus,
1887 3184 1934 3252 qui
1947 3200 1995 3235 oe·

1194 3274 1245 3325 que
1260 3258 1288 3308 in
1301 3257 1429 3310 nebulam
1451 3256 1590 3317 densetur,
1610 3270 1662 3307 occ
1672 3262 1828 3307 crassescat
1846 3254 1875 3305 io
1892 3254 1992 3304 nubes:

1193 3342 1274 3394 posse
1295 3332 1324 3378 ιι
1346 3325 1421 3377 Solis
1448 3325 1637 3392 impulsungi:
1668 3324 1797 3391 quoniam
1819 3331 1917 3375 reatus
1939 3338 1992 3373 ooo

1194 3395 1271 3449 aliud
1284 3396 1465 3461 intelligatur,
1486 3408 1566 3461 quam
1587 3393 1687 3447 fluctus
1708 3394 1792 3444 aeris:
1814 3393 1994 3460 pluribusque

1193 3467 1277 3519 etiam
1290 3464 1389 3517 orodis.
1400 3463 1526 3530 Namque
1537 3470 1566 3514 et
1576 3478 1592 3514 e
1603 3462 1769 3525 ssnoiioibus,
1784 3478 1817 3515 ιιι
1828 3462 1952 3525 sinubus,
1964 3468 1992 3513 ct

1192 3534 1290 3588 eorori
1301 3534 1434 3596 videmus,
1454 3532 1603 3600 etquidem
1616 3531 1782 3598 tranquillo;
1801 3538 1830 3583 et
1842 3531 1913 3582 alios
1924 3545 1993 3598 quos

1191 3610 1293 3656 vocant
1308 3604 1447 3671 fillones,
1468 3617 1483 3653 e
1503 3609 1579 3654 terra
1596 3615 1771 3667 consurgere.
1808 3601 1862 3663 uui
1883 3599 1992 3669 quidem

1192 3687 1253 3725 cum
1264 3687 1280 3724 e
1292 3672 1363 3725 nimi
1373 3672 1499 3729 redeunt,
1522 3672 1644 3738 Tropoei
1660 3676 1810 3722 vocantur:
1832 3669 1857 3721 si
1867 3675 1993 3736 pergunt,

1192 3740 1306 3809 Apagei.

1226 3807 1364 3861 Montium
1374 3824 1440 3862 vero
1453 3808 1540 3862 flexus
1553 3809 1698 3876 crebrique
1706 3805 1994 3870 vertices,eteonllexa

1193 3879 1297 3941 cubito,
1317 3885 1366 3931 aut
1376 3878 1557 3931 confractam
1578 3879 1705 3931 humeros
1716 3877 1791 3946 iuga,
1810 3875 1925 3929 concavi
1937 3872 1991 3924 val·

1193 3949 1358 4010 liumsious,
1378 3948 1536 4001 scindentes
1556 3948 1756 4016 inaequalitate
1775 3945 1840 3998 ideo
1859 3943 1994 3996 resultan-

1192 4026 1250 4072 tem
1259 4032 1335 4080 aern,
1349 4021 1431 4084 (quae
1440 4033 1524 4068 causa
1533 4020 1616 4071 etiam
1628 4032 1711 4069 voces
1722 4014 1817 4067 multis
1829 4015 1857 4067 in
1869 4013 1939 4065 locis
1950 4028 1992 4065 re·

1193 4088 1321 4154 ciprocas
1331 4085 1399 4137 facit
1410 4087 1470 4138 sine
1481 4089 1547 4151 tine)
1557 4093 1655 4138 rentes
1665 4091 1807 4153 generant.

1228 4156 1286 4207 lam
1307 4156 1419 4222 quidam
1436 4162 1585 4222 etspeeus,
1606 4156 1696 4222 qualis
1716 4159 1743 4204 io
1756 4151 1911 4204 Dalmatiae
1933 4163 1992 4209 ora,

1193 4232 1274 4277 vano
1283 4224 1310 4275 io
1323 4238 1454 4290 praeceps
1465 4223 1551 4287 biatu,
1570 4226 1597 4275 io
1609 4238 1691 4291 quem
1702 4221 1811 4274 deiecto
1824 4219 1879 4273 leri
1890 4216 1994 4284 ponde·

1191 4309 1231 4357 re,
1250 4295 1374 4360 quamvls
1394 4294 1547 4360 tranquillo
1568 4294 1621 4354 dio,
1643 4291 1748 4345 turbini
1768 4290 1869 4343 similis
1890 4288 1992 4340 emicat

1183 4362 1324 4432 'procelle
1356 4361 1463 4415 Nomen
1484 4362 1547 4415 loeo
1560 4372 1603 4417 est
1614 4363 1709 4415 Senta.
1740 4361 1814 4425 Quin
1826 4367 1856 4412 et
1866 4359 1895 4409 io
1907 4358 1992 4425 Cyre·

1191 4435 1273 4486 naica
1283 4431 1429 4499 provincia
1449 4447 1531 4498 rupes
1543 4432 1677 4500 quaedam
1688 4433 1790 4483 nostro
1812 4428 1933 4481 truditur
1949 4439 1992 4476 sa·

1192 4518 1248 4566 cra,
1268 4516 1350 4569 qnam
1372 4500 1519 4568 profanum
1541 4503 1578 4552 sit
1588 4500 1735 4553 attrectari
1757 4498 1875 4551 bominis
1896 4508 1991 4555 manu,

1191 4571 1339 4624 confestim
1349 4572 1450 4622 Austro
1461 4572 1587 4622 volvente
1600 4585 1707 4622 arenas.
1729 4569 1758 4619 ln
1770 4567 1895 4619 domibus
1907 4562 1990 4615 etiam

1191 4641 1294 4700 multis,
1315 4654 1397 4689 maon
1422 4639 1617 4691 foctnioclusu
1638 4638 1780 4704 opacitate
1795 4631 1992 4700 conceptacula

1190 4724 1272 4761 auras
1283 4705 1471 4767 suasbabent,
1483 4707 1552 4758 odeo
1564 4721 1647 4756 causa
1658 4720 1711 4755 noo
1723 4703 1811 4755 deest.

1229 4773 1315 4827 XLV.
1338 4773 1391 4826 Sed
1413 4774 1698 4842 plurimumintcrest,
1719 4772 1803 4824 flatus
1813 4770 1860 4833 sit,
1881 4785 1915 4820 no
1928 4784 1991 4821 ren·

1190 4851 1245 4897 tos.
1275 4843 1342 4893 lllos
1354 4849 1444 4894 statos
1455 4851 1538 4910 atque
1559 4844 1763 4910 perspirantes:
1788 4855 1856 4908 quos
1870 4852 1923 4890 oon
1935 4846 1992 4888 tru-

1190 4919 1252 4965 ctus
1272 4910 1487 4977 aliquis,verum
1510 4919 1601 4963 terrae
1615 4913 1752 4962 sentiunt:
1774 4911 1822 4977 qui
1841 4922 1896 4959 noo
1913 4918 1990 4967 aura,

1191 4997 1245 5035 oen
1267 4980 1398 5047 procella,
1419 4978 1468 5032 sed
1481 4995 1571 5032 mares
1593 4979 1781 5047 appellatione
1800 4991 1909 5046 quoque
1930 4977 1991 5041 ipsa

1189 5050 1264 5102 renti
1274 5054 1351 5100 sunt:
1368 5049 1427 5102 sive
1437 5048 1549 5101 assiduo
1560 5049 1653 5102 mundi
1664 5050 1791 5109 iueitatu,
1812 5053 1841 5100 et
1852 5046 1991 5098 contrario

1190 5119 1313 5171 siderum
1325 5132 1442 5169 occursu
1453 5127 1618 5171 naseunturr
1639 5119 1697 5172 sive
1707 5117 1753 5168 bie
1763 5122 1806 5168 ιιι
1816 5115 1865 5167 ille
1878 5131 1991 5184 genera-

1192 5189 1257 5241 bilis
1278 5203 1369 5239 rerum
1390 5196 1505 5241 naturae
1525 5190 1647 5256 spiritus,
1668 5186 1721 5239 hoc
1742 5186 1948 5252 illuctanquom
1960 5186 1988 5236 io

1190 5264 1271 5310 utero
1294 5256 1388 5323 aliquo
1400 5273 1502 5327 vagus3
1522 5259 1580 5311 sive
1605 5256 1733 5324 disparili
1751 5256 1902 5308 errantium
1914 5255 1988 5307 sido·

1190 5340 1250 5378 rum
1261 5326 1328 5387 ictu,
1346 5325 1540 5394 radiorumque
1552 5326 1718 5378 multiformi
1736 5325 1811 5377 iactu
1832 5316 1991 5447 iloqjclla'tus
2070 5320 2075 5327 '

1190 5410 1253 5458 aer3
1272 5396 1330 5446 sive
1342 5410 1359 5447 ι
1369 5399 1426 5447 suis
1437 5396 1574 5449 sideribus
1585 5402 1686 5447 eseuot
1696 5395 1739 5447 bis
1751 5396 1875 5462 propiori
1896 5410 1936 5453 us,
1955 5390 1993 5443 si·

1189 5480 1223 5517 re
1235 5464 1270 5517 ab
1282 5463 1340 5516 illis
1351 5464 1430 5517 caelo
1441 5466 1530 5517 allisis
1541 5466 1658 5518 cadunt:
1675 5465 1768 5533 palam
1779 5472 1832 5527 est,
1850 5464 1915 5516 illos
1925 5475 1991 5529 quo·

1190 5547 1243 5601 qne
1253 5532 1342 5601 legem
1355 5539 1470 5584 naturae
1483 5534 1584 5586 babere
1595 5550 1648 5585 ooo
1659 5537 1668 5586 i
1690 5541 1794 5595 notam,
1805 5530 1912 5586 etiamsi
1924 5542 1991 5578 non·

1189 5603 1254 5655 dum
1266 5602 1465 5670 percognitam.
1495 5602 1601 5673 Viginti
1614 5551 1731 5675 ampiius
1747 5612 1876 5655 auctores
1886 5595 1990 5651 ermol
