4374 6014
351 336 418 409 340
485 330 518 393 C.
551 326 697 390 PLlNii
730 319 937 386 SECUNDi
958 317 1130 384 Nerua
1155 313 1332 380 ursiuli
1356 312 1442 376 tls.
1464 308 1599 374 XXIX.
1634 313 1730 379 CAP.
1754 320 1833 380 6-8.

353 500 388 538 sn
403 481 543 549 descripto
564 493 615 547 per
635 482 757 530 aetatum
768 472 879 543 madiis.
913 471 1035 526 Deserta
1055 467 1157 523 deinde
1209 465 1582 534 amieonrntooorrnnpet.
1617 466 1691 521 'l'nm
1700 467 1789 522 etiam
1799 469 1902 541 magis,
1920 474 2009 527 mnne

357 550 469 604 ethaeo
492 555 571 603 secto
590 555 649 599 este
671 545 800 612 quoniam
812 559 927 596 necesse
938 550 1000 595 erat
1009 541 1038 592 in
1050 554 1083 593 ea
1094 540 1156 591 lite·
1206 537 1286 590 dicos
1298 551 1366 589 suos
1378 535 1431 587 buc
1442 535 1547 588 mittet.
1584 535 1713 590 iurarunt
1729 539 1807 593 inter
1827 557 1858 595 se
1872 541 2008 595 barbaros

353 621 497 675 rassclre.
532 619 643 669 Mutata
661 621 690 668 et
707 628 789 682 quam
807 609 1094 681 postenAsclepiades
1114 612 1157 672 (ut
1207 620 1415 659 necareomnes
1427 603 1571 657 medicina.
1597 605 1634 658 Et
1643 603 1792 675 bocipsusn
1804 612 1933 664 mercede
1945 611 2010 664 laci·

355 688 514 746 retulimus)
525 687 678 737 invenerat.
713 683 831 735 Auditor
850 683 910 736 cius
920 680 1072 734 Themison
1093 677 1156 741 luit,
1206 684 1266 739 unt,
1277 682 1309 727 ut
1319 675 1389 728 tides
1401 675 1436 727 iis
1446 674 1494 738 sit,
1506 679 1535 727 et
1545 674 1629 729 incile
1639 675 1811 743 disperdant.
1829 680 2010 750 Nosquoque

356 759 405 829 qui
422 771 492 825 quae
503 755 578 806 inter
588 754 672 805 initia
682 752 806 820 scripsit,
825 751 875 803 illo
896 765 960 802 mox
981 748 1156 802 recedenter
1207 744 1494 806 dictitantbsrbaros,
1515 748 1545 796 et
1555 745 1680 812 spurcius
1690 763 1751 810 nos,
1770 763 1850 816 qoam
1863 750 1934 803 alios
1951 750 2010 819 opi·

356 829 424 888 rita,
443 825 478 875 ad
494 839 546 876 sua
568 823 673 891 placita
693 822 818 873 mutarit.
855 819 909 873 Sed
922 826 950 872 et
960 819 1010 871 illa
1019 817 1156 871 Antonius
1207 829 1263 877 cos,
1274 814 1466 882 appellatione
1477 812 1601 865 foedant
1628 815 1763 869 interdixi
1772 818 1824 870 tibi
1835 820 1870 871 de
1881 820 2010 872 medicis.

355 898 439 958 Musa
460 893 583 944 eiusdem
596 892 767 944 auctoritate
778 889 837 941 diri
847 889 975 956 Augusti,
995 903 1077 956 quem
1087 902 1154 938 coo·
1243 881 1317 937 vllt.
1335 887 1423 950 ,itque
1444 881 1490 935 hic
1501 884 1572 935 Catu
1583 883 1655 935 DCV
1668 900 1739 937 anno
1749 887 1826 939 urbis
1836 895 1949 942 nostrae
1959 889 2010 941 ob·

355 964 444 1016 traria
464 961 603 1013 medicina
620 961 699 1030 greci
720 958 844 1026 periculo
861 964 1011 1011 exemerat.
1047 956 1155 1009 Multos
1206 951 1394 1016 itt..1.xxxv
1405 967 1466 1015 suo,
1473 968 1507 1004 ne
1518 955 1580 1019 quis
1589 952 1635 1004 illi
1645 953 1770 1008 doluisse
1780 956 1891 1023 publice
1903 965 2009 1024 tempo·

354 1038 502 1101 praetereo
515 1030 648 1092 medicos,
669 1029 918 1096 celeberrimosque
937 1042 972 1080 ex
987 1027 1021 1078 iis
1032 1026 1155 1087 Cassios,
1206 1036 1250 1087 ra,
1270 1028 1320 1075 aut
1341 1024 1470 1090 privatim
1490 1023 1567 1075 ritae
1577 1026 1670 1091 spatia
1680 1024 1715 1077 ad
1728 1027 1924 1093 experiendum
1936 1028 2009 1081 arbi·

356 1101 533 1168 Calpetanos,
547 1100 706 1160 Arruntios,
720 1098 853 1161 Albutius,
874 1097 1004 1150 ltubrios.
1040 1094 1156 1147 Ducena
1207 1098 1307 1145 tretur.
1344 1092 1417 1155 Quid
1439 1092 1523 1161 ergol
1544 1093 1704 1146 damnatam
1723 1094 1759 1146 sb
1778 1096 2009 1149 eoremutilissl·

356 1171 554 1239 quinquagena
573 1167 656 1221 HE
678 1183 770 1219 annua
791 1166 919 1220 mercede
940 1167 974 1217 iis
990 1165 1069 1219 fuere
1082 1163 1155 1231 apud
1207 1177 1280 1215 mam
1293 1161 1448 1214 credimus!
1469 1162 1585 1215 Minime
1596 1160 1735 1216 hercules:
1748 1165 1861 1217 subiicit
1871 1167 1942 1217 enirn
1954 1180 2008 1233 qus

354 1241 503 1310 principes.
540 1239 647 1302 (isere
657 1236 805 1291 Stertinius
815 1237 965 1304 imputavit
977 1234 1155 1304 principibus,
1207 1232 1345 1284 medicina
1365 1238 1393 1284 et
1409 1246 1440 1283 se
1460 1238 1489 1284 et
1505 1232 1650 1302 coniugem
1661 1248 1749 1302 usque
1759 1234 1796 1286 ad
1806 1235 1917 1303 longam
1929 1248 2007 1288 sene·

355 1307 506 1377 quedils.
517 1308 662 1377 quingenis
673 1308 771 1358 annuis
783 1312 926 1360 contentus
936 1311 1025 1358 esset:
1037 1318 1156 1357 sexcena
1207 1308 1281 1354 ctam
1293 1299 1465 1369 perduxerit,
1471 1301 1507 1353 iis
1517 1302 1586 1368 ipsis
1596 1303 1712 1366 scilicet,
1723 1319 1794 1371 quae
1805 1319 1878 1356 nunc
1889 1320 1939 1358 nos
1950 1312 2008 1357 tra·

355 1379 431 1432 enim
450 1378 504 1430 sibi
524 1383 642 1445 qnsaestu
662 1378 738 1427 urbis
754 1376 840 1429 luisse
851 1379 1003 1429 numeratis
1027 1373 1155 1425 domibus
1207 1379 1325 1423 ctsmus.
1361 1371 1584 1439 Prolltetorque,
1603 1386 1666 1425 esse
1689 1375 1919 1427 commentarium
1939 1375 2006 1438 sibi,

356 1447 531 1501 ostendebat.
551 1446 607 1498 Par
618 1452 647 1498 et
656 1444 739 1497 fratri
749 1446 808 1499 eius
819 1443 1077 1499 mercesaClaudio
1088 1443 1156 1495 Cae·
1207 1454 1262 1508 quo
1274 1439 1418 1493 medeatur
1431 1441 1501 1504 lilio,
1520 1442 1617 1505 servis,
1636 1441 1835 1507 familiaribus,
1855 1456 1935 1511 quem
1957 1458 2006 1496 nos

353 1517 523 1570 sarciniusa
533 1523 763 1583 estzcensusque,
774 1531 928 1584 quanquam
940 1514 1078 1577 exhausti,
1088 1528 1154 1580 ope·
1207 1524 1258 1577 per
1275 1525 1380 1579 genera
1399 1526 1466 1563 usus
1488 1511 1534 1563 sui
1553 1511 1716 1581 digerimus.
1751 1512 1814 1565 Nun
1830 1527 1889 1569 rem
1901 1514 2006 1580 antiqui

353 1586 434 1640 ribus
445 1585 566 1650 Neapoli
577 1592 723 1651 exornata,
734 1585 917 1638 herculii-S.
930 1584 1081 1638 trecenties
1094 1597 1155 1634 cen·
1208 1580 1384 1643 damnabant,
1401 1580 1562 1634 sedartem.
1596 1581 2006 1652 Maximereroquaestumes·

353 1660 424 1705 tene
439 1652 685 1721 milliareliquere,
707 1665 842 1723 quantuni
855 1654 963 1710 adeam
975 1653 1155 1707 aetatemAr·
1207 1665 1238 1702 se
1250 1650 1363 1702 inrnrnni
1376 1651 1467 1716 pretio
1478 1652 1561 1714 vitae,
1581 1654 1757 1704 recusabant.
1793 1653 1859 1704 ldeo
1873 1651 2005 1719 tempium
2063 1694 2068 1699 .

353 1724 467 1776 runtius
487 1724 572 1776 solus.
608 1725 730 1776 Exortus
751 1719 1155 1782 deisdsestVectiusVelens,
1208 1722 1278 1771 Aesc
1299 1720 1373 1786 inpii,
1393 1723 1476 1772 etiam
1488 1734 1549 1771 cum
1560 1722 1766 1787 reciperatorio
1777 1720 1855 1783 deus,
1873 1727 2007 1774 estraur·

354 1792 496 1845 adulterio
517 1793 688 1847 Messalinae
707 1793 818 1845 Claudii
836 1795 964 1848 Caesaris
982 1791 1156 1852 nobilitatus,
1207 1790 1271 1842 bem
1279 1735 1394 1853 iecisse,
1405 1790 1561 1856 iterumque
1572 1791 1601 1840 in
1613 1790 1712 1854 insula,
1723 1791 1881 1844 traduntur.
1898 1790 2007 1841 Etcum

354 1863 516 1930 pariterque
537 1862 717 1931 eloquentiae
738 1868 902 1916 assectator.
937 1863 965 1914 ls
976 1876 1038 1914 ears
1057 1867 1155 1928 poten·
1208 1859 1335 1912 Graecos
1346 1858 1431 1911 ltalia
1442 1858 1586 1926 pellerent,
1596 1858 1643 1909 diu
1655 1868 1719 1926 post
1731 1862 1873 1923 Catonem,
1886 1859 2008 1926 excepis-

354 1931 424 1983 tiam
438 1938 545 1994 nactus,
557 1946 658 1986 noram
668 1932 792 1984 instituit
801 1937 916 1984 sectans.
1208 1942 1239 1980 se
1251 1929 1386 1980 medicos.
1422 1930 1537 1996 Augebo
1550 1929 1751 1996 providentiam
1763 1931 1885 1982 iliorum.
1913 1929 2008 1979 Solam

392 1999 500 2053 Eadem
519 2006 597 2051 aetas
617 1997 737 2050 Neronis
756 2001 915 2064 principatu
933 1996 968 2051 ad
990 1994 1155 2050 Thessalum
1209 1996 1281 2050 banc
1300 1997 1403 2048 artium
1424 1996 1595 2050 Graecarum
1616 2000 1737 2050 nondum
1759 2005 1873 2051 exercet
1883 1996 2009 2049 Romans

354 2066 518 2128 transilivit,
533 2066 673 2120 delentem
685 2072 785 2117 cuncta
795 2064 931 2115 maiorum
942 2065 1057 2128 placita.
1076 2072 1157 2118 etra·
1209 2067 1332 2136 gravitas
1343 2066 1372 2116 in
1387 2073 1468 2117 tanto
1483 2065 1592 2118 fmctu:
1613 2068 1772 2133 paucissimi
1784 2066 1934 2132 Quiritium
1947 2065 2010 2117 atti·
2059 2127 2064 2139 ι

354 2135 527 2204 biequadam
539 2135 568 2185 in
577 2135 668 2187 omnis
677 2135 741 2186 aevi
752 2133 875 2186 medicos
887 2134 1078 2197 perorantemr
1092 2140 1156 2194 qua·
1209 2144 1322 2198 gerent
1332 2138 1384 2194 ipsi
1396 2137 1490 2188 statim
1502 2135 1539 2188 ad
1550 2136 1673 2187 Graecos
1683 2139 1859 2203 transfugae:
1871 2135 1956 2187 immo
1967 2150 2010 2188 ve·

354 2206 378 2258 li
389 2204 540 2274 prudentia
549 2202 879 2270 ingenioque,nestimnrl
890 2198 936 2252 sel
946 2212 1001 2250 uno
1011 2208 1157 2263 argumen·
1208 2213 1241 2250 ro
1262 2197 1420 2250 auctoritas
1437 2196 1521 2250 aliter
1532 2212 1615 2266 quam
1627 2198 1733 2253 Graece
1744 2216 1804 2255 eam
1815 2205 2011 2266 tractantibus,

355 2284 387 2329 to
398 2273 508 2327 abunde
517 2280 620 2339 potest,
632 2287 693 2322 cum
707 2276 885 2322 monumento
896 2271 969 2336 suo(
988 2266 1044 2318 uod
1055 2271 1157 2334 ostAp·
1210 2267 1297 2321 etiarn
1310 2266 1382 2334 apud
1393 2267 1539 2333 imperitos
1558 2277 1738 2337 expertesque
1747 2272 1868 2341 linguae,
1891 2288 1947 2325 non
1959 2279 2009 2325 est.

354 2345 404 2413 pin
414 2344 472 2404 rial
492 2341 646 2393 iatronicen
658 2356 689 2393 se
704 2339 886 2407 inscripserit.
921 2286 1032 2389 Nuiiius
1045 2335 1157 2388 histrio·
1209 2338 1353 2391 Aemines
1364 2336 1489 2399 credant,
1510 2351 1580 2404 quae
1592 2337 1752 2392 adsalutem
1769 2356 1846 2391 suam
1859 2344 2011 2408 pertinent,

355 2428 424 2466 num
439 2425 627 2480 equarumque
638 2409 750 2476 trigarii
763 2412 922 2461 comitatior
931 2420 1061 2476 egressam
1071 2407 1098 2458 io
1109 2420 1157 2475 pu·
1210 2408 1417 2475 siintelligunt.
1452 2407 1549 2475 ltaque
1570 2406 1680 2460 hercule
1700 2411 1726 2460 in
1748 2409 1799 2461 bac
1821 2413 1924 2462 artium
1946 2410 2011 2464 sula

354 2483 433 2536 blico
454 2486 528 2534 erat:
550 2495 612 2530 cunr
625 2479 721 2531 Crinas
731 2479 916 2545 Massiliensis
935 2477 1157 2545 nrtegeminata,
1212 2480 1315 2541 evenit,
1336 2485 1368 2528 ut
1389 2476 1542 2545 cuicunque
1561 2479 1697 2530 medicum
1718 2494 1748 2531 se
1768 2479 1894 2546 professo
1911 2480 2010 2531 statim

355 2558 389 2605 ut
399 2553 509 2604 cautior
518 2548 743 2617 religiosinrque,
753 2548 790 2601 ad
798 2546 919 2602 siderum
931 2554 1024 2599 motus
1032 2562 1066 2599 ex
1076 2545 1158 2613 ephe·

355 2620 465 2674 menide
477 2618 679 2671 mathematica
691 2618 768 2671 eibos
787 2619 890 2682 dando,
910 2616 1049 2683 horasque
1065 2616 1148 2668 obser

1213 2549 1355 2609 credatur,
1372 2561 1434 2599 cum
1454 2547 1492 2597 sit
1504 2547 1655 2614 periculum
1669 2548 1697 2600 in
1708 2548 1785 2600 nullo
1796 2549 1942 2602 mendacio
1953 2563 2009 2601 ma·

1208 2617 1262 2670 lus.
1298 2616 1362 2669 Non
1384 2623 1476 2668 mmor
1493 2616 1564 2668 illud
1585 2618 1739 2683 intuemur,
1758 2619 1829 2672 adeo
1845 2619 1950 2672 blande
1966 2624 2008 2670 est

356 2689 460 2752 vando,
479 2689 648 2743 auctoritate
662 2703 724 2740 eum
738 2689 901 2756 praecessit.
935 2687 1085 2753 Nuperquc
1097 2700 1159 2737 een·

355 2760 411 2812 ties
421 2758 449 2810 ll
459 2757 504 2810 ·S.
515 2758 638 2825 reliquit,
652 2760 740 2810 neuris
751 2759 870 2826 patriae,
879 2758 1081 2823 moenibusque
1091 2753 1157 2807 aliis

354 2844 445 2897 paene
456 2844 511 2880 non
522 2828 625 2880 nrinori
641 2843 749 2880 surrrma
769 2828 928 2879 exstructis.
964 2827 1004 2877 lli
1023 2825 1157 2895 regebant

355 2898 425 2961 fata,
436 2913 497 2949 cum
508 2903 623 2964 repente
634 2898 778 2949 civitatem
791 2895 917 2950 charmis
929 2910 964 2950 ex
975 2895 1073 2948 eadem
1084 2895 1157 2945 Mas·

355 2968 421 3020 silis
429 2967 550 3028 invasit,
560 2966 699 3018 damnatis
711 2981 766 3018 non
778 2967 867 3019 solum
880 2964 1021 3033 prioribus
1032 2962 1157 3025 medicis,

308 3050 312 3060 ·
354 3034 635 3088 verumetbslineis:
656 3033 692 3086 iri
714 3036 814 3102 ideque
826 3037 910 3089 etiarn
922 3032 1045 3087 bibernis
1056 3032 1083 3086 ai
1104 3031 1157 3083 ori·

355 3105 408 3156 bus
420 3104 506 3154 lavari
517 3105 663 3170 persuasit.
732 3105 799 3154 ersit
809 3120 909 3172 aegros
919 3104 948 3154 in
959 3104 1044 3154 lacus.
1100 3099 1157 3153 ide·

355 3173 455 3226 bamus
475 3187 556 3223 senes
574 3170 734 3223 consulares
750 3187 837 3238 usque
853 3176 881 3224 in
898 3172 1111 3223 ostentationem
1123 3169 1157 3221 ri·

355 3246 464 3311 gentes.
501 3240 564 3303 Qua
574 3239 608 3293 de
621 3256 650 3293 re
662 3246 756 3293 exstat
767 3243 850 3293 etiam
863 3240 969 3294 Annaei
978 3240 1100 3295 Senecae
1110 3240 1157 3293 ad·

354 3309 513 3378 stipulatio.
549 3308 608 3363 Nec
618 3310 733 3362 dubium
745 3318 797 3373 est,
809 3327 904 3364 omnes
915 3312 985 3364 istos
998 3312 1098 3364 santam
1109 3327 1156 3363 no·

354 3381 446 3501 ritqito
466 3380 743 3450 aliquaoucupentes
754 3381 848 3435 anima
857 3383 954 3436 statim
964 3388 1062 3435 nostra
1072 3395 1157 3452 nego·

354 3453 396 3502 tia
423 3486 430 3501 .

391 3516 541 3572 ilincillae
557 3520 631 3570 circa
641 3532 741 3587 aegros
751 3519 871 3574 miserae
880 3521 1080 3575 sententiarum
1092 3534 1156 3571 con·

355 3586 537 3649 certationes,
549 3586 626 3638 nullo
637 3586 711 3640 idem
724 3597 863 3653 censente,
875 3607 909 3643 ne
926 3592 1055 3643 rideatur
1065 3603 1156 3641 acces·

354 3654 533 3707 sioalterius.
569 3654 646 3705 Hinc
663 3655 714 3707 illa
734 3656 856 3711 infelicis
870 3661 1041 3713 monumenti
1060 3657 1156 3710 inscri-

355 3723 428 3789 ptio,
448 3721 529 3773 turio
539 3738 567 3774 ss
578 3724 741 3777 medicorum
750 3727 860 3792 perisse.
895 3727 1022 3781 Mutatur
1032 3742 1077 3779 ars
1089 3741 1155 3794 quo-

355 3789 426 3841 tidie
438 3788 523 3841 toties
533 3790 688 3858 interpolis,
709 3801 738 3845 et
752 3794 926 3861 ingeniorum
939 3796 1075 3848 Graeciae
1087 3795 1154 3847 flatu

354 3857 536 3925 irupeliimur.
558 3859 708 3926 Palemque
719 3870 771 3922 est,
783 3870 813 3913 ut
823 3865 940 3928 quisque
950 3867 1025 3913 inter
1035 3866 1104 3912 istos
1115 3864 1153 3912 lo-

355 3927 464 3996 quendo
475 3929 591 3994 probeat,
606 3929 802 3995 imperatorem
813 3930 892 3982 illico
903 3931 977 3983 ritae
987 3935 1099 3981 nostrae
1109 3944 1155 3981 ne-

355 3998 449 4065 cisque
461 3997 536 4049 iieri:
553 4014 604 4051 ceu
620 4012 689 4049 vero
699 4013 754 4049 non
765 3999 854 4050 millia
864 3999 986 4068 gentium
999 3999 1058 4050 sine
1071 3997 1155 4049 medi·

355 4068 397 4120 cis
409 4067 520 4136 degant,
540 4084 590 4120 nec
600 4073 695 4119 tamon
706 4069 766 4119 sine
783 4067 934 4120 medicina:
953 4071 1027 4120 sicut
1036 4067 1155 4135 populus

355 4137 499 4190 Romanus
516 4137 592 4189 ultra
607 4137 837 4190 sexcentesimum
859 4151 969 4201 annum,
990 4153 1040 4191 nee
1056 4138 1154 4206 ipsein

355 4205 526 4274 accipiendis
537 4206 644 4259 artibus
654 4206 757 4270 lentus,
765 4206 920 4262 medicinae
927 4222 993 4262 vero
1004 4209 1088 4262 etism
1098 4207 1154 4260 ari·

355 4277 417 4340 dus,
429 4276 518 4329 donec
529 4282 670 4344 expertam
682 4276 833 4329 damnarit.

392 4347 437 4396 vl.
457 4346 568 4398 Etenim
581 4361 745 4413 percensere
765 4347 887 4414 insignio
904 4340 1059 4416 priscorum
1069 4346 1156 4400 inhis

354 4412 479 4464 nuribus
490 4418 627 4470 convenit.
652 4418 764 4468 Cassios
775 4417 896 4470 llemina
905 4432 940 4470 ex
952 4418 1154 4486 antiquissimis

354 4487 518 4543 auctorest,
560 4487 660 4537 rimum
673 4486 815 4539 emedicis
826 4492 933 4540 senisse
944 4490 1060 4540 Romam
1076 4487 1154 4540 Pelo·

376 4563 480 4630 onnese
490 4499 695 4622 Archgatlrum
706 4556 846 4623 Lysaniae
865 4557 962 4622 lilium,
982 4556 1015 4609 1..
1026 4556 1154 4623 Aemilio,

370 4686 376 4697 .
388 4653 395 4666 .
406 4616 487 4669 Llrro
496 4623 575 4673 coss.
587 4639 659 4675 anno
672 4625 747 4677 urbis
759 4624 904 4689 DXXXV,
915 4627 998 4693 eique
1007 4629 1050 4677 ius
1059 4627 1154 4688 Quiri·

353 4691 426 4736 trum
437 4688 542 4751 datam,
557 4698 585 4743 et
593 4693 738 4746 tabernam
750 4694 781 4746 io
801 4697 923 4763 compito
939 4695 1029 4749 Acilio
1049 4702 1152 4747 emtam

355 4754 391 4835 ob
403 4754 432 4807 id
443 4757 561 4823 publice.
593 4760 784 4815 vulnerarium
797 4778 858 4816 cum
870 4764 958 4817 inisse
968 4780 985 4817 e
994 4779 1027 4817 re
1037 4763 1153 4817 dictum:

353 4838 480 4890 mireque
491 4833 600 4891 gratum
612 4831 761 4884 adrentum
773 4832 833 4884 eius
843 4834 943 4886 initio:
963 4849 1026 4886 mox
1037 4848 1055 4885 a
1065 4835 1153 4886 saeri-

353 4894 396 4943 tia
405 4893 517 4974 eecandi
525 4898 686 4966 urendique,
694 4903 1152 4967 transissenomeninearnitieom,

355 4968 385 5014 ct
404 4976 432 5043 ¹.¹¹
450 4962 571 5043 taedium
587 4974 675 5020 artem
690 4986 838 5039 omnesque
855 4973 991 5026 medicos.
1011 4972 1086 5041 quod
1097 4973 1152 5026 cia·

354 5031 466 5082 risssmo
476 5031 597 5099 intelligi
608 5043 699 5100 potest
715 5055 749 5095 es
761 5041 799 5091 M.
811 5044 926 5106 Catone,
945 5043 1024 5095 cuius
1032 5046 1152 5095 auetori-

352 5100 408 5152 tnti
429 5098 585 5166 triumphus
605 5109 689 5169 atque
709 5123 826 5160 censura
837 5112 978 5164 minimum
990 5112 1151 5165 conterunt:

1208 2685 1340 2754 sperandi
1363 2700 1414 2754 pro
1435 2702 1465 2739 se
1485 2688 1584 2754 cuique
1595 2687 1722 2740 dulcedo.
1758 2688 1844 2741 Nulla
1861 2695 2008 2758 praeterea

1209 2757 1264 2820 lex,
1286 2770 1356 2823 quae
1370 2756 1468 2824 puniat
1483 2757 1635 2809 inscitiam:
1656 2759 1776 2825 capitale
1792 2759 1899 2811 nullum
1915 2772 2006 2810 esem·

1210 2826 1286 2894 plum
1296 2825 1447 2879 vindictae.
1468 2826 1585 2879 Discunt
1595 2830 1726 2894 periculis
1737 2831 1850 2893 nostris,
1863 2836 1891 2881 et
1903 2830 2006 2895 experi-
2020 2872 2026 2875 ,

1210 2902 1304 2948 menta
1313 2910 1364 2963 por
1375 2904 1481 2948 mortes
1492 2906 1594 2963 agunt:
1615 2897 1777 2966 medicoque
1795 2906 1904 2953 tantum
1922 2896 2006 2949 honri·

1208 2980 1272 3019 aern
1291 2963 1430 3017 occidisse
1447 2967 1597 3033 impunitas
1618 2982 1726 3018 suntme
1741 2974 1792 3021 est.
1828 2968 1900 3031 Quin
1922 2965 2009 3018 immo

1208 3035 1313 3089 transit
1322 3034 1523 3099 conticium,et
1534 3036 1753 3103 intemperantia
1764 3037 1908 3105 culpatur:
1920 3037 2006 3088 ultro·

1210 3121 1263 3173 que
1272 3105 1319 3173 qui
1329 3105 1436 3174 periero
1447 3112 1608 3172 arguuntur.
1644 3104 1699 3159 Sed
1715 3106 1845 3160 decuriae
1868 3122 1918 3175 pro
1930 3118 2008 3158 more

1210 3177 1334 3228 censuris
1349 3176 1504 3242 principum
1515 3176 1724 3228 examinantur:
1746 3179 1891 3246 inquisitio
1904 3192 1952 3244 per
1962 3188 2007 3242 pa·

1210 3247 1296 3298 rietes
1316 3248 1421 3315 agitur:
1439 3251 1469 3297 et
1483 3245 1531 3312 qui
1550 3244 1585 3297 de
1596 3260 1707 3297 nummo
1719 3246 1835 3312 iudicet,
1855 3263 1873 3298 a
1884 3245 2006 3299 Gadibus

1210 3316 1346 3367 columnis
1366 3330 1400 3368 ue
1420 3314 1550 3367 Herculis
1570 3316 1739 3367 accersitore
1768 3317 1803 3371 de
1821 3317 1920 3371 exsilio
1941 3328 2006 3365 reru

1209 3400 1268 3437 non
1277 3386 1332 3436 nisi
1348 3333 1395 3439 die
1406 3382 1484 3437 XLV
1495 3384 1593 3437 clectis
1604 3384 1673 3436 viris
1684 3384 1766 3437 datur
1777 3387 1890 3439 tabella.
1925 3387 1960 3438 At
1971 3382 2006 3436 du

1207 3454 1301 3508 iudice
1311 3455 1373 3522 ipso
1387 3454 1482 3522 quales
1498 3456 1525 3506 in
1538 3454 1686 3506 eonsilium
1699 3462 1773 3517 eunt,
1791 3456 1887 3508 statim
1901 3454 2007 3506 occisu-

1208 3524 1252 3576 rii
1270 3523 1383 3585 Merito,
1405 3523 1470 3575 dum
1486 3523 1590 3576 nemini
1609 3531 1735 3576 nostrum
1752 3525 1820 3577 libet
1840 3527 1918 3584 scire,
1939 3520 2009 3588 quid

1207 3592 1293 3645 saluti
1311 3607 1379 3644 suae
1396 3607 1465 3660 opus
1485 3593 1532 3645 sit.
1567 3591 1672 3647 Alienis
1691 3593 1806 3660 pedibus
1817 3590 2009 3645 anibulamuss

1208 3662 1308 3714 alienis
1330 3662 1419 3714 oculis
1438 3662 1627 3730 agnoscimus:
1648 3664 1741 3716 aliena
1761 3659 2008 3715 memoriasaluta-

1208 3747 1288 3783 mus:
1310 3731 1404 3783 aliena
1424 3732 1542 3784 sivimus
1564 3746 1657 3798 opero.
1692 3733 1890 3796 Perieruntque
1910 3744 2006 3782 rerum

1208 3807 1322 3854 naturae
1333 3800 1433 3867 pretia,
1444 3808 1474 3852 et
1484 3802 1557 3853 ritae
1570 3806 1740 3868 argumenta.
1774 3798 1854 3853 Nihil
1865 3797 1942 3852 aliud
1955 3813 2007 3865 pro

1207 3876 1305 3917 nostro
1315 3869 1458 3926 babemus,
1469 3883 1549 3932 quam
1562 3870 1684 3920 delicias.

1243 3933 1308 3986 Non
1327 3934 1453 3986 deseram
1465 3936 1597 3989 Catonem
1611 3945 1667 3989 tam
1681 3937 1846 3992 ambitiosae
1856 3939 1925 3990 artis
1935 3936 2004 3988 inri-

1208 4002 1271 4055 diae
1281 4018 1298 4054 a
1308 4018 1352 4055 me
1363 4002 1512 4067 obiectum,
1532 4013 1581 4059 aut
1591 4014 1716 4059 senatum
1730 4007 1817 4070 illum,
1829 4008 1927 4074 quiite
1939 4022 2002 4058 cen·

1207 4074 1300 4125 nebat:
1310 4071 1395 4141 idque
1406 4088 1461 4125 non
1473 4075 1634 4128 criminibus
1646 4078 1716 4129 artis
1727 4077 1854 4143 arreptis,
1864 4084 1894 4128 ut
1905 4074 2005 4142 aliquis

1208 4142 1422 4209 exspectarerit.
1458 4143 1530 4206 euru
1540 4148 1613 4197 enim
1623 4161 1791 4199 venenorum
1804 4145 1933 4208 fertilius,
1954 4151 2004 4195 aut

1208 4211 1281 4265 unde
1291 4214 1385 4280 plures
1394 4220 1626 4266 testamentorum
1637 4214 1774 4269 insidiosi
1783 4215 1840 4268 lam
1849 4230 1912 4267 vero
1919 4213 2002 4266 etad·

1207 4284 1311 4335 ulteria
1323 4285 1407 4336 etiarn
1422 4283 1450 4334 in
1462 4284 1613 4351 principum
1629 4284 1768 4348 domibus,
1789 4294 1821 4338 ut
1840 4284 1953 4337 Eudemi
1976 4281 2005 4333 in

1208 4353 1291 4405 Liria
1299 4352 1388 4406 Drusi
1397 4355 1537 4406 Caesaris:
1558 4355 1626 4407 item
1641 4350 1781 4416 Valentis,
1796 4355 1823 4406 in
1835 4371 1889 4424 qus
1901 4354 2002 4406 dictum

1207 4430 1252 4476 nst
1261 4425 1367 4491 regina.
1403 4424 1465 4475 lton
1478 4424 1533 4476 sint
1545 4425 1613 4475 artis
1625 4424 1691 4488 ista,
1702 4425 1751 4477 sed
1763 4424 1914 4477 hominum.
1942 4422 2004 4475 non

1207 4495 1296 4561 magis
1316 4493 1385 4547 haec
1404 4494 1468 4545 urbi
1490 4494 1583 4546 timuit
1603 4496 1688 4558 Cato,
1708 4504 1739 4547 ut
1760 4496 1888 4561 equidem
1907 4490 2004 4553 credes,

1207 4577 1289 4631 quam
1300 4563 1419 4632 reginos.
1457 4563 1499 4615 Nc
1512 4566 1656 4616 avaritiam
1668 4565 1782 4683 quidem
1792 4578 1917 4681 arquato,
1927 4574 2005 4626 rapa·

1207 4647 1307 4700 casque
1319 4632 1457 4684 nundinas
1469 4632 1656 4699 pendentibus
1679 4634 1745 4692 ntis,
1757 4639 1785 4681 et
1796 4631 1832 4682 do
1846 4646 1924 4682 orum
1937 4628 2006 4680 indi·

1207 4709 1341 4766 contram,
1362 4716 1395 4753 oc
1417 4700 1648 4760 mortisarrlrnm,
1667 4708 1715 4750 nut
1734 4712 1836 4750 arcana
1848 4708 2006 4765 praecepta.

1206 4769 1355 4839 squamam
1369 4771 1395 4823 in
1407 4770 1496 4822 oculis
1507 4768 1684 4823 emovendam
1699 4768 1800 4834 potius,
1818 4779 1898 4830 quam
1910 4776 2005 4819 extra·

1206 4837 1343 4892 hendamt
1366 4854 1415 4906 per
1424 4852 1498 4906 qnae
1510 4839 1638 4889 effectum
1652 4844 1703 4898 est,
1714 4843 1745 4886 ut
1757 4833 1826 4884 nihii
1839 4834 1928 4901 magis
1941 4851 2005 4902 pro·

1206 4909 1447 4970 dessorideretur,
1458 4922 1539 4976 qoem
1552 4905 1702 4956 multitudo
1715 4903 1910 4972 grassmtium.
1947 4905 2004 4956 Ne·

1206 4993 1259 5045 que
1272 4978 1343 5029 eninr
1355 4976 1451 5042 pudor,
1460 4976 1510 5030 sod
1521 4975 1623 5027 nemuil
1635 4973 1726 5041 pretia
1735 4972 1924 5025 summittunt.
1950 4972 2006 5025 No·

1205 5054 1262 5097 tum
1282 5052 1325 5097 est
1345 5046 1379 5096 nb
1402 5046 1500 5098 endem
1512 5043 1659 5096 Charmide
1670 5058 1754 5094 unum
1766 5058 1881 5109 aegrum
1893 5058 1927 5095 ex
1939 5056 2003 5110 pro·

1204 5114 1371 5166 vinoialibus
1390 5113 1470 5166 n-s.
1491 5113 1618 5166 ducentis
1643 5112 1862 5165 reconduetum:
1893 5111 2005 5163 Alconti

352 5169 686 5237 tantupiusinipame,
722 5177 907 5238 Quamobrem
919 5182 1004 5235 rerba
1015 5182 1076 5237 eins
1089 5183 1152 5249 ipsa
1203 5183 1351 5235 vulnerum
1371 5182 1480 5235 medico
1500 5184 1577 5236 lr-s.
1589 5184 1693 5236 centies
1705 5190 1776 5235 cent.
1790 5181 1859 5234 mili.
1872 5181 2002 5232 damnato

353 5251 501 5304 ilonemust
1204 5252 1341 5306 ademisse
1353 5250 1497 5305 claudium
1509 5253 1671 5319 principem.
1701 5252 1857 5319 Eidemque
1868 5250 1897 5302 in
1909 5248 2005 5301 Gallia

389 5306 449 5389 yll.
471 5308 569 5361 Dicam
588 5307 622 5361 de
642 5310 704 5391 istis
715 5304 830 5364 ortecle
841 5329 891 5366 suo
902 5317 976 5383 loeo,
985 5320 1081 5373 Marce
1092 5319 1152 5373 ulte
1204 5322 1352 5385 exsulanti,
1372 5329 1400 5374 et
1411 5321 1512 5374 deinde
1523 5323 1655 5374 restituto
1666 5323 1833 5392 acquisitum
1847 5334 1902 5371 non
1912 5317 2003 5369 minus

357 5376 547 5460 imffistihffl!
568 5386 735 5446 ⁰¹i¹¹¹⁸¹ffl¹¹¹
757 5377 883 5444 isthmus
904 5392 933 5437 ct
954 5389 1029 5457 quod
1048 5390 1151 5441 bonum
1203 5396 1279 5445 intra
1298 5406 1401 5460 paucos
1422 5404 1518 5443 annos.
1553 5392 1590 5443 Et
1602 5391 1673 5445 haec
1683 5393 1811 5459 personis
1822 5391 2004 5456 imputentur.

354 5454 392 5496 ¹¹²
402 5446 515 5500 ¹¹¹⁰fl¹¹¹¹
528 5448 625 5501 hiem
637 5450 780 5517 ‘milicem’
792 5462 847 5500 ⁰⁰¹¹
859 5454 1025 5570 pertimere,
1034 5458 1150 5511 vincam.
1205 5463 1247 5514 lt'e
1267 5460 1373 5515 faecem
1386 5459 1496 5527 quidem
1510 5466 1559 5513 aut
1571 5461 1711 5514 inscitiam
1723 5463 1784 5516 eius
1796 5460 1895 5512 turbae
1906 5469 2003 5525 argua-

353 5511 558 5580 Nequissimum
572 5525 600 5570 et
609 5517 728 5573 indocile
740 5532 827 5586 genus
838 5519 858 5571 ll
872 5534 965 5573 orum:
982 5532 1011 5575 et
1021 5523 1074 5577 boc
1084 5536 1152 5592 puta
1204 5546 1273 5593 mus,
1292 5531 1414 5598 ipsorum
1430 5527 1672 5596 intemperantiam
1690 5535 1717 5583 tn
1729 5530 1845 5590 morbis,
1868 5538 2002 5594 aquarum

350 5591 446 5637 ratem
457 5585 578 5643 mabsar
595 5588 1043 5663 Quandocmqoetstsgemsoss
1052 5594 1151 5653 uteros
1205 5599 1357 5656 calidarum
1379 5599 1566 5654 Macedoniis:
1585 5596 1762 5671 imperiosam
1772 5597 1907 5657 inediam,
1928 5591 2003 5647 stab
