4356 6014
210 334 214 339 1
309 288 341 348 C.
379 288 528 349 enimi
563 287 772 349 SECUNDl
809 286 970 350 NATUR.
1004 284 1189 347 illatos.
1224 284 1308 347 liii.
1331 284 1427 347 le.
1461 289 1556 348 CAP.
1584 292 1682 351 ⁷·io.
1761 290 1823 353 m

165 440 201 495 sd
223 437 385 493 vicesimum
408 450 520 502 annum,
540 439 665 491 maiusre
682 438 717 491 ab
734 452 768 491 eo
785 437 968 505 dispendium,

165 526 219 562 non
232 510 395 576 proliciente
406 508 506 575 pretio.
518 507 593 561 Raro
606 508 707 576 quippe
719 508 809 561 adbuc
820 506 907 571 luere,
918 523 969 561 nec

166 580 219 632 nisi
242 580 272 630 in
295 584 445 644 nepotata,
465 578 584 645 singulis
604 582 685 629 testis
708 578 798 630 millia
821 582 969 629 nummum.

167 650 342 702 l'ieouesses
353 647 408 699 soii
420 647 514 713 picata
524 662 583 709 sua,
599 662 715 715 quorum
725 660 828 716 genera
839 647 968 708 diximus,

166 718 255 787 pluris
268 725 457 785 permutasse,
479 716 528 768 sed
540 719 614 768 inter
625 732 686 769 sese
698 731 794 770 amore
804 716 897 784 patrio
911 731 967 768 cre·

167 790 277 840 duntur.
315 786 399 853 idque
410 787 505 837 riuum
517 786 647 854 trigidius
661 786 779 855 reliquis
790 787 969 839 existimatur

166 858 193 908 in
204 856 309 926 frigido
320 864 398 924 potu.

201 927 262 980 vlt.
283 926 356 978 Vino
376 930 551 991 naturaest,
569 924 670 977 hausto
691 925 862 979 accendendi
874 925 968 979 calore

167 996 273 1047 viscera
284 994 368 1057 intus,
378 993 448 1046 ioris
460 993 553 1046 inluso
564 995 760 1062 refrigerandi.
775 995 834 1049 Nec
845 996 967 1048 alie'num

167 1065 252 1117 luerit
263 1078 483 1116 commemorare
493 1063 546 1116 boe
557 1063 586 1114 in
603 1064 682 1128 loco,
705 1064 779 1132 quod
790 1065 968 1133 Androcydes

167 1131 306 1201 sapientia
327 1133 420 1186 clarus
440 1132 477 1185 ad
491 1133 679 1186 Alexandrum
692 1135 826 1204 Magnum
846 1134 969 1202 scripsit,

167 1203 408 1270 intemperantiam
421 1203 480 1254 cius
493 1202 641 1254 cohibens:
659 1205 761 1257 Vinum
772 1210 899 1272 poturus,
911 1218 968 1265 rex,

167 1278 307 1326 memento
320 1277 349 1324 te
361 1271 457 1325 bibere
478 1272 639 1341 sanguinem
652 1278 757 1326 terrae:
778 1275 868 1326 cicuta
879 1272 967 1325 bomi-

168 1358 232 1394 num
245 1357 382 1394 venenum
395 1350 452 1403 est,
474 1341 581 1395 cicutae
592 1343 697 1394 vinum.
733 1343 840 1406 Quibus
853 1357 967 1409 praece·

167 1415 220 1480 ptis
232 1412 254 1462 si
273 1412 322 1464 ille
340 1412 607 1477 obtemperavisset,
627 1412 755 1478 prolecto
772 1413 877 1464 anricus
888 1413 915 1463 iu
928 1420 968 1464 te·

167 1481 305 1534 molestia
315 1496 369 1532 rron
380 1481 575 1533 interemisset.
595 1480 713 1533 Prorsus
725 1490 756 1533 ut
766 1482 826 1534 iure
837 1482 894 1533 diui
906 1498 968 1549 pos·

166 1552 212 1613 sit,
224 1565 314 1617 neque
325 1550 431 1601 viribus
443 1550 568 1617 corporis
579 1550 676 1601 utilius
688 1551 775 1612 aliud,
791 1567 880 1618 neque
890 1550 966 1603 aliud

167 1619 356 1686 voluptatibus
367 1619 560 1686 perniciosius,
568 1620 594 1670 si
606 1620 706 1672 modus
717 1621 799 1673 absit.

201 1690 274 1742 Vlll.
291 1688 314 1741 1.
326 1688 436 1740 Genera
446 1695 539 1740 autem
550 1689 608 1739 vini
620 1689 676 1740 alia
687 1691 750 1742 aliis
761 1690 888 1758 gratiora
897 1703 967 1750 esse,

165 1760 228 1825 quis
239 1756 365 1810 dubitet!
385 1764 497 1810 autnon
510 1773 544 1809 as
555 1757 653 1812 eodem
664 1759 726 1812 lacu
738 1761 813 1811 aliud
825 1766 968 1827 praestan-

165 1829 225 1879 tius
235 1828 324 1880 alteru
336 1829 536 1893 germinantem
550 1829 727 1893 praecedere,
746 1828 804 1880 sire
815 1836 898 1891 testa,
910 1829 967 1879 sira

164 1896 282 1949 fortuito
294 1897 414 1949 eventui
434 1896 620 1959 Quamobrem
636 1899 670 1950 de
681 1899 836 1967 principatu
848 1912 879 1949 se
890 1896 966 1963 quis·

165 1981 220 2033 que
231 1967 349 2018 iudicem
368 1971 483 2017 statuat.
520 1967 591 2018 lulia
602 1969 727 2034 Augusta
738 1966 870 2023 Lxxxn
880 1980 975 2017 annos

165 2037 243 2088 ritae
254 2036 358 2088 Pucino
369 2036 433 2086 vino
444 2035 543 2088 retulit
555 2045 695 2103 acceptus,
706 2052 760 2089 non
774 2037 831 2089 alio
842 2050 905 2087 usa.
916 2033 966 2085 Gi·

166 2105 263 2170 guitur
272 2106 300 2157 in
312 2107 373 2155 sinu
384 2104 516 2156 Adriatici
529 2107 629 2167 maris,
648 2121 703 2156 non
713 2106 811 2173 procul
821 2116 838 2155 a
848 2106 966 2157 Timaeo

164 2173 255 2236 lontc,
263 2190 350 2227 saseo
361 2173 442 2236 colle,
454 2177 595 2227 maritimo
606 2175 703 2227 adlata
714 2188 818 2243 paucas
828 2179 967 2242 coquente

164 2243 331 2315 amphoras:
343 2259 394 2295 nec
404 2244 480 2296 aliud
492 2247 586 2312 aptius
596 2244 806 2297 medicamentis
818 2243 966 2296 iudicatur.

164 2313 230 2366 lloc
242 2331 303 2367 esse
313 2313 489 2378 crediderim,
505 2315 579 2382 quod
590 2314 690 2366 Graeci
702 2315 875 2367 celebrantes
887 2311 967 2364 miris

162 2383 305 2445 laudibus,
317 2384 499 2436 Praecianum
511 2383 721 2450 appellaverunt
730 2399 765 2436 ex
775 2382 920 2436 Adriatico
931 2380 969 2432 si·

163 2467 212 2504 nu.
233 2453 319 2505 Divus
330 2454 468 2520 Augustus
479 2452 604 2503 Setinum
616 2453 751 2517 praetulit
763 2452 880 2513 cunctis,
891 2456 919 2502 ct
930 2448 969 2500 le·

162 2536 195 2572 re
216 2522 308 2572 secuti
330 2521 478 2585 principes,
500 2520 629 2571 confessa
645 2531 759 2586 propter
770 2520 968 2587 experimenta,

160 2606 219 2640 nun
231 2595 339 2640 temere
348 2587 531 2637 cruditatibus
541 2587 633 2638 noxiis
643 2590 679 2639 ab
688 2603 722 2638 ea
729 2588 825 2639 salira.
838 2586 969 2639 Nascitur

158 2672 253 2723 supra
263 2656 366 2705 Forum
379 2655 468 2720 Appii.
505 2657 596 2706 Antea
606 2655 735 2707 Caecubo
750 2662 811 2708 erat
822 2655 967 2723 generosi·

158 2734 209 2776 tas
222 2722 404 2774 celeberrima
415 2724 442 2773 in
456 2722 626 2789 palustribus
638 2725 789 2792 populetis,
810 2726 873 2776 sinu
885 2726 969 2791 Amy·

160 2794 263 2846 clano:
275 2791 349 2857 quod
361 2793 416 2843 iam
427 2792 578 2856 intercidit,
588 2800 618 2846 at
629 2795 737 2845 incuria
747 2795 847 2858 coloni,
859 2794 968 2861 locique

161 2863 310 2928 angustia:
333 2861 421 2929 magis
433 2868 526 2914 tamen
536 2861 613 2915 iossa
624 2863 754 2925 Neronis,
765 2878 846 2932 quam
858 2879 876 2915 a
887 2864 967 2915 lisia·

162 2948 200 2985 no
213 2930 277 2982 lacu
289 2928 396 2981 Ostiam
408 2945 495 2996 usque
506 2933 691 2998 navigabilem
703 2932 891 2986 inchoaverat.

20 3012 21 3023 ¹
126 3036 134 3041 -
198 3001 228 3051 2.
248 2998 373 3050 Secunda
386 2999 517 3052 nobilitas
530 3000 649 3053 Falerno
669 3015 739 3068 agro
750 3009 825 3063 erat,
848 3010 922 3055 etex
934 3017 967 3054 co

164 3070 287 3120 maxime
298 3068 459 3119 Faustiano.
496 3071 569 3120 Cura
580 3070 746 3137 culturaque
762 3071 791 3122 id
803 3072 967 3138 collegerat.

164 3136 309 3190 Exolescit
320 3136 373 3189 hoc
404 3152 502 3204 uoque,
520 3140 617 3205 copiae
628 3140 733 3206 potius,
744 3155 825 3206 quam
837 3141 968 3202 bonitati,

164 3205 347 3259 studentium.
383 3152 519 3258 {alemus
531 3223 598 3277 ager
612 3225 629 3261 a
641 3217 726 3276 ponte
736 3212 875 3277 Campano
887 3211 969 3262 laeva

166 3276 327 3343 petentibus
345 3276 483 3328 Urbanam
505 3278 643 3330 coloniam
656 3279 797 3331 Sullanam
816 3294 903 3348 nuper
914 3281 967 3331 Ca·

166 3360 240 3413 puae
249 3345 436 3398 contributam
449 3346 555 3414 incipit.
577 3347 744 3400 Faustianos
755 3356 846 3402 autem
858 3349 969 3402 circiter

167 3420 288 3482 quatuor
297 3415 432 3467 milliaria
443 3419 503 3467 vico
522 3431 607 3484 prope
618 3418 733 3480 Cedias,
754 3420 888 3485 quiricus
900 3434 917 3470 a
927 3418 969 3470 si-

168 3482 319 3536 nuessaVl
333 3485 456 3538 millibus
477 3487 565 3539 abest.
603 3487 660 3539 Nec
680 3488 732 3539 ulli
753 3488 780 3538 in
799 3489 864 3539 rino
880 3489 969 3540 uraior

168 3553 335 3607 auctoritas:
355 3555 416 3607 solo
426 3555 553 3607 vinorum
571 3555 683 3609 damma
694 3556 863 3609 accenditur.
899 3558 968 3610 'l'ria

168 3625 228 3674 eius
249 3638 362 3691 genera,
382 3633 532 3687 austerum,
553 3625 643 3687 dulce,
663 3633 755 3679 tenue.
791 3626 910 3690 Quidam
925 3629 968 3678 ita

167 3690 352 3760 distinguunt:
372 3694 487 3746 summis
503 3695 620 3747 collibus
633 3696 793 3747 Gauranum
804 3697 891 3765 gigni,
914 3711 968 3748 me·

167 3760 220 3813 diis
231 3761 422 3837 Faustianum,
441 3764 504 3815 imis
515 3764 672 3817 Falernum.
709 3765 769 3817 Non
782 3765 966 3817 omittendum

168 3840 271 3896 sutem,
291 3832 359 3883 nulli
370 3847 467 3884 eorum
479 3849 550 3901 quae
562 3835 746 3898 celebrentur,
767 3835 915 3889 iucundum
925 3850 968 3888 ss·

168 3914 261 3967 porem
272 3915 343 3954 urae
353 3916 423 3953 esse.

201 3969 227 4022 3.
246 3971 287 4022 Ad
309 3971 421 4022 tertiam
443 3970 564 4037 palmam
575 3976 649 4025 varic
665 3989 765 4028 venera
781 3972 967 4027 Albanallrbi

168 4039 266 4101 vicina,
278 4040 448 4106 praedulcia,
459 4054 491 4092 ac
502 4056 568 4093 rara
578 4043 607 4093 in
620 4050 739 4095 austero.
773 4044 840 4094 ltem
853 4041 967 4095 Surren-

167 4109 226 4160 tina
245 4110 273 4159 in
292 4109 382 4161 dosis
403 4114 511 4161 tantum
530 4113 690 4173 nascentia,
710 4112 966 4165 concalescentibus

168 4179 288 4229 maxime
297 4177 432 4244 probatu,
453 4187 568 4246 propter
582 4181 746 4234 tenuitatem
758 4181 966 4233 salubritatem-

167 4263 228 4314 que.
267 4247 512 4300 ‘l'iberiusCaesar
531 4250 642 4303 dicebat
652 4251 824 4302 consensisse
835 4250 967 4313 medicos,

167 4323 197 4367 ut
208 4314 386 4368 nobilitatem
397 4317 561 4370 Surrentino
573 4319 681 4381 darent,
692 4320 796 4387 alioqui
808 4335 870 4371 esse
881 4334 965 4386 gene·

167 4400 262 4437 rosum
275 4391 392 4437 acetum.
428 4389 510 4440 Caius
522 4389 633 4452 Caesar,
650 4392 695 4455 qui
707 4390 840 4441 successit
852 4387 903 4449 illi,
916 4404 967 4440 no-

167 4455 252 4507 bilem
263 4469 392 4522 vappam.
428 4457 543 4510 Certant
554 4459 678 4511 Massica
698 4473 800 4525 aeque,
821 4472 856 4509 ex
870 4464 967 4511 monte

167 4523 262 4577 Gauro
273 4524 407 4577 Puteolos
418 4525 557 4593 Baiasque
576 4530 794 4594 prospectantia.
831 4526 901 4579 Nam
914 4527 966 4579 Fa·

1056 435 1081 489 5.
1100 436 1144 489 Ex
1159 436 1275 505 reliquis
1285 442 1378 492 sutem
1396 448 1415 492 a
1432 439 1615 507 superaurati
1625 438 1819 499 Praetutisst·

1020 505 1823 576 queAnconenascentiaetquaespalmaunulorteeos·

1019 582 1052 627 ta
1073 573 1231 641 Paluransia
1250 579 1437 644 appellarere.
1473 578 1504 629 ln
1524 581 1731 635 mediterraneo
1753 600 1822 639 raro

1020 645 1823 708 Caesenatiaacltiaccenatiana.aneronensiitemlibae·

1019 714 1086 777 tica,
1106 712 1235 765 Falernis
1255 722 1362 766 tantum
1404 716 1716 789 ostbabitaaVirgilio.
1752 723 1823 778 bias

1020 784 1055 835 ab
1066 782 1167 833 intimo
1177 783 1239 842 sisu
1250 786 1345 846 maris,
1356 732 1485 839 Adriane.
1510 787 1552 839 Ab
1564 787 1655 841 iniero
1665 797 1756 844 autem
1768 794 1823 847 La·

1020 852 1163 913 tisicusia,
1184 852 1365 916 Graviscana,
1383 854 1580 910 Statoniensla.
1615 858 1821 931 Etruriaepal·

1020 936 1094 974 mam
1105 921 1185 973 buna
1194 920 1285 984 babet,
1296 921 1428 991 Liguriae
1439 925 1545 977 Genua.
1561 928 1637 980 later
1646 929 1822 997 Pyrenaeum

1021 992 1161 1059 Alpesque
1171 991 1300 1044 Massilia
1318 992 1430 1061 gemino
1451 1008 1561 1062 sapore,
1581 998 1691 1065 quando
1711 1007 1820 1055 etcor-

1021 1060 1131 1113 diendis
1143 1060 1207 1112 aliis
1218 1061 1348 1130 pinguius
1379 1062 1459 1130 ignit,
1471 1063 1545 1130 quod
1557 1075 1657 1119 nocant
1668 1084 1822 1124 succesum.

1022 1131 1222 1183 baeterrarum
1233 1132 1308 1183 intra
1319 1131 1364 1182 tis
1378 1132 1428 1182 lias
1444 1136 1572 1186 consistit
1587 1140 1749 1192 auctoritas.
1778 1141 1822 1195 De

1020 1200 1136 1267 reliquis
1156 1203 1184 1252 in
1195 1200 1368 1254 Narbonensi
1387 1202 1492 1269 genitis
1511 1217 1672 1261 asseverare
1692 1219 1821 1264 nonest:

1023 1274 1153 1337 quoniam
1175 1270 1315 1324 officinam
1335 1272 1393 1322 eius
1412 1271 1455 1324 rei
1475 1270 1567 1324 iecere
1584 1274 1822 1345 tingentcslumo,

1020 1340 1183 1406 utinamque
1194 1355 1248 1393 uon
1260 1348 1288 1393 et
1299 1340 1407 1403 herbis,
1427 1357 1460 1394 ac
1478 1342 1709 1400 medicaminibus
1719 1350 1821 1403 noxiis.

1020 1410 1129 1476 Quippe
1148 1410 1328 1477 etiamsinon
1347 1418 1518 1477 mercantur,
1538 1426 1594 1483 qus
1607 1428 1736 1483 saporem
1747 1421 1822 1473 colo·

1020 1493 1134 1546 senique
1146 1478 1315 1532 adulterant.

1056 1550 1082 1600 d.
1101 1547 1205 1600 Verum
1217 1556 1246 1600 et
1257 1549 1454 1617 longinquiora
1463 1551 1564 1606 ltaliae
1585 1553 1620 1605 ab
1631 1554 1752 1609 Ausonio
1762 1570 1819 1612 ms·

1020 1618 1055 1679 ri,
1076 1632 1130 1669 non
1142 1619 1355 1685 carentgioria,
1375 1621 1543 1686 Tarentina,
1565 1622 1771 1689 etServtttsna,
1792 1635 1823 1682 et

1021 1688 1190 1739 Consentiae
1201 1690 1305 1756 genita,
1327 1696 1356 1740 et
1366 1690 1512 1772 Tempsae,
1529 1692 1823 1758 achbiac,Lucaoa·

1020 1770 1074 1822 que
1085 1757 1316 1809 antecedentibus
1327 1757 1471 1811 Thurinis.
1508 1761 1636 1814 Omnium
1647 1779 1714 1816 vero
1725 1780 1824 1818 eorum

1020 1825 1140 1878 niaxime
1150 1826 1295 1879 illustrata
1306 1826 1447 1881 Messalae
1457 1834 1525 1896 potu
1543 1831 1687 1897 etsalute,
1707 1834 1825 1903 Lagari·

1020 1909 1065 1955 na,
1082 1909 1138 1945 non
1150 1894 1247 1961 procul
1258 1894 1413 1949 Grumento
1424 1899 1578 1952 nascentia.
1615 1902 1768 1970 Campania
1778 1922 1826 1959 nu·

1020 1976 1070 2030 per
1080 1964 1215 2016 excitavit
1226 1966 1304 2016 noris
1316 1964 1474 2018 nominibus
1486 1969 1694 2035 auctoritatem,
1711 1973 1769 2027 sire
1779 1991 1825 2027 cu·

1020 2047 1068 2095 ra,
1090 2032 1150 2087 sivo
1161 2047 1244 2095 casu,
1265 2032 1301 2084 ad
1313 2040 1441 2101 quartum
1461 2051 1478 2087 a
1490 2036 1611 2106 Neapoli
1623 2039 1744 2109 lapidem
1756 2046 1825 2096 Tre·

1020 2100 1144 2154 bellicis:
1163 2104 1243 2154 iuxta
1253 2100 1374 2170 Capuam
1388 2104 1519 2169 caulinis,
1538 2115 1567 2159 et
1577 2108 1606 2160 in
1616 2124 1667 2162 suo
1677 2125 1745 2180 agro
1757 2116 1826 2166 Tre·

1019 2171 1146 2222 balanis:
1168 2170 1275 2239 alioqui
1298 2188 1408 2241 semper
1428 2174 1503 2227 inter
1519 2176 1824 2243 plebeiaet'l'rilolinis

1019 2240 1149 2323 gloriata.
1164 2240 1236 2293 Nam
1247 2240 1421 2310 Pompeianis
1432 2259 1569 2297 summum
1581 2247 1675 2302 decem
1687 2264 1824 2305 annorum

1020 2315 1219 2362 incrementum
1231 2318 1282 2374 est,
1301 2310 1371 2364 nibil
1383 2322 1497 2366 senecta
1508 2316 1679 2372 conferente.
1716 2319 1824 2375 Dolore

1020 2380 1106 2431 etiam
1119 2392 1151 2431 ca
1172 2381 1243 2432 itum
1254 2383 1282 2432 in
1294 2388 1400 2434 sestam
1416 2381 1513 2434 boram
1526 2385 1582 2437 diei
1597 2389 1739 2456 sequentis
1751 2390 1822 2444 inie-

1020 2456 1065 2498 sta
1076 2395 1331 2515 depreqsenduntur.
1367 2451 1476 2515 Quibus
1487 2467 1566 2505 esem
1588 2455 1636 2518 lis,
1659 2457 1714 2508 nisi
1725 2456 1822 2523 fallor,

1019 2514 1198 2568 manifestum
1218 2525 1276 2579 est,
1301 2518 1420 2585 patriam
1443 2527 1601 2592 terramque
1621 2524 1746 2590 referre,
1766 2542 1823 2581 nou

1020 2599 1117 2635 uvam:
1138 2590 1167 2637 et
1187 2599 1386 2652 supervacuam
1400 2602 1532 2655 generum
1545 2594 1781 2647 consectationem
1791 2597 1823 2650 irs

1021 2668 1175 2714 numerum,
1195 2669 1257 2705 cum
1278 2654 1376 2706 eadem
1387 2657 1452 2706 ritis
1473 2657 1549 2710 aliud
1564 2660 1629 2711 aliis
1640 2662 1668 2712 in
1679 2661 1749 2714 locis
1760 2665 1821 2732 pol·

1020 2722 1087 2775 leat.
1107 2723 1307 2790 Hispaniarum
1320 2722 1454 2775 Laletana
1466 2728 1547 2791 copia
1558 2729 1754 2783 nobilitantur:
1767 2734 1823 2787 ele·

1021 2792 1117 2860 gantis
1132 2807 1199 2845 reru
1210 2792 1446 2856 Tarraconensia,-
1467 2802 1551 2863 atquc
1563 2795 1772 2853 Lauronensia:
1793 2810 1823 2855 et

1020 2862 1169 2914 Balearica
1179 2876 1214 2915 ex
1225 2860 1331 2924 insulis,
1343 2860 1526 2916 conteruntur
1537 2866 1634 2920 ltaliae
1645 2869 1754 2934 primis.
1763 2872 1823 2926 Nec

1020 2931 1224 2999 ignoro,multa
1236 2929 1434 2998 praetermissa
1445 2933 1594 3003 plerosque
1603 2937 1822 3006 existimaturos,

1021 3000 1130 3067 quando
1141 3016 1222 3053 suum
1234 3003 1332 3069 cuique
1343 3001 1443 3067 piacet,
1460 3010 1489 3056 et
1501 3019 1664 3073 quocunque
1674 3016 1766 3075 eatur,
1778 3012 1820 3064 ia·

1019 3071 1086 3122 bula
1102 3070 1198 3122 eadem
1220 3070 1375 3137 reperitur:
1397 3070 1465 3122 Diri
1475 3074 1592 3142 Augusti
1608 3076 1777 3131 iudiciorum
1789 3094 1823 3133 ae

1022 3139 1109 3206 palati
1120 3140 1318 3205 peritissimum
1330 3155 1345 3191 e
1356 3138 1475 3206 libertis,
1491 3159 1635 3196 censuram
1649 3147 1702 3198 riui
1713 3152 1743 3200 iu
1755 3164 1823 3217 spu·

1020 3210 1064 3261 las
1076 3210 1135 3260 eius
1148 3207 1309 3270 lacicntcm,
1328 3207 1431 3262 dixisse
1442 3210 1547 3280 hospiti
1559 3213 1593 3265 de
1604 3214 1738 3285 indigena
1747 3220 1821 3283 riso,

1020 3293 1120 3330 norum
1133 3278 1245 3344 quidem
1257 3278 1310 3329 sibi
1322 3286 1434 3346 gustum
1447 3296 1509 3334 esse
1525 3298 1603 3345 eum,
1624 3290 1707 3352 atquc
1718 3302 1772 3339 noa
1786 3304 1823 3342 ex
1871 3310 1879 3317 ·

1019 3347 1168 3409 nobilibus,
1178 3346 1228 3400 sed
1240 3348 1385 3400 Caesarem
1398 3364 1452 3400 oon
1464 3350 1539 3402 aliud
1550 3360 1688 3419 potarum.
1707 3355 1766 3409 Nec
1776 3372 1823 3409 ne·

1020 3418 1144 3488 gaverim
1156 3422 1184 3469 et
1194 3417 1252 3469 alia
1263 3416 1350 3484 digna
1359 3432 1420 3470 esse
1430 3418 1518 3472 fama:
1538 3422 1588 3474 sed
1600 3421 1744 3492 dequibus
1756 3441 1820 3479 coo·

1020 3502 1116 3540 sensus
1127 3487 1186 3538 aeri
1197 3486 1388 3550 iudicaverint,
1400 3486 1469 3540 hacc
1480 3495 1553 3547 sunt.

1058 3556 1106 3609 lli.
1124 3555 1204 3607 Nunc
1224 3556 1311 3607 simili
1328 3556 1609 3613 modotransmarina
1619 3560 1752 3614 dicemus.
1789 3561 1821 3615 ln

1020 3625 1822 3771 iiiiii‘distributisdissidiis.'itti

1149 3730 1157 3757 ,
1585 3737 1591 3750 .

1019 3765 1155 3817 Arrisium
1171 3771 1281 3816 vocant.
1316 3764 1371 3816 liis
1387 3764 1496 3818 addidit
1509 3767 1642 3820 Lesbium
1654 3768 1821 3824 Erasistrati

1019 3836 1134 3885 maximi
1155 3833 1255 3886 medici
1276 3835 1438 3897 auctoritas,
1456 3836 1569 3888 circiter
1585 3838 1699 3893 ccccl.
1719 3856 1820 3893 aunum

1019 3904 1099 3955 urbis
1109 3903 1223 3955 Romae.
1252 3903 1332 3955 Nunc
1343 3905 1434 3973 gratia
1444 3911 1509 3957 autc
1521 3908 1615 3959 onroia
1625 3914 1668 3960 cst
1679 3908 1820 3962 Clazome-

1019 3974 1229 4039 niu,postquam
1242 3974 1352 4041 parcius
1364 3977 1433 4025 mari
1446 3973 1586 4026 condiunt.
1598 3977 1728 4029 Lesbium
1740 3993 1820 4046 spon-

1020 4050 1048 4095 te
1058 4057 1125 4095 suae
1137 4049 1253 4095 naturae
1265 4056 1341 4096 mare
1351 4044 1433 4111 sapit.
1455 4043 1515 4106 Nec
1525 4046 1643 4097 Tmoliti
1656 4061 1705 4112 per
1715 4061 1745 4097 se
1756 4062 1819 4115 gra·

1019 4112 1069 4174 tia,
1078 4118 1110 4163 ut
1120 4115 1196 4164 vino:
1209 4111 1259 4164 sed
1270 4113 1349 4164 cuius
1359 4113 1433 4166 dulci
1444 4114 1579 4177 admisto,
1591 4115 1762 4182 reliquorum
1773 4115 1821 4167 du·

1019 4185 1084 4234 ritia
1093 4182 1260 4234 suavitatem
1273 4182 1404 4249 accipiat,
1416 4182 1499 4234 simul
1509 4191 1539 4237 et
1547 4189 1679 4246 aetatem,
1688 4184 1820 4252 quonism

1019 4250 1175 4303 vetustiora
1195 4251 1322 4317 protinus
1341 4252 1481 4304 videntur.
1518 4253 1559 4304 Ab
1576 4250 1618 4302 bis
1638 4251 1766 4319 dignatio
1778 4262 1822 4308 est

1019 4319 1162 4388 Sicyonio,
1181 4320 1295 4388 Cyprio,
1312 4320 1480 4383 Teimcsico,
1497 4321 1673 4388 Tripolitico,
1691 4322 1820 4391 Berytio,

1018 4390 1117 4457 Tyrio,
1129 4388 1326 4456 Sebennytico.
1347 4391 1378 4441 ln
1390 4391 1517 4457 Aegypto
1529 4388 1583 4443 boc
1595 4392 1718 4445 nascitur
1729 4395 1820 4446 tribus

1039 4458 1169 4511 oneribus
1179 4472 1294 4508 uvarum
1305 4457 1345 4509 ibi
1356 4457 1457 4520 nobile,
1469 4456 1582 4523 Thasia,
1592 4458 1713 4525 aethalo,
1724 4477 1819 4531 peuce.

1019 4476 1087 4581 Post
1098 4527 1167 4579 baec
1183 4528 1336 4579 auctoritas
1348 4524 1589 4594 hippodamantio,
1604 4531 1738 4599 Mystico,
1758 4549 1821 4586 can·

167 4592 247 4646 terno
260 4595 435 4647 contermina
446 4594 563 4648 Statana
575 4597 609 4648 ad
621 4597 791 4664 principatus
801 4610 903 4648 venere
912 4610 967 4648 nen
1020 4597 1150 4658 tbaritac,
1162 4603 1296 4664 protropo
1307 4596 1418 4658 Cnidio,
1430 4600 1718 4663 Catacecaumenitae,
1729 4601 1820 4657 Petri·

167 4662 262 4716 dubie:
283 4665 431 4732 palamque
441 4664 755 4736 leceresuaquibusque
766 4668 967 4732 terristempo·
1020 4674 1076 4731 tae,
1094 4665 1237 4734 Myconin.
1272 4665 1344 4718 Nam
1356 4666 1435 4719 Meso
1456 4668 1515 4721 itcn
1534 4668 1638 4735 capitis
1655 4671 1767 4724 dolores
1781 4672 1820 4725 la-

167 4746 198 4784 ra
208 4748 284 4796 esse,
306 4735 381 4786 sieut
391 4748 484 4786 rerum
495 4746 646 4802 proventus
658 4750 836 4802 occasusque.
872 4736 968 4786 iuncta
1019 4752 1083 4791 cere
1105 4742 1276 4804 compertum
1297 4741 1353 4788 est:
1374 4751 1426 4789 nec
1485 4737 1594 4790 basium
1615 4740 1726 4793 salubre
1745 4756 1820 4796 esse:

167 4798 208 4852 lris
228 4803 364 4871 praeponi
383 4805 514 4858 solebant
524 4807 638 4859 Calena:
662 4812 690 4859 et
706 4820 777 4874 quae
787 4807 815 4856 iu
825 4805 914 4857 vineis
926 4820 968 4856 ar·
1020 4809 1147 4875 quoniam
1161 4808 1230 4858 mari
1243 4812 1271 4857 ct
1282 4804 1393 4858 defruto
1403 4753 1556 4860 conddatur.
1568 4812 1738 4877 Apamenum
1749 4811 1820 4864 mul·

167 4870 310 4939 bustisque
322 4882 484 4937 nascuntur,
495 4876 639 4930 Fundana.
651 4874 713 4928 Alia
725 4889 759 4927 ex
769 4875 874 4928 ricinia
886 4876 968 4927 Urbis
1019 4893 1051 4928 so
1062 4875 1209 4945 praecipite
1220 4876 1368 4927 convenire
1384 4874 1500 4941 dicitur,
1522 4880 1595 4931 sicut
1607 4881 1778 4933 Praetutium
1791 4881 1820 4931 in

166 4939 349 5006 veliternius,
368 4942 605 5014 Privernatiaque.
630 4947 698 4998 Nam
710 4946 784 5014 quod
796 4944 910 5013 Signiae
920 4959 968 4996 ua·
1019 4946 1111 4999 ltalia.
1143 4944 1195 4996 Est
1205 4945 1280 4997 eninr
1291 4943 1358 4997 baec
1368 4946 1524 5012 proprietas
1535 4963 1676 5017 generum,
1686 4949 1821 5001 utdulcia

165 5007 261 5071 scitur,
269 5012 438 5066 austeritate
449 5015 534 5067 nimia
542 5016 725 5069 continendae
736 5015 805 5067 utile
815 5015 970 5079 alvo,intcr
1020 5018 1117 5083 utique
1135 5014 1209 5065 inter
1228 5028 1259 5064 se
1279 5028 1333 5064 son
1350 5022 1513 5081 congruant.
1552 5018 1681 5071 llxolerit
1692 5026 1822 5087 etprota·

164 5078 349 5134 medicamina
359 5092 529 5136 numeratur.
1020 5087 1100 5154 gion,
1121 5083 1194 5149 quod
1206 5083 1313 5134 italicis
1335 5086 1491 5150 proximum
1512 5084 1638 5140 lecerunt
1648 5088 1822 5155 Asclepiadis

195 5148 224 5200 4.
243 5150 382 5214 Quartum
394 5153 562 5205 curriculum
572 5154 692 5221 publicis
713 5154 804 5223 epulis
815 5154 964 5206 obtinuere
1020 5153 1141 5205 scholae.
1153 5152 1340 5218 Apollodorus
1350 5154 1520 5217 medicus,in
1531 5155 1680 5218 volumine,
1692 5172 1746 5226 quo
1757 5172 1820 5210 sus·
1829 5176 1851 5213 ι

164 5217 263 5270 alliso
275 5219 348 5289 lulio
359 5222 396 5285 (is
407 5225 478 5275 enim
489 5224 594 5290 primus
605 5224 800 5276 auctoritatem
809 5221 968 5284 distribuit,
1021 5223 1058 5275 sit
1069 5222 1232 5274 Ptolemaeo
1243 5224 1301 5292 regi
1313 5238 1385 5293 quae
1400 5226 1465 5276 vina
1479 5224 1601 5288 biberet,
1621 5226 1725 5278 italicis
1735 5228 1820 5280 etiarn

164 5293 194 5338 ut
203 5288 232 5339 in
245 5289 378 5355 epistolis
395 5294 454 5343 eius
465 5298 594 5359 apparet)
610 5293 788 5355 Mamertina,
809 5293 884 5344 circa
895 5293 969 5343 liles-
1021 5299 1080 5343 tum
1093 5294 1206 5359 ignotis,
1229 5292 1354 5345 laudarit
1363 5294 1391 5345 in
1403 5292 1493 5347 Ponto
1504 5294 1733 5361 Naspcrceniten,
1754 5307 1821 5345 mox

164 5370 260 5409 sanam
272 5361 301 5409 in
313 5358 412 5412 sicilia
422 5363 525 5429 genita.
563 5363 605 5414 lix
617 5363 653 5414 iis
666 5363 812 5424 Potulana,
827 5365 861 5414 ab
872 5368 967 5413 sumo·
1020 5361 1175 5423 Oreticum,
1194 5362 1346 5423 (leucaten,
1367 5362 1547 5425 Leucadium,
1567 5363 1772 5422 Ambracioten,
1791 5368 1822 5414 et

163 5438 193 5477 re
206 5426 293 5490 dicta,
316 5430 344 5480 iu
356 5429 421 5481 loco
443 5432 570 5497 proximo
582 5432 681 5484 ltaliae
701 5431 850 5484 laudantur
860 5430 966 5498 praeci·
1020 5430 1098 5499 quod
1110 5434 1214 5483 cunctis
1225 5433 1359 5497 praetulit
1369 5431 1579 5499 Peparetbium:
1591 5431 1641 5483 sed
1653 5429 1767 5480 nslnoris
1777 5429 1819 5483 la·

161 5507 223 5559 pue.
256 5497 352 5551 Est'in
363 5499 460 5552 eadem
472 5499 570 5552 Sicilia
580 5509 609 5553 et
619 5501 857 5553 Tauromlnitanis
867 5499 966 5564 bonos,
1023 5514 1084 5554 mae
1095 5516 1156 5554 esse
1166 5502 1247 5563 dixit,
1253 5502 1383 5571 quoniam
1391 5510 1455 5553 ante
1466 5516 1516 5554 sex
1526 5512 1613 5551 annos
1623 5512 1678 5548 nou
1687 5498 1812 5566 maceret

161 5564 271 5684 lagonis
280 5580 333 5691 ιιιιῖ
346 5569 514 5621 Mamertino
527 5571 691 5640 pleramque
702 5570 831 5622 subditis.
1056 5570 1091 5624 X.
1119 5571 1262 5625 lisctesus
1290 5571 1408 5688 bouito²s³
1426 5569 1482 5621 vini
1509 5565 1669 5618 nationibus
1693 5565 1783 5623 debet

221 5648 287 5689 ars.
342 5648 547 5694 sar-sasas.
