4356 6014
341 311 402 370 238
446 309 478 368 C.
514 307 664 368 Pblh'li
700 301 905 365 SECUNDl
944 248 1114 362 Narba.
1152 299 1344 361 HtsToa.
1381 298 1465 360 LlB.
1503 296 1600 357 XIX.
1642 297 1734 356 GAP.
1774 298 1894 354 att-24.

341 459 458 513 Athenis
468 457 614 526 Epicurus,
627 455 677 506 otii
688 451 831 518 magister.
868 451 960 518 Usque
971 449 1006 503 ad
1016 466 1078 504 eum
1090 465 1148 503 mo·

343 533 383 583 ris
393 544 448 581 non
457 527 592 589 iuerat,in
603 522 709 591 oppidis
722 513 848 573 habitari
858 535 933 573 rura.
969 521 1075 574 Romae
1087 520 1147 589 qui·

343 602 407 652 dem
419 612 469 666 per
480 614 510 649 se
522 596 619 647 hortus
632 605 699 657 ager
709 591 842 656 pauperis
854 599 924 642 erat.

378 669 404 720 2
424 663 558 718 Extorto
569 654 662 727 plebei
675 658 838 724 macellum,
859 664 965 727 quanto
977 660 1147 713 innocentio·

342 753 374 790 re
393 735 484 788 rictu!
520 730 612 796 Mergi
632 729 717 791 enirn,
739 729 833 791 credo,
853 732 882 781 in
904 728 1042 797 profunda
1059 729 1146 781 satius

256 826 261 835 ·
343 814 401 870 est,
420 811 449 857 et
469 806 626 853 ostrearum
646 813 750 866 genera
770 797 918 866 naufragio
939 800 1058 867 exquiri,
1080 814 1147 851 ares

342 876 419 927 ultra
429 868 576 923 l'hasidem
589 882 698 920 aninam
710 871 777 935 peti,
789 876 819 922 et
830 868 960 922 fabuloso
972 871 1081 937 quidem
1093 876 1147 920 ter·

342 945 500 1001 roratum,
510 938 595 989 immo
607 938 650 989 sic
661 939 929 1005 pretiosiorca,alias
940 942 967 991 in
980 939 1149 1001 Numidiam,

341 1021 425 1078 atque
438 1007 603 1076 Aethiopiae
620 1009 760 1075 sepulcra:
781 1016 829 1060 aut
846 1024 971 1077 pugnare
990 1023 1051 1059 cunr
1069 1007 1146 1069 ieris,

340 1079 489 1146 mandique
499 1079 655 1145 capientem
667 1077 739 1145 quod
750 1077 862 1129 mandat
873 1078 952 1129 alius.
988 1078 1024 1127 At
1036 1076 1149 1129 hercule

341 1165 426 1219 quam
437 1148 505 1200 vilia
515 1147 595 1210 haec,
607 1162 686 1214 quam
699 1155 798 1214 parata
808 1147 946 1214 voluptati
957 1145 1084 1198 satietati
1105 1159 1150 1208 ue;

339 1218 393 1272 nisi
404 1217 511 1281 eadem,
522 1232 593 1284 quae
602 1218 713 1283 ubique,
725 1216 882 1284 indignatio
895 1216 1068 1268 occurreret!
1114 1214 1148 1267 'e-

340 1289 460 1343 rendum
470 1303 539 1340 sane
550 1286 637 1339 fuerit
648 1300 683 1338 ex
704 1285 790 1337 uisita
800 1287 877 1338 nasci
888 1298 980 1353 poma,
997 1283 1056 1335 alia
1066 1297 1147 1351 sapo-

339 1374 382 1423 re,
394 1359 453 1411 alia
462 1355 664 1424 magnitudine,
675 1303 733 1408 aiis
744 1364 878 1418 monstro,
887 1354 1054 1423 pauperibus
1065 1353 1148 1407 inter·

340 1430 435 1481 dicta:
452 1426 607 1479 inveterari
617 1427 692 1488 rina,
712 1426 856 1492 saccisque
873 1423 1006 1478 castrari:
1030 1438 1081 1476 nec
1092 1422 1148 1475 cui·

340 1513 424 1567 quam
435 1497 506 1549 adeo
517 1497 629 1565 longam
641 1496 809 1557 esse'ritam,
820 1503 852 1547 ut
863 1510 919 1546 non
932 1500 996 1545 ante
1008 1509 1038 1545 se
1049 1495 1147 1560 genita

340 1573 434 1636 potet:
454 1582 470 1619 e
485 1565 612 1634 frugibus
628 1578 738 1633 quoque
754 1564 892 1631 quoddam
912 1564 1074 1616 alimentum
1092 1563 1147 1616 sibi

340 1636 517 1705 excogitasse
529 1633 679 1698 luxuriam,
700 1649 733 1686 ac
747 1633 899 1686 medullam
916 1638 1023 1685 tantum
1035 1647 1146 1685 earum:

340 1722 479 1775 superque
491 1707 670 1773 pistrinarum
686 1703 817 1770 operibus
833 1712 860 1756 et
877 1703 1030 1756 caelaturis
1044 1703 1148 1765 rivere,

340 1779 398 1830 ulio
410 1790 481 1843 pane
492 1789 648 1841 procerum,
668 1772 726 1824 alio
741 1773 828 1842 vulgi,
848 1781 892 1825 tot
902 1772 1050 1842 generibus
1061 1774 1148 1840 u'sque

261 1856 264 1863 ’
338 1847 376 1899 ad
393 1846 515 1896 inituram
532 1842 641 1909 plebem
659 1842 845 1895 descendente
863 1858 981 1895 arraona.
1017 1843 1148 1897 Etiamne

337 1913 474 1970 inberbis
486 1912 792 1965 discrimen-inventum
808 1919 865 1975 est,
887 1927 1008 1980 opesque
1019 1912 1148 1965 differen-

337 1984 511 2039 tiamfeccre
522 1983 551 2033 iu
567 1983 639 2045 cibo,
661 1983 745 2034 etiam
763 1997 817 2033 uno
837 1999 899 2035 asse
913 1982 1024 2035 venalii
1061 1983 1091 2033 ln
1104 1981 1147 2033 his

339 2068 449 2124 quoque
462 2051 559 2121 aliqua
568 2052 623 2103 sibi
633 2054 711 2104 nasci
723 2052 812 2104 tribua
822 2059 933 2120 negant,
956 2053 1035 2104 caule
1046 2051 1074 2102 in
1087 2059 1147 2104 tan-

338 2133 400 2178 tum
411 2123 551 2191 saginato,
570 2129 600 2173 ut
611 2122 741 2188 pauperis
752 2136 847 2174 mensa
858 2139 911 2173 non
923 2123 1025 2190 capiat.
1061 2121 1148 2174 Silve-

337 2204 413 2248 stres
426 2193 534 2247 lecerat
546 2199 648 2244 natura
659 2191 801 2254 corrudas,
824 2193 980 2261 utquisque
993 2193 1147 2245 demeteret

339 2266 454 2334 passim.
491 2265 564 2315 Ecce
585 2261 678 2314 altiles
699 2269 862 2330 spectantur
883 2263 1025 2329 asparagi:
1048 2270 1077 2314 et
1094 2262 1148 2313 Ra·

339 2350 432 2387 venno
442 2338 536 2386 ternos
549 2332 629 2383 libris
639 2330 774 2398 rependit.
813 2331 1013 2399 lleuprodigia
1024 2331 1146 2384 ventris!

338 2404 442 2457 Mirum
456 2409 530 2457 esset
551 2418 604 2453 non
616 2400 701 2454 licere
714 2402 807 2471 pecori
819 2403 928 2453 carduis
939 2404 1028 2453 rescit
1050 2418 1104 2453 non
1116 2401 1148 2453 li-

340 2483 385 2526 cet
395 2474 480 2542 plebi.
516 2475 610 2540 Aquae
631 2486 740 2539 quoque
758 2479 933 2539 separantur,
954 2478 982 2524 et
993 2474 1055 2538 ipsa
1065 2478 1146 2524 nata·

338 2559 388 2597 rae
407 2544 584 2596 elementari
606 2543 741 2608 pecuniae
760 2540 880 2594 discreta
900 2548 973 2592 sunt.
1011 2543 1147 2603 llinises,

341 2614 386 2666 illi
397 2612 514 2682 glaciem
528 2616 636 2679 potant,
656 2625 815 2679 poenasque
835 2614 970 2662 montium
983 2611 1011 2661 in
1022 2613 1148 2677 vulupta-

339 2693 396 2735 tem
414 2682 497 2750 gulae
514 2685 636 2734 vertunt.
673 2679 808 2733 Servatur
824 2680 905 2748 algor
916 2679 1049 2745 aestibus,
1068 2696 1148 2733 exco-

340 2755 502 2822 gitaturque
523 2757 555 2803 ut
572 2751 672 2802 alienis
691 2752 833 2804 mensibus
854 2752 902 2802 nix
918 2751 1020 2817 algeat.
1058 2751 1147 2803 Daco-

341 2830 427 2890 qnunt
440 2824 489 2874 alii
506 2837 611 2890 aquas:
633 2836 698 2872 mox
713 2826 741 2872 et
752 2821 816 2872 illas
832 2818 964 2874 hiemant.
1000 2818 1077 2871 Nihil
1095 2822 1148 2872 uti·

339 2907 395 2960 que
410 2893 514 2944 bomini
526 2893 574 2953 sic,
599 2890 738 2958 quomodo
749 2905 840 2943 rernm
852 2899 971 2943 naturae
981 2888 1082 2956 placet.
1099 2889 1147 2941 Et·

339 2963 432 3014 iamne
443 2962 532 3015 herba
541 2961 635 3027 aliqua
647 2960 751 3011 divitiis
763 2966 870 3011 tantum
884 2958 1031 3012 nascitur-l
1057 2958 1146 3011 Nemo

339 3031 442 3083 Sacros
452 3030 660 3096 aventinosque
671 3035 780 3081 nrootea
791 3065 799 3092 ,
821 3037 849 3083 et
860 3033 947 3082 iratae
958 3029 1049 3095 plebis
1059 3043 1147 3082 seces·

338 3114 386 3150 aus
399 3098 646 3165 circumspexerit:
668 3112 733 3147 uror
744 3100 815 3149 enim
827 3106 904 3151 certe
915 3101 1056 3163 aequabit,
1078 3112 1148 3163 quos

337 3168 460 3235 pecunia
470 3168 650 3233 separaverit.
687 3165 784 3234 ltaque
795 3164 908 3219 hercule
919 3166 1026 3218 nullum
1039 3165 1148 3217 macelli

338 3236 461 3305 vectigal
473 3235 563 3286 maius
575 3234 628 3284 iuit
640 3235 753 3297 Romae,
762 3236 884 3288 clamore
896 3235 986 3301 plebis
997 3234 1148 3287 incusantis

339 3305 414 3373 apud
424 3319 520 3358 omnes
531 3303 677 3372 principes,
685 3302 772 3355 donec
783 3305 929 3357 remissum
942 3312 984 3354 est
995 3307 1148 3372 portorium

339 3378 442 3429 arercis
460 3373 555 3427 huius:
576 3380 803 3441 compertumque
823 3389 879 3425 non
898 3373 984 3425 aliter
999 3381 1149 3440 quaestuo-

340 3448 399 3498 sius
412 3459 524 3499 censnm
541 3439 637 3495 haberi
652 3448 701 3495 aut
715 3445 822 3506 tutius,
844 3458 878 3494 ac
894 3444 1003 3495 minore
1015 3442 1148 3494 fortunae

328 3517 416 3579 iure,
440 3530 501 3567 cum
515 3512 647 3566 credatur
657 3514 753 3580 pensio
765 3529 798 3566 ea
808 3528 973 3581 pauperum.
1009 3513 1037 3564 la
1047 3512 1075 3564 in
1087 3511 1147 3565 solo

340 3600 460 3654 sponsor
470 3590 522 3648 est,
542 3590 571 3634 et
582 3583 632 3635 sub
644 3582 690 3635 dio
701 3583 818 3647 reditus,
839 3582 1055 3651 superficiesque
1067 3582 1147 3635 caelo

341 3669 505 3724 quocunque
517 3654 651 3722 gaudens.

375 3722 400 3776 3.
419 3725 573 3775 llortorum
587 3727 655 3776 Cato
667 3721 810 3788 praedicat
821 3723 924 3776 caules.
943 3724 1018 3776 Hinc
1028 3724 1145 3792 primum

341 3794 484 3862 agricolae
495 3791 716 3846 aestimabantur
731 3791 828 3857 prisci,
851 3800 880 3845 et
894 3795 935 3845 sic
950 3794 1046 3843 statim
1063 3793 1147 3845 iacie-

340 3865 409 3916 bant
421 3863 572 3925 iudicium,
594 3873 711 3927 nequam
723 3874 784 3911 esse
803 3861 832 3911 in
844 3861 927 3912 domu
941 3868 1058 3914 matrem
1069 3861 1147 3913 iami-

340 3932 404 3993 lias,
416 3933 531 3996 (etenim
543 3930 612 3982 haec
623 3942 690 3982 cura
700 3927 821 3982 feminae
831 3930 998 3993 dicebatur,)
1017 3932 1066 3982 abi
1077 3930 1147 3982 indi·

341 4001 430 4070 ligens
442 4008 518 4055 esset
529 3997 640 4051 honus:
662 3997 763 4066 quippe
774 4013 789 4051 e
801 4004 928 4052 carnario
940 4036 948 4062 ,
969 4007 1019 4053 aut
1030 4001 1146 4052 macello

341 4072 487 4123 vivendum
501 4085 573 4124 ease.
610 4068 665 4120 Sed
682 4083 733 4120 nec
751 4068 856 4131 caules,
879 4076 910 4121 ut
922 4085 1002 4133 outre,
1026 4070 1147 4121 unanime

340 4138 1146 4209 probabant,damnantespolmentaria,quaeegerentalio

340 4212 542 4279 pulmentario:
564 4208 593 4261 id
613 4213 675 4262 erat
695 4208 759 4261 oleo
779 4223 907 4276 parcere:
926 4210 1063 4278 nauigari
1076 4208 1147 4262 desi-

342 4280 421 4334 deria
431 4282 519 4334 etiarn
528 4280 555 4332 in
568 4278 786 4346 exprobratione
800 4284 888 4331 erant.
926 4280 1010 4332 Horti
1026 4281 1148 4332 niaxinre

340 4350 498 4416 placebant,
507 4349 572 4418 quia
583 4365 639 4400 noa
651 4356 766 4419 egerent
776 4349 843 4418 igni,
853 4357 1051 4416 parcerentque
1062 4351 1148 4418 ligno,

342 4431 375 4469 ex
398 4418 474 4470 edita
485 4435 528 4472 res
540 4426 568 4470 et
582 4425 681 4485 parata
698 4433 820 4486 semper:
842 4421 914 4474 unde
929 4426 957 4474 et
968 4421 1093 4473 acetaria
1104 4434 1149 4485 op·

341 4432 492 4553 peiiaotur,
513 4487 610 4539 lucilia
626 4490 778 4557 concoqui,
799 4505 851 4542 nee
869 4497 1021 4541 oneratura
1036 4503 1147 4541 sensum

343 4555 422 4617 cibo,
443 4561 472 4607 et
482 4570 553 4622 quae
565 4557 676 4612 minime
687 4557 874 4610 accenderent
884 4557 1049 4608 desiderium
1062 4558 1149 4624 panis.

342 4621 413 4675 Pars
429 4639 524 4676 eorum
544 4624 580 4676 ad
597 4629 777 4680 condimenta
792 4628 934 4692 pertinens
950 4625 1057 4677 fatetur
1073 4625 1149 4676 domi

343 4707 486 4745 versuram
506 4694 568 4746 lieri
587 4697 714 4748 solitam:
744 4703 828 4762 atque
850 4709 904 4745 non
925 4693 1047 4746 lodicum
1071 4697 1150 4762 piper

343 4761 511 4882 goaesitum,
522 4778 647 4831 quaeque
667 4773 745 4816 trans
765 4763 854 4817 naaria
876 4765 1004 4829 petimus.
1041 4765 1098 4817 lam
1119 4764 1148 4815 in

303 4870 309 4877 .
358 4831 476 4882 onestris
487 4831 545 4882 suis
556 4832 635 4897 plebs
644 4836 750 4886 urbana
760 4835 788 4884 in
797 4833 918 4901 imagine
930 4831 1073 4886 bonorum
1082 4848 1148 4902 quo-

343 4898 455 4950 tidiana
470 4900 560 4951 oculis
576 4914 643 4953 rura
660 4902 844 4969 praebebant,
865 4911 1013 4971 antequam
1031 4903 1148 4973 praefigi

1199 466 1292 504 amne:
1313 449 1448 513 siminus,
1468 464 1485 502 o
1501 454 1586 515 puteo
1602 454 1674 511 rota,
1694 447 1840 516 organisve
1852 454 2008 516 pneumati·

1199 523 1249 585 cis,
1269 521 1314 573 vel
1338 520 1511 573 tollenonum
1535 516 1636 569 haustu
1657 517 1797 586 rigandus.
1834 517 1930 571 Solum
1944 535 2008 588 pru·

1199 590 1378 643 scindendum
1400 589 1575 641 ab'aronio:
1598 587 1625 637 in
1648 594 1811 639 autumnum
1833 603 2006 656 praeparari.

1200 662 1265 712 dum
1275 667 1318 713 est
1329 667 1394 728 post
1403 657 1470 710 XlV
1481 658 1549 719 dies,
1570 656 1784 724 iterandumque
1795 665 1859 710 ante
1870 658 2006 714 brumam.

1198 732 1270 782 Octo
1288 733 1414 798 iugerum
1431 728 1525 797 operis
1541 724 1630 794 palari
1649 727 1753 779 iustum
1767 732 1820 789 est,
1840 728 1934 781 limum
1947 737 2006 783 tres

1199 800 1284 869 pedes
1296 800 1353 852 alte
1364 815 1425 850 cum
1437 805 1513 849 terra
1524 796 1645 859 misceri,
1657 798 1730 849 areis
1740 796 1884 863 distingui,
1900 815 2006 867 easque

1200 870 1337 937 resupinis
1349 869 1527 935 pulvinorum
1545 860 1631 927 toril,
1651 866 1750 919 ambiri
1767 867 1892 933 singulas
1909 869 2006 923 trami-

1200 950 1256 991 tum
1269 939 1364 1000 sulcis,
1384 954 1438 1006 qun
1450 937 1532 989 detur
1543 934 1672 988 accessus
1683 935 1800 999 hunrini,
1811 937 2006 1009 scatebrisque

1199 1009 1342 1064 decursus.

1234 1079 1308 1135 xiil.
1328 1077 1357 1128 ln
1379 1074 1467 1128 hortis
1489 1074 1661 1129 nascentium
1680 1073 1738 1127 elia
1752 1074 1840 1129 bulbo
1862 1091 2003 1132 commea·

1200 1146 1486 1212 duntonaliacapitc,
1510 1146 1567 1198 alia
1579 1146 1667 1207 caule,
1689 1143 1841 1209 aliafolio,
1860 1146 2006 1202 aliautro·

1200 1232 1261 1284 que,
1272 1217 1329 1268 alia
1341 1215 1455 1278 semine,
1466 1216 1524 1267 alia
1535 1217 1651 1277 cortice,
1671 1214 1728 1266 alia
1738 1222 1812 1279 cute,
1824 1215 1883 1268 alia
1892 1218 2005 1272 cartila-

1199 1289 1274 1355 gine,
1285 1286 1341 1337 alia
1352 1300 1443 1347 carne,
1454 1285 1511 1338 alia
1522 1285 1624 1337 tunicis
1635 1285 1770 1337 carnosis.

1234 1356 1322 1407 xxii.
1340 1355 1464 1407 Aliorum
1477 1354 1584 1406 fructus
1598 1355 1625 1405 in
1637 1361 1715 1406 terra
1726 1360 1777 1417 est,
1788 1354 1908 1409 aliorum
1919 1362 1948 1411 et
1958 1374 2004 1413 ex·

1200 1432 1254 1489 tra,
1276 1426 1398 1477 aliorum
1416 1441 1470 1477 mm
1489 1426 1642 1477 nisiextra.
1679 1424 1825 1486 Quaedam
1836 1428 1928 1478 iacent
1944 1445 2003 1482 cre·

1200 1501 1343 1562 acuatque,
1355 1501 1387 1546 ut
1399 1494 1558 1549 cucurbitae
1570 1500 1598 1547 et
1606 1493 1738 1549 cucumis.
1756 1495 1862 1547 Eadem
1873 1498 2004 1563 pendent,

1200 1578 1354 1634 quanquam
1366 1563 1496 1633 graviora
1512 1564 1601 1616 multo
1618 1567 1704 1616 etiam
1719 1564 1756 1615 iis
1771 1566 1884 1631 quaein
1900 1568 2005 1621 arbori·

1199 1637 1251 1687 bus
1271 1636 1439 1703 gignuntur:
1470 1635 1520 1687 sed
1542 1634 1666 1686 cucumis
1687 1633 1865 1704 cartilagine.
1901 1639 2005 1691 Cortex

1200 1704 1265 1757 huic
1283 1705 1330 1756 uni
1348 1704 1511 1756 maturitate
1527 1704 1628 1755 transit
1644 1704 1672 1755 in
1687 1703 1803 1770 lignum.
1841 1706 2005 1759 'serracen-

1200 1776 1305 1827 duntur
1315 1770 1440 1840 raphani,
1462 1774 1590 1841 napique,
1609 1781 1638 1826 et
1655 1788 1736 1840 rupa:
1755 1782 1840 1841 atque
1850 1774 1908 1829 abo
1921 1774 2003 1829 modo

1199 1844 1301 1907 inulae,
1324 1843 1403 1906 siser,
1424 1845 1595 1911 pastinacae.
1633 1842 1776 1906 Quaedam
1792 1846 1953 1897 vocabimus
1964 1845 2004 1900 fe·

1199 1914 1322 1976 rulacea,
1337 1920 1368 1965 ut
1381 1912 1521 1976 anethum,
1543 1913 1658 1975 nralras.
1696 1912 1822 1981 Namque
1834 1915 2004 1967 traduntau·
2052 1972 2056 1978 ,

1200 1993 1300 2046 ctores,
1311 1987 1339 2034 in
1350 1985 1453 2036 Arabia
1465 1982 1571 2035 malvas
1581 1982 1700 2050 septimo
1711 1998 1805 2036 mense
1816 1986 2005 2050 arborescere,
2018 2004 2031 2017 ·

1199 2055 1507 2121 baculorumqueusum
1519 2054 1652 2120 praebere
1668 2053 1817 2121 extemplo.
1856 2055 1912 2108 Sed
1922 2062 1951 2107 et
1961 2069 2015 2119 gr·

1200 2127 1251 2178 bor
1262 2130 1304 2176 est
1314 2124 1407 2183 malva
1424 2124 1452 2174 in
1472 2124 1652 2176 Mauretania
1664 2123 1728 2175 lnxi
1747 2123 1842 2191 oppidi
1853 2127 2034 2189 aestuario,4

1200 2196 1247 2247 ubi
1258 2194 1443 2261 Hesperidum
1461 2192 1536 2245 horti
1557 2193 1643 2245 fuisse
1659 2192 1816 2260 produntur
1827 2196 1870 2247 CC
1881 2210 1956 2261 pass.
1968 2196 2004 2249 ab

1199 2264 1321 2326 Oceano,
1340 2265 1422 2316 iuxta
1431 2264 1577 2315 delubrum
1588 2262 1729 2326 Herculis,
1741 2264 1880 2333 antiquius
1891 2265 2005 2319 Gadita·

1199 2350 1244 2395 osv,
1255 2333 1398 2385 utferunt.
1436 2333 1500 2400 ipsa
1508 2334 1664 2384 altitudinis
1674 2332 1775 2399 pedum
1787 2334 1850 2397 XX,
1872 2330 2003 2388 erassitu-

1200 2404 1274 2455 dinis
1286 2418 1366 2472 quam
1380 2403 1572 2470 circumplecti
1590 2418 1670 2454 nemo
1682 2404 1781 2469 possit.
1817 2403 1945 2455 insimili
1957 2419 2005 2472 ge·

1199 2489 1265 2526 nere
1277 2472 1426 2525 habebitur
1436 2479 1466 2524 et'
1475 2473 1614 2524 carruabis.
1651 2472 1710 2526 Nec
1721 2488 1775 2525 non
1787 2479 1815 2525 et
1826 2489 1945 2525 metrosa
1954 2474 2005 2525 ali·

1199 2559 1254 2611 qua
1264 2542 1477 2609 appellabimus,
1498 2548 1530 2593 ut
1544 2541 1677 2609 spongias
1692 2544 1720 2593 in
1735 2542 1849 2594 humore
1859 2550 2004 2608 pratorum

1199 2620 1371 2666 enascentes.
1407 2611 1567 2678 Fungorum
1579 2612 1653 2663 enim
1664 2614 1782 2673 callum,
1803 2614 1831 2662 io
1841 2612 1913 2678 ligni
1923 2612 2005 2665 arbo-

1199 2697 1315 2804 lrumque
1328 2685 1429 2734 natura
1441 2682 1571 2746 diximus,
1582 2688 1610 2733 et
1621 2681 1677 2734 alio
1689 2696 1792 2750 genere
1802 2682 1927 2736 tuberum
1937 2696 2004 2750 pau·

1211 2759 1312 2804 oante.

1233 2821 1334 2873 xxtlt.
1353 2821 1539 2886 Cartilaginei
1550 2821 1678 2886 generis,
1700 2827 1948 2889 extraqueterram
1960 2827 2005 2874 est

1199 2891 1336 2952 cucumis,
1358 2889 1429 2940 mira
1440 2891 1586 2955 voluptate
1597 2890 1712 2942 'l‘iberio
1724 2890 1843 2958 principi
1853 2891 2004 2959 expetitus.

1198 2958 1281 3012 Nullo
1304 2958 1405 3025 quippe
1425 2973 1480 3010 non
1500 2959 1547 3010 die
1567 2960 1690 3024 contigit
1710 2962 1744 3022 ei,
1766 2961 1888 3026 pensiles
1908 2974 2007 3014 eorum

1198 3029 1296 3082 hortos
1318 3030 1545 3093 promerentibus
1570 3029 1598 3079 in
1623 3026 1717 3080 Solem
1745 3030 1817 3079 rotis
1836 3028 2007 3082 olitoribus:

1199 3112 1348 3160 rursusque
1360 3095 1483 3147 hibernis
1501 3098 1598 3149 diebus
1616 3098 1692 3147 intra
1706 3095 1897 3162 specularium
1913 3099 2005 3151 muni·

1199 3170 1292 3218 menta
1305 3164 1509 3216 revocantibus.
1545 3165 1619 3226 Quin
1634 3164 1709 3217 lacte
1725 3164 1815 3216 mulso
1829 3167 1938 3219 senrine
1957 3181 2005 3219 eo·

1197 3250 1260 3288 rum
1271 3232 1356 3287 hiduo
1369 3240 1520 3295 macerato,
1541 3232 1613 3301 apud
1623 3235 1752 3301 antiquos
1764 3233 1900 3287 Graeciae
1911 3241 2007 3289 aucto·

1199 3320 1245 3356 res
1266 3303 1403 3370 scriptum
1422 3308 1465 3355 est
1481 3304 1539 3354 seri
1560 3310 1701 3370 oportere,
1722 3310 1754 3354 ut
1764 3303 1906 3357 dulciores
1927 3307 2006 3358 liant.

1199 3374 1334 3425 Crescunt
1348 3388 1402 3441 qua
1415 3377 1553 3440 eoguntur
1569 3372 1668 3425 forma.
1688 3426 1692 3433 ,
1706 3372 1738 3423 Ιιι
1748 3372 1832 3426 ltalia
1841 3373 1954 3437 virides,
1975 3382 2005 3427 et

1199 3457 1282 3510 quam
1294 3440 1410 3494 minimi:
1433 3444 1461 3492 in
1473 3442 1623 3508 provinciis
1634 3456 1716 3511 quam
1728 3442 1855 3494 maximi:
1866 3450 1896 3497 et
1906 3445 2005 3505 cerini,

1199 3519 1249 3564 aut
1259 3515 1340 3579 nigri.
1359 3508 1493 3564 'Placent
1502 3512 1687 3580 copiosissimi
1698 3511 1817 3574 Africae,
1827 3512 2006 3581 grandissimi

1198 3582 1338 3635 Moesiae:
1361 3596 1423 3633 cum
1436 3582 1628 3649 magnitudine
1638 3596 1801 3647 excessere,
1822 3596 1944 3651 pepopea
1955 3598 2005 3636 vo·

1199 3658 1307 3705 cantur.
1352 3652 1457 3703 vivunt
1479 3650 1572 3703 hausti
1592 3652 1621 3702 in
1642 3649 1789 3705 stomacho
1809 3651 1839 3702 in
1860 3659 2005 3719 postorum

1199 3723 1282 3782 diem,
1301 3736 1352 3773 nec
1362 3721 1457 3786 pertici
1469 3728 1573 3787 queunt
1590 3721 1617 3771 in
1629 3721 1708 3785 cibis,
1730 3736 1785 3772 non
1796 3720 1952 3775 insalubres
1965 3728 2005 3774 ta·

1199 3807 1261 3843 nien
1274 3790 1429 3856 plurimum.
1468 3789 1576 3841 Natura
1588 3790 1681 3841 oleum
1693 3791 1779 3844 odere
1792 3790 1873 3844 orire:
1896 3807 1946 3845 nec
1956 3793 2006 3843 mi·

1198 3876 1250 3911 nus
1261 3874 1347 3925 aquas
1366 3857 1496 3923 diligunt.
1535 3859 1647 3911 Desecti
1664 3874 1774 3926 quoque
1786 3859 1823 3911 ad
1837 3875 1884 3913 eas
1895 3861 2005 3914 modice

1199 3931 1335 3982 distantes
1347 3926 1496 3994 adrepunt:
1517 3934 1566 3979 aut
1577 3929 1600 3979 si
1611 3928 1676 3996 quid
1687 3930 1787 3991 obstet,
1797 3931 1869 3983 versi
1879 3931 2003 3998 pandan-

1198 4008 1254 4062 tur,
1267 4005 1489 4063 curnanturque:
1518 3996 1547 4049 id
1559 3998 1602 4050 rel
1614 4014 1670 4051 una
1684 4005 1768 4052 nocta
1779 3999 2005 4066 deprehenditur,

1198 4071 1221 4121 si
1234 4083 1283 4120 vas
1294 4082 1355 4120 eum
1371 4081 1445 4133 aqna
1461 4066 1627 4119 subiiciatur
1637 4083 1655 4121 a
1667 4076 1788 4136 quatuor
1803 4069 1831 4121 di
1854 4069 1955 4122 'torum
1965 4070 2006 4121 ia·

1199 4137 1328 4201 tervallo,
1351 4136 1582 4190 descendentibus
1598 4145 1665 4190 ante
1675 4146 1819 4206 posterum
1850 4141 1918 4193 iem:
1940 4137 2006 4192 atsi

1199 4210 1291 4261 oleum
1303 4208 1400 4260 eodem
1412 4207 1496 4259 modo
1506 4210 1554 4272 sit,
1565 4208 1593 4259 in
1606 4207 1704 4261 hamos
1713 4209 1844 4263 curvatis.
1878 4208 1965 4267 Iidem
1973 4206 2006 4260 in

1199 4279 1295 4332 tistula
1316 4276 1386 4331 flore
1407 4277 1548 4342 demisso,
1569 4279 1642 4330 mira
1660 4277 1842 4349 longitudine
1868 4286 2004 4332 crescunt·

1200 4352 1271 4402 Ecce
1284 4364 1345 4401 cum
1364 4348 1485 4400 niaxinre
1502 4364 1574 4400 nova
1589 4347 1683 4402 forma
1700 4365 1797 4404 eorum
1813 4352 1842 4402 in
1854 4347 2006 4416 Campania

1201 4419 1329 4485 provenit
1348 4417 1414 4468 nrali
1437 4420 1547 4469 cotonei
1560 4417 1661 4487 effigie.
1698 4421 1784 4474 Forte
1803 4420 1893 4488 primo
1909 4424 2006 4470 natum

1200 4489 1243 4540 ita
1254 4488 1338 4539 audio
1351 4501 1449 4538 unum:
1484 4490 1665 4541 uroxsemine
1676 4489 1774 4542 exilio
1805 4506 1871 4542 enus
1883 4487 2006 4541 iactum:

1200 4558 1399 4625 melopeponas
1419 4564 1529 4610 vocant.
1565 4558 1628 4610 Non
1649 4557 1772 4623 pendent
1785 4505 1836 4619 iri,
1857 4557 2005 4612 aeditumi

1198 4629 1392 4678 retunduntur.
1428 4627 1532 4678 Mirum
1548 4626 1576 4677 in
1592 4623 1653 4687 hia,
1673 4634 1787 4691 praeter
1803 4628 1920 4692 liguram
1933 4627 2006 4679 colo·

1199 4711 1321 4763 remque,
1342 4695 1503 4761 erectorem,
1516 4695 1588 4761 quod
1600 4695 1790 4745 maturitatem
1801 4693 1907 4759 adepti,
1941 4711 2006 4747 uan-

1200 4781 1281 4833 qunm
1302 4779 1356 4815 non
1376 4763 1538 4828 pendentes,
1552 4762 1649 4814 statim
1672 4778 1689 4814 a
1709 4762 1839 4828 pediculo
1859 4710 2003 4818 recedunt.

1199 4833 1354 4887 Columella
1371 4846 1452 4881 suum
1472 4828 1561 4883 tradit
1581 4839 1775 4893 comnoentum,
1795 4836 1827 4881 ut
1848 4835 1909 4883 toto
1932 4848 2005 4887 anuo

1200 4903 1371 4969 contingant.
1413 4899 1554 4952 l-'ruticem
1577 4900 1640 4952 rubi
1661 4914 1744 4967 quam
1763 4899 1954 4955 vastissimum
1975 4905 2004 4955 ia

343 4974 508 5037 prospectus
525 4982 621 5021 omnes
635 4974 732 5039 coegit
753 4971 940 5025 multitudinis
958 4974 1149 5026 innumeratae
1199 4973 1322 5040 apricum
1333 4971 1425 5022 locum
1437 4968 1598 5034 transferre,
1607 4976 1637 5022 et
1648 4969 1782 5033 recidere,
1804 4968 1888 5022 dnum
1901 4971 2003 5042 digito·

342 5052 428 5090 saera
447 5037 637 5090 latrocinatio.
674 5041 860 5103 Quamobrem
879 5043 919 5094 sit
931 5043 969 5095 ali
989 5044 1033 5095 uis
1054 5050 1084 5096 et
1105 5041 1148 5092 his
1199 5058 1258 5093 rum
1270 5039 1371 5092 relicta
1381 5038 1481 5106 stirpe,
1503 5041 1579 5092 eirca
1595 5054 1709 5091 remum
1723 5038 1944 5108 aequinoctium:
1963 5044 2005 5094 ita

343 5106 442 5170 honos,
465 5122 532 5159 nere
544 5108 741 5159 auctoritatem
753 5111 834 5162 rebus
845 5112 940 5164 vilitas
951 5061 1066 5174 cinnat,
1086 5126 1147 5163 cum
1197 5111 1226 5162 ln
1238 5108 1360 5162 medulla
1369 5108 1434 5160 rubi
1448 5108 1555 5162 semine
1578 5109 1732 5161 cucumeris
1750 5109 1846 5172 insito,
1867 5115 1945 5164 terra
1954 5110 2005 5163 mi·

343 5177 512 5245 pracsertim
521 5176 607 5230 etiam
620 5178 784 5243 cognomina
796 5194 940 5246 procerum
954 5182 1019 5236 inde
1032 5189 1097 5234 nata
1108 5183 1147 5232 ri·
1200 5187 1270 5232 nuta
1280 5180 1400 5246 limoque
1411 5179 1665 5247 circumaggeratas
1675 5178 1810 5234 resistere
1820 5179 1922 5247 frigori
1931 5180 2002 5234 radi·

344 5248 473 5300 deamus:
496 5245 718 5312 Lactucinosque
734 5246 889 5303 invaleria
905 5249 1013 5304 ianrilia
1033 5266 1149 5318 aonpu-
1199 5266 1254 5303 ees.
1291 5251 1474 5301 Cucumerum
1485 5249 1585 5301 Graeci
1602 5252 1659 5302 tria
1669 5264 1774 5317 genera
1790 5249 1895 5303 iecere:
1913 5248 2002 5303 Laco·

344 5316 601 5385 duisseappellari:
622 5321 651 5369 et
669 5315 813 5385 contingat
829 5320 922 5389 aliqua
937 5323 1033 5389 gratia
1048 5334 1148 5388 operae
1197 5316 1681 5384 oicurn,Scytalicum,Boeoticum.
1717 5318 1929 5391 Exhistantum
1947 5318 2003 5371 La·

344 5402 427 5441 curae
446 5404 480 5441 ue
498 5395 627 5451 nostrae,
647 5384 764 5452 Virgilio
782 5402 891 5456 quoque
906 5390 1043 5454 confesso,
1065 5405 1148 5457 quam
1199 5390 1411 5455 conicumaqua
1430 5386 1562 5457 gaudere.
1598 5388 1669 5442 Sunt
1687 5388 1734 5456 qui
1754 5387 1849 5451 herba,
1870 5402 1942 5456 quae
1953 5402 2003 5439 vo·

342 5457 420 5509 sitdi
452 5458 506 5512 cile
517 5453 805 5511 verborumhonorern
817 5465 874 5510 tam
886 5461 979 5525 parvis
992 5458 1148 5526 perbibere.
1199 5466 1280 5512 catur
1291 5457 1363 5521 culix
1374 5461 1496 5518 nomine,
1515 5458 1594 5520 trita,
1616 5474 1710 5511 sennen
1722 5473 1819 5512 eorum
1830 5464 2003 5511 maceratum

377 5527 439 5582 XX.
456 5528 564 5583 Hortos
575 5529 658 5581 villae
670 5527 717 5578 lun
739 5526 825 5580 eudon
838 5544 892 5579 non
903 5535 946 5579 est
957 5527 1070 5580 dubium
1083 5562 1091 5589 ,
1114 5528 1149 5579 ri·
1199 5531 1255 5583 seri
1267 5528 1390 5588 iubeant,
1406 5534 1439 5578 ut
1450 5528 1511 5579 sine
1521 5528 1626 5581 semina
1636 5536 1797 5581 nascantur.

342 5608 467 5665 guosque
489 5598 609 5655 maxime
629 5541 780 5663 habendos,
802 5597 828 5651 sl
849 5599 1002 5666 contingat,
1022 5596 1147 5667 praelluo
1235 5598 1336 5653 XXIV.
1355 5596 1462 5651 Similis
1473 5604 1503 5651 et
1514 5599 1667 5653 cucurbitis
1676 5605 1790 5663 natura,
1818 5592 2004 5650 dumtaniin
