4356 6014
288 390 295 403 ‚
355 317 417 375 240
491 313 522 371 C.
557 308 707 373 Pthll
739 305 946 368 saccum
977 302 1146 366 NATUR.
1181 304 1368 365 lllS'l'Oll.
1401 300 1609 364 ulss.x1x.
1646 300 1886 365 caasa-m.

321 524 326 527 ,
358 462 437 517 cuius
449 472 551 530 genera
560 458 642 513 etiarn
655 460 772 526 quatuor
785 453 889 507 iecere:
908 454 982 507 inter
992 450 1098 506 medico
1107 449 1147 503 di·

358 532 482 584 cendum.

337 612 360 643 ι-
392 596 517 652 xxviii.
535 594 648 646 Siseret
662 592 752 658 ipsum
764 590 894 643 Tiberius
910 589 1036 658 princeps
1048 588 1149 641 nobili·

357 670 435 728 tarit,
457 655 582 733 ilagitans
594 660 719 712 omnibus
730 661 809 711 annis
820 674 834 711 e
846 658 1001 711 Germania.
1020 657 1147 711 Gelduba

299 728 306 739 '
358 736 512 803 appellatur
522 729 664 782 castellum
676 727 770 780 Rheno
782 728 957 794 impositum,
977 727 1147 795 abigenero·

357 809 425 856 sitas
436 799 591 868 praecipua.
636 797 679 848 Ex
690 813 744 864 quo
756 802 871 863 apparet
881 796 991 864 frigidis
1002 795 1071 847 locis
1080 809 1145 846 cou-

358 874 456 923 renire.
482 870 555 919 lnest
565 865 740 932 longitudine
749 880 856 926 nervus,
864 865 910 930 qui
922 863 1044 916 decoctis
1055 869 1146 915 extra·

358 940 439 999 bitur,
451 934 643 986 amaritudinis
653 940 746 986 tamen
756 947 855 999 magna
865 940 943 998 parte
955 932 1066 983 relicta:
1078 945 1147 998 quac

356 1006 445 1058 malm
456 1006 484 1056 in
495 1003 564 1055 cibis
575 1008 735 1068 temperata,
755 1002 837 1053 etiam
849 1000 1007 1120 ingratiam
1018 1001 1147 1051 vertitur.

314 1094 340 1119 -s-
356 1076 460 1127 Nervus
470 1072 546 1123 idern
556 1078 585 1124 et
595 1071 754 1141 pastinacae
766 1071 874 1130 maiori,
902 1074 1026 1120 unitasat
1038 1068 1148 1120 annicu-

357 1145 410 1194 lae.
446 1141 546 1192 Siseris
576 1148 653 1199 satus
685 1136 821 1191 mensibus
844 1138 1004 1199 Februario,
1034 1136 1147 1197 Martio,

355 1210 451 1278 Aprili,
463 1214 596 1277 Augusto,
608 1208 770 1275 Septembri,
782 1205 906 1260 Octobri.

390 1279 490 1331 xxix.
508 1278 625 1330 Brevior
636 1277 679 1328 his
690 1282 742 1340 est,
762 1276 809 1328 sed
826 1277 946 1327 torosior
961 1271 1146 1340 amariorque,

355 1347 442 1409 inula,
457 1362 506 1413 per
521 1360 551 1397 se
568 1343 712 1397 stomacho
728 1344 932 1396 inimicissima:
954 1341 1049 1394 eadem
1061 1341 1147 1392 dulci·

355 1410 407 1467 bus
419 1416 512 1468 mixtis
528 1413 719 1466 saluberrima.
747 1413 875 1464 Pluribus
886 1412 974 1465 niudis
985 1412 1146 1463 austeritate

355 1485 430 1537 ricta
441 1483 557 1551 gratiam
569 1483 682 1534 irirenit.
717 1481 841 1548 Namque
858 1489 886 1533 et
901 1484 930 1532 in
940 1480 1070 1547 pollinem
1084 1485 1145 1528 tun-

355 1553 431 1605 ditur
441 1552 528 1611 arida,
539 1550 697 1618 liquidoque
709 1550 783 1602 dulci
796 1556 981 1616 temperatur:
993 1552 1022 1599 et
1033 1547 1147 1599 decocta

356 1635 449 1688 posca,
475 1626 523 1670 ant
533 1625 679 1681 asservata,
709 1619 903 1670 reimacerata
913 1616 1037 1685 pluribus
1048 1616 1145 1677 modis,

356 1698 385 1741 et
395 1696 460 1740 tunc
471 1690 557 1739 mixta
568 1686 687 1750 defruto,
698 1693 747 1738 aut
756 1689 872 1739 subacta
884 1687 973 1748 melle,
983 1685 1076 1737 urisre
1087 1698 1148 1751 pas·

356 1758 404 1819 sis,
415 1763 463 1809 aut
474 1756 620 1822 pinguibus
632 1756 763 1822 caryqtis.
797 1755 860 1806 alio
871 1770 965 1807 rursus
976 1753 1058 1806 niodo
1069 1758 1146 1804 coto·

356 1829 415 1877 aeis
426 1824 517 1886 maiis,
538 1822 581 1875 rei
592 1824 692 1886 sorbis,
714 1830 763 1875 aut
774 1825 877 1890 prunis,
897 1822 1043 1891 aliquando
1054 1822 1148 1888 pipere

356 1902 404 1944 aut
416 1892 511 1960 thymo
522 1893 638 1953 variata,
661 1888 785 1945 defectus
796 1894 943 1960 praecipue
954 1891 1090 1944 stomachi
1100 1904 1147 1942 ex·

356 1962 434 2022 citat,
454 1959 594 2011 illustrata
604 1962 722 2013 inarime
740 1961 826 2012 iuliae
836 1964 976 2027 Augustae
987 1960 1147 2028 quotidiano

357 2031 428 2081 cibo.
464 2027 667 2093 Supervacuum
677 2033 735 2080 eius
746 2045 853 2081 senten:
872 2033 999 2097 quoniam
1017 2030 1103 2080 oculis
1114 2041 1149 2078 ex

281 2138 285 2147 .
354 2098 447 2150 radice
469 2097 577 2157 excisis,
597 2097 750 2161 utarundo,
770 2100 879 2149 seritur.
915 2099 952 2149 Et
964 2098 1030 2149 haec
1048 2104 1148 2157 autem,

357 2176 386 2220 et
396 2166 476 2228 siser,
500 2168 529 2216 et
541 2166 693 2229 pastinaca,
705 2173 821 2234 utroque
832 2174 965 2232 tempore,
986 2181 1051 2217 rere
1062 2174 1089 2216 ιι
1098 2179 1147 2215 au·

355 2245 461 2297 tumne,
478 2234 584 2301 magnis
595 2233 728 2285 seminum
743 2235 908 2286 intervallis:
926 2234 1004 2299 inula
1015 2250 1048 2286 ne
1060 2235 1149 2284 minus

357 2319 438 2390 quarn
460 2309 599 2355 ternorum
617 2302 724 2369 pedum,
744 2305 872 2371 quoniam
884 2305 1007 2371 spatiose
1027 2303 1149 2355 fruticat.

358 2375 434 2435 Siser
444 2377 537 2422 autem
553 2372 705 2424 transferre
717 2373 823 2424 melius.

393 2441 479 2492 XXX.
499 2440 630 2491 Proxima
648 2440 691 2491 his
712 2449 755 2492 est
777 2442 920 2492 bulborum
941 2450 1048 2502 natura,
1082 2454 1150 2506 quos

359 2512 428 2561 Cato
439 2509 467 2560 in
480 2509 575 2573 primis
586 2508 715 2559 serendos
728 2511 876 2573 praecepit,
900 2509 1043 2558 celebrans
1053 2508 1150 2569 Mega·

357 2579 440 2629 ricus.
476 2575 578 2627 Verum
590 2576 909 2637 nobilissimaestscilia,
929 2588 1081 2643 quanquam
1093 2586 1149 2622 me·

359 2644 491 2696 dicamini
512 2650 587 2706 nata,
608 2651 742 2711 acetoque
753 2637 920 2696 exacuendo.
955 2641 1074 2695 Necuili
1095 2655 1151 2691 ara·

358 2713 465 2781 plitudo
479 2714 574 2772 maior,
591 2713 663 2764 sicut
679 2727 728 2763 nec
743 2714 786 2763 ris
804 2715 937 2780 asperior.
973 2712 1036 2763 Duo
1051 2711 1152 2778 genera

357 2784 476 2835 medica:
494 2780 632 2831 masculus
652 2781 723 2831 albis
745 2779 838 2843 foliis,
859 2782 963 2833 femina
984 2780 1079 2846 nigris.
1115 2778 1151 2828 lit

314 2864 334 2913 e
359 2852 472 2903 tertium
481 2863 568 2915 genus
580 2855 623 2899 est
633 2850 702 2901 cibis
715 2858 838 2915 gratum:
860 2848 1062 2918 epimenidium
1068 2859 1149 2896 reca-

358 2929 413 2980 tur,
424 2919 567 2985 angustius
579 2916 658 2978 iulio,
675 2931 707 2967 ac
719 2929 807 2968 minus
819 2933 926 2984 aspero.
964 2914 1081 2969 Seminis
1091 2914 1151 2979 plu·

358 2987 456 3038 rimam
475 2984 609 3036 omnibus.
646 2985 770 3037 Celerius
785 2993 876 3038 tamen
893 2985 1057 3052 proueniunt
1072 2989 1150 3035 satae

358 3054 451 3106 bulbis
462 3056 535 3104 circa
546 3053 637 3105 latera
649 3055 729 3104 natis.
766 3056 802 3106 Et
812 3060 843 3105 at
854 3058 986 3114 crescant,
1002 3051 1071 3103 folia
1082 3065 1151 3117 quae

361 3120 476 3173 santhis
497 3121 599 3186 ampla,
617 3119 726 3173 deflexa
746 3123 821 3174 circa
842 3124 1003 3176 obruuntur.
1038 3120 1152 3171 itasuc·

361 3206 423 3243 cum
434 3201 541 3240 omnem
551 3188 581 3239 in
592 3204 621 3240 sc
633 3187 744 3241 trahunt
755 3193 855 3257 capita.
890 3191 994 3257 Sponte
1004 3194 1151 3241 nascuntur

355 3256 554 3323 ‘copiosissime
565 3259 594 3308 in
605 3256 767 3310 Balearibus
777 3260 923 3326 Ebusoque
932 3257 1040 3320 insulis,
1059 3272 1092 3309 ac
1102 3271 1152 3324 per

357 3326 519 3393 Hispanias.
555 3326 643 3377 Unum
654 3327 688 3378 de
699 3327 732 3376 iis
743 3327 872 3379 volumen
879 3327 1003 3379 condidit
1010 3324 1149 3394 Pythago·

357 3411 405 3447 ras
415 3393 603 3461 philosophus,
614 3395 749 3462 colligens
759 3398 879 3449 medicas
890 3396 970 3458 vires,
980 3410 1047 3462 quas
1059 3394 1150 3462 proxi-

358 3481 404 3516 mo
416 3464 560 3517 reddemus
571 3462 651 3516 libra.
686 3465 958 3533 lleliquabulborum
977 3479 1080 3531 genera
1097 3462 1150 3513 dii·

358 3532 451 3591 ierunt
463 3533 565 3595 colore,
577 3534 773 3601 magnitudine,
790 3535 934 3587 suavitate.
970 3533 1078 3599 Quippe
1091 3546 1150 3583 cum

317 3624 331 3659 s
379 3603 469 3655 uidam
480 3603 558 3654 crudi
569 3604 742 3667 mandantur,
763 3604 831 3655 utin
841 3602 1011 3655 Cherroneso
1021 3601 1151 3653 Taurica.

359 3618 428 3722 ίΙῇοιι
437 3672 487 3723 hos
499 3671 527 3722 in
537 3671 632 3723 Africa
644 3671 702 3724 nati
713 3673 834 3724 maxime
846 3671 1002 3732 laudantur,
1013 3671 1153 3735 moxdpu·

359 3740 390 3791 li.
416 3740 536 3793 'Genera
547 3739 650 3792 Graeci
663 3738 730 3790 haec
741 3739 846 3792 ieceras
864 3740 1008 3798 Balbinen,
1019 3738 1151 3802 setanion,

359 3808 486 3876 pythion,
505 3806 676 3869 acrucorion,
689 3807 834 3874 aegilopa,
842 3806 1037 3873 sisyrinchion.
1061 3807 1089 3856 ln
1100 3806 1152 3857 hec

359 3880 459 3929 mirum
469 3878 540 3927 imas
551 3876 610 3925 eius
622 3874 729 3926 radices
739 3890 864 3927 crescere
875 3875 975 3926 hieme:
1005 3888 1090 3925 verno
1103 3889 1151 3924 au·

358 3953 427 4010 tem,
449 3960 509 3997 eum
521 3942 682 4009 apparuerit
690 3942 775 4006 riola,
797 3944 925 3996 minnist
936 3941 1071 4006 conuehi,
1093 3949 1152 3994 tum

359 4014 460 4070 deinde
470 4012 586 4065 balbum
598 4013 786 4079 pinguescere.

396 4086 447 4136 Est
457 4083 530 4134 inter
538 4090 642 4148 genera
653 4086 681 4131 et
696 4080 769 4146 quod
783 4080 811 4130 in
822 4080 948 4146 Aegypto
964 4093 1031 4130 aron
1042 4086 1153 4145 vocant,

363 4153 625 4217 scillaeproxinmm
641 4149 831 4215 amplitudine,
851 4148 926 4200 iuliis
941 4146 1055 4214 lapathi,
1076 4151 1153 4201 caule

362 4228 440 4275 recte
461 4220 544 4272 duum
567 4218 732 4281 cubitorum,
751 4217 843 4270 baculi
854 4216 1042 4280 crassitudine,
1062 4218 1153 4270 radice

363 4290 498 4342 mollioris
510 4294 633 4350 naturae,
655 4301 724 4355 quae
739 4286 837 4339 edatur
847 4296 876 4339 et
887 4284 978 4338 cruda.
1014 4286 1154 4339 Effodiun·

363 4364 410 4408 tur
419 4356 497 4409 bulbi
506 4364 571 4411 ante
580 4362 693 4421 venant
703 4356 853 4409 deteriores
863 4356 1022 4407 illicoiiunt.
1040 4354 1154 4423 Signum

364 4425 543 4488 maturitatis,
561 4425 630 4478 lolia
641 4427 822 4480 inarescentia
833 4426 867 4477 ab
879 4425 944 4476 inre.
980 4422 1154 4477 vetustiores

364 4494 536 4559 improbante
553 4493 619 4546 item
632 4502 765 4560 parroset
776 4496 883 4563 longos.
919 4494 1155 4545 Contrarubicun·

365 4560 408 4610 dis
422 4560 686 4629 rotundioribusque
698 4565 768 4626 iaus,
777 4572 807 4617 et
816 4563 1015 4633 grandissimis.
1048 4562 1154 4613 Amari-

365 4628 432 4678 tudo
443 4627 579 4696 plerisque
592 4631 620 4681 in
629 4633 733 4685 vertice
744 4640 795 4685 est.
842 4631 937 4684 bledla
947 4645 1041 4683 eorum
1053 4630 1154 4682 dulcia.

366 4696 469 4747 Bulbos
481 4709 534 4746 non
545 4698 628 4761 nasci,
639 4700 690 4750 nisi
702 4717 717 4752 ι
728 4703 841 4762 semine,
854 4703 962 4767 priores
973 4698 1156 4751 tradiderunt.

366 4763 421 4815 Sed
432 4770 460 4816 et
470 4762 497 4813 in
514 4763 698 4817 Praenestinis
714 4769 815 4834 campis
834 4777 932 4835 sponte
945 4770 1100 4832 nascuntur,
1121 4780 1155 4819 ac

321 4852 326 4861 ·
366 4833 426 4882 sine
436 4831 516 4882 modo
527 4831 611 4884 etiam
621 4833 649 4883 ln
661 4835 805 4887 Remorum
817 4838 900 4888 aruris.

400 4899 501 4950 xxxi.
515 4899 673 4951 Hortensiis
689 4904 813 4955 omnibus
829 4903 888 4957 fere
904 4902 1029 4970 singulae
1038 4903 1156 4966 radices,

366 4974 397 5018 ut
408 4967 539 5033 raphano,
549 4966 640 5028 betae,
651 4971 844 5036 spio,malvae.
880 4972 1053 5037 amplissima
1064 4980 1156 5024 autern

367 5034 489 5101 lapatho,
502 5040 532 5085 nt
543 5048 613 5101 quae
623 5036 771 5088 descendat
782 5039 816 5089 ad
827 5039 885 5091 tria
896 5041 993 5091 cubita
1029 5040 1156 5092 Silvestri

367 5107 458 5155 minor
467 5109 496 5156 et
508 5102 633 5153 humida:
651 5104 754 5156 effossa
764 5121 872 5174 quoque
884 5107 928 5160 din
940 5108 1017 5160 vivit.
1042 5107 1156 5169 Quibus·

367 5172 431 5224 dam
443 5180 535 5225 tamen
545 5170 699 5237 capillatae,
720 5175 832 5240 utapie‚
855 5176 974 5231 malvae:
993 5177 1156 5244 quibusdam

368 5242 537 5302 surculosus,
548 5245 579 5290 ut
589 5239 687 5291 ocimo.
722 5241 791 5294 Aliis
800 5257 938 5307 carnosae,
959 5252 990 5296 ut
1000 5247 1090 5308 betae,
1108 5251 1157 5296 aut

368 5312 457 5378 magis
467 5311 615 5362 etiamnum
627 5324 721 5361 croco:
731 5308 868 5377 aliquibus
879 5329 912 5366 er
924 5313 1025 5366 cortice
1036 5320 1064 5368 et
1076 5329 1157 5366 earne

368 5385 504 5443 constant,
515 5386 546 5429 ιιι
555 5376 685 5444 raphano,
696 5378 783 5444 rapis:
803 5381 970 5445 quorundam
982 5383 1157 5449 geniculatae

368 5454 444 5512 sunt,
462 5453 493 5500 ut
509 5446 648 5516 graminis.
683 5448 762 5510 Quae
778 5456 879 5499 rectam
896 5465 948 5501 non
965 5447 1068 5502 habent
1085 5450 1156 5502 radi·

369 5528 440 5578 cem,
459 5520 553 5570 statim
575 5516 700 5584 piurimis
728 5523 877 5568 nascuntur
897 5518 1103 5583 capillamentis,
1124 5526 1156 5570 ut

1200 452 1326 520 atriplex,
1337 460 1365 505 et
1374 450 1482 505 blitum.
1519 446 1605 501 Scilla
1617 457 1718 516 autern,
1728 457 1756 504 et
1765 453 1852 516 bulbi,
1863 458 1892 507 et
1902 467 1995 525 qaepe,

1199 523 1345 584 etaliium,
1365 519 1492 571 nonnisi
1511 519 1541 569 in
1560 525 1664 571 rectum
1682 520 1852 575 radicantur.
1888 521 1993 591 Sponte

1199 591 1367 643 nascentium
1379 588 1510 655 quaedam
1522 591 1711 640 numerosiora
1720 597 1785 643 sunt
1794 592 1897 657 radice,
1912 608 1993 663 quara

1201 659 1278 721 iulio,
1289 667 1320 709 ut
1333 657 1454 725 aepulas,
1466 655 1625 723 perdicium,
1635 672 1754 712 erocum.

1234 727 1348 779 Floreat
1369 725 1514 777 confertim
1535 725 1702 793 serpyllum,
1723 732 1897 793 abrotonum,
1918 732 1993 798 napi,

1199 795 1322 861 raphani,
1334 800 1434 855 nienta,
1445 802 1520 844 ruta:
1533 801 1561 846 et
1572 802 1664 846 cetera
1675 796 1782 863 quidem
1795 815 1853 850 curn
1866 813 1992 865 coepere,

1199 863 1392 915 deilnrescunt:
1410 862 1527 927 acimum
1545 869 1635 914 autem
1652 866 1838 929 particulatim
1849 873 1877 919 et
1887 868 1922 918 ab
1934 869 1991 921 imo

1199 933 1306 998 incipit:
1326 948 1380 999 qua
1394 930 1429 982 dc
1446 944 1529 981 causa
1543 931 1697 984 diutissime
1713 933 1803 986 tieret.
1839 936 1902 988 Hoc
1918 942 1947 988 et
1963 937 1991 989 in

1199 998 1365 1066 heliotropio
1373 997 1464 1058 herba
1474 1000 1572 1050 evenit.
1606 1000 1672 1052 Flos
1683 1003 1745 1055 aliis
1758 1003 1899 1066 candidus,
1928 1006 1992 1057 aliis

1198 1069 1297 1130 luteus,
1308 1070 1369 1120 aliis
1379 1079 1539 1133 purpureus.
1566 1067 1648 1120 Folia
1657 1070 1757 1140 cadunt
1769 1089 1785 1123 a
1796 1073 1990 1139 cacuminibus,

1199 1139 1323 1202 origano,
1344 1137 1445 1198 inulae,
1464 1142 1493 1187 et
1513 1137 1663 1203 aliquando
1675 1148 1754 1193 rutae
1766 1142 1868 1195 iniuria
1887 1142 1987 1196 laesae.

1107 1224 1115 1234 ·
1197 1204 1321 1256 Maxime
1332 1220 1451 1256 concava
1462 1213 1526 1256 sunt
1536 1219 1647 1272 caepae,
1670 1209 1784 1277 gethyo.

1232 1274 1345 1329 xxxta
1363 1273 1629 1340 Aliinnr‘caepasque
1639 1276 1710 1328 inter
1720 1278 1787 1331 deos
1798 1279 1826 1329 in
1836 1280 1991 1332 iureiuran·
2008 1298 2038 1339 a·

1198 1340 1328 1394 dohabet
1346 1342 1497 1409 Aegyptus.
1532 1345 1638 1409 Carpae
1649 1360 1751 1411 genera
1772 1348 1843 1414 apud
1854 1347 1990 1402 Graecos:

1198 1410 1305 1471 Sardis,
1337 1410 1538 1473 Samothracia,
1558 1412 1696 1475 Alsidena,
1716 1416 1841 1480 Setanla,
1872 1416 1990 1482 Schista,
2004 1410 2034 1462 4‘

1198 1479 1353 1541 Ascalonia,
1374 1482 1409 1531 ab
1426 1481 1525 1546 oppido
1538 1479 1655 1533 iudaeae
1670 1487 1820 1535 nominata.
1856 1486 1990 1539 Omnibus

1199 1551 1281 1600 etiam
1294 1547 1363 1599 odor
1374 1549 1543 1610 lacrimosus,
1553 1556 1581 1601 et
1593 1553 1741 1618 praecipue
1752 1554 1870 1620 Cypriis,
1880 1555 1991 1607 minime

1199 1616 1319 1668 Gnidiis.
1354 1617 1488 1668 Omnibus
1502 1632 1601 1684 corpus
1617 1626 1706 1671 totam
1728 1623 1928 1690 pinguitudinis
1947 1638 1992 1675 ea·

1199 1699 1259 1735 rum
1273 1685 1443 1753 cartilagine.
1478 1686 1619 1738 Ecunctis
1630 1689 1741 1742 setania
1750 1691 1992 1759 minimaexcepta

1200 1754 1366 1819 'l'uscuiana,
1386 1754 1434 1805 sed
1452 1755 1550 1806 dulcis.
1586 1756 1695 1815 schista
1705 1766 1798 1810 sutem
1808 1766 1836 1812 et
1846 1760 1992 1813 Ascalonia

1200 1823 1372 1873 condiuntur.
1409 1822 1545 1877 Schistam
1561 1823 1651 1879 hieme
1669 1843 1729 1881 cum
1749 1844 1828 1881 coma
1842 1842 1892 1881 sua
1907 1831 1991 1882 relin-

1201 1898 1296 1958 quunt,
1308 1907 1371 1943 rere
1383 1890 1452 1942 iulia
1462 1891 1621 1956 detrabunt,
1633 1903 1661 1947 et
1671 1898 1726 1948 alia
1737 1901 1935 1951 subnascuntur
1945 1899 1993 1949 iis·

1201 1962 1262 2012 denr
1275 1959 1418 2011 divisuris:
1437 1961 1552 2012 undeet
1569 1978 1676 2016 nomeu.
1712 1968 1776 2020 lloc
1793 1967 1993 2033 exemploueii·

1201 2029 1262 2097 quis
1274 2043 1382 2095 qnoque
1401 2031 1548 2097 generibus
1564 2029 1672 2086 detrahi
1691 2035 1798 2099 iubent,
1819 2043 1850 2087 ut
1861 2039 1885 2085 in
1902 2037 1993 2101 capita

1202 2105 1329 2150 crescant
1348 2101 1456 2163 potius,
1487 2113 1569 2164 quam
1590 2104 1618 2153 in
1637 2105 1751 2156 semina.
1785 2105 1992 2157 ascaloniarum

1201 2169 1313 2234 propria
1323 2174 1431 2218 natura.
1467 2169 1577 2219 Etenim
1588 2170 1667 2222 reiut
1675 2174 1786 2224 steriles
1800 2180 1867 2225 sunt
1877 2175 1911 2225 ab
1921 2172 1993 2225 radi·

1202 2252 1242 2296 ce,
1262 2242 1290 2286 et
1302 2237 1337 2287 ob
1353 2235 1384 2286 id
1399 2235 1503 2288 seruine
1521 2239 1578 2287 seri
1594 2239 1667 2304 illas,
1686 2256 1739 2293 non
1756 2242 1867 2309 deponi,
1888 2244 1993 2294 iussere

1202 2303 1312 2356 Graeci.
1347 2303 1495 2356 Praeterea
1506 2305 1593 2358 serius
1606 2310 1682 2361 circa
1692 2326 1749 2373 rer,
1759 2327 1817 2362 cum
1829 2312 1995 2378 germinant,

1202 2371 1361 2424 transferri:
1380 2373 1423 2425 ita
1443 2388 1623 2439 crassescere,
1643 2386 1995 2446 ettuncproperareprae·

1202 2441 1281 2492 teriti
1302 2442 1434 2507 temporis
1456 2443 1649 2508 pensitatione.
1684 2448 1879 2499 Festinandum
1900 2445 1994 2499 autem

1201 2510 1229 2555 in
1241 2509 1283 2555 hia
1296 2515 1347 2568 est,
1359 2513 1488 2572 queniam
1499 2520 1626 2566 araturae
1637 2515 1766 2568 celeriter
1775 2522 1945 2583 putrescunt.
1964 2515 1993 2568 Si

1202 2573 1385 2638 deponantur,
1396 2574 1502 2627 caulem
1514 2583 1626 2631 mittunt
1636 2590 1665 2633 et
1674 2599 1774 2645 semen,
1795 2587 1924 2649 ipsaeque
1935 2596 1996 2634 esa·

1202 2648 1325 2693 nescunt.
1360 2643 1410 2693 Est
1427 2652 1454 2694 et
1471 2644 1594 2698 colorum
1611 2649 1775 2704 differentia
1812 2651 1993 2703 lnlssoeaim

1202 2717 1230 2761 et
1239 2710 1372 2762 Sardibus
1386 2711 1598 2768 candidissimae
1616 2720 1790 2784 proveniunt.
1825 2720 1894 2772 Sunt
1906 2717 1993 2771 inha-

1203 2793 1271 2830 nore
1280 2784 1309 2830 ct
1319 2779 1453 2842 creticae,
1462 2779 1497 2832 de
1508 2785 1606 2847 quibos
1618 2786 1753 2850 dubitant,
1763 2804 1797 2840 an
1808 2788 1919 2841 eaedem
1929 2788 1995 2849 sint,

1203 2861 1274 2914 quae
1283 2847 1456 2911 Ascaloniae,
1475 2853 1602 2915 quoniam
1619 2857 1687 2906 satis
1704 2860 1796 2922 capita
1806 2861 1993 2908 crassescunt:

1203 2916 1348 3035 gepesitis,
1362 2916 1456 2970 caules
1468 2922 1495 2977 et
1506 2921 1618 2973 semina.
1652 2921 1766 2974 Distant
1776 2938 1876 2989 sapore
1887 2930 1993 2979 tanmm

1223 3000 1239 3033 u
1252 2998 1287 3035 cr.

1236 3050 1313 3119 Apud
1325 3065 1376 3102 nos
1389 3052 1444 3103 duo
1455 3053 1542 3119 prima
1557 3067 1667 3120 genera.
1700 3057 1788 3107 Unum
1800 3056 1995 3110 condimenta·

1203 3120 1271 3184 riae,
1293 3134 1373 3187 quam
1389 3121 1432 3171 iili
1448 3120 1580 3189 gethyon,
1599 3124 1688 3175 nestri
1703 3125 1874 3189 pallacanam
1884 3134 1995 3177 vocant.
2065 3172 2071 3179 .

1204 3189 1312 3242 Seritur
1333 3189 1479 3251 aiensibus,
1497 3191 1610 3253 Martio,
1628 3193 1727 3258 Aprili,
1745 3194 1833 3246 Maio.
1868 3195 1994 3246 Alterum

1204 3261 1350 3324 capitatae,
1360 3272 1430 3325 quae
1441 3260 1474 3309 ab
1485 3260 1662 3328 aequinoctio
1673 3262 1808 3326 summai,
1821 3263 1867 3315 vel
1877 3278 1895 3315 a
1903 3262 1993 3314 Favo-

1204 3326 1258 3377 nio.
1294 3325 1404 3380 Genera
1429 3327 1491 3378 eius
1517 3331 1689 3381 austeritatis
1710 3330 1827 3394 ordine,
1856 3331 1997 3391 ‚liricana

1204 3395 1323 3457 Gallica,
1334 3395 1856 3460 Tusculana,Ascaloniahmitarnina.
1881 3400 1997 3465 Optima

1205 3469 1306 3525 autem,
1318 3478 1388 3530 quae
1399 3465 1605 3517 rotundissima.
1640 3467 1708 3518 ltern
1721 3465 1785 3520 ruia
1796 3468 1894 3529 acrior,
1912 3480 1995 3533 quam

1204 3531 1337 3595 candida;
1355 3532 1438 3595 sicca,
1449 3549 1530 3600 quam
1544 3533 1653 3598 viridis3
1671 3543 1700 3588 et
1711 3535 1804 3598 cruda,
1815 3549 1895 3602 quarn
1906 3540 1995 3595 coctat

1204 3603 1286 3660 sicca,
1298 3614 1377 3666 quam
1390 3602 1511 3653 condita.
1546 3601 1835 3657 Seriturhmitemina
1848 3603 1956 3671 lrigidis
1966 3608 1995 3653 ιι

1205 3668 1324 3720 humidis
1334 3668 1413 3729 locis,
1435 3676 1464 3721 et
1474 3668 1535 3720 sola
1545 3670 1607 3722 aiiii
1617 3671 1700 3724 modo
1710 3674 1810 3739 capite,
1821 3672 1943 3739 reliquae
1954 3685 1996 3723 se·

1204 3739 1286 3791 mine.
1320 3736 1531 3804 Prosinraqaae
1550 3745 1658 3791 aestate
1679 3742 1784 3794 nullum
1804 3757 1898 3795 semen
1913 3741 1993 3793 emit·

1203 3812 1276 3867 tunt,
1296 3804 1345 3856 sed
1363 3812 1445 3870 caput
1459 3812 1576 3868 tanturn,
1596 3807 1672 3874 quod
1689 3810 1827 3862 inarescit.
1862 3807 1997 3877 Sequenti

1204 3880 1294 3927 autem
1306 3888 1378 3925 anno
1390 3881 1547 3939 permutata
1561 3878 1672 3931 ratione
1693 3895 1786 3932 semen
1796 3879 1929 3948 gignitur,
1949 3892 1993 3930 ca·

1204 3942 1353 4010 putipsum
1370 3946 1563 4015 corrumpitur.
1599 3947 1675 4015 Ergo
1690 3949 1816 4001 erunibus
1830 3950 1908 4001 annis
1918 3961 1997 4015 seps·

1204 4011 1286 4063 ratim
1297 4026 1390 4063 semen
1401 4026 1501 4079 caepae
1511 4029 1594 4066 causa
1602 4017 1718 4080 seritur,
1736 4018 1885 4084 separatim
1896 4031 1996 4083 caepae

1204 4079 1324 4131 seminis.
1359 4079 1509 4133 Servantur
1527 4093 1617 4136 autern
1643 4086 1747 4152 optime
1766 4086 1794 4138 in
1814 4086 1909 4153 paleis.
1943 4086 1997 4140 Ge·

1205 4147 1301 4215 thyum
1312 4163 1399 4215 paene
1410 4151 1468 4202 siae
1479 4155 1569 4218 capita
1580 4159 1631 4215 est,
1641 4155 1757 4206 cervicis
1768 4161 1875 4207 tanturn
1887 4154 1997 4222 longae,

1207 4224 1236 4270 et
1253 4217 1317 4269 ideo
1335 4223 1426 4269 totum
1438 4221 1467 4270 in
1488 4218 1600 4274 fronde:
1618 4223 1785 4290 saepiusque
1796 4230 1945 4285 resecatur,
1964 4231 1997 4276 ut

1206 4300 1327 4354 porrum.
1361 4285 1885 4358 ldeoetilludseruntnondeponunt.
1921 4294 1998 4344 Cete-

1206 4369 1239 4406 ro
1252 4370 1349 4421 caepas
1361 4359 1404 4409 ter
1413 4356 1489 4409 losse
1500 4360 1561 4411 solo
1572 4364 1626 4412 seri
1637 4361 1740 4425 iubent,
1752 4362 1912 4429 exstirpatis
1924 4360 1997 4413 radi·

1207 4423 1284 4476 cibus
1297 4423 1689 4495 herbarunr,iniugeradenas
1699 4431 1793 4482 libras.
1811 4430 2000 4483 intermisceri

1206 4492 1502 4561 satureiam,quoniam
1513 4497 1610 4548 melius
1621 4500 1776 4562 proveniat.
1791 4500 1910 4551 Rancari
1923 4512 2000 4565 prae·

1207 4567 1293 4623 terea,
1306 4570 1334 4613 et
1343 4564 1447 4625 sarriri,
1458 4564 1482 4615 si
1491 4579 1545 4616 non
1556 4566 1674 4630 saepius,
1686 4572 1790 4633 quater.
1825 4566 1999 4618 Ascaloniam

1207 4645 1301 4681 mense
1320 4631 1472 4684 Februario
1494 4640 1588 4684 serunt
1603 4634 1698 4684 nostri.
1733 4630 1830 4683 Samen
1852 4647 2001 4697 caeparum

1208 4699 1363 4765 nigrescere
1374 4700 1516 4763 incipiens,
1527 4706 1672 4766 antequam
1685 4704 1845 4759 marcescat,
1857 4707 1975 4756 metunt.

1243 4766 1369 4819 xxxiii.
1387 4769 1424 4817 Et
1436 4766 1471 4818 de
1482 4781 1566 4832 porro
1583 4766 1611 4817 in
1630 4763 1683 4819 hac
1693 4765 1858 4833 cognatione
1868 4765 1923 4820 dici
1935 4786 1998 4823 con·

1207 4834 1315 4896 veniat,
1344 4835 1503 4899 praesertim
1514 4849 1574 4886 cum
1585 4837 1688 4899 sectivo
1703 4848 1789 4900 nuper
1799 4840 1998 4891 auctoritatem

1209 4901 1317 4952 dederit
1339 4901 1465 4966 princeps
1477 4903 1559 4963 Nero,
1581 4903 1767 4971 roeisgratia,
1787 4918 1821 4954 ιιι
1833 4903 1896 4956 oleo
1915 4906 1998 4958 statis

1209 4967 1341 5020 mensium
1353 4969 1475 5021 onmium
1485 4968 1591 5030 diebus,
1607 4968 1730 5038 nihilque
1739 4970 1824 5034 aliud,
1840 4986 1872 5025 ac
1882 4988 1916 5025 ne
1926 4988 1997 5043 pane

1208 5036 1316 5103 quidem
1339 5037 1482 5088 vescendo.
1518 5038 1624 5090 Seritur
1644 5039 1750 5092 semine
1771 5040 1996 5109 abaequinoctio

1208 5112 1352 5156 autumno:
1371 5103 1397 5154 si
1406 5105 1537 5157 sectivum
1549 5106 1639 5160 iacere
1648 5107 1741 5170 libuit,
1760 5106 1879 5162 densius.
1911 5111 1999 5163 loea-

1208 5172 1269 5225 dem
1291 5186 1357 5224 area
1375 5180 1495 5236 secatur,
1525 5174 1614 5226 donec
1634 5176 1753 5241 deliciet,
1774 5184 1997 5246 stercoraturque

1208 5254 1322 5308 semper.
1335 5240 1365 5292 Si
1376 5243 1496 5294 nutritur
1504 5242 1533 5293 in
1543 5244 1642 5310 capita,
1653 5251 1798 5313 antequam
1808 5254 1923 5310 secetur,
1935 5262 1998 5299 cum

1208 5310 1331 5373 increvit,
1354 5311 1383 5362 in
1394 5310 1477 5362 aliern
1497 5326 1589 5364 aream
1607 5315 1780 5377 translertur,
1799 5316 1910 5371 summis
1921 5314 1999 5369 loliis

1207 5381 1305 5432 leviter
1314 5380 1408 5433 recisis
1420 5387 1484 5433 ante
1492 5380 1653 5434 medullam:
1671 5389 1700 5436 et
1710 5383 1848 5451 capitibus
1858 5384 1998 5446 remeatis,

1207 5452 1346 5502 tunicisve
1359 5449 1498 5502 extremis.
1532 5450 1644 5517 Antiqui
1657 5451 1737 5505 silice
1746 5452 1790 5506 rel
1803 5453 1898 5521 tegula
1907 5451 1999 5507 subie-

1209 5524 1255 5571 cta
1266 5520 1359 5585 capita
1377 5517 1540 5572 dilatabant.
1575 5519 1637 5573 Hoc
1654 5522 1721 5574 item
1739 5521 1770 5574 ia
1785 5522 1884 5575 bulbis.
1917 5519 1999 5574 Naue
