4340 6018
331 285 400 351 ‚itt
478 281 510 344 G
544 277 697 340 rutilii
730 272 941 337 SECUNDl
978 263 1378 330 usruacliisrott
1414 264 1502 325 liii.
1525 264 1591 325 Xl.
1626 263 1722 325 cni’.
1748 266 1866 328 lli-ut.

338 430 541 494 mamillas,
550 425 744 499 mononis
754 425 829 475 inter
838 420 913 484 illas,
932 418 1142 488 sednigris,la·

339 500 513 569 taquealvnr
531 498 737 568 itaappcllntis,
766 492 813 543 uia
823 490 918 542 furtim
929 489 1062 545 devorent
1073 487 1141 542 mel-

338 571 379 625 la.
403 571 515 623 Certum
527 566 734 631 est,abapibus
776 559 963 613 cosintertici.
984 559 1142 625 illiqnere·

339 655 402 709 gera
413 654 468 695 non
480 637 592 691 habent.
610 666 613 675 ·
628 632 683 685 Sed
695 629 836 699 quemodo
847 629 907 683 sine
917 628 1015 681 aculeo
1025 641 1142 680 nascan-

337 714 395 772 tur,
404 709 433 761 in
444 707 606 775 quaestione
616 707 669 755 est.

374 777 499 829 Humido
510 788 574 827 vere
585 770 685 821 melior
694 764 801 820 foetus:
821 768 906 831 sicco,
925 767 980 819 mel
992 765 1143 832 copiosius.

339 845 422 909 Quod
443 847 468 891 si
489 836 624 890 deiecerit
644 836 755 906 aliquas
772 836 852 889 alvos
863 837 951 900 cibus,
969 838 1103 902 impeturn
1114 837 1142 885 ia

338 912 481 983 proximas
491 905 598 959 facium
608 904 724 975 rapinae
735 908 893 975 preposite.
919 906 1034 959 stillae
1046 909 1144 957 contra

258 1032 262 1039 ,
339 981 466 1046 dirigunt
486 978 589 1030 aciem:
610 983 640 1029 et
657 978 682 1029 si
695 983 790 1029 custos
804 975 889 1037 adsit,
908 976 1048 1027 alterutra
1068 988 1143 1040 pars,

340 1048 477 1120 quaesibi
492 1047 587 1100 lavere
602 1048 704 1111 sentit,
723 1060 779 1099 non
792 1048 901 1114 appetit
915 1059 988 1099 eum.
1024 1044 1067 1095 Ex
1079 1044 1143 1093 aliis

340 1132 449 1187 quoque
460 1131 544 1183 saepe
557 1115 692 1169 dimicent
702 1116 806 1177 musis,
827 1131 929 1182 easque
949 1115 1024 1166 acies
1036 1121 1144 1164 coatra-

339 1188 397 1241 rins
407 1186 464 1238 duo
474 1186 658 1254 imperatores
668 1188 817 1248 instruunt,
837 1185 958 1236 manime
969 1188 1031 1235 risa
1041 1182 1068 1233 in
1079 1197 1144 1233 con·

339 1256 472 1310 vehendis
483 1253 599 1309 floribus
611 1263 724 1318 exorta,
743 1261 772 1307 et
783 1268 849 1305 suos
858 1253 1013 1321 quibusque
1025 1266 1142 1303 evocan-

224 1346 228 1353 ’
338 1328 427 1379 tibuss
439 1340 510 1393 quae
521 1325 664 1378 dimicatio
675 1318 779 1377 iniectu
789 1324 920 1390 pulveris,
936 1330 985 1374 nut
995 1321 1072 1373 inmo
1083 1326 1145 1372 tota

339 1395 498 1449 discutitur.
527 1395 735 1448 Reconciliatur
745 1408 810 1444 vero
822 1393 895 1445 lacte
906 1394 951 1445 vel
961 1406 1035 1460 aqua
1045 1390 1143 1441 mulsa.

373 1464 449 1518 XIX.
466 1466 539 1531 apes
549 1470 614 1516 sunt
625 1471 653 1516 et
664 1462 784 1515 rusticae
794 1460 1002 1529 silvestresque,
1014 1459 1144 1512 horridae

339 1533 483 1600 adspectu,
503 1533 592 1585 multo
613 1531 811 1596 iracundiores,
831 1530 880 1584 sed
896 1546 981 1599 opere
996 1545 1029 1581 ac
1046 1528 1144 1581 labore

340 1609 523 1671 praestantes.
560 1601 734 1653 Urbanarum
746 1599 800 1651 duo
811 1615 930 1666 generas
952 1599 1073 1666 optimae
1083 1599 1144 1650 bre·

341 1672 567 1737 ves,variaeque,
590 1678 618 1721 et
628 1670 657 1720 in
669 1660 867 1721 rotunditatem
881 1668 1071 1735 compactiles:
1093 1666 1151 1723 dez

340 1740 459 1793 teriores
486 1739 602 1806 longae,
633 1745 662 1790 et
685 1738 785 1807 quibus
804 1737 958 1789 similitude
980 1751 1141 1803 vesparum:

341 1809 493 1863 etiamnum
503 1808 669 1860 deterrimae
689 1822 724 1860 ex
737 1807 774 1859 iis
785 1807 900 1873 pilosae.
937 1807 967 1858 ln
978 1807 1067 1858 Ponto
1078 1810 1144 1856 sunt

246 1926 252 1931 .
340 1878 475 1946 quaedum
487 1877 577 1940 albae,
586 1891 655 1943 quae
667 1876 748 1928 bisin
759 1891 854 1928 mense
866 1875 949 1928 mella
959 1875 1074 1927 iaciunt.
1088 1874 1144 1926 Cir·

340 1963 374 2000 ca
384 1946 640 1999 Thermodoontem
651 1953 743 1998 autem
756 1944 868 1997 lluvium
880 1945 935 1996 duo
946 1960 1060 2012 genera:
1075 1943 1145 1995 alis·

340 2029 487 2085 rum,qnnc
497 2018 525 2067 in
537 2015 684 2067 arboribus
693 2015 871 2067 mellificant:
883 2013 1144 2080 aliarum,quacsub

339 2091 426 2149 terra,
435 2084 541 2152 triplici
551 2100 677 2137 cerarum
690 2083 795 2146 ordine,
811 2084 948 2137 uberrimi
957 2089 1117 2150 proventus.

375 2154 505 2207 Aculeum
516 2168 533 2203 a
554 2156 614 2205 ibus
626 2160 725 2207 natura
736 2153 812 2206 dedit
824 2153 916 2205 ventri
923 2159 1091 2205 consertum.
1102 2149 1144 2202 sd

341 2238 425 2277 unum
437 2224 522 2275 ictum
535 2169 588 2276 tec
600 2225 696 2286 inliso,
707 2222 817 2289 quidam
830 2238 878 2275 ens
888 2223 984 2275 statim
993 2224 1080 2274 emori
1092 2235 1143 2287 pn·

340 2301 410 2346 tant.
446 2294 541 2360 Aliqui
550 2308 606 2345 non
615 2293 668 2344 nisi
678 2293 707 2343 in
719 2298 826 2343 tantum
837 2291 954 2353 adacto,
976 2296 1008 2343 nt
1018 2289 1145 2343 intestini

333 2363 483 2484 ,quidpiam
495 2371 639 2429 sequatur:
656 2361 705 2415 sed
716 2362 796 2414 lucos
808 2369 907 2429 postca
918 2376 988 2422 esse,
998 2375 1051 2412 nec
1059 2359 1145 2411 melle

355 2450 444 2496 acere,
465 2431 543 2485 velut
553 2432 683 2483 castratis
693 2432 814 2493 viribus,
834 2431 994 2498 pariterque
1003 2435 1033 2482 et
1043 2443 1145 2481 nocere

341 2510 369 2557 et
379 2502 511 2570 prodesse
522 2502 657 2557 desinere.
694 2502 746 2556 Est
756 2502 786 2553 in
798 2499 943 2567 exemplis,
964 2513 1050 2566 equos
1061 2501 1097 2552 ab
1110 2498 1144 2549 iis

342 2586 458 2625 occisos.

376 2641 466 2697 Odere
487 2639 586 2693 foedos
606 2638 715 2701 odores,
735 2638 887 2706 proculque
907 2637 1027 2705 fugiunt,
1047 2636 1097 2688 sed
1117 2645 1146 2688 et

340 2712 429 2774 lictes.
463 2710 564 2779 ltaque
579 2715 723 2776 unguenta
733 2707 893 2761 redolentes
904 2706 1048 2768 infestent,
1069 2707 1146 2774 ipsae

340 2779 522 2847 plurimorum
547 2779 707 2831 animalium
734 2777 845 2829 iniuriis
866 2778 1011 2830 obnoxiae.
1057 2779 1147 2844 impu·

340 2856 428 2917 gnam
439 2864 486 2901 eas
496 2856 613 2901 naturae
623 2847 746 2901 eiusdem
759 2845 910 2914 degeneres
924 2861 1040 2913 vespae,
1062 2853 1146 2915 atque

342 2919 506 2973 crabrones:
529 2918 614 2972 etiam
636 2931 652 2968 c
673 2915 793 2967 culicum
813 2930 926 2982 genere,
946 2917 996 2982 qui
1011 2924 1148 2967 vocantur

341 2987 493 3039 mulionesr
515 2987 684 3053 populantur
695 2981 866 3048 hirundines,
887 2990 915 3038 et
926 2985 1061 3055 quaedam
1073 2985 1146 3037 aliae

342 3068 417 3109 aves.
452 3053 802 3121 insidianturaqnantibus
821 3069 921 3119 ranae,
940 3056 1147 3124 quaemaxima

342 3138 439 3181 emuna
450 3132 493 3179 est
503 3122 632 3190 operatio
642 3130 710 3187 tum,
727 3138 789 3175 cum
799 3124 923 3177 sobolem
934 3124 1050 3179 iaciunt.
1087 3121 1147 3174 Nec

342 3190 395 3244 hae
404 3196 522 3254 tantum,
542 3208 612 3261 quae
622 3198 722 3258 stagna
732 3200 761 3246 et
771 3193 846 3246 rivos
857 3194 995 3257 obsident,
1010 3196 1148 3246 vernaret

341 3261 459 3314 rubetae
470 3262 585 3311 veniunt
596 3259 680 3320 ultro,
691 3259 911 3332 adrepentesque
922 3264 1027 3316 loribus
1038 3278 1088 3329 per
1097 3275 1145 3312 eas

342 3330 466 3383 sufflant:
478 3328 514 3380 ud
527 3328 579 3380 hoc
584 3328 742 3395 provolant,
751 3331 1145 3399 confestimqueabripiuntur.

340 3398 400 3453 Nec
410 3399 515 3453 sentire
525 3398 599 3449 ictus
609 3413 692 3466 apum
702 3413 786 3450 ranae
797 3401 954 3452 traduntur.
975 3400 1107 3450 lnimicae
1118 3404 1147 3451 et

342 3482 424 3533 oves,
444 3466 559 3521 difficile
569 3482 599 3520 se
610 3483 627 3520 a
638 3468 709 3523 lanis
721 3484 817 3521 carum
827 3467 1039 3535 explicantibus.
1077 3468 1146 3517 can·

341 3552 453 3591 crorum
473 3537 559 3591 etiam
580 3536 677 3601 odore,
697 3537 722 3588 si
742 3537 803 3605 quis
824 3538 905 3591 iuxta
920 3540 1031 3602 coquat,
1051 3534 1147 3587 exam-

340 3614 461 3660 mantur.

377 3675 439 3729 XX.
460 3675 533 3738 Quin
545 3675 697 3728 etmorbos
707 3682 806 3742 suapte
817 3682 918 3727 natura
933 3671 1066 3726 sentiunt.
1101 3670 1147 3721 ln·

342 3741 393 3795 der
406 3758 499 3795 eorum
511 3745 629 3796 tristitia
638 3752 769 3812 torpeas,
788 3750 818 3797 et
829 3760 891 3796 cum
901 3750 967 3795 ante
977 3740 1054 3793 fores
1065 3742 1094 3791 in
1104 3747 1145 3792 te·

341 3826 438 3880 potem
458 3811 533 3865 Solis
555 3814 693 3879 promotis
713 3813 788 3865 uliae
806 3812 1059 3872 cibosministrent,
1080 3824 1144 3862 cum

342 3879 488 3933 deiunctae
499 3890 659 3949 progerunt,
670 3879 909 3946 funerantiumque
919 3894 996 3932 nrore
1007 3880 1142 3931 convitan-

341 3954 390 4003 tnr
399 3952 554 4019 exsequias.
575 3952 651 4021 liege
662 3968 695 4004 ea
706 3956 784 4017 peste
794 3955 939 4000 consumto
947 3955 1054 4002 moeret
1065 3948 1144 4015 plebs

341 4019 444 4088 ignavo
456 4020 569 4077 dolores
582 4036 636 4072 non
648 4019 725 4073 cibos
736 4016 901 4080 convehere,
913 4033 965 4069 non
978 4018 1143 4084 procedens,

341 4090 418 4141 tristi
428 4097 534 4143 tantum
547 4104 687 4142 murmure
699 4087 871 4155 glomeratur
881 4087 955 4139 circa
966 4102 1065 4154 corpus
1075 4088 1144 4141 eius.

342 4157 521 4211 Subtrahitur
540 4159 635 4224 itaque
655 4156 767 4209 diducta
789 4156 979 4209 multitudine:
1001 4158 1145 4223 aliasspe·

341 4234 450 4281 cinotcs
460 4227 625 4289 exanimem,
637 4225 738 4277 luctum
750 4241 805 4279 non
817 4227 951 4278 minuunt.
987 4228 1066 4279 Tunc
1078 4242 1144 4295 qno·

342 4311 395 4363 que
406 4299 435 4347 ni
446 4298 637 4359 subveniatur,
649 4295 723 4348 fante
732 4296 897 4349 moriuntur.
926 4295 1080 4349 Hilaritnte
1090 4296 1143 4364 igi-

341 4372 388 4418 tur
400 4370 429 4414 ct
440 4366 532 4417 nitore
542 4367 649 4421 sanitas
661 4365 835 4419 aestimatur.
846 4365 916 4418 Sunt
926 4372 954 4419 et
965 4367 1060 4434 operis
1070 4380 1143 4417 mor·

341 4431 373 4484 bi
379 4447 387 4512 .²
399 4442 461 4549 curtii
472 4431 616 4553 lavosfnnn
628 4436 749 4504 explent,
761 4437 854 4489 cleron
865 4442 974 4491 nocant.
1000 4437 1070 4489 ltcrn
1081 4434 1142 4488 bla-

341 4513 386 4567 l>⁸¹
407 4513 441 4549 ⁰¹¹
456 4515 545 4561 wissa
567 4512 660 4558 netum
671 4521 725 4559 non
736 4520 787 4573 per
824 4512 882 4558 unt

375 4513 450 4619 xliii.
467 4568 584 4622 inimica
594 4580 638 4625 est
649 4580 678 4626 et
696 4574 764 4628 echo
776 4521 1018 4634 rffiultantisoao,
1038 4572 1086 4640 qni
1095 4586 1144 4637 pa·

1196 415 1426 469 avidevorsntcs.
1463 416 1754 483 ceteropraepnrcae,
1775 419 2007 491 ctqnaeslloqni

1196 485 1330 555 prodigas
1349 492 1435 552 atquc
1454 485 1565 546 edaces,
1585 498 1641 536 non
1663 500 1743 536 secus
1764 500 1798 538 ec
1812 489 1907 555 pigras
1922 499 2007 559 atque

1195 554 1495 624 ignavasproturbeat.
1533 552 1641 606 Nocent
1653 556 1860 610 etsnamellai
1880 559 1928 623 sis,
1948 561 2004 614 illi·

1195 632 1297 693 tneque
1315 625 1350 676 ab
1365 623 1575 692 adverssparte
1592 624 1761 679 moriuntur.
1797 574 1884 680 'reth

1195 702 1240 747 tot
1251 694 1370 756 casibus,
1383 697 1424 757 (et
1434 702 1549 761 quotam
1560 695 1717 761 portionem
1729 710 1826 749 comm
1838 714 2006 755 somnicolo-

1195 762 1324 825 ratitum
1335 764 1494 815 munificum
1503 762 1607 815 animal
1618 766 1778 831 expositum
1789 773 1842 819 est.
1872 770 2006 824 Remedia

1196 835 1319 887 &cemus
1330 834 1389 885 sais
1400 833 1483 885 locist
1494 850 1567 886 nnnc
1576 833 1648 885 caim
1661 848 1756 887 sermo
1766 836 1914 891 denatura
1925 848 1977 893 est.

1230 903 1320 955 XXll.
1338 902 1470 955 Gaudent
1481 903 1580 970 pinnen
1593 910 1677 972 atque
1687 906 1790 957 tinnitu
1807 908 1895 970 aeris,
1915 924 2004 979 eoque

1196 980 1395 1025 convocantur.
1432 973 1495 1035 Quo
1506 971 1684 1025 manifestum
1696 983 1749 1038 est,
1769 976 1884 1028 auditus
1896 994 2005 1047 quoque

1196 1043 1288 1094 inesse
1299 1055 1421 1094 sensum.
1448 1041 1557 1094 illiceto
1567 1057 1664 1109 opere,
1673 1044 1775 1097 educto
1786 1045 1874 1110 foetu,
1891 1047 2004 1102 iunctae

1197 1125 1310 1163 munere
1321 1114 1395 1162 omni
1407 1112 1637 1165 exercitationem
1653 1119 1712 1164 tum
1723 1114 1877 1169 solemnem
1887 1115 2002 1172 hebeat:
2034 1172 2040 1185 ,

1196 1184 1391 1247 spatiataeque
1402 1181 1432 1232 in
1442 1189 1550 1249 aperto,
1571 1189 1600 1234 et
1611 1184 1638 1234 in
1650 1182 1737 1235 altum
1749 1184 1844 1251 datae,
1864 1189 1943 1256 gyris
1953 1203 2000 1241 vo-

1196 1250 1258 1301 latu
1268 1248 1361 1312 editis,
1377 1257 1434 1304 tum
1446 1251 1555 1304 demum
1567 1251 1602 1303 ad
1613 1253 1705 1305 cibum
1717 1254 1845 1306 redeunt.
1884 1258 1951 1311 l'ita
1961 1260 2003 1311 eis

1196 1319 1374 1387 longissima,
1396 1329 1426 1372 ut
1437 1335 1571 1388 prospere
1582 1322 1695 1375 inimica
1713 1338 1747 1376 ac
1761 1323 1880 1376 lortuita
1891 1327 2003 1393 cedant,

1197 1389 1322 1457 septenis
1338 1389 1419 1441 annis
1436 1391 1576 1444 universa.
1612 1393 1696 1445 hlvos
1717 1408 1856 1462 nunquam
1867 1396 1941 1449 ultra
1952 1396 2000 1450 de·

1198 1472 1256 1509 cem
1267 1458 1478 1512 annosilurasse
1490 1460 1628 1526 proditur.
1644 1460 1714 1513 Sunt
1726 1464 1772 1529 qni
1782 1471 1915 1527 mortuas,
1926 1468 1949 1517 sl
1962 1466 2002 1518 in·

1197 1532 1357 1579 traiectum
1374 1527 1464 1581 hieme
1474 1535 1635 1593 serventur,
1655 1530 1757 1584 delude
1766 1532 1832 1586 Sole
1848 1549 1932 1586 verno
1944 1541 2001 1587 tor·

1197 1603 1321 1716 recutiat,
1333 1611 1366 1650 sc
1377 1599 1494 1651 liculnea
1504 1600 1597 1652 cinere
1609 1606 1670 1653 toto
1679 1601 1727 1654 die
1736 1601 1893 1666 foveantur,
1903 1611 2003 1673 putent

1196 1682 1270 1719 revrr
1284 1682 1372 1719 scere.
1832 1704 1838 1713 ,

1231 1735 1332 1787 xxiii.
1350 1736 1381 1786 ln
1393 1742 1483 1788 totum
1497 1751 1564 1789 vero
1585 1738 1701 1791 emimus
1716 1739 1843 1806 reparari
1857 1742 2002 1803 ventribus

1196 1803 1309 1857 bubulis
1329 1806 1487 1857 recentibus
1507 1822 1569 1859 cum
1591 1809 1655 1861 limo
1667 1810 1789 1861 obrutisr
1813 1809 2002 1877 Virgiliusiu·

1196 1888 1345 1926 vannorum
1357 1890 1475 1942 corpore
1487 1877 1654 1940 exanimato,
1673 1878 1747 1929 sicut
1757 1892 1891 1946 equorum
1901 1896 2004 1950 vespas

1196 1950 1280 2009 atque
1290 1943 1446 2006 crabrones,
1456 1946 1531 1996 sicut
1540 1947 1682 1999 asinorum
1693 1950 1867 2011 scarabaeos,
1877 1956 2004 2004 mutante

1198 2020 1299 2064 natura
1309 2027 1344 2064 ex
1355 2013 1418 2065 aliis
1429 2016 1564 2080 quaedem
1573 2017 1601 2067 in
1612 2018 1676 2070 alia.
1704 2016 1759 2070 Sed
1770 2017 1869 2071 horum
1881 2022 2003 2071 oninium

1198 2083 1288 2133 coitus
1303 2090 1462 2135 cernuntur.
1498 2085 1536 2136 Et
1548 2092 1641 2140 tamen
1661 2089 1691 2139 ln
1710 2087 1791 2140 foetu
1805 2087 1903 2140 eadem
1915 2102 2003 2157 prope

1197 2158 1307 2213 natura,
1318 2165 1390 2218 quae
1402 2151 1510 2219 apibus.

1234 2219 1335 2272 xxiv.
1356 2219 1466 2289 Vespns
1478 2223 1506 2273 in
1517 2223 1630 2275 sublimi
1641 2239 1656 2275 e
1667 2224 1727 2277 leto
1737 2224 1820 2278 nidos
1830 2225 1951 2288 iaciunt,
1973 2234 2002 2280 et

1197 2291 1226 2342 in
1237 2288 1279 2341 his
1291 2305 1383 2343 cerus:
1395 2292 1544 2344 crabrones
1555 2295 1583 2344 in
1594 2295 1727 2356 cavernis,
1740 2302 1789 2346 aut
1799 2296 1850 2346 sub
1862 2303 1946 2349 terra.
1963 2296 2003 2347 lit

1199 2359 1297 2412 horum
1308 2362 1430 2412 omnium
1442 2362 1613 2429 sexangulae
1623 2362 1719 2415 cellae.
1757 2365 1829 2416 Cera
1839 2373 1930 2417 autem
1942 2380 2002 2416 cor·

1197 2430 1273 2483 ticea
1284 2436 1314 2482 ct
1324 2444 1469 2482 araneosa.
1497 2430 1600 2483 Faetus
1612 2433 1671 2500 ipss
1683 2433 1849 2500 inaequalis,
1860 2440 1892 2486 ut
1901 2435 2000 2487 barba·

1198 2499 1251 2550 ris:
1262 2500 1333 2551 alins
1346 2500 1450 2563 evolat,
1461 2499 1534 2552 alius
1545 2503 1573 2552 in
1584 2500 1707 2569 nympha
1718 2510 1770 2566 est,
1780 2506 1852 2555 alius
1863 2506 1891 2554 in
1903 2505 2003 2556 verrari-

1199 2568 1272 2620 culo.
1310 2569 1347 2619 lit
1358 2577 1500 2633 autumno,
1513 2585 1569 2622 non
1581 2586 1653 2634 vere,
1664 2572 1757 2623 omnia
1767 2587 1809 2624 oa.
1844 2572 2002 2626 Plenilunio

1199 2638 1319 2689 niaxime
1330 2647 1467 2691 crescunt.
1485 2641 1601 2707 vespae,
1612 2656 1684 2708 quae
1695 2641 1889 2694 ichneumones
1899 2656 2002 2693 vocan-

1199 2713 1254 2769 tur,
1266 2709 1343 2772 (sunt
1355 2715 1450 2761 nutem
1461 2711 1593 2772 minores,
1616 2726 1697 2778 quam
1709 2710 1806 2782 alias)
1818 2726 1902 2763 unum
1915 2724 2003 2778 genus

1199 2790 1234 2828 es
1245 2778 1356 2829 ornnem
1365 2780 1519 2845 perimunt,
1539 2777 1717 2846 phalangium
1727 2779 1912 2848 appellatum,
1932 2785 1961 2833 et
1972 2782 2003 2833 in

1199 2846 1281 2898 nidus
1292 2860 1357 2898 snos
1369 2846 1471 2910 lerunt,
1482 2847 1583 2901 deinde
1593 2848 1716 2913 illinunt,
1737 2852 1859 2904 etesiis
1870 2852 2005 2903 incuban·

1199 2913 1236 2968 do
1252 2930 1333 2967 suurn
1348 2929 1435 2983 genus
1456 2924 1612 2983 procreante
1648 2916 1797 2970 Praeterea
1814 2935 2005 2974 eroncscerne
2039 2958 2044 2961 -

1197 2992 1363 3046 vescuntur,
1386 2991 1578 3052 contraquam
1591 3000 1677 3051 apes,
1698 3000 1767 3051 quas
1783 2986 1889 3039 nulium
1900 3004 2005 3057 corpus

1198 3054 1349 3119 attingunt.
1380 3052 1434 3104 Sed
1445 3068 1544 3118 vespae
1555 3068 1663 3107 muscas
1674 3052 1837 3120 grandiores
1849 3066 2007 3109 verranture

1198 3129 1226 3174 at
1245 3127 1390 3186 nnrputato
1406 3120 1441 3170 iis
1457 3123 1556 3187 capite,
1577 3122 1716 3190 reliquum
1737 3136 1837 3189 corpus
1859 3123 2006 3181 animant.

1198 3191 1365 3242 crabronum
1386 3188 1532 3241 silvestres
1546 3191 1575 3242 in
1596 3192 1726 3244 arborum
1746 3194 1870 3244 cavernis
1882 3194 2004 3261 degunte

1197 3257 1302 3318 hieme,
1322 3263 1354 3309 ut
1365 3258 1590 3323 ceterainsects,
1607 3261 1777 3314 conduntur:
1797 3262 1857 3314 vita
1866 3263 2003 3317 bimatum

1197 3342 1251 3379 non
1263 3327 1374 3380 transit.
1391 3328 1466 3380 lctus
1477 3342 1574 3383 eorum
1586 3330 1658 3385 haud
1677 3339 1784 3385 temere
1792 3333 1853 3384 sins
1864 3331 1937 3384 febri
1948 3341 2003 3386 est.

1197 3397 1331 3446 suctores
1340 3403 1416 3457 suot,
1426 3402 1471 3450 ter
1480 3401 1595 3452 novenis
1607 3396 2002 3469 punctisinterliclhonrlnem.

1196 3462 1331 3527 Aliorum,
1341 3465 1388 3532 qui
1399 3466 1525 3521 mitiores
1536 3470 1675 3533 videntur,
1685 3472 1741 3541 duo
1751 3486 1865 3540 genera:
1877 3471 2003 3538 opilircs,

1196 3534 1317 3586 nrirrores
1328 3549 1455 3602 corpore,
1466 3539 1515 3604 qui
1525 3541 1681 3592 moriuntur
1691 3539 1793 3592 hieme:
1804 3547 1918 3602 matres,
1930 3558 2004 3610 quaa

1195 3603 1309 3655 biennio
1320 3603 1434 3657 durant:
1446 3606 1466 3657 ii
1476 3613 1505 3658 ct
1515 3608 1673 3660 clementes.
1709 3608 1799 3660 Nidos
1808 3625 1873 3663 vere
1884 3611 2003 3675 iaciunt,

1195 3669 1255 3723 lore
1267 3670 1454 3737 quadrilorcs,
1474 3676 1503 3725 in
1516 3676 1615 3742 quibus
1627 3677 1742 3741 opiliccs
1752 3686 1926 3743 generentur.
1964 3681 2002 3732 lis

1195 3739 1312 3802 eductis,
1322 3742 1393 3793 alios
1404 3742 1503 3795 deinde
1514 3745 1595 3796 nidos
1607 3746 1729 3797 maiores
1740 3747 1889 3819 linguonis
1901 3749 2001 3817 quibus

1195 3815 1300 3862 metm
1310 3808 1419 3862 iuturus
1431 3811 1595 3877 producent.
1623 3815 1679 3866 lam
1691 3823 1749 3874 tum
1761 3817 1874 3883 opilices
1884 3820 2002 3886 tungnn·

1194 3886 1242 3932 tur
1252 3894 1375 3941 munere,
1384 3886 1412 3932 et
1424 3889 1539 3947 pascunt
1550 3897 1605 3936 eas.
1639 3885 1738 3937 latior
1749 3892 1868 3939 matrum
1879 3890 1999 3954 spectes:

1195 3949 1367 4017 dubiumque
1386 3963 1422 4000 an
1434 3947 1554 4002 habeant
1563 3953 1692 4016 aculeos,
1713 3957 1842 4023 quianon
1853 3958 2000 4026 egrediun-

1194 4025 1249 4071 tnr.
1285 4019 1323 4070 Et
1335 4017 1378 4073 his
1390 4017 1435 4070 sui
1446 4016 1511 4071 luci.
1548 4021 1666 4082 Quidam
1684 4025 1848 4091 opinantur,
1869 4027 2000 4078 cornibus

1195 4087 1238 4138 his
1255 4087 1292 4139 ad
1311 4087 1430 4142 hiemem
1453 4087 1581 4143 decidere
1600 4093 1720 4146 aculeos.
1756 4093 1815 4147 Nec
1832 4096 1999 4147 crabronum

1194 4163 1297 4219 antem,
1307 4173 1357 4210 nec
1367 4174 1513 4226 vesparum
1525 4164 1619 4227 generi
1631 4177 1721 4230 reges,
1733 4169 1782 4214 ant
1793 4166 1933 4216 examina:
1945 4164 1997 4218 sed

1193 4227 1312 4279 subinde
1321 4235 1474 4280 renovatur
1484 4229 1634 4283 multitudo
1645 4232 1753 4285 sobole.

1228 4294 1318 4349 xxV.
1337 4296 1472 4359 Quartum
1492 4300 1564 4351 inter
1577 4299 1645 4354 hacc
1665 4316 1751 4370 genus
1764 4308 1808 4354 est
1823 4301 2000 4371 bombycum,

1194 4363 1221 4416 ia
1232 4366 1347 4431 Assyria
1356 4371 1533 4433 proveniens,
1545 4371 1632 4422 maius
1644 4385 1725 4437 quum
1736 4385 1821 4437 snpra
1830 4373 1913 4422 dicta.
1950 4370 2001 4422 ili-

1193 4433 1244 4485 dos
1254 4434 1316 4484 luto
1326 4435 1445 4504 lingunt,
1465 4440 1643 4507 salisspecie,
1667 4441 1822 4508 applicatus
1833 4437 1928 4503 lapidi,
1940 4444 2001 4489 tan·

1192 4509 1223 4554 ta
1232 4501 1347 4565 duritie,
1359 4513 1390 4557 ut
1399 4508 1514 4574 spiculis
1526 4509 1663 4575 perforari
1675 4512 1720 4561 vix
1730 4510 1845 4577 possint.
1881 4504 1912 4554 ln
1925 4505 1958 4554 iis
1969 4514 2001 4557 et

1193 4586 1271 4624 ceras
1281 4571 1398 4639 largius,
1419 4590 1500 4642 quem
1512 4593 1589 4646 apes,
1610 4578 1731 4631 lamuntr
1752 4574 1851 4628 deinde
1862 4573 1998 4626 maiorem

1886 632 2005 695 ostibus,
2068 684 2074 689 ,

339 4634 419 4687 vides
429 4635 537 4687 alterno
550 4640 643 4704 pulset
653 4642 725 4694 ictu:
736 4645 852 4694 inimica
863 4650 892 4693 et
902 4639 1011 4692 nebula.
1040 4640 1142 4691 Aranni
1193 4642 1383 4695 vermiculum.

339 4718 450 4824 pinoque
461 4704 507 4755 vel
517 4708 636 4759 mamare
646 4705 776 4760 hostiles:
794 4724 855 4761 cunr
866 4708 1047 4773 praevaluere
1056 4714 1089 4759 nt
1099 4709 1142 4759 in·
1227 4710 1327 4764 xxvi.
1346 4711 1385 4763 lit
1395 4711 1452 4763 alia
1462 4712 1561 4766 horum
1573 4715 1668 4784 erigor
1678 4729 1694 4766 e
1704 4711 1853 4780 mundiore
1863 4710 1999 4765 vermicu·

354 4778 446 4835 erant,
457 4781 574 4826 enecant
584 4775 687 4826 alveos.
715 4775 826 4840 Papilio
837 4775 921 4827 etium
931 4776 1048 4843 ignavus
1059 4784 1088 4829 et
1098 4780 1140 4830 in·
1193 4779 1235 4842 lo,
1257 4783 1368 4848 gemina
1377 4781 1563 4847 protendente
1572 4783 1615 4834 sui
1625 4784 1735 4850 generis
1747 4795 1858 4842 cornus,
1878 4782 1997 4848 primunr

340 4839 505 4904 honoratus,
525 4841 676 4894 luminibus
691 4846 814 4896 accensis
830 4843 996 4908 advolitans,
1015 4847 1141 4913 pestifer,
1194 4863 1278 4901 eruca
1287 4852 1333 4903 tit:
1345 4850 1454 4911 deinde,
1467 4851 1540 4917 quod
1551 4860 1666 4904 vocatur
1674 4850 1847 4917 bombylius:
1865 4865 1900 4903 ex
1909 4864 1943 4901 eo
1953 4863 1998 4902 nc·

339 4909 559 4991 aeconomodo.
596 4910 667 4963 Nam
679 4920 707 4964 et
717 4914 778 4978 ipse
788 4928 867 4967 ceras
878 4914 1046 4982 depascitur,
1055 4923 1084 4968 et
1096 4930 1140 4968 re·
1194 4919 1324 4985 cydalnsr
1348 4934 1380 4971 er
1397 4919 1450 4971 hoc
1468 4921 1496 4971 in
1516 4935 1565 4973 ses
1587 4922 1728 4973 mensibus
1745 4919 1876 4987 bombyx.
1911 4919 1997 4971 'l'elns

339 4977 442 5060 linquit
451 4990 638 5043 excrementa,
650 4983 748 5049 quibus
760 4983 899 5036 teredines
911 4985 1075 5054 gignuntur:
1094 4986 1143 5037 iila
1193 5001 1359 5040 araneorum
1377 4987 1461 5040 modo
1473 4997 1570 5042 texunt
1581 4990 1615 5041 ad
1632 4997 1735 5042 restem
1752 4988 1902 5056 luxumque
1917 4988 1998 5041 lemi-

337 5054 425 5099 stram
436 5062 581 5117 maneosa,
592 5067 753 5119 quacunque
763 5052 887 5114 incessit,
904 5055 1011 5106 alarum
1021 5055 1142 5106 manime
1192 5058 1736 5126 narum,quaebombycinasppellatur.
1773 5057 1866 5110 Prima
1876 5072 1923 5110 eas
1934 5056 1997 5108 red·

339 5114 472 5183 lanugine
483 5118 600 5173 obterit.
632 5121 792 5173 Nascuntur
802 5130 830 5175 et
841 5122 869 5174 in
881 5122 942 5189 ipse
954 5124 1029 5190 ligno
1041 5123 1143 5176 teredl·
1193 5123 1295 5185 ordiri,
1315 5140 1467 5193 rursusque
1481 5132 1579 5179 texere
1589 5129 1693 5181 invenit
1702 5131 1732 5179 iu
1744 5129 1799 5179 Cen
1808 5128 1910 5179 mulier
1918 5127 1997 5177 Parn-

340 5198 399 5266 nes,
411 5200 482 5252 quae
492 5203 571 5241 ceras
584 5194 731 5255 praecipue
741 5198 883 5258 appetunt.
917 5192 1033 5245 infestet
1045 5199 1073 5244 et
1085 5193 1143 5244 ari·
1193 5190 1279 5258 phile,
1302 5193 1385 5246 limat
1395 5196 1467 5256 hila,
1488 5211 1543 5249 uos
1555 5198 1711 5251 fraudanda
1720 5196 1812 5266 gioria
1823 5199 1998 5265 excogitatas

342 5252 416 5307 ditas
427 5264 536 5325 pastus,
556 5258 644 5311 nimia
652 5258 751 5311 ilerum
762 5262 910 5323 satietate,
928 5262 1143 5314 remotissime
1191 5261 1319 5324 rationis,
1328 5270 1360 5314 ut
1369 5263 1492 5317 denudet
1504 5264 1623 5319 lemnias
1633 5269 1729 5320 vestis.

340 5328 477 5393 tempore:
498 5326 561 5376 alvo
578 5330 642 5381 cita.
678 5327 748 5380 (ileo
758 5329 868 5396 quidem
880 5345 934 5381 nun
946 5344 1013 5396 apes
1024 5336 1143 5393 tantum,
1226 5328 1341 5385 XXVll.
1360 5331 1521 5401 Bombycas
1536 5342 1564 5387 et
1579 5336 1658 5388 inco
1675 5336 1768 5388 insula
1782 5332 1997 5394 nascitrndnnt,

340 5393 389 5445 sed
400 5397 494 5447 omnia
508 5396 617 5449 insecta
631 5398 839 5461 exanimantur,
860 5398 1005 5464 praecipue
1014 5399 1039 5450 si
1050 5399 1142 5465 capite
1191 5402 1323 5465 cupressi,
1335 5401 1496 5464 terebinthi,
1509 5403 1622 5469 fraxini,
1628 5420 1745 5472 quercus
1756 5404 1851 5457 tlorern
1863 5402 1998 5454 imbribus

340 5468 425 5512 uncto
435 5464 464 5515 in
474 5464 541 5518 Sole
550 5472 696 5531 ponantur.
733 5467 890 5534 Aliquando
904 5474 933 5520 et
945 5470 1022 5532 ipsae
1033 5477 1142 5520 conma-
1192 5469 1337 5521 decussum
1348 5475 1441 5524 terrae
1452 5470 1543 5524 halitu
1554 5474 1706 5528 animante.
1718 5475 1794 5528 Fieri
1805 5480 1897 5525 autem
1909 5471 1997 5538 primo

339 5524 409 5581 hunt
430 5534 529 5587 samiis
548 5535 601 5588 sibi
621 5550 732 5598 cemes,
750 5550 813 5589 cum
828 5544 942 5594 sensere
952 5535 1039 5590 asini
1049 5537 1142 5603 mens,
1191 5537 1625 5613 papilionespsmusnudnsquer
1636 5559 1700 5597 mos
1710 5539 1997 5611 trigemmisipstlee·
