4340 6018
278 354 309 409 c.
344 346 493 409 rarum
525 320 735 411 sacuam
768 350 938 412 aaron.
973 351 1161 418 nterea
1196 354 1282 417 ara.
1305 355 1380 416 vu.
1416 356 1510 417 cae.
1533 359 1655 422 taen.
1736 365 1796 423 ren

141 502 236 559 Thoas
247 506 276 554 et
287 500 379 553 Eeclis
390 502 415 552 in
428 498 569 553 Panciraia
581 516 588 551 r
610 507 660 553 ant
676 499 725 554 Sol
742 500 845 554 oceani
861 499 945 563 tilius,

141 576 185 629 aui
196 571 305 626 Gellius
316 570 469 643 quicinno
481 584 591 638 quoque
607 571 794 623 intentionem
811 584 846 621 ex
861 570 944 623 melle

142 643 275 711 assignat.
294 640 483 709 Pinna-bungart
495 639 666 694 Cassiteride
676 639 885 706 insuiapsimus
895 653 943 705 ap·

140 712 263 781 portavit
273 709 445 761 Midacritus.
463 708 610 761 Fabricam
623 711 741 762 terream
752 710 882 761 invenere
893 712 945 775 Cy·

141 783 243 848 clupea.
262 779 387 845 Figlinas
400 780 542 830 Coroebus
553 778 734 831 Atheniensis.
763 781 793 831 in
803 780 838 830 iis
848 778 943 830 orbem

140 848 307 903 Anacharsis
317 846 450 914 Scythes:
473 853 505 899 ut
521 848 583 911 elii,
604 848 765 917 Hyperbius
776 846 943 900 Corinthius.

139 919 286 972 ratricem
307 916 497 968 materiariam
515 914 665 979 Daedalus,
686 924 714 969 et
734 916 762 969 in
779 932 813 970 ea
828 931 942 979 serram,

139 989 251 1050 maiam,
260 985 494 1053 perpendiculum,
505 988 652 1049 terebram,
665 987 811 1055 glutinum,
818 985 944 1053 ichthyo-

139 1058 253 1110 collam:
275 1068 398 1107 normam
411 1061 504 1108 autem
514 1063 543 1108 et
553 1056 675 1108 libellam
687 1062 715 1108 et
726 1064 836 1108 tornum
849 1065 877 1108 et
888 1057 944 1107 cla·

138 1143 199 1181 rem
210 1125 376 1179 Theodorus
388 1123 508 1177 Samius.
540 1126 689 1177 Mensurae
700 1134 729 1177 et
739 1124 870 1193 pondera,
883 1121 943 1176 Phi·

138 1197 191 1249 dun
213 1195 352 1264 Argivus:
388 1201 436 1245 aut
454 1193 630 1256 Palamedes,
651 1202 683 1247 ut
704 1195 804 1247 maluit
824 1194 941 1247 Gellius.

138 1268 232 1334 ignem
242 1280 258 1317 e
269 1262 348 1317 silice
358 1262 491 1330 Pyrodes,
501 1263 597 1316 Cilicis
609 1264 699 1317 lilius:
722 1263 839 1318 eundem
851 1278 939 1317 asser·

138 1352 202 1388 :are
213 1335 242 1385 in
254 1333 351 1396 ferula,
362 1331 551 1386 Prometheus.

173 1403 337 1460 Vehiculum
348 1417 409 1454 cum
421 1409 541 1469 quatuor
551 1406 620 1454 rotis
632 1400 767 1471 Phryges.
801 1402 942 1455 Mercatu-

137 1490 181 1528 ras
194 1473 291 1526 Poeni.
328 1471 458 1523 (luituras
477 1472 576 1523 ritium
594 1479 622 1523 et
641 1473 771 1523 arborum
788 1471 940 1538 Eumolpus

138 1542 322 1598 Atheniensis.
360 1543 460 1595 i'inum
472 1556 544 1608 aqua
555 1541 665 1592 misceri
676 1540 836 1608 Staphylus,
852 1540 942 1592 Sileni

137 1615 220 1667 lilius.
234 1612 332 1664 Oleum
345 1618 375 1664 et
387 1618 512 1677 trapetas
522 1608 852 1662 AristaeusAthenicnsis.
866 1609 941 1661 idem

138 1683 230 1736 mella
266 1680 369 1733 liorem
383 1688 412 1733 et
423 1689 546 1731 aratrum
559 1680 688 1747 Buzyges
698 1678 890 1731 Atheniensis:
910 1685 942 1730 ut

136 1754 197 1815 alli,
208 1749 407 1818 Triptolemus.

172 1820 286 1888 liegiaaa
300 1819 440 1871 eis-itatem
453 1817 590 1885 Aegyptii,
611 1817 771 1885 popularem
781 1817 866 1868 Attici
877 1822 942 1884 post

137 1892 286 1945 Theseum.
309 1892 459 1957 Tyrannus
470 1893 575 1954 primns
586 1886 639 1939 luit
650 1885 776 1938 Pbaiaris
787 1886 941 1954 Agrigenti.

136 1960 286 2015 Serritium
300 1959 430 2010 intruere
440 1956 665 2009 lacedaemonii.
693 1955 829 2009 iudicium
841 1956 942 2022 eapitis

136 2032 163 2083 in
175 2035 322 2099 Areopago
333 2028 452 2095 primum
463 2033 554 2079 netum
567 2034 618 2079 est.
654 2025 798 2079 Proelium
808 2025 868 2077 Airi
879 2040 940 2077 enn-

137 2100 341 2169 traAegyptlns
351 2097 433 2165 primi
443 2096 536 2150 iecere
549 2096 753 2163 iustibuaqaos
764 2102 864 2147 vocant
874 2094 941 2163 pha·

134 2172 241 2239 langaa
279 2168 401 2236 Clypeos
414 2168 577 2219 insederunt
588 2165 706 2218 Proetus
718 2172 748 2217 et
757 2166 882 2219 Acrisius
900 2164 941 2214 in·

135 2249 178 2293 ter
188 2256 220 2292 se
230 2238 378 2301 bellantes,
389 2240 447 2290 sire
459 2236 577 2289 Chalcus
588 2234 763 2289 Athamantis
775 2236 857 2288 tilius.
887 2233 941 2285 Lo·

134 2313 219 2363 ricem
231 2309 332 2361 Midias
343 2308 507 2361 Messenius.
544 2307 669 2369 Galeam,
680 2306 814 2372 gladium,
833 2303 940 2355 hastam

134 2378 361 2432 lacedaemonii.
397 2379 502 2430 Ocreae
513 2382 541 2429 et
553 2377 654 2428 cristas
665 2377 759 2429 Cures.
794 2377 895 2426 Arcum
912 2375 942 2424 et

132 2443 942 2575 atmniititzllhiilt‘diffindit:

131 2587 227 2637 culum
239 2602 302 2637 cum
318 2591 430 2636 amento
443 2584 572 2635 Aetolum
584 2580 684 2633 hiantis
703 2584 800 2634 tilium.
835 2581 940 2645 tinetas

130 2651 476 2719 velitaresjyrrbenum:
510 2651 597 2715 pilum
609 2649 813 2704 Penthesileam
824 2644 940 2699 Amazo-

128 2714 202 2776 addi
205 2718 215 2774 Ξ
238 2716 357 2772 securim
373 2708 520 2770 Pisaeum:
540 2717 679 2770 renahule
698 2725 727 2770 et
746 2721 774 2770 in
796 2715 942 2768 tormentis

126 2793 312 2856 scorpionem
330 2786 444 2837 Cretes:
465 2786 636 2853 catapultam
659 2785 765 2855 Syros:
785 2785 941 2838 Phoenices

125 2860 280 2914 ballistam
291 2862 319 2906 et
329 2853 452 2906 lundam.
487 2857 608 2908 Aeneam
621 2856 714 2907 tubam
726 2855 856 2907 Pisaeum
866 2855 941 2922 Tyr·

126 2927 261 2981 menum.
297 2924 464 2977 Testudines
475 2925 651 2977 Artemonem
663 2924 879 2977 Clazomenium.
907 2922 942 2972 E·

129 3011 218 3065 qaum
230 2992 289 3061 (qui
305 3007 378 3043 nunc
394 2993 468 3044 aries
484 2992 654 3060 appellatur)
673 2995 701 3045 in
715 2994 866 3045 muralibus
885 3005 942 3043 ma·

130 3064 236 3125 chinis,
247 3064 355 3129 iipoum
367 3061 403 3113 ad
414 3063 537 3114 Troiam.
575 3063 655 3129 Equo
666 3061 728 3114 rehi
740 3062 942 3130 liclleruphon·

131 3144 200 3187 tem.
236 3133 343 3185 Prenos
352 3138 479 3183 etstrata
490 3145 625 3197 equorum
638 3130 854 3183 Pelethronium.
890 3131 942 3195 Pp·

173 3218 223 3255 are
232 3217 266 3255 ex
280 3199 517 3269 equo'l'bessalos,
525 3201 571 3267 qui
579 3201 712 3253 Centauri
723 3200 858 3268 appellati
868 3205 942 3262 sunt,

133 3220 455 3325 ffinianmsseennuum
465 3270 574 3323 Pelium
584 3278 718 3324 montem.
754 3269 942 3338 iiigasprima

134 3343 226 3395 iunxit
235 3340 378 3408 Phrygum
389 3341 474 3403 natio,
486 3341 638 3408 quadrigas
648 3338 855 3393 Erichthonius.
891 3339 942 3390 Or·

137 3411 229 3463 dinem
242 3410 390 3471 exereitus,
408 3412 479 3478 signi
491 3410 650 3472 dationem,
671 3417 808 3471 tesseres,
830 3407 941 3476 vigilias

137 3479 300 3532 Palamedes
310 3479 417 3531 invenit
427 3479 552 3531 Troiane
564 3479 648 3531 bello.
667 3478 847 3545 specularum
858 3478 943 3545 signi·

137 3550 310 3612 ambonem,
331 3547 429 3601 endem
441 3547 536 3601 Sinum
572 3547 834 3616 induciaslsyeaon.
869 3546 942 3600 Foe-

139 3619 348 3673 derai'heseus.

169 3689 292 3757 Auguria
302 3702 337 3741 ex
348 3686 446 3739 aribus
456 3688 518 3748 Cer,
529 3702 546 3738 a
557 3700 612 3754 qun
624 3686 708 3738 Caria
717 3686 868 3754 appellata.
888 3684 941 3739 Ad·

138 3759 202 3809 iecit
223 3774 257 3809 ea
279 3756 380 3809 ceteris
401 3755 566 3808 animalibus
587 3755 723 3823 Orpheus.
769 3755 942 3822 Aruspicium

139 3825 271 3894 Delphus,
290 3825 437 3893 ignispicia
447 3825 638 3892 Amphiaraus,
659 3825 885 3892 auspiciaarium
896 3824 943 3877 Ti·

139 3898 225 3948 rcsias
239 3893 398 3949 Thebanus.
433 3895 698 3961 interpretationem
718 3901 894 3948 ostentorum
913 3899 942 3945 et

140 3966 306 4018 somniorum
318 3964 516 4032 Amphictyon.
542 3965 731 4030 Astrologiam
743 3965 822 4017 Atlas
833 3963 942 4031 Libyae

140 4035 230 4086 illim:
251 4043 282 4086 ut
294 4035 351 4096 alii,
359 4035 511 4101 Aegyptii:
532 4035 758 4100 utaiii‚.lssyrii.
788 4033 941 4100 Sphaeram

139 4105 165 4155 is
184 4120 220 4158 ea
234 4104 363 4155 Milesius
380 4102 595 4155 Anaximander.
632 4101 786 4155 Ventorum
805 4104 942 4155 radonem

138 4174 239 4225 Aeolus
252 4174 379 4226 ilellenis
391 4172 475 4225 lilius.
845 4211 848 4217 .

172 4244 310 4294 hiusteam
327 4240 474 4308 Amphion.
509 4240 646 4294 Fistulem
661 4248 690 4294 et
710 4240 869 4294 monaulum
884 4241 942 4294 Pan

137 4309 294 4363 Mercurii:
315 4310 451 4377 obliquam
467 4310 566 4362 tibiam
577 4310 671 4363 Midas
687 4311 715 4361 in
728 4310 871 4378 Phrygia:
894 4325 941 4377 ge·

137 4380 232 4429 minas
240 4378 323 4429 tibias
335 4380 461 4446 Marsyas
472 4382 501 4431 in
514 4379 610 4431 eadem
622 4386 713 4447 gente,
725 4378 832 4446 Lydios
843 4380 941 4430 modu·

136 4447 182 4499 lus
201 4445 358 4512 Amphion:
376 4448 478 4501 Dorios
493 4448 653 4516 Thamyras
669 4447 783 4499 'i‘lrrasz
805 4446 942 4516 Phrygios

138 4515 269 4583 Marsyas
280 4514 392 4581 Phryx:
418 4517 561 4570 Citharam
580 4518 734 4587 Amphion:
752 4525 784 4567 ut
805 4517 869 4578 aiii,
890 4519 941 4569 Or·

139 4584 243 4653 pireus:
265 4592 297 4636 ut
309 4585 366 4648 alii,
377 4586 473 4638 linus.
509 4587 620 4708 Septem
633 4587 745 4671 chordis
756 4586 861 4637 additis
873 4588 942 4667 'l'cr-

140 4654 250 4776 itti·
265 4656 945 4794 Addidit*.tt:?.‘¹³lt‘...;⁰.::'t.l:l:’;

142 4808 200 4844 cum
213 4802 298 4846 cantu
309 4793 464 4862 Amphion:
487 4803 517 4847 ut
534 4796 598 4858 aiii,
619 4795 715 4847 Linus.
751 4793 944 4848 citharoedica

143 4865 264 4916 cumina
281 4865 440 4930 composuit
450 4865 621 4932 Terpander.
658 4869 726 4919 Cum
747 4865 826 4917 tibiis
845 4880 945 4917 canere

142 4944 208 4984 soce
217 4934 392 4985 Troezenius
400 4934 521 4986 Ardalna
533 4935 662 4987 instituit.
699 4932 882 4986 Saltationem
898 4950 940 4985 ar·

140 5010 240 5053 matam
252 5000 369 5056 Curetes
380 5003 509 5067 docuere,
519 5003 689 5071 Pyrrhicben
696 5003 831 5073 Pyrrhus,
843 5010 945 5056 utram·

141 5070 336 5136 qaeinCreta

174 5140 292 5192 Versum
308 5140 451 5193 heroicum
463 5141 568 5210 Pythio
586 5142 702 5194 oraculo
727 5141 866 5196 deumne.
902 5140 945 5195 De

141 5218 298 5275 matum
310 5213 419 5281 origine
429 5226 530 5279 magna
540 5214 669 5278 quaestio
681 5218 734 5264 est.
764 5214 835 5264 Ante
846 5212 945 5263 Troia·

140 5280 323 5334 anatholium
347 5281 501 5350 probantur
522 5280 616 5335 suase.
652 5279 766 5343 Prosam
788 5282 943 5334 orationem

140 5348 259 5403 condere
270 5348 448 5419 Pherecydes
458 5349 555 5418 Syrius
565 5350 700 5409 instituit,
709 5351 776 5417 Cyri
786 5351 859 5418 regis
871 5356 945 5402 aeta·

979 514 987 525 ·
998 516 1058 555 ram
1068 503 1096 557 in
1107 509 1234 575 Aegypto
1246 524 1253 558 :
1265 508 1294 559 in
1305 509 1498 563 Graeciarero
1509 510 1615 563 Euchir
1624 511 1742 566 Daedali
1754 528 1797 565 ea

997 580 1106 642 gnatus,
1125 584 1157 627 ut
1171 579 1315 632 Aristoteli
1327 581 1437 648 piacet:
1457 587 1488 630 ut
1504 578 1705 650 Theophrasto,
1715 583 1798 649 Poly·

996 652 1097 714 gnotus
1107 643 1290 698 Atheniensis.

1031 714 1107 766 Nare
1117 714 1222 782 primus
1234 716 1262 765 in
1274 716 1420 770 Graeciam
1432 733 1466 769 ea
1478 720 1605 787 Aegypto
1616 721 1732 773 Danaus
1747 720 1795 772 ad·
1868 764 1875 777 .

995 782 1090 836 renlt:
1111 792 1196 836 antea
1207 784 1315 836 ratibus
1326 788 1524 854 navigabatur,
1543 789 1662 842 inventis
1680 792 1709 842 in
1727 793 1803 842 mari

995 852 1090 904 liubro
1111 854 1184 905 inter
1198 853 1304 904 insulas
1320 869 1337 904 a
1354 870 1420 922 rege
1435 857 1567 924 Erythra.
1603 859 1796 926 Reperiuntur‚

996 923 1042 990 qui
1054 922 1153 990 ltlysos
1163 928 1192 975 et
1203 921 1344 975 Troianos
1354 925 1460 989 priores
1477 928 1649 995 excogitasse
1665 931 1693 979 in
1704 931 1797 982 lleilc·

995 998 1097 1060 sponte
1116 997 1233 1060 putent,
1265 1005 1326 1042 cum
1346 992 1495 1044 transirent
1515 996 1645 1048 adversus
1664 995 1795 1051 Thracas.
1844 1018 1879 1045 as.

994 1062 1172 1113 Etiamnunc
1186 1059 1390 1112 inliritannico
1407 1074 1510 1112 oceano
1526 1066 1619 1129 vitiles
1644 1067 1721 1118 corio
1743 1069 1793 1119 eir.

996 1138 1138 1184 cumsutae
1150 1131 1234 1182 liunt:
1246 1129 1275 1180 in
1287 1129 1353 1180 Nilo
1364 1143 1398 1180 ex
1410 1143 1525 1196 papyro,
1536 1141 1563 1184 et
1574 1135 1707 1203 ecirpn,et
1718 1152 1797 1188 arun·

995 1200 1068 1253 dine.
1103 1200 1203 1268 Longe
1215 1214 1284 1250 nare
1295 1199 1420 1251 iasonem
1432 1199 1548 1264 primum
1558 1205 1718 1271 navigasse,
1734 1206 1795 1258 Phi·
1872 1254 1877 1261 .

994 1269 1179 1337 iustephanus
1191 1274 1344 1321 auctorest
1356 1285 1363 1318 τ
1373 1268 1513 1334 Hegesias
1524 1266 1653 1324 Paralum
1667 1291 1673 1323 ε
1687 1274 1795 1328 Ctesias

995 1338 1187 1403 Samiramim:
1217 1335 1419 1388 Archemachus
1438 1337 1620 1402 Aegaeonem.
1657 1341 1795 1397 Biremem

994 1407 1142 1460 Damastes
1153 1405 1324 1474 Erythraeos
1335 1405 1436 1457 iecisse
1447 1423 1453 1456 :
1465 1405 1606 1458 triremem
1617 1407 1796 1479 Thucydides

994 1477 1164 1530 Aminnciem
1185 1474 1375 1527 Corinthium:
1411 1473 1611 1542 quadriremem
1632 1478 1794 1533 Aristoteles

994 1545 1256 1615 Carthaginienses:
1278 1546 1500 1611 quinqueremem
1517 1544 1696 1613 Mnesigiton,
1719 1548 1796 1601 Sain-

994 1615 1110 1667 minios:
1133 1629 1183 1666 sex
1202 1614 1331 1664 ordinum
1342 1616 1505 1681 xenagoras
1516 1612 1697 1681 Syracusios:
1717 1619 1752 1668 ab
1763 1635 1796 1671 ee

994 1684 1029 1735 ad
1049 1684 1248 1737 decemremem
1261 1683 1351 1735 Mnesi
1373 1682 1444 1745 ton,
1466 1682 1650 1735 Alexandrum
1663 1685 1795 1751 Magnum

995 1754 1089 1806 ierant
1106 1753 1281 1805 instituisse:
1300 1751 1336 1803 ad
1378 1752 1403 1803 il
1421 1750 1542 1815 ordines,
1562 1751 1796 1820 Philostephanus

994 1822 1184 1875 Ptolemaeum
1207 1820 1351 1873 Soterem:
1381 1820 1417 1872 ad
1438 1822 1605 1887 quindecim,
1623 1821 1797 1877 Demetrium

993 1891 1143 1958 Antigoni:
1164 1889 1199 1942 ad
1214 1890 1293 1941 XXX
1307 1889 1497 1943 Ptolemaeum
1511 1889 1739 1959 Philadelphum:
1760 1894 1795 1947 ad

993 1961 1044 2013 xl.
1056 1960 1247 2013 Ptolemaeum
1259 1958 1482 2026 Philopatorem,
1511 1960 1540 2011 :ri
1553 1960 1729 2028 Tryphonos
1769 1978 1797 2016 o.

994 2031 1117 2082 minatus
1127 2034 1178 2083 est.
1197 2029 1361 2082 onerariam
1371 2031 1480 2098 liippus
1489 1976 1593 2097 Pyrius
1603 2031 1719 2096 imenit,
1730 1979 1797 2086 ianm

994 2103 1060 2153 bum
1070 2101 1255 2168 Cyrenenses,
1277 2100 1404 2168 cymbam
1415 2096 1576 2162 Phoenices,
1598 2100 1712 2154 celetem
1723 2103 1798 2155 liho-
1864 2142 1872 2157 .

994 2170 1042 2234 dii,
1053 2182 1196 2222 cercurum
1207 2168 1310 2236 Cyprii.
1338 2168 1465 2222 Siderum
1477 2169 1698 2223 observationem
1709 2174 1738 2224 in
1754 2188 1798 2225 na-

994 2239 1114 2307 vigando
1126 2237 1287 2300 Phoenices,
1307 2252 1413 2291 remum
1424 2240 1530 2306 Copae,
1549 2239 1727 2293 latitudinem
1738 2245 1798 2295 eius

993 2308 1142 2361 Plataeae:
1160 2307 1341 2371 relalcarus,
1360 2309 1464 2361 malum
1478 2315 1507 2361 et
1525 2316 1674 2362 antennam
1686 2311 1796 2364 Daeda-

994 2377 1054 2429 lus:
1076 2378 1235 2445 llippagnm
1245 2376 1343 2441 Samii,
1358 2384 1408 2429 aat
1417 2378 1539 2431 Pertries
1548 2377 1737 2444 Atheniensis:
1758 2389 1800 2432 te·

994 2454 1055 2499 ctas
1065 2447 1163 2513 longas
1174 2445 1271 2498 ‘l'hasii
1284 2465 1291 2498 :
1313 2454 1399 2498 antea
1408 2461 1442 2499 ex
1452 2461 1537 2512 prora
1547 2453 1654 2500 tantum
1667 2456 1696 2500 et
1711 2453 1796 2517 puppi

994 2516 1180 2584 pugnabatur.
1197 2515 1300 2567 Rostra
1311 2514 1419 2567 addidit
1431 2515 1544 2567 Pisaeus
1556 2516 1736 2583 Tyrrhenus:
1751 2533 1797 2570 an

995 2599 1089 2636 eoram
1111 2584 1299 2651 Eupalamus:
1320 2585 1435 2635 eandem
1454 2582 1593 2636 bidentem
1612 2585 1796 2638 Anacharsis:

994 2650 1169 2719 harpagonas
1184 2659 1213 2704 et
1227 2666 1326 2704 manus
1336 2650 1459 2704 Pericles
1469 2651 1661 2715 Atheniensis,
1682 2653 1797 2706 admini.

994 2721 1057 2773 cula
1067 2721 1239 2789 gubernandi
1249 2718 1367 2787 Tiphys.
1404 2720 1500 2771 Classe
1511 2721 1639 2787 princeps
1656 2720 1797 2790 depugna.

993 2793 1036 2842 vit
1046 2790 1149 2842 Minos.
1176 2789 1285 2841 Animal
1297 2788 1401 2842 oceidit
1411 2788 1516 2856 primus
1527 2790 1688 2857 Hyperbius
1697 2791 1797 2845 mertis

995 2860 1076 2921 iilius,
1087 2857 1269 2911 Prometheus
1279 2859 1388 2910 bovem.

1029 2928 1126 2982 LViil.
1143 2928 1275 2980 Gentium
1287 2942 1436 2980 censemus
1446 2928 1548 2980 tacitns
1560 2931 1665 2995 primus
1675 2934 1797 2983 omnium

994 2998 1182 3066 conspirarit,
1203 3005 1235 3049 nt
1254 2999 1351 3049 ionum
1371 2997 1461 3050 literis
1479 3003 1634 3051 uterentur.
1680 3002 1798 3055 Veteres

994 3069 1116 3120 Graecas
1126 3067 1210 3119 imsse
1222 3067 1336 3119 easdem
1346 3080 1448 3134 paese,
1468 3080 1538 3132 qnae
1553 3082 1625 3119 nanc
1640 3074 1706 3120 sunt
1717 3069 1795 3121 Lati-

994 3136 1170 3198 eamindicio
1183 3137 1238 3189 erit
1249 3136 1386 3202 Delphica
1395 3136 1492 3188 tabula
1500 3136 1607 3202 antiqui
1618 3137 1706 3200 aeris,
1726 3154 1798 3205 quae

994 3214 1037 3258 est
1047 3204 1129 3264 bodie
1140 3205 1168 3256 in
1179 3205 1303 3268 Psiatie,
1315 3204 1390 3258 deso
1401 3205 1559 3271 Principum
1569 3205 1713 3259 Minervae
1723 3208 1797 3259 dice·

993 3285 1025 3327 ta
1033 3277 1063 3326 in
1071 3273 1254 3338 bibliotheca,
1265 3288 1326 3326 cum
1336 3275 1519 3340 inscriptione
1527 3275 1593 3338 taii,
1614 3273 1797 3343 Ναυσικράτης

996 3344 1143 3409 Tsnnptirno
1151 3339 1290 3405 Ἀθηναῖος
1299 3340 1436 3405 tiridates.

1028 3410 1101 3462 LIX.
1127 3409 1250 3476 Sequens
1271 3410 1397 3478 gentium
1417 3425 1568 3463 censensus
1588 3412 1617 3462 in
1637 3411 1797 3464 tumoribus

995 3479 1059 3542 fuit,
1080 3477 1130 3531 sed
1140 3478 1273 3531 Romanis
1284 3478 1402 3532 tardior.
1437 3482 1468 3533 in
1478 3480 1590 3533 italiam
1602 3494 1636 3532 ex
1646 3478 1743 3532 Sicilia
1752 3495 1797 3533 re·

994 3564 1061 3602 nere
1072 3553 1137 3615 poet
1149 3549 1263 3602 Romam
1275 3549 1413 3600 conditam
1431 3564 1502 3600 anan
1523 3549 1797 3616 quadringentesimo

996 3618 1224 3687 quinquagesimo
1236 3625 1350 3683 quarto,
1370 3616 1525 3671 adducente
1540 3618 1571 3670 P.
1582 3618 1694 3670 'sicinio
1706 3619 1797 3680 Mena,

993 3695 1135 3740 utauetor
1151 3684 1315 3739 estVarrn:
1337 3693 1420 3739 antea
1439 3688 1544 3739 intonsi
1564 3687 1651 3740 luere.
1687 3687 1798 3739 Primrm

994 3754 1121 3809 omnium
1139 3754 1203 3807 radi
1222 3755 1347 3823 quotidie
1364 3756 1488 3809 institnit
1497 3757 1643 3810 Africanus
1661 3772 1797 3825 sequens:

994 3827 1083 3879 Diras
1093 3828 1234 3894 Augustus
1244 3826 1342 3879 cultris
1353 3840 1462 3893 semper
1470 3842 1536 3878 usus
1547 3833 1599 3879 est.
1843 3880 1847 3905 Ι

1027 3895 1089 3949 LX.
1107 3895 1221 3948 Tertius
1240 3910 1390 3947 consensus
1407 3895 1462 3947 tuit
1477 3896 1505 3948 ia
1521 3894 1651 3947 horarum
1669 3897 1797 3949 observa·

993 3965 1079 4028 tione,
1089 3966 1145 4016 inas
1155 3963 1201 4016 hic
1211 3964 1315 4016 radoni
1324 3964 1467 4018 amedeus.
1504 3965 1622 4026 Quando
1632 3969 1661 4015 et
1673 3980 1692 4016 a
1700 3980 1755 4032 quo
1767 3968 1796 4016 in

994 4035 1113 4087 Graecia
1124 4039 1251 4101 reperta,
1262 4034 1381 4086 dinisius
1391 4035 1420 4086 in
1430 4034 1552 4087 seeundo
1563 4033 1712 4085 volumine.
1748 4032 1796 4083 Se·

993 4104 1054 4155 rius
1072 4104 1158 4156 etiam
1173 4101 1225 4154 hoc
1236 4102 1341 4156 &mse
1356 4107 1427 4155 nont·
1451 4104 1482 4154 't.
1517 4101 1671 4155 Duodecim
1692 4100 1796 4150 tabuiis

994 4179 1191 4225 ortnstantum
1208 4179 1237 4225 et
1252 4186 1370 4224 cccmus
1385 4189 1402 4222 n
1452 4175 1580 4223 inantar:
1603 4176 1667 4236 post
1687 4167 1796 4234 aiiquot

994 4257 1080 4293 anans
1092 4242 1219 4294 adiectus
1229 4250 1271 4294 est
1283 4248 1313 4293 et
1322 4241 1461 4302 nsesidies,
1479 4252 1595 4291 accenso
1607 4236 1756 4289 censuim
1768 4235 1797 4286 ld

994 4312 1207 4379 pronuntiante,
1226 4325 1289 4361 cuae
1304 4326 1323 4362 a
1338 4311 1423 4361 Curia
1438 4309 1510 4359 inter
1520 4307 1624 4358 Rostra
1638 4303 1797 4358 etGmaco·

994 4381 1082 4432 stanin
1104 4381 1294 4447 prospexisset
1314 4377 1418 4430 Snieas.
1453 4378 1475 4427 A
1491 4375 1620 4426 columae
1629 4373 1743 4426 Maenia
1760 4373 1798 4426 ad

994 4464 1133 4501 eameram
1147 4448 1282 4501 inclinate
1293 4447 1398 4506 sidere,
1419 4458 1574 4511 supremas:
1587 4445 1795 4511 pronuntiabat.

995 4517 1050 4570 Sed
1061 4516 1113 4569 hoc
1124 4517 1232 4569 serenis
1241 4520 1347 4569 mntem
1357 4514 1454 4567 diebus
1465 4528 1552 4580 usque
1562 4513 1598 4565 ad
1612 4515 1731 4582 primun:
1741 4511 1795 4565 Pu·

995 4588 1087 4640 niensn
1109 4585 1221 4638 beilum.
1255 4583 1389 4650 Princeps
1399 4584 1532 4637 Romanis
1541 4583 1676 4636 solaria·
1686 4583 1798 4635 bernie-

995 4660 1070 4726 gium
1081 4654 1215 4707 statuisse
1226 4661 1293 4706 ante
1301 4653 1429 4705 undamn:
1439 4668 1536 4716 annes,
1559 4668 1640 4721 quam
1651 4668 1713 4707 eum
1726 4652 1796 4719 Pyr·

995 4727 1047 4780 rho
1056 4726 1189 4777 bellatum
1202 4729 1253 4786 est,
1264 4722 1300 4776 ad
1311 4722 1408 4776 aedem
1418 4718 1539 4787 Quirini,
1549 4722 1581 4775 1..
1592 4722 1720 4791 Papirius
1731 4724 1798 4774 Cur·

996 4811 1050 4858 sor,
1061 4810 1123 4848 cum
1135 4809 1195 4846 enar
1207 4792 1357 4852 dedicaret,
1368 4811 1386 4846 a
1396 4802 1475 4860 patre
1484 4808 1536 4845 sun
1548 4799 1660 4855 summ,
1681 4805 1699 4841 a
1708 4790 1799 4843 Fabio

995 4865 1110 4920 vestale
1127 4862 1264 4931 proditur.
1299 4861 1355 4916 Sed
1368 4878 1457 4932 neque
1471 4862 1541 4916 iacti
1555 4861 1693 4929 horologii
1711 4861 1799 4913 ratio·

995 4950 1058 4987 nem
1072 4934 1116 4984 rel
1131 4933 1266 4985 artiileem
1284 4933 1444 4999 significat:
1464 4947 1516 4985 nec
1536 4931 1610 4984 unde
1630 4929 1797 4982 translatum

995 5005 1045 5066 sit,
1053 5009 1102 5053 est
1111 5001 1184 5067 apud
1196 5017 1276 5068 quem
1286 5003 1423 5067 scriptam
1435 5001 1464 5052 id
1475 5001 1621 5053 invenerit.
1655 5000 1694 5051 Μ.
1708 5000 1797 5081 yeme

997 5068 1800 5204 iltitzittttttmttitltditminitam:

997 5212 1060 5264 seia
1074 5209 1207 5271 Consule,
1225 5208 1325 5265 Catina
1340 5216 1424 5274 capta
1442 5210 1470 5258 in
1487 5206 1599 5260 Sicilia:
1622 5207 1798 5274 deportatum

997 5280 1061 5333 inde
1072 5283 1135 5345 post
1144 5277 1224 5331 XXX
1234 5293 1334 5341 annos,
1355 5292 1437 5344 quam
1448 5275 1482 5328 de
1493 5275 1639 5343 Papiriano
1650 5271 1798 5338 horologio

997 5348 1132 5408 traditur,
1153 5362 1225 5398 anno
1243 5347 1325 5399 Urbis
1340 5344 1580 5399 CCCCLXXXXL
1596 5360 1648 5398 aec
1663 5352 1796 5406 congrua-

139 5424 177 5469 te.
214 5416 370 5472 Historiam
384 5420 504 5472 Cadmus
516 5420 650 5472 Milesius.
685 5419 782 5470 Ludos
801 5420 946 5487 gymnicus
998 5415 1396 5471 bantadhoraseiusiineae:
1419 5420 1675 5480 paruerunttamon
1692 5408 1734 5487 eia
1751 5418 1798 5455 an·

138 5484 167 5537 in
185 5488 307 5541 medis
327 5490 461 5557 Lycaon:
483 5486 612 5541 funebres
632 5491 749 5541 Acastus
769 5489 863 5540 iolco:
884 5492 947 5553 post
998 5488 1041 5539 nis
1053 5485 1337 5547 undecentum,donec
1348 5483 1511 5546 maturatus
1521 5481 1723 5556 Philippumque
1735 5488 1798 5527 cum

138 5568 200 5607 eam
210 5557 339 5611 Theseus
349 5562 378 5610 in
389 5558 503 5611 isthmo.
539 5558 675 5610 Hercules
691 5558 839 5626 Olympiae
858 5554 946 5607 athlo·
999 5557 1031 5610 1..
1043 5554 1130 5607 Paulo
1142 5555 1194 5607 init
1206 5568 1312 5615 censor,
1322 5551 1483 5619 diligentius
1494 5551 1542 5605 οι·
1749 5558 1800 5651 ro:

137 5626 222 5679 ticam
235 5643 242 5679 :
257 5626 368 5697 Pytbus
379 5627 608 5696 pitens-lusoriam
620 5645 628 5679 :
639 5626 736 5696 Gyges
746 5626 851 5697 Lydius
862 5627 947 5693 pietu-

999 5627 1072 5680 suit:
1091 5625 1174 5692 idque
1190 5635 1288 5675 munus
1302 5621 1377 5687 inter
1391 5620 1507 5673 cameri·
