4374 6014
323 298 390 363 sos
449 292 1112 358 c.rntu11sucuuu1uxrus
1138 290 1604 356 maronitaxxxu
1638 294 1881 362 curnam,
1943 316 1948 321 -

325 464 483 523 quanquam
494 453 538 499 cst
548 452 578 498 et
593 453 671 498 terra
688 445 818 514 geminae
830 444 956 515 orIginis.
973 448 976 453 ⁴
992 448 1048 499 Aut
1058 446 1132 499 enim

324 521 477 588 salsuginis
488 515 571 568 modo
584 522 704 578 emanat,
716 524 765 566 aut
776 523 853 568 terra
864 519 924 583 ipsa
934 515 1075 584 sulphurei
1085 530 1132 569 co·

1182 444 1301 510 ruieum,
1311 443 1458 509 Melinum,
1469 443 1714 514 auripigmentum,
1721 448 1888 517 Appianum,
1899 467 1991 506 cerus·

1182 531 1224 569 sa.
1260 517 1347 569 Cerae
1358 516 1505 583 tinguntur
1520 515 1619 567 iisdem
1632 518 1774 570 coloribus
1785 520 1822 571 ad
1841 538 1889 574 eas
1901 525 1990 591 pictu-

325 594 397 647 10,j,
408 590 443 641 ad
455 586 508 638 hnc
523 584 667 653 probatur.
704 587 810 638 tarenti
829 594 892 637 sunt
904 584 1035 653 pictores,
1056 585 1131 654 quIe
1181 601 1238 648 ras,
1259 600 1330 707 (puae
1348 587 1506 647 isuruntur,
1528 585 1622 638 alieno
1634 587 1788 654 perietibus
1798 605 1913 657 genere,
1937 590 1990 644 sed

326 661 462 729 sepulcris
479 656 614 709 carbones
631 655 752 708 iulectos
768 653 932 708 effoderent.
969 658 1132 725 importuna

231 742 238 757 ‘
326 727 501 786 haecomnia
519 740 553 776 ac
569 725 683 776 novitia.
718 725 765 776 Fit
781 725 854 777 enim
872 733 901 778 et
916 725 1034 794 iuligine
1046 726 1131 795 pluri·

326 803 380 855 hus
395 798 497 860 randis,
517 795 612 847 resiaa
627 795 671 847 vel
688 795 750 861 pice
769 794 886 847 exustis.
921 795 1041 865 Propter
1056 795 1131 866 quod

328 871 451 926 cilicinas
464 867 550 920 otiam
570 865 762 925 aedificavere,
782 865 886 916 sumum
902 881 965 918 eum
981 882 1036 918 non
1051 865 1132 918 emit·

327 947 429 994 tcatcs.
475 936 713 988 LaudatissImum
735 935 833 987 eodem
856 936 938 987 modo
959 937 991 987 iit
1011 952 1027 989 e
1046 934 1130 989 tedis.

327 1010 508 1065 Adulteratur
523 1006 666 1057 fornacum
681 1005 909 1074 balinearumque
925 1005 1053 1072 iuligine,
1076 1020 1130 1072 quo

327 1080 364 1132 ad
384 1078 525 1131 uolumina
544 1075 693 1126 scribenda
714 1081 840 1126 utuntur.
876 1074 947 1127 Sunt
963 1078 1054 1142 quiet
1073 1076 1131 1126 vini

327 1150 435 1203 faecem
448 1149 580 1199 siccatam
593 1150 761 1212 excoquant:
781 1144 980 1211 affirmentque,
1003 1145 1026 1196 si
1038 1160 1072 1198 ex
1083 1144 1132 1197 bo·

328 1234 366 1273 no
381 1219 446 1270 rino
461 1217 526 1270 faex
541 1215 635 1278 fuerit,
655 1215 744 1267 iudici
765 1216 886 1282 spectem
901 1214 930 1266 id
946 1222 1132 1268 atramentum

326 1290 472 1360 praebere.
509 1285 685 1354 Polygnotus
702 1291 729 1337 et
741 1285 834 1337 Micon
852 1284 1027 1338 celeberrimi
1044 1288 1131 1353 picto·

326 1374 375 1413 res
385 1356 522 1418 Athenis,
542 1371 558 1407 a
571 1356 695 1406 vinaceis
706 1354 812 1407 iecere:
833 1355 968 1424 tryginon
980 1356 1133 1422 appellant.

327 1428 440 1495 Apelles
461 1431 633 1477 commentas
654 1429 697 1476 est
713 1438 748 1479 ex
763 1426 848 1477 ebore
865 1425 1012 1475 combusto
1030 1424 1133 1485 iacere,

327 1496 403 1566 quod
415 1493 623 1561 elephantinum
632 1495 754 1545 avocavit.
789 1496 960 1560 Apportatur
971 1499 1000 1546 et
1009 1493 1134 1551 Indicum

329 1582 365 1619 ex
378 1565 464 1626 india,
485 1562 677 1629 inexploratae
688 1563 779 1615 adhuc
791 1563 960 1615 inuentionis
971 1562 1050 1615 mihi.
1086 1561 1134 1613 Fit

329 1632 415 1689 etiam
429 1632 502 1702 apud
513 1632 665 1686 infectores
676 1648 710 1685 ex
720 1633 789 1686 liure
801 1635 890 1701 nigro,
899 1633 948 1699 qui
959 1629 1135 1686 adhaerescit

327 1706 421 1759 aereis
440 1702 566 1756 cortinis.
602 1703 648 1753 Fit
659 1709 687 1754 et
699 1719 714 1754 e
725 1703 797 1755 tedis
810 1702 887 1770 ligno
906 1702 1061 1764 cunibusto,
1080 1701 1135 1752 tri-

331 1775 424 1841 tisque
435 1774 462 1824 in
476 1773 609 1825 mortario
627 1773 802 1824 carbonibus.
839 1770 914 1823 Mira
931 1771 959 1823 In
979 1768 1136 1837 hocsepia-

327 1858 392 1898 rum
405 1849 518 1895 nature:
541 1842 591 1894 sed
607 1840 695 1893 ethis
707 1856 761 1892 non
779 1841 820 1891 iit.
856 1841 943 1892 Omne
954 1847 1047 1892 autem
1059 1847 1133 1891 atra·

326 1918 452 1966 mentum
465 1911 531 1964 Sole
542 1911 693 1979 perficitur,
705 1911 850 1962 librarium
862 1909 976 1976 gummi,
987 1910 1135 1962 tectorium

327 1981 440 2051 glutias
461 1982 595 2033 admixto.
634 1980 717 2044 Quod
737 1986 832 2032 autem
851 1988 934 2033 aceto
953 1978 1135 2048 liquefactum

329 2058 382 2116 est,
394 2067 477 2119 aegre
489 2052 600 2103 eluitur.
890 2100 896 2111 ,

365 2120 469 2173 XXVI.
488 2122 511 2171 E
522 2118 637 2187 reliquis
649 2119 793 2171 coloribus
804 2155 813 2183 ,
835 2135 905 2188 quos
916 2136 933 2174 a
943 2119 1062 2173 dominis
1073 2118 1136 2172 dari

328 2191 464 2254 diximus,
480 2196 594 2257 propter
605 2189 825 2256 ninguitudinem
837 2191 937 2258 pretii,
961 2200 1026 2243 anto
1038 2206 1136 2243 omnes

330 2266 374 2314 est
391 2261 580 2328 purpurissum
600 2274 615 2310 e
633 2266 711 2311 creta
725 2261 896 2329 argentariae
927 2276 989 2313 cum
1005 2259 1136 2327 purpurIs

328 2333 438 2400 pariter
451 2330 579 2398 tingitur,
599 2328 725 2396 bibitque
742 2345 805 2381 cum
822 2331 944 2383 colorem
962 2329 1080 2384 celerius
1097 2331 1136 2382 la·

328 2401 383 2453 nis.
420 2400 604 2467 Praecipuum
616 2404 658 2449 cst
671 2400 798 2465 prImum,
819 2400 944 2454 fervente
955 2399 1046 2453 aheno
1056 2400 1135 2451 rudi·

329 2468 384 2523 itus
396 2470 606 2523 medicamentis
618 2469 798 2521 inebriatum.
835 2471 996 2523 Proximum
1009 2505 1017 2532 ,
1039 2476 1135 2538 egesto

331 2555 367 2593 eo
378 2576 386 2603 ,
407 2540 504 2592 addita
514 2546 593 2591 creta
604 2540 632 2589 in
643 2538 688 2590 ius
699 2538 783 2607 idem.
819 2542 856 2593 Et
868 2542 979 2609 quoties
990 2540 1018 2591 iti
1030 2541 1137 2592 iactum

332 2616 386 2673 est,
408 2611 517 2661 teratur
537 2608 648 2661 bonitas
667 2623 717 2675 pro
739 2624 872 2674 numero,
894 2609 1029 2663 dilutiore
1047 2610 1135 2662 sanie.

331 2681 427 2744 Quare
439 2679 621 2732 Puteolanum
635 2680 726 2745 potius
739 2678 893 2745 laudatur,
916 2696 999 2747 quam
1010 2679 1136 2746 Tyrium,

330 2756 381 2801 aut
393 2749 629 2810 Gaetulicum,rel
641 2748 818 2813 Lacouicum,
830 2750 903 2802 unde
914 2749 1136 2818 pretIosissimae

329 2833 482 2888 purpurae.
519 2819 610 2869 Causa
621 2823 677 2879 est,
699 2819 774 2886 quod
785 2817 903 2888 hysm'no
915 2821 1036 2872 maxime
1046 2820 1136 2871 inlici·

329 2895 387 2951 tur,
407 2889 569 2953 rubiamque
588 2888 699 2954 cogitur
714 2890 837 2941 sorbere.
875 2887 1138 2941 vilissimumaca·

328 2960 423 3012 nasio.
459 2956 583 3009 l‘retiam
604 2956 670 3008 huic
682 2971 700 3008 a
714 2956 833 3023 siugulis
849 2958 973 3011 denariis
989 2958 1017 3010 in
1040 2957 1137 3020 libras,

328 3028 366 3079 ati
382 3026 509 3094 triginta.
546 3026 696 3092 Pingeutes
718 3025 843 3094 sarrdyce
863 3029 978 3089 subiita,
996 3040 1062 3079 max
1083 3041 1135 3079 uro

327 3095 499 3149 inducentes
511 3095 714 3162 purpurissum,
725 3092 865 3162 fulgorem
877 3099 957 3149 minii
968 3096 1084 3149 faciunt.
1106 3096 1137 3148 Si

328 3178 481 3234 purpuram
496 3163 589 3216 iacere
602 3164 717 3227 nialunt,
731 3166 891 3218 caeruleum
902 3167 1054 3231 sublinunt,
1072 3180 1137 3219 mox

328 3236 525 3304 purpurissum
538 3248 572 3285 ex
583 3249 635 3286 ora
646 3234 790 3289 inducunt.

367 3303 1006 3360 XXVII.Abhucmaximaauctoritssindico.
1041 3305 1138 3357 lirin·

331 3374 477 3438 diarenit,
498 3375 665 3427 arundinum
686 3391 800 3443 spumae
811 3376 1029 3429 adhaerescente
1048 3375 1135 3426 liuius

330 3460 395 3496 cum
407 3446 518 3506 teritur,
540 3445 661 3512 nigrum:
681 3448 748 3496 atin
762 3445 894 3499 diluendo
911 3447 1060 3499 nrixturam
1074 3459 1137 3510 pur·

329 3526 419 3582 purae
430 3514 607 3580 caeruleique
618 3513 772 3565 mtrabiiem
780 3515 883 3568 reddit.
912 3514 1036 3566 Altemm
1048 3525 1136 3578 genus

330 3583 392 3635 cius
414 3584 496 3633 estin
517 3583 688 3647 purpurariis
711 3581 829 3634 cilicinis
851 3584 979 3636 innatans
1000 3581 1135 3636 cortinis:

332 3656 363 3701 et
376 3657 418 3700 est
430 3664 567 3715 purpurae
585 3664 691 3713 spuma.
727 3652 782 3710 Qui
794 3652 963 3712 adulterant,
984 3667 1050 3704 vero
1062 3648 1136 3701 indi·

332 3732 368 3769 co
383 3717 495 3782 tingunt
511 3723 637 3767 stercora
654 3716 826 3768 coiumbIna:
845 3725 894 3769 aut
911 3729 1014 3771 cretam
1027 3718 1135 3771 Selinu-

331 3785 419 3839 siam:
440 3785 482 3836 rei
494 3784 648 3835 anulariam
664 3786 737 3836 ritro
755 3786 889 3837 inliciunt.
925 3787 1063 3839 Probatur
1078 3802 1136 3838 car-

331 3856 416 3908 bone.
435 3852 556 3904 'Reddit
572 3855 656 3915 eniot,
677 3852 751 3920 qaod
768 3854 906 3906 sincerum
924 3863 976 3917 est,
997 3852 1134 3907 flammam

332 3922 501 3978 excellentis
515 3935 670 3989 purpurae:
690 3928 719 3973 et
730 3923 795 3973 dum
806 3921 905 3986 sumat,
917 3924 1033 3978 odorem
1044 3926 1136 3975 maris.

332 3994 376 4047 0b
387 3994 415 4046 id
427 3990 538 4060 quidam
553 3990 701 4056 escopuiis
719 3991 749 4043 id
761 3990 855 4060 colligi
868 4001 975 4061 putant.
1010 3994 1135 4047 Pretium

330 4063 430 4117 hiulco
448 4063 473 4113 x
490 4061 516 4111 Χ
534 4061 562 4111 in
573 4060 668 4111 libras.
704 4062 734 4113 in
747 4060 883 4115 medicina
892 4065 1017 4117 Indicum
1029 4064 1136 4132 rigores

332 4140 363 4189 et
374 4137 493 4201 impetus
504 4132 594 4192 sedat,
614 4128 758 4200 siccatque
770 4131 894 4185 hulcera.

368 4202 495 4258 XXVIII.
514 4201 645 4254 Armenta
656 4203 754 4272 mittit,
766 4204 840 4269 quod
853 4204 913 4256 eius
924 4206 1037 4257 nomine
1045 4205 1137 4272 appel-

331 4273 418 4327 latur.
453 4273 540 4340 Lapis
551 4280 595 4326 est
610 4269 656 4324 bic
674 4288 784 4341 quoque
800 4271 993 4341 chrysocoliae
1004 4276 1085 4327 modo
1097 4275 1137 4325 in·

331 4341 437 4395 iectus:
467 4346 648 4409 optimusque
669 4350 726 4407 est,
746 4358 792 4409 qm
814 4345 935 4396 maxime
957 4346 1064 4396 ricinus
1085 4352 1136 4408 est,

332 4410 537 4464 communicato
548 4413 644 4464 colore
655 4427 718 4463 cum
731 4413 871 4473 caeruleo.
898 4413 1034 4467 Solebam
1047 4415 1136 4467 librae

333 4479 394 4529 eius
406 4482 521 4531 tricenis
532 4481 651 4534 nunionis
662 4483 762 4533 taxari.
799 4485 915 4536 inventa
925 4498 974 4552 per
984 4484 1137 4551 Hispanias

332 4560 420 4599 arena
432 4554 489 4608 est,
511 4549 631 4603 siarilem
643 4566 737 4604 curem
749 4551 896 4619 recipiens.
933 4555 1029 4623 itaque
1041 4554 1077 4607 ati
1089 4554 1136 4604 de·

332 4616 428 4668 narius
439 4630 520 4668 senos
530 4620 624 4671 vilitas
633 4621 729 4674 rediit.
764 4622 861 4674 Distat
871 4640 888 4676 a
898 4625 1027 4677 caeruleo
1038 4622 1138 4677 cando·

332 4700 365 4738 re
378 4684 724 4752 atodico,quiteneriurem
734 4688 806 4744 hunc
814 4692 899 4745 eflicit
910 4695 1041 4746 colorem.
1053 4695 1138 4744 Usum

333 4756 363 4809 in
376 4752 515 4805 medicina
525 4756 559 4806 ad
571 4759 644 4824 piIos
656 4767 766 4814 tanturn
777 4761 893 4829 alendos
905 4760 997 4826 habet,
1006 4764 1136 4815 maxime·

335 4839 389 4892 que
399 4823 427 4872 in
439 4822 589 4888 palpebris.

371 4891 473 4943 XXIX.
493 4891 562 4945 Sunt
573 4897 724 4952 etiamnum
738 4901 840 4953 novitii
853 4900 908 4952 duo
920 4902 1043 4962 colores,
1060 4907 1088 4952 et
1099 4901 1139 4952 vi·

332 4961 452 5017 lissimis
474 4961 566 5012 uiride
578 4964 650 5028 quoti
665 4969 817 5034 Appianum
829 4978 928 5024 vocatu
953 5007 961 5033 ,
983 4977 1011 5024 et
1022 4968 1136 5038 chryso·

336 5031 438 5085 colim
460 5031 601 5093 mentitur,
623 5048 672 5085 teu
695 5052 788 5103 parum
811 5041 900 5092 multa
920 4987 975 5092 sint
995 5039 1139 5092 utendacia

334 5102 405 5223 lelpis.
440 5101 486 5153 Fit
496 5109 524 5152 ct
535 5116 569 5153 cx
582 5108 658 5155 creta
669 5106 760 5169 viridi,
771 5112 948 5162 aestimatum
958 5110 1098 5162 sestertiis
1110 5111 1140 5161 in

346 5188 356 5223 r
377 5187 430 5224 ras.

369 5241 459 5293 xxx.
477 5237 601 5291 Anaiare
615 5239 689 5307 qaod
708 5254 826 5305 rocam,
848 5247 994 5299 candidum
1010 5253 1064 5311 est,
1084 5262 1139 5316 qua

334 5309 486 5362 muliebres
503 5310 630 5375 picturae
645 5309 848 5363 illuminantur.
884 5317 931 5367 Fit
950 5324 979 5370 et
999 5321 1088 5383 ipsum
1105 5333 1139 5370 ex

335 5384 421 5441 creta,
441 5378 574 5431 admixtis
585 5378 684 5431 vitreis
695 5380 812 5446 gemmis
822 5395 857 5432 ex
868 5385 946 5453 vulgi
955 5387 1054 5452 anaim,
1066 5387 1140 5441 uude

335 5455 363 5500 et
375 5449 488 5500 anulare
500 5447 615 5501 dictum.

370 5515 470 5567 xxxi.
503 5517 543 5568 Ex
567 5518 693 5571 omnibus
717 5517 857 5570 coloribus
881 5521 1013 5573 cretulam
1035 5534 1139 5588 amant,

333 5582 445 5654 udoque
456 5583 682 5654 ttltntrecasant,
704 5587 909 5659 purpurissum,
924 5589 1059 5659 indicum,
1079 5610 1139 5649 cae

1182 655 1267 708 classi
1286 670 1319 706 us
1328 652 1469 717 familiari,
1492 655 1550 707 iam
1565 668 1633 707 vero
1655 663 1684 708 et
1696 661 1832 710 onerariis
1851 662 1989 721 naribus:

1182 729 1311 793 quoniam
1322 730 1350 777 et
1360 724 1485 793 pericula
1501 724 1696 793 eprngimus,
1716 722 1750 780 n‘e
1761 732 1822 797 quis
1831 732 1950 786 miretur
1961 736 1991 783 et

1183 809 1268 864 rogos
1279 794 1365 862 pingi.
1401 796 1533 861 iuratque
1545 801 1719 864 pugnaturos
1730 798 1766 849 ad
1779 807 1916 863 mortem,
1938 807 1992 852 aut

1184 871 1260 919 certe
1276 863 1400 928 caedem,
1420 865 1547 930 speciose
1562 864 1636 917 vehi.
1674 867 1736 929 Qua
1751 870 1992 935 catrtempiatione

1182 935 1372 1018 tottcoIarum
1388 939 1469 987 tanta
1484 935 1623 990 varietate
1640 936 1717 988 subit
1728 938 1923 1004 antiquitatem
1941 941 1991 991 mi·

1182 1019 1250 1058 sarr.

1218 1073 1334 1127 xxxii.
1352 1074 1481 1138 Quatuor
1502 1074 1646 1127 coloribus
1662 1075 1731 1127 solis
1746 1076 1918 1129 Immortalis
1938 1077 1991 1130 ilia

1185 1158 1270 1211 opera
1281 1142 1392 1196 fecere:
1413 1160 1447 1198 ex
1459 1145 1530 1196 albis
1540 1145 1658 1209 Melina,
1669 1161 1703 1198 cx
1716 1147 1829 1201 silaceis
1843 1147 1945 1210 Attico,
1955 1161 1991 1199 ex

1183 1214 1276 1266 rubris
1287 1213 1422 1282 Sinopide
1432 1213 1558 1276 Pontica,
1580 1230 1614 1268 ex
1626 1215 1714 1284 nigris
1724 1218 1892 1277 atramento,
1912 1216 1990 1284 Apel-

1184 1282 1364 1348 Ies,Iichion,
1375 1284 1557 1347 Melanthius,
1574 1283 1771 1349 Nicomachus,
1792 1286 1940 1339 clarissimi
1950 1286 1989 1353 pi·

1185 1360 1298 1415 stores,
1318 1367 1379 1403 cam
1393 1352 1506 1406 tabulae
1517 1368 1615 1406 eorum
1626 1356 1754 1423 singulae
1766 1357 1931 1425 oppidorum
1942 1371 1989 1408 re·

1185 1421 1277 1474 ntreut
1288 1422 1395 1488 opibus.
1421 1422 1501 1474 Nunc
1512 1430 1541 1476 et
1552 1425 1683 1491 purpuris
1694 1426 1722 1477 ia
1735 1428 1857 1493 parietes
1868 1425 1987 1492 migrau-

1185 1490 1260 1543 tibus
1272 1526 1281 1554 ,
1303 1498 1332 1543 ct
1342 1491 1422 1544 india
1433 1492 1593 1545 conterente
1607 1493 1748 1547 fluminum
1760 1508 1874 1549 suorum
1884 1494 1990 1556 limum,

1187 1569 1216 1614 et
1227 1561 1378 1612 draconum
1389 1567 1419 1612 et
1435 1560 1647 1626 elephantorum
1661 1567 1779 1627 saulem,
1800 1565 1878 1617 nulla
1889 1563 1990 1617 nobilis

1187 1631 1299 1697 pictura
1313 1635 1364 1681 est.
1400 1630 1503 1681 Omnia
1517 1644 1583 1697 ergo
1601 1632 1718 1686 meliora
1734 1641 1802 1686 tuuc
1818 1632 1908 1698 fuere,
1928 1648 1989 1686 cum

1187 1699 1378 1767 artnarcopia.
1415 1699 1458 1751 lta
1475 1704 1526 1761 est,
1546 1703 1688 1767 quoniam,
1709 1709 1740 1755 ut
1759 1718 1844 1773 supra
1861 1704 1989 1765 disiacus,

1186 1783 1289 1831 rerum,
1300 1783 1355 1821 non
1365 1767 1460 1832 animi,
1475 1770 1573 1836 pretiis
1583 1774 1746 1824 excubator.

1222 1837 1351 1891 xxxiii.
1374 1839 1411 1890 Et
1428 1846 1542 1892 nostrae
1557 1842 1659 1893 aetatis
1675 1842 1812 1894 insaniam
1829 1857 1863 1895 ex
1879 1843 1990 1909 pIcturs

1188 1924 1243 1959 nun
1256 1908 1393 1960 omittam.
1438 1907 1515 1961 Nera
1525 1910 1651 1979 princeps
1663 1912 1784 1965 iusserat
1795 1912 1947 1964 colosseum
1957 1925 1991 1963 se

1187 1977 1267 2044 pingi
1278 1977 1353 2029 CXX
1363 1975 1462 2044 pedum
1474 1980 1502 2028 in
1514 1979 1611 2043 linteo,
1622 1983 1795 2051 incognitum
1810 1982 1844 2032 ad
1857 1980 1909 2032 hoc
1919 1988 1990 2032 tem·

1187 2062 1247 2114 pus.
1283 2047 1326 2098 iia
1336 2048 1443 2113 pictura
1454 2063 1515 2099 cum
1532 2059 1647 2116 peracta
1663 2060 1739 2106 esset
1755 2055 1785 2104 in
1795 2050 1915 2103 MaianIs
1925 2049 1991 2101 hor·

1187 2119 1243 2179 tis,
1265 2131 1382 2168 acreum
1400 2116 1516 2171 fulmine
1536 2135 1598 2172 cum
1619 2122 1726 2189 optima
1745 2121 1890 2174 hortorum
1909 2127 1992 2187 parte

1188 2186 1383 2254 conflagravit.
1419 2188 1553 2242 Libertus
1563 2192 1622 2242 eius
1639 2208 1700 2244 cunr
1714 2192 1794 2244 daret
1805 2192 1879 2244 Antii
1891 2201 1992 2241 munus

1187 2255 1396 2326 gladiatorium,
1405 2260 1532 2326 publicas
1544 2263 1668 2328 porticus
1677 2263 1819 2313 investivit
1830 2262 1949 2327 pictura,
1960 2265 1993 2310 ut

1188 2330 1309 2391 constat,
1331 2326 1530 2394 gladiatorum,
1551 2332 1794 2397 ministrorumque
1806 2329 1928 2380 oninium
1941 2343 1992 2379 re-

1188 2397 1227 2449 ris
1247 2396 1418 2466 imaginibus
1440 2399 1568 2454 redditis.
1618 2401 1673 2451 iiic
1693 2400 1787 2451 multis
1807 2399 1861 2449 iam
1884 2396 1993 2448 seculis

1188 2481 1312 2519 summus
1327 2470 1434 2519 animus
1452 2469 1481 2519 ia
1493 2470 1611 2538 pIctura.
1647 2470 1729 2538 Piugi
1741 2475 1835 2521 autem
1848 2467 1992 2537 gladiato·

1188 2537 1230 2589 ria
1240 2550 1363 2601 munera,
1382 2545 1466 2606 atquc
1477 2540 1504 2590 in
1516 2540 1627 2607 publico
1639 2542 1739 2608 exponi
1749 2545 1850 2605 coepta
1865 2538 1922 2588 aC.
1933 2537 1991 2588 'i'e-

1189 2607 1281 2660 rentiu
1292 2606 1416 2660 Lucana.
1452 2609 1479 2659 Is
1490 2624 1541 2661 aro
1553 2625 1613 2673 suo,
1635 2628 1652 2663 a
1663 2608 1878 2678 quoadoptatus
1890 2604 1993 2666 iuerat,

1188 2676 1303 2745 triginta
1316 2677 1394 2744 paria
1408 2680 1436 2729 in
1449 2678 1522 2730 rom
1541 2696 1591 2748 per
1607 2679 1729 2732 triduum
1747 2678 1835 2742 dedit,
1855 2674 1993 2728 tabulam·

1189 2741 1241 2814 dire
1253 2747 1355 2813 pictam
1366 2750 1394 2799 in
1405 2763 1517 2802 uenture
1529 2749 1636 2803 DIanae
1647 2751 1751 2817 possit.

1223 2816 1348 2869 xxxiv.
1368 2817 1448 2870 Nunc
1465 2819 1589 2873 celebres
1604 2821 1633 2872 iu
1651 2835 1685 2873 ea
1703 2824 1764 2872 arte
1778 2831 1860 2887 quam
1872 2813 1992 2868 maxima

1188 2887 1329 2941 breuitate
1340 2901 1515 2952 percurram:
1530 2905 1620 2957 neque
1631 2892 1704 2943 enim
1714 2890 1836 2941 instituti
1849 2886 1941 2955 operis
1950 2889 1993 2936 est

1189 2957 1253 3009 telis
1265 2956 1417 3009 exsecutio.
1454 2956 1550 3024 Itaque
1566 2960 1702 3026 quosdam
1717 2960 1762 3011 rei
1779 2961 1808 3010 in
1823 2966 1992 3016 transcursu,

1189 3027 1255 3079 etin
1272 3025 1390 3078 aliorum
1407 3027 1548 3080 mentione
1565 3028 1658 3082 obiter
1673 3031 1834 3082 nominasse
1852 3028 1918 3079 satis
1929 3022 1991 3087 erit,

1189 3097 1312 3163 exceptis
1324 3110 1439 3162 operum
1452 3096 1639 3162 claritatibus,
1650 3114 1720 3166 quae
1733 3106 1762 3150 et
1773 3100 1836 3166 ipsa
1847 3094 1993 3149 canrenIet

1188 3166 1299 3233 attingi,
1318 3166 1378 3218 sire
1390 3172 1502 3218 exstant
1512 3169 1569 3220 sire
1580 3168 1760 3221 intercidere.
1808 3167 1871 3217 Non
1883 3166 1993 3216 constat

1188 3237 1243 3288 sibi
1255 3236 1285 3286 in
1296 3233 1348 3287 hac
1358 3242 1438 3302 parte
1453 3236 1624 3288 Graecorum
1637 3237 1796 3304 diligentia,
1815 3234 1917 3285 multas
1928 3236 1993 3301 post

1189 3305 1373 3373 Olympiadas
1389 3304 1558 3357 celebrando
1577 3309 1708 3372 pictores,
1729 3321 1811 3374 quarn
1829 3302 1993 3363 statuarios,

1188 3391 1222 3427 ac
1242 3381 1383 3426 toreutas:
1420 3376 1595 3443 primumque
1615 3376 1782 3445 Olympiade
1803 3373 1993 3440 nonagesIma,

1189 3458 1251 3497 cum
1263 3449 1292 3496 et
1302 3441 1429 3494 Phidiam
1446 3444 1536 3504 ipsum
1556 3446 1637 3493 initio
1656 3447 1792 3509 pictorem
1803 3440 1995 3496 iuissetrada·

1189 3514 1244 3571 tir,
1265 3508 1482 3575 tilynspiumque
1494 3509 1609 3564 Athenis
1619 3512 1653 3564 ab
1666 3529 1699 3565 eo
1711 3514 1828 3580 pictum:
1849 3516 1995 3578 praeterea

1188 3579 1216 3629 in
1228 3577 1356 3629 confesso
1367 3578 1423 3639 sit,
1446 3581 1620 3648 octogesima
1636 3584 1721 3634 tertia
1737 3583 1822 3653 luisse
1835 3581 1995 3634 Panaenum

1189 3645 1306 3698 fratrem
1318 3648 1390 3710 eius,
1413 3647 1460 3713 qui
1476 3647 1605 3718 clypeum
1624 3652 1698 3703 intus
1709 3653 1807 3718 pinxit,
1828 3650 1918 3713 Elide,
1940 3648 1996 3700 Mi·

1189 3730 1302 3776 nervae,
1317 3729 1399 3781 quam
1414 3715 1519 3770 iecerat
1531 3720 1643 3773 Colotes
1654 3721 1769 3772 Phidiae
1780 3718 1942 3785 discipulus,
1964 3725 1996 3770 et

1188 3785 1216 3835 in
1240 3783 1371 3834 iaciendo
1390 3783 1455 3837 iore
1466 3787 1598 3856 Olympio
1618 3789 1738 3841 adiutor.
1774 3785 1845 3852 quid
1866 3786 1941 3854 quod
1963 3787 1995 3839 ia

1189 3852 1317 3905 confesso
1330 3854 1444 3919 perinde
1456 3862 1508 3921 est,
1531 3858 1663 3911 Bularchi
1679 3859 1792 3925 pictoris
1807 3857 1943 3918 tabulam,
1964 3857 1995 3908 in

1189 3938 1243 3992 qua
1254 3927 1316 3975 erat
1325 3921 1486 3990 Magnetum
1499 3929 1643 3994 proelium,
1651 3928 1794 3980 Candaule
1803 3944 1871 3996 rege
1880 3925 1995 3994 Lydiae

1187 3992 1404 4047 Heraclidarum
1417 3998 1585 4062 novissimo,
1605 4001 1650 4066 qui
1669 4006 1697 4051 et
1707 3998 1842 4066 Myrsilus
1853 3997 1994 4049 vocitatus

1189 4070 1240 4127 est,
1261 4079 1405 4132 repensam
1423 4067 1508 4119 aurei
1544 4070 1636 4121 Tanta
1651 4068 1708 4121 iam
1726 4067 1995 4136 dignatio-picturae

1189 4141 1259 4188 erat.
1270 4135 1301 4187 Id
1316 4137 1393 4188 circa
1401 4141 1522 4190 aetatem
1537 4137 1648 4190 ilomuii
1660 4140 1797 4192 acciderit
1810 4152 1924 4189 necesse
1935 4141 1994 4187 est:

1189 4205 1244 4258 duo
1254 4207 1327 4258 enim
1340 4207 1376 4258 de
1386 4206 1520 4258 vicesima
1530 4208 1697 4275 Olympiade
1707 4210 1815 4261 interiit
1824 4206 1994 4259 Candaules:

1188 4281 1238 4327 aut
1248 4280 1291 4339 (ut
1302 4274 1414 4342 quidam
1427 4277 1554 4340 tradunt]
1565 4279 1662 4331 codem
1676 4294 1764 4343 anno,
1784 4293 1838 4346 quo
1850 4275 1994 4338 Ronruius,

1189 4345 1245 4396 nisi
1259 4344 1352 4407 fallor,
1372 4346 1587 4399 manifestarium
1609 4356 1668 4400 tum
1682 4350 1814 4402 claritate
1826 4346 1895 4400 artis
1908 4352 1994 4411 atque

1189 4414 1375 4467 absolutione.
1412 4416 1494 4479 Quod
1514 4418 1538 4468 si
1550 4420 1637 4485 recipi
1648 4434 1763 4472 necesse
1777 4423 1833 4480 est,
1856 4415 1936 4467 simui
1947 4428 1995 4480 ap·

1189 4489 1270 4551 paret
1289 4484 1377 4536 multo
1399 4488 1558 4541 vetustiora
1576 4489 1714 4555 principia
1732 4505 1803 4550 esse,
1824 4500 1925 4554 eosque
1943 4480 1993 4549 qui

1191 4552 1420 4605 monochromata
1431 4558 1583 4622 pinxerint,
1606 4562 1733 4625 (quarum
1748 4566 1827 4611 aetas
1839 4571 1893 4608 uon
1904 4550 1992 4606 tradi·

1190 4628 1248 4686 tur)
1268 4623 1411 4691 ailquanto
1430 4628 1613 4679 antefuisse:
1634 4628 1850 4709 Hygiemonem,
1870 4625 1994 4684 Dinism,

1190 4692 1385 4756 Charmadam,
1404 4701 1431 4746 et
1450 4697 1496 4762 qui
1516 4698 1660 4763 primaria
1672 4703 1781 4762 pictura
1800 4710 1904 4747 marem
1917 4693 1994 4746 femi·

1190 4777 1311 4830 namque
1331 4762 1471 4826 dIscrerit,
1491 4766 1643 4816 Eunrarum
1664 4764 1869 4823 Atheniensem,
1891 4764 1994 4832 ligures

1191 4846 1286 4883 omnes
1298 4831 1403 4882 imitari
1414 4847 1524 4885 ausum:
1546 4835 1648 4901 quique
1663 4835 1776 4885 inuenta
1788 4832 1849 4882 eius
1861 4833 1995 4893 excoluit,

1191 4903 1334 4954 Cimonem
1347 4897 1525 4954 Cleonaeum.
1562 4904 1619 4955 IIic
1630 4899 1804 4969 catagrapha
1813 4901 1932 4965 invenit,
1942 4900 1996 4953 hac

1191 4978 1242 5031 est,
1264 4968 1391 5034 obliquas
1401 4969 1549 5038 imagines:
1572 4977 1602 5025 et
1613 4975 1689 5024 varie
1702 4973 1827 5023 formare
1837 4972 1940 5033 vultus,
1951 4985 1995 5022 re·

1190 5038 1348 5107 spicientes,
1359 5041 1605 5108 suspicIcntesque,
1618 5048 1646 5094 et
1657 5042 1849 5108 despicientes.
1886 5042 1996 5095 Articu-

1189 5111 1224 5161 IIs
1235 5109 1321 5161 etism
1342 5110 1466 5161 nrsnrhra
1477 5109 1613 5162 distinxit.
1650 5113 1745 5165 Venas
1758 5112 1893 5179 protulit:
1914 5124 1994 5176 prae·

1191 5186 1290 5299 terque
1302 5181 1330 5230 in
1342 5184 1420 5231 reste
1432 5185 1460 5229 et
1471 5194 1554 5245 rugas
1566 5187 1594 5232 et
1605 5179 1684 5232 sinus
1695 5182 1811 5234 invenit.
1848 5181 1993 5232 Panaenus

1191 5250 1236 5316 qui
1259 5263 1302 5300 em
1313 5245 1403 5300 irater
1413 5246 1626 5309 Phidiae,etlam
1640 5253 1774 5317 proelium
1786 5250 1994 5305 Atheniensium

1191 5318 1338 5370 adversum
1357 5317 1458 5371 Persas
1478 5318 1551 5385 apud
1571 5320 1741 5374 Marathona
1769 5323 1871 5374 iactum
1895 5319 1992 5386 pinxit.

1192 5387 1266 5439 Adeo
1287 5388 1344 5438 ism
1365 5387 1488 5439 colorum
1507 5402 1577 5441 usus
1597 5389 1786 5457 increbuerat,
1808 5390 1932 5455 adeoque
1946 5400 1994 5437 ars

1190 5455 1315 5539 peripcta
1326 5465 1395 5519 erat,
1404 5464 1436 5507 ut
1447 5459 1473 5507 in
1484 5472 1518 5509 eo
1529 5461 1638 5524 proelio
1650 5461 1776 5514 iconicos
1789 5461 1874 5511 duces
1886 5457 1992 5525 piaris·

1191 5541 1222 5577 se
1232 5526 1369 5589 tradatur,
1381 5524 1588 5580 Atheniensium
1600 5529 1768 5593 Miltiadem,
1779 5525 1993 5587 Callimachum,

1191 5595 1375 5663 Cynegirarm
1386 5595 1575 5653 Barbarorum
1587 5600 1693 5666 Datim,
1705 5598 1915 5669 Artaphernem.
