4374 6014
288 361 319 421 C.
353 357 507 422 PblNll
541 357 748 421 SECUNDI
784 355 953 421 Nerea.
981 358 1177 425 nisenii.
1210 364 1434 429 maiixx
1470 364 1703 428 CAP.29·37.
1765 368 1827 433 353

175 517 326 576 momento,
337 517 365 564 et
376 511 433 563 riui
445 509 556 578 cyathis
568 508 689 562 duobus:
710 510 802 562 canisi
820 511 920 578 eapitis
938 511 976 565 ei·

174 585 217 635 nis
226 584 256 635 in
266 584 368 634 urulso:
389 579 547 647 multipeda
557 579 585 631 in
597 581 653 630 sini
665 577 788 631 humisa:
800 594 907 633 vermes
918 589 975 634 ter·

175 654 235 705 reni
246 652 365 703 in'uceto
387 650 552 702 mulsorum
562 647 686 715 myrrha
723 648 835 701 Gallina
846 650 871 700 sl
881 651 919 701 sit
931 650 975 705 lu·

175 724 228 774 teis
258 721 354 772 edibus
365 721 440 787 prius
453 734 526 786 aqua
535 717 700 785 purificatis,
707 718 768 771 dein
781 719 891 771 collutis
901 721 975 783 riso,

175 736 381 858 quolrbibatur.
419 789 569 841 cerebrum
586 786 707 855 perdicis
718 796 766 840 aut
777 790 887 855 aquilae
898 788 927 840 in
937 790 977 843 ri·

109 872 114 879 “
175 863 203 913 ni
225 859 335 926 cyathis
354 858 453 909 tribus.
490 858 568 911 Ciuis
590 857 746 924 plumarum
760 859 976 911 autinteraaen·

175 944 234 980 rum
247 928 386 996 palumbis
403 929 431 977 in
450 926 541 978 mulso
554 925 591 978 ad
608 925 766 979 cochlearia
776 927 840 978 tria.
875 926 974 981 Passe-

175 1013 235 1049 runr
251 998 320 1049 cinis
341 994 487 1048 sarmentis
505 1001 691 1049 erenratorum
705 995 897 1049 cochlearibus
908 997 976 1048 duo·

173 1068 224 1120 bus
246 1068 273 1118 in
294 1082 368 1134 aqrrn
384 1065 483 1117 niulsn.
519 1066 584 1117 Aris
601 1065 706 1117 icterus
719 1072 833 1117 recator
844 1067 975 1128 scolere,

175 1151 246 1203 quae
257 1138 280 1186 si
291 1141 441 1202 spectetur,
459 1137 552 1186 sanari
566 1133 595 1186 id
607 1135 709 1186 malum
723 1136 845 1199 tradunt,
856 1141 885 1188 et
895 1149 975 1189 arear

175 1208 257 1258 mori.
295 1207 374 1257 ilaue
384 1210 451 1270 puto
464 1203 564 1255 Latine
575 1205 671 1256 vecari
681 1204 835 1272 galgalam.

210 1274 310 1326 xxix.
329 1272 503 1325 Phreuetieis
523 1273 656 1340 prodesse
667 1274 780 1326 ridetur
790 1272 884 1341 pulmo
895 1287 975 1341 peea·

174 1344 239 1394 dum
253 1342 358 1394 auidus
370 1345 445 1393 cirea
457 1352 541 1409 caput
551 1344 694 1409 alligatus.
724 1343 793 1395 hians
805 1342 892 1393 muris
903 1357 977 1395 cere·

173 1413 254 1464 bruni
267 1411 333 1463 dare
345 1410 423 1476 potui
434 1423 467 1461 ex
480 1423 560 1475 aqua,
582 1416 630 1460 aut
640 1409 762 1461 cinerem
775 1412 920 1477 mustelae,
931 1408 976 1462 vel

174 1483 259 1533 ctiam
272 1481 441 1531 inveteratas
452 1478 592 1530 herinacei
603 1478 776 1545 carnesquis
787 1477 875 1545 possit
885 1475 976 1529 forea-

173 1552 205 1614 ti,
218 1550 329 1602 etiamsi
341 1555 417 1601 certa
428 1549 466 1600 sit
479 1548 633 1600 medicinal
655 1548 782 1599 Bubonis
792 1556 867 1601 certe
879 1548 974 1600 ocule·

173 1635 235 1672 rum
248 1621 367 1671 cinerem
379 1620 454 1668 iuter
465 1633 514 1682 ca,
525 1618 625 1684 quibos
638 1619 798 1686 prodigiose
812 1618 894 1670 vitans
905 1615 975 1668 ludi·

175 1689 303 1750 ficantur,
319 1687 481 1754 acceperim.
517 1686 721 1755 Praecipueque
733 1687 851 1740 febrium
863 1686 976 1739 medici·

173 1772 211 1810 na
225 1758 335 1824 placitis
355 1772 451 1809 eornm
469 1758 619 1808 renuntiat.
655 1756 782 1825 Nanrque
794 1764 823 1809 et
834 1758 861 1807 in
873 1755 925 1806 Xli
937 1754 978 1804 si-

174 1843 231 1895 gnn
243 1827 384 1895 digessere
395 1841 457 1877 enm
468 1824 533 1877 Sole
545 1835 742 1887 transmeante,
753 1828 911 1891 iterumque
923 1824 976 1875 Lu·

174 1911 226 1948 nn:
250 1895 321 1962 qnod
335 1903 424 1947 totoni
442 1894 624 1946 abdicandum
637 1896 733 1961 paucis
744 1911 760 1947 e
771 1895 899 1962 pluribus
910 1892 976 1943 edo·

174 1965 252 2017 cebo.
289 1962 430 2030 Siquidem
446 1967 576 2015 ereuratis
590 1965 715 2030 tritisque
727 1980 788 2015 corn
802 1963 865 2014 rrleo
877 1954 976 2028 perun?

173 2035 203 2103 gi
213 2035 308 2085 iubent
319 2049 420 2100 aegros
432 2048 493 2083 ιιιιιι
505 2031 637 2084 Geruiuos
649 2037 751 2087 transit
761 2032 820 2095 Sol,
832 2032 936 2091 cristis,
948 2035 976 2082 ct

174 2104 297 2165 auribus,
309 2110 337 2155 et
349 2102 487 2170 unguibus
518 2103 730 2154 ullinaceorum:
748 2103 773 2154 si
785 2104 878 2162 buna,
890 2099 977 2151 radiis

173 2173 322 2243 barbisque
333 2186 442 2224 eorunm:
458 2174 483 2224 si
495 2117 634 2240 Pingiuenr
647 2170 792 2233 alteruter,
805 2169 903 2223 hordei
914 2184 977 2237 gra·

174 2246 232 2299 ais:
252 2242 275 2292 si
287 2240 480 2309 Sagittarium,
499 2241 709 2307 vespertilionis
729 2240 796 2292 alis:
817 2241 840 2290 si
853 2239 976 2293 Leonem

174 2311 271 2374 Lana,
293 2311 436 2363 tamaricis
456 2310 571 2375 fronde,
593 2318 621 2362 et
641 2309 788 2370 adiiciunt,
809 2308 930 2361 satirae:
952 2306 978 2359 si

174 2384 356 2452 Aquarium,e
367 2380 443 2432 buxo
455 2380 624 2432 carbonibus
635 2380 721 2431 tritis.
742 2379 785 2429 Ex
797 2381 859 2430 istis
870 2375 978 2430 confes·

175 2459 273 2514 sa,aut
285 2458 360 2504 certe
371 2450 535 2503 verisimilia
546 2464 688 2516 ponemus,
696 2449 768 2499 sicut
779 2456 807 2499 et
819 2446 977 2513 lethargum

175 2519 333 2573 olfactoriis
354 2520 487 2572 excitari:
508 2520 582 2570 inter
594 2533 628 2570 ea
644 2517 773 2568 fortassis
785 2515 922 2569 mustelae
934 2522 976 2565 te·

173 2588 287 2643 sticolis
299 2589 474 2650 insisteretis,
494 2594 544 2639 aut
555 2588 680 2639 insistere
691 2594 765 2639 uste.
802 2586 855 2638 liis
868 2597 977 2651 qunque

173 2657 334 2725 pulmonem
357 2657 469 2723 pecudis
491 2657 614 2709 calidum
633 2658 709 2709 circa
729 2661 813 2722 caput
828 2652 979 2719 adalligari

197 2732 277 2777 etant
291 2726 370 2777 utile.

174 2742 194 2793 P
212 2795 300 2853 XXX.
321 2795 350 2845 ln
363 2796 506 2862 quartanis
517 2795 654 2846 medicina
669 2794 767 2846 clinice
779 2789 978 2859 propemodum

174 2861 249 2917 nihil
259 2865 354 2930 pollet.
391 2863 576 2925 Quaerubrsm
597 2864 677 2932 plura
688 2877 783 2915 eorum
796 2861 919 2913 remedia
929 2875 978 2927 pn·

173 2949 283 2993 nenias,
296 2937 469 3000 priruumque
481 2950 521 2994 ee,
533 2949 587 3001 qun
599 2933 749 3000 adalligari
761 2934 871 2985 iubeutr
883 2931 978 2983 Pulse-

175 3018 247 3066 rem,
266 3003 295 3054 in
315 3018 368 3070 quo
390 3019 419 3055 se
441 3006 497 3056 acci
518 3003 761 3057 iterrolotarcrttr
781 2992 978 3047 ¹5⁰⁰f¹¹ffl⁰i¹¹

174 3071 309 3124 linteolo:
323 3074 398 3122 canis
411 3070 482 3137 nigri
495 3019 605 3119 hairtam
619 3066 821 3134 longissimum.
858 3063 979 3116 Pseudo·

175 3141 306 3208 sphecem
326 3145 426 3189 rncnnt
447 3153 577 3203 vespam,
601 3151 672 3203 quae
693 3134 843 3201 singularis
863 3132 978 3189 uolitat:

176 3208 249 3262 hanc
267 3208 383 3260 sinistra
404 3216 485 3257 uranu
507 3204 708 3273 apprehensam
730 3205 911 3255 subnectunt:
931 3201 979 3253 alii

175 3293 255 3347 repe,
276 3291 358 3344 quam
372 3276 433 3343 quis
446 3292 479 3327 co
491 3291 564 3327 anno
576 3275 678 3326 viderit
696 3274 821 3341 primam.
857 3271 979 3338 Vipcrne

175 3354 262 3415 caput
273 3346 426 3399 abscissum
448 3347 475 3395 iu
496 3345 623 3407 linteolo,
643 3343 687 3396 rel
699 3358 747 3395 cer
758 3342 874 3393 virentis
885 3357 978 3394 esem·

175 3424 247 3471 tum.
283 3414 374 3466 Muris
395 3414 540 3466 rostellum
558 3413 754 3478 auriculasque
765 3427 886 3463 summas
898 3424 979 3463 rosen

174 3499 282 3554 panno,
304 3485 449 3551 ipsumque
470 3484 621 3534 dimittunt.
657 3483 796 3533 Lacertae
819 3483 897 3533 rivae
913 3481 979 3532 dex·

174 3565 254 3608 trum
266 3552 378 3604 oculum
401 3552 543 3615 effossum,
564 3566 626 3603 mox
640 3560 699 3602 eum
712 3551 805 3617 capite
816 3565 866 3601 sun
878 3550 981 3609 deciso,

174 3627 207 3677 in
230 3622 365 3691 pellicula
385 3623 508 3689 caprina.
544 3620 728 3673 scarabaeum
742 3622 788 3688 qui
801 3620 873 3688 pilas
883 3619 979 3670 nulrit.

175 3694 299 3760 Propter
321 3692 394 3744 hune
404 3692 523 3760 Aegypti
536 3706 635 3757 magna
657 3706 719 3759 pnrs
731 3691 895 3741 scarabaeos
906 3689 981 3740 inter

176 3769 293 3819 aomina
314 3763 393 3825 colit,
415 3755 902 3827 curiosaapronisinlerpratnuone,
926 3772 981 3824 qua

177 3834 377 3904 colligntSolis
390 3848 503 3900 operum
514 3830 723 3883 similitudinem
736 3826 799 3880 huie
811 3828 927 3880 animali
938 3841 980 3877 es·

178 3922 221 3968 se,
244 3906 278 3957 ad
294 3902 467 3957 exeusnudns
487 3901 578 3970 gentis
589 3915 657 3953 suae
669 3901 751 3952 ritus.
787 3897 880 3951 Sedet
892 3897 980 3948 alium

179 3974 339 4040 adalligent
351 3974 437 4039 ltingi,
450 3972 495 4024 cui
506 3978 571 4022 sunt
581 3970 726 4021 cornicula
736 3965 849 4029 reflexa,
866 3967 982 4018 sinistra

178 4060 264 4098 manu
277 4044 433 4094 collectum.
470 4042 606 4100 Tertium,
626 4039 672 4105 qui
684 4045 802 4088 uocatur
813 4037 892 4099 fullo,
909 4035 981 4087 albis

177 4115 279 4183 guttis,
291 4112 442 4162 dissectum
455 4109 566 4174 utrique
577 4108 683 4159 lacerto
695 4105 863 4171 adalligant:
886 4110 981 4155 cetera

177 4183 306 4235 sinistro.
344 4181 399 4230 Cor
421 4177 552 4242 anguium
569 4177 685 4226 sinistra
695 4188 779 4224 manu
791 4178 930 4222 executum
943 4171 981 4220 ri·

111 4305 115 4312 ,
176 4251 317 4303 sentibus.
353 4246 514 4311 Scorpionis
526 4244 630 4297 caudae
641 4249 761 4310 quatuor
772 4239 907 4291 articmns
919 4252 981 4289 curn

178 4320 290 4377 eculeo,
312 4330 408 4381 pauno
424 4315 514 4381 nigro,
535 4315 576 4365 ita
595 4319 627 4362 ut
640 4327 689 4363 nec
701 4311 874 4376 scorpionem
887 4306 981 4358 dimis-

177 4404 252 4447 sum,
275 4401 325 4435 nee
336 4399 397 4436 eum
410 4384 457 4450 qui
468 4382 638 4450 alligaverit,
659 4380 754 4432 rident
775 4393 859 4445 aeger
879 4376 982 4427 triduo.

178 4459 250 4509 l’nst
263 4456 372 4504 tertium
386 4454 531 4504 circuitum
544 4451 572 4502 id
584 4450 694 4502 condat.
714 4450 832 4500 Eranam
844 4446 872 4497 in
882 4447 981 4498 linteo·

177 4528 209 4578 lo
224 4531 267 4576 ter
278 4523 334 4573 lino
346 4521 516 4573 circumdant
527 4519 644 4573 totidem
658 4518 747 4581 nudis,
759 4516 794 4569 ad
806 4517 932 4584 singulos
943 4516 982 4567 di·

179 4601 288 4654 centes,
311 4606 397 4659 quare
417 4590 503 4642 faeiat
525 4590 572 4657 qui
593 4589 760 4642 medebitur.
795 4586 938 4639 Limaeam
953 4585 981 4637 in

179 4660 372 4732 pelliculam!
382 4668 501 4726 quatuor
512 4660 642 4712 limacum
654 4656 890 4725 capita,praecisa
900 4671 983 4707 nrun·

180 4735 256 4784 dine.
295 4729 726 4795 illnltipedamlnnainrnlotam.
763 4727 982 4781 Vermiculosex

180 4803 282 4870 quibus
302 4800 398 4852 tabani
417 4801 504 4862 hunt,
525 4807 670 4866 antequam
692 4813 795 4864 pennas
815 4796 981 4864 germinent.

179 4873 287 4925 Atinae
306 4870 424 4937 spinosis
445 4868 572 4921 frutectis
591 4869 779 4935 lanuginosns.
816 4865 935 4931 Quidam
948 4879 982 4917 ex

178 4942 242 4995 illis
254 4946 403 5008 quaternus
415 4940 537 4991 inclusos
546 4938 686 5006 iuglandis
696 4938 772 4989 nucis
782 4936 925 5003 putamine
935 4933 982 4985 ud·

180 5011 317 5077 alligant:
329 5009 521 5075 cochleasque,
529 5023 600 5079 quae
612 5008 702 5059 nudae
711 5008 896 5058 inveniuntur.
911 5003 981 5056 Stel·

179 5081 288 5133 lienem
309 5079 446 5131 inclusum
463 5078 584 5144 capsulis
604 5076 755 5130 subiiciunt
778 5074 869 5140 capiti,
890 5072 981 5126 etsub

179 5151 297 5204 decesso
308 5147 395 5200 febris
407 5149 548 5200 emittunt.
577 5145 714 5199 Deserari
725 5152 817 5196 autern
828 5143 923 5193 iubent
931 5156 980 5194 cnr

177 5220 270 5286 mergi
286 5218 387 5269 marini
399 5219 459 5268 siue
476 5215 554 5268 feno
567 5224 717 5276 exeuntum,
739 5214 979 5277 inveteratumque

180 5290 300 5347 centeri,
322 5292 351 5338 et
366 5286 395 5336 in
406 5284 498 5337 calida
510 5300 583 5352 aqua
594 5285 660 5338 bibi.
698 5282 790 5335 Corda
801 5279 978 5332 hirundinum

178 5372 242 5410 eum
256 5355 349 5407 melle.
366 5353 421 5405 Atii
432 5354 525 5405 florum
538 5354 671 5407 drachma
681 5368 736 5404 una
746 5352 775 5402 in
789 5349 873 5402 lactis
887 5363 915 5399 c·
955 5349 960 5354 '

177 5426 247 5480 niet
261 5423 349 5485 ovilli,
370 5423 414 5473 rel
427 5423 501 5489 passi
513 5421 626 5490 cyathis
637 5422 734 5483 tribus,
756 5426 821 5471 aute
841 5434 880 5471 ac¹

176 5511 237 5549 nes
274 5494 344 5546 Sunt
360 5490 407 5560 qui
418 5496 493 5543 totas
503 5498 635 5544 censeant
647 5488 831 5544 decorandas.

176 5571 270 5618 eutem
293 5559 414 5630 pondere
433 5568 516 5614 sexta
527 5568 605 5627 parte
616 5560 723 5612 denarii
733 5574 793 5610 cum
805 5557 865 5624 pipe

175 5634 271 5697 modo,
282 5628 447 5685 Parthorum
459 5637 558 5698 gentes
569 5629 599 5681 in
609 5629 741 5684 remedie·

211 5701 315 5757 Pers.
334 5701 432 5755 ilrsr.
450 5699 583 5755 uinus.

1029 513 1108 566 bunt.
1145 513 1317 583 chrysippus
1328 512 1511 582 philosophus
1523 515 1639 568 tradidit
1649 514 1827 584 phryganion

1030 583 1213 651 adalligatum
1238 583 1360 637 remedio
1382 598 1443 636 esse
1463 585 1614 651 quartanis.
1649 586 1731 647 Quod
1750 593 1827 641 esset

1031 654 1133 706 animai
1145 668 1233 719 neque
1252 654 1300 705 ille
1311 653 1470 719 descripsit,
1491 668 1542 705 nee
1552 667 1602 704 uns
1612 651 1827 722 invenimusqui

1030 723 1164 774 uerisset.
1200 721 1455 773 Dcnronstrnndum
1474 729 1568 773 tannen
1588 721 1827 792 fuitatnmgrari

1029 800 1144 844 auctore
1161 790 1275 853 dictum,
1295 793 1319 841 si
1329 793 1407 842 cuius
1417 805 1485 841 eura
1495 790 1635 843 efficacior
1647 800 1722 843 esset
1736 792 1827 860 inqui·

1029 863 1127 912 rantis.
1163 860 1288 912 Coruinis
1300 874 1397 912 aarum
1417 875 1486 924 esse,
1507 862 1649 913 etnitrum
1661 859 1774 922 illinire,
1795 861 1827 914 ia

1030 929 1120 997 longis
1142 930 1245 981 morbis
1265 930 1443 982 utilissimum
1466 936 1573 996 putant.
1609 929 1825 987 Etintertiasis

1029 998 1079 1050 fiat
1091 1004 1215 1064 potestas
1226 999 1394 1067 experiendi,
1403 1000 1532 1066 queniam
1541 998 1668 1050 eriserias
1675 1000 1758 1064 eopia
1765 997 1827 1065 spei

1029 1067 1161 1130 delectat,
1171 1083 1243 1121 anne
1254 1069 1358 1131 aranei,
1370 1084 1452 1136 quem
1464 1068 1548 1135 lycon
1561 1074 1670 1130 vocant,
1691 1067 1752 1120 tela
1763 1082 1826 1119 com

1028 1139 1099 1204 ipso,
1115 1139 1143 1188 io
1154 1137 1263 1204 splenio
1275 1140 1384 1191 resinae
1394 1152 1529 1204 ceraeque
1549 1137 1680 1203 ‘resposita
1700 1136 1825 1257 utrisque

1028 1209 1200 1273 temporibus
1210 1215 1240 1260 et
1250 1208 1339 1260 fronti
1349 1207 1452 1274 prosit:
1475 1213 1524 1258 aut
1535 1207 1595 1273 ipse
1606 1205 1713 1258 calerno
1725 1206 1779 1257 ada
1790 1205 1824 1257 ii·

1027 1283 1119 1343 gatos,
1141 1277 1264 1344 qualiter
1285 1286 1314 1329 et
1333 1277 1397 1328 aliis
1409 1275 1533 1328 febribus
1545 1276 1679 1343 prodesse
1690 1274 1826 1327 traditore

1028 1345 1096 1398 item
1118 1345 1225 1399 laeena
1240 1347 1338 1399 uiridis
1349 1346 1434 1410 adalli
1458 1353 1506 1396 sta
1518 1346 1579 1395 rire
1589 1347 1616 1395 in
1628 1360 1661 1396 ιι
1672 1359 1736 1396 ruse
1751 1344 1827 1412 quod

1028 1413 1141 1532 papias.t
1151 1412 1211 1475 Quo
1223 1425 1325 1478 genere
1336 1417 1364 1465 et
1374 1361 1510 1465 recidivas
1520 1412 1683 1482 frequentor
1694 1415 1770 1483 abigi
1782 1413 1825 1467 af·

1050 1496 1148 1532 rmus.

1063 1549 1164 1602 xxxi.
1182 1548 1353 1618 Hydropicis
1373 1564 1507 1618 oesypum
1519 1565 1554 1603 ex
1563 1550 1628 1603 man
1641 1550 1738 1602 addita
1749 1564 1824 1618 myr-

1031 1618 1083 1670 rha
1092 1619 1201 1672 modice
1212 1620 1292 1687 potui
1304 1620 1396 1681 datur,
1412 1620 1489 1671 nucis
1501 1619 1646 1673 avellanae
1657 1620 1826 1686 magnitudi-

1030 1705 1072 1740 ne.
1107 1691 1199 1775 atrqpi
1219 1689 1324 1741 addunt
1346 1696 1375 1740 et
1393 1690 1556 1741 anserinum
1577 1688 1686 1756 adipem
1704 1703 1738 1740 ex
1760 1688 1827 1741 sinn
1860 1748 1864 1755 ,

1030 1766 1148 1880 istit·
1167 1757 1827 1881 illl?‘iili‘illitati?tilita‘ihtt

1030 1898 1160 1979 Vomitus
1171 1912 1279 1979 queque
1291 1913 1387 1950 canuru
1401 1897 1491 1949 illitus
1501 1896 1602 1960 reatri,
1619 1911 1719 1964 aquaso
1729 1894 1825 1948 trabe·

1030 1973 1261 2101 repr’pprlqsqqqi
1282 2049 1362 2087 sacro
1383 2034 1510 2086 medetur
1528 2047 1663 2100 oesypum
1676 2047 1737 2085 eum
1751 2046 1828 2097 pom·

1030 2104 1153 2171 phnlyge
1164 2110 1192 2156 et
1203 2119 1328 2165 rosaceo,
1337 2105 1416 2155 ricini
1429 2103 1551 2170 sangnis,
1562 2112 1671 2154 vermes
1682 2102 1786 2154 terreni
1795 2113 1832 2153 ex

1030 2181 1111 2226 aceto
1122 2173 1199 2235 illiti,
1221 2172 1330 2241 gryllus
1343 2174 1480 2224 contritus
1491 2172 1518 2222 in
1530 2171 1668 2223 manibus.
1705 2172 1770 2234 Qun
1780 2185 1829 2237 ge·

1031 2250 1243 2309 uerepraostnt,
1266 2250 1296 2293 ut
1317 2243 1363 2309 qui
1382 2243 1410 2293 id
1426 2241 1533 2302 fecerit,
1554 2240 1830 2308 antequam'iucipint

1030 2313 1139 2373 ricinus,
1161 2318 1223 2362 toto
1246 2328 1281 2363 eo
1298 2327 1370 2362 nrum
1390 2318 1493 2364 careat.
1530 2310 1648 2377 Oportet
1659 2316 1752 2361 autem
1764 2323 1828 2362 eum

1031 2378 1105 2431 ferro
1118 2396 1180 2432 eum
1191 2388 1268 2431 terra
1279 2396 1413 2433 cavernae
1424 2396 1490 2432 suae
1502 2378 1574 2431 tolli.
1608 2379 1700 2446 adeps
1712 2382 1827 2431 anseris

1033 2450 1153 2513 l'iperae
1174 2456 1259 2516 caput
1277 2449 1385 2499 aridum
1408 2455 1582 2500 auersatum
1605 2446 1828 2509 eteombustum,

1031 2517 1130 2569 deinde
1151 2532 1186 2569 es
1207 2518 1467 2583 ecetoimpositum.
1503 2516 1637 2568 Senectus
1658 2514 1830 2580 serpentium

1031 2603 1063 2640 es
1076 2600 1150 2652 aqua
1160 2586 1233 2637 illita
1245 2600 1261 2635 a
1271 2586 1383 2638 balineo
1395 2586 1706 2637 curubitomineetsern
1718 2583 1828 2650 agnina

1068 2655 1194 2709 ΧΧΧΙΙΙ.
1222 2654 1411 2707 Carbunculus
1433 2656 1498 2705 iimo
1520 2652 1680 2704 columbino
1700 2652 1830 2702 aboletur

1032 2741 1082 2793 per
1104 2741 1134 2777 so
1154 2724 1243 2788 illito,
1265 2725 1309 2776 rel
1327 2739 1389 2775 eum
1412 2722 1461 2774 lini
1473 2723 1578 2775 umine
1590 2735 1622 2772 es
1635 2726 1716 2771 aceto
1728 2718 1827 2769 ιιιιιΙιι.

1032 2797 1100 2847 item
1112 2794 1219 2860 apibus,
1240 2795 1348 2861 quaein
1361 2792 1443 2843 melle
1456 2794 1512 2843 sint
1523 2796 1659 2847 mortuae,
1678 2786 1828 2852 impositis.

1033 2864 1203 2928 Pelentnque
1214 2862 1343 2929 impositu
1357 2861 1489 2924 inspersa.
1525 2859 1554 2905 ln
1567 2854 1703 2915 serendis,
1714 2855 1829 2907 ceteris·

1032 2949 1085 2995 que
1105 2933 1146 2983 ibi
1167 2929 1334 2989 hulceribus,
1357 2926 1479 2978 occurrit
1502 2923 1669 2976 emelleoes
1692 2937 1829 2989 pumcum

1032 2997 1139 3064 plumbi
1157 2997 1289 3062 sqouuris.
1325 2997 1393 3047 item
1416 2996 1509 3045 linium
1522 2992 1656 3061 pecudum
1668 2938 1828 3060 (recipienti-

1032 3069 1084 3120 bus
1105 3065 1288 3119 carbunculis.
1324 3065 1436 3115 Tobora
1456 3070 1484 3116 et
1513 3078 1691 3131 quaeeunque
1721 3061 1831 3116 molliri
1894 3098 1906 3107 ‚

1033 3151 1104 3204 epus
1115 3142 1166 3197 est,
1175 3134 1365 3187 efficacissime
1373 3134 1501 3186 anserino
1509 3133 1592 3200 adipe
1601 3138 1744 3185 curantur.
1756 3133 1832 3186 ideas

1033 3213 1159 3273 praestat
1170 3211 1198 3258 et
1209 3218 1308 3272 gruum
1320 3203 1415 3271 adeps.

1067 3292 1195 3345 XXXlV.
1207 3291 1374 3341 Furunculis
1386 3288 1488 3340 mederi
1500 3286 1601 3339 dicitnr
1610 3288 1831 3355 araneus,prlns·

1034 3376 1114 3428 quatu
1136 3362 1295 3413 nominetur
1314 3358 1470 3425 impositus,
1492 3364 1521 3407 et
1541 3359 1625 3408 tertio
1648 3356 1693 3408 die
1710 3357 1829 3409 solutus.

1034 3432 1099 3480 llius
1119 3446 1236 3481 ararreus
1258 3429 1380 3495 pendeus
1404 3432 1544 3487 enecatus,
1564 3428 1604 3476 sic
1626 3432 1656 3474 ut
1676 3432 1781 3478 terram
1794 3441 1830 3478 ne

1034 3507 1131 3566 postea
1153 3501 1282 3565 attitrgat,
1302 3504 1347 3549 ter
1365 3495 1553 3548 circumdatus
1564 3492 1722 3555 furunculo,
1745 3495 1831 3547 toties

1034 3568 1231 3635 exspuentibus
1243 3567 1383 3624 erodente,
1393 3570 1422 3616 et
1432 3566 1475 3615 eui
1488 3564 1511 3613 is
1523 3562 1689 3616 medebitur.
1717 3564 1759 3615 Ex
1771 3563 1831 3630 gal·

1034 3638 1141 3688 linaceo
1153 3638 1218 3688 limo
1230 3635 1304 3704 qued
1316 3643 1359 3687 est
1369 3635 1460 3686 rufum
1473 3633 1599 3695 maxime,
1619 3646 1714 3684 recens
1727 3633 1831 3684 illitum

1034 3722 1068 3759 ex
1080 3715 1170 3760 aceto.
1206 3706 1384 3760 Ventriculus
1406 3703 1531 3756 meoniae
1551 3717 1585 3754 ex
1605 3701 1670 3752 rino
1689 3701 1829 3754 decoctos.

1033 3777 1150 3839 Muscas
1170 3775 1268 3842 impari
1289 3788 1404 3826 numero
1433 3772 1580 3825 infricatae
1601 3769 1690 3838 digito
1712 3772 1828 3825 medico.

1034 3846 1139 3897 Sordes
1149 3861 1182 3897 es
1195 3846 1328 3911 pecudum
1341 3843 1482 3896 auriculis.
1516 3842 1616 3894 Serum
1637 3842 1727 3892 nidum
1749 3848 1829 3894 retus

1034 3931 1095 3967 cum
1107 3917 1199 3967 cinere
1210 3931 1225 3967 e
1236 3916 1345 3983 capillis
1357 3915 1513 3966 mulierum.
1549 3911 1649 3963 Serum
1660 3911 1756 3962 arietis
1767 3924 1830 3961 cum

1033 3987 1127 4038 cinere
1139 3986 1255 4051 ponticis
1267 3992 1295 4036 et
1305 3985 1373 4036 salis
1385 3983 1445 4051 pari
1456 3979 1586 4048 pondere.

1068 4070 1183 4122 XXXV.
1211 4071 1352 4121 Anrbustis
1373 4069 1462 4119 canini
1484 4067 1584 4132 cepitis
1605 4061 1676 4114 einis
1694 4058 1829 4109 medetur.

1033 4138 1101 4189 Item
1116 4138 1227 4201 glirium
1249 4153 1310 4189 cum
1331 4138 1405 4188 oleo.
1442 4136 1548 4186 Fimum
1570 4132 1662 4183 orium
1683 4142 1743 4179 cum
1756 4140 1829 4176 cera.

1034 4205 1156 4255 Marium
1170 4206 1249 4256 cinis:
1272 4205 1448 4256 cochlearum
1471 4215 1593 4268 quoque:
1614 4194 1656 4248 sic
1675 4196 1830 4246 atnecicn·

1034 4275 1091 4325 tris
1105 4272 1215 4339 quidem
1227 4279 1370 4340 appareat.
1401 4272 1468 4321 item
1481 4270 1566 4336 adeps
1578 4266 1727 4334 viperinus.
1755 4262 1831 4315 risu

1035 4343 1187 4394 noluurbini
1197 4344 1266 4393 cinis
1277 4356 1311 4394 ιι
1323 4341 1385 4391 olen
1397 4340 1496 4390 illitus.

1069 4426 1196 4481 XXXVI.
1216 4426 1370 4480 Nerrnrum
1384 4423 1465 4476 nodis
1477 4420 1700 4489 capitiariperini
1713 4417 1782 4471 cinis
1795 4431 1829 4468 ex

1036 4499 1100 4552 oleo
1111 4500 1236 4565 cyprino.
1266 4497 1383 4548 Terreni
1397 4508 1503 4545 seruies
1514 4507 1574 4542 cunr
1587 4490 1669 4543 melle
1680 4488 1755 4539 illiti.
1774 4487 1829 4539 Ilo·

1035 4568 1141 4620 len'bus
1153 4582 1246 4618 corum
1260 4566 1456 4632 amphisbaena
1468 4569 1579 4613 nrortun
1599 4557 1761 4624 adalligata.
1796 4558 1829 4608 A·

1035 4638 1104 4706 deps
1115 4636 1271 4687 vulturinus
1292 4651 1351 4687 cum
1365 4640 1460 4686 ventre
1472 4629 1620 4691 arefactus,
1640 4629 1831 4692 contritusque

1035 4724 1096 4761 eum
1108 4707 1190 4774 adipe
1201 4706 1286 4757 soilln
1296 4706 1459 4756 inveterato.
1497 4700 1597 4751 ciniso
1610 4702 1700 4764 capite
1711 4693 1831 4749 bubonis

1035 4780 1063 4830 in
1076 4778 1167 4830 mulso
1184 4784 1266 4843 potus
1282 4791 1343 4826 eum
1357 4774 1407 4825 lilii
1421 4770 1523 4832 radice,
1544 4770 1567 4820 si
1583 4767 1672 4835 Magis
1683 4763 1830 4819 eredimus.

1034 4848 1066 4898 in
1088 4847 1278 4899 contractione
1300 4857 1446 4896 nemorum
1462 4854 1527 4892 caro
1548 4838 1705 4907 palumbina
1720 4835 1748 4885 in
1761 4831 1829 4885 cibis

1035 4917 1149 4983 prodest
1160 4922 1188 4966 et
1198 4915 1364 4967 inveterata:
1377 4909 1528 4970 herinacei,
1539 4906 1681 4976 spasticis:
1693 4906 1760 4957 item
1773 4916 1830 4955 mn·

1035 4987 1125 5038 stelae
1137 4985 1215 5036 einis.
1251 4983 1425 5050 Serpentium
1438 4985 1566 5031 senectus
1578 4980 1605 5029 in
1629 4976 1702 5043 pelle
1718 4971 1829 5025 taurina

1034 5055 1189 5122 adalligata
1215 5067 1342 5119 spasmos
1371 5050 1432 5101 lieri
1454 5047 1589 5115 prohibet.
1625 5043 1827 5113 opisthotonos

1034 5126 1110 5176 milri
1132 5123 1209 5174 iecor
1229 5123 1337 5174 aridum
1360 5121 1448 5172 tribus
1467 5117 1558 5171 obolis
1578 5117 1607 5167 in
1620 5108 1826 5182 aquaemulsse

1035 5191 1145 5262 cyathis
1156 5193 1244 5243 tribes
1257 5199 1363 5258 potum.
1457 5241 1476 5255 ,

1066 5277 1204 5330 XXXVll.
1223 5275 1371 5338 Redurias,
1390 5279 1419 5326 et
1438 5286 1509 5341 quae
1528 5269 1555 5321 in
1568 5268 1665 5336 digitis
1677 5263 1829 5315 nascuntur

1084 5348 1174 5407 ”··⁸ia,
1188 5347 1300 5408 tellum,
1321 5344 1412 5399 canini
1423 5342 1523 5409 cepitis
1536 5338 1612 5397 cinis,
1628 5340 1678 5387 aut
1688 5331 1771 5381 vulva
1780 5327 1828 5379 de·

1184 5416 1237 5478 len,
1255 5415 1413 5482 superillite
1425 5414 1529 5477 butyro
1549 5404 1637 5458 ovillo
1657 5415 1717 5454 num
1737 5396 1828 5478 melle.

1241 5501 1252 5510 ·
1265 5483 1412 5536 cuiuslibet
1422 5476 1584 5532 animalium
1595 5471 1680 5523 fellis.
1693 5469 1829 5534 Unguium

1305 5554 1390 5605 >rides
1411 5564 1473 5602 com
1486 5545 1546 5612 pios
1557 5539 1644 5594 tertio
1654 5537 1701 5591 die
1711 5537 1829 5597 solutae,

1335 5636 1402 5739 ⁸²13
1417 5617 1532 5668 hirciae.
1567 5607 1708 5661 Pomona
1728 5619 1830 5663 serum.
