4340 6018
353 314 412 371 llil
482 306 515 368 C.
550 307 697 367 Phrati
731 300 936 364 secerni
969 298 1137 369 Nni'pr.
1171 298 1360 363 fllsTott.
1398 300 1605 360 u18.vii{.
1639 298 1876 359 Cdi‘.⁴3-dl.
1925 318 1927 323 ⁴

352 461 509 514 Romanum
527 465 559 511 et
569 458 746 511 sacerdotum
763 451 914 518 collegium
928 450 973 502 rel
982 450 1157 503 marianeno·
1210 451 1302 503 misae
1314 458 1407 503 autem
1418 456 1484 503 aiite
1495 456 1604 517 partum
1615 454 1770 517 purgantur
1778 446 1867 503 herim
1882 455 2013 523 quadani,

353 531 445 583 leniae
457 536 510 581 est.
524 529 555 579 ln
565 527 686 580 Thracia
695 524 765 574 locis
777 520 932 587 rigentibus
941 527 970 572 et
981 520 1086 588 uulpes,
1096 520 1156 570 aui-
1208 535 1278 587 quse
1288 522 1386 572 maelis
1397 520 1514 582 dicitur,
1537 518 1664 571 faciliore
1680 520 1720 570 ita
1735 524 1847 571 utentes
1862 530 1953 575 utero.
1990 530 2013 583 Α

355 601 412 653 iiiai
422 599 528 665 alioqui
538 596 655 649 solemia
664 594 770 643 diioui:
780 605 876 641 amnes
887 589 1006 659 gelatos,
1017 591 1157 658 lacusque,
1208 599 1288 656 partu
1300 589 1378 652 duas,
1396 605 1467 657 quae
1477 603 1542 639 aios
1555 598 1584 641 et
1594 587 1691 639 seselis
1706 589 1897 655 appellantur,
1906 604 2014 663 pastae,
2068 638 2073 645 .

352 671 466 723 nonnisi
474 667 510 721 ad
521 671 579 719 eius
589 665 658 714 itum
670 660 846 724 reditumque
864 667 1020 711 traiiseuiit.
1055 660 1157 711 Obser-
1208 659 1327 711 redeunt
1337 659 1373 711 ad
1390 659 1508 709 loetum:
1524 658 1580 707 iilis
1596 657 1683 708 imbui
1701 658 1783 709 lactis
1797 661 1902 726 piiines
1917 667 2014 720 solunt

354 746 539 801 ratumenna
560 746 627 783 auro
643 728 677 779 ad
699 728 819 794 glaciem
839 730 978 796 apposita,
998 731 1156 782 coniectare
1205 744 1322 791 succos,
1343 743 1507 796 quacunque
1522 726 1558 778 ds
1572 742 1666 778 causa.
1703 728 1804 779 Editus
1823 738 1920 795 partus
1936 750 2013 788 eier-
2120 768 2124 777 ι

242 808 246 815 “
354 804 565 861 crassitudinem
577 797 666 866 gelus.
1193 806 1271 849 neem
1283 812 1376 861 cursu,
1388 805 1417 849 et
1428 797 1524 864 lugam
1539 795 1671 849 meditari
1683 796 1798 848 docent:
1814 800 1848 851 sd
1864 812 2015 873 praerupta

388 874 486 927 xliiii.
514 869 573 920 Nec
594 867 683 918 niiniia
703 866 781 919 clara
799 868 878 925 exitii
905 867 1072 919 docmnonta
1092 875 1156 919 sunt
1206 866 1702 934 domni,saltumquedenionstimit.
1739 869 1797 918 lani
1809 876 2014 935 mures,suliiti

350 949 434 998 stiam
446 954 480 992 ox
491 936 698 990 contemnendis
708 937 885 989 animalibus.
905 938 945 989 Μ.
956 938 1045 991 Varro
1058 944 1156 989 otietur
1205 937 1347 989 desiderio
1359 936 1491 997 libidinis,
1502 936 1583 988 avide
1596 943 1693 1002 petunt
1704 937 1814 1002 pabula.
1835 940 1925 992 Ubiae
1935 958 2014 1008 prae·

352 1019 404 1072 nst,
424 1027 442 1063 n
463 1007 598 1058 cuniculis
618 1005 768 1057 suffossum
783 1008 813 1057 in
823 1007 962 1073 Hispania
972 1006 1117 1073 oppidum3
1139 1022 1157 1058 a
1204 1009 1323 1074 pingues
1334 1021 1460 1071 amisere,
1472 1007 1596 1058 latebras
1608 1012 1759 1073 quaerunt,
1771 1006 1893 1059 latentes
1909 1012 2010 1066 lucum·

351 1075 645 1144 talpisin'i'hessalia:
665 1077 978 1131 abiuuisciritateinin
989 1077 1154 1143 Galliapul·
1176 1116 1177 1119 ,
1205 1075 1320 1127 moduni
1340 1077 1457 1143 pondus.
1494 1077 1530 1126 Ee
1549 1076 1620 1127 alias
1639 1089 1751 1141 semper
1771 1077 1799 1125 iii
1819 1076 1886 1145 iugo
1905 1083 2015 1150 sequte.

350 1164 419 1211 sam‚
430 1147 465 1200 ab
475 1145 593 1198 locustis
604 1147 632 1196 in
643 1146 749 1199 Africa:
766 1162 800 1198 ex
811 1146 906 1214 Gyaro
918 1146 1072 1214 Cycladum
1082 1148 1156 1198 insu·
1204 1152 1297 1207 soum,
1307 1152 1470 1212 stantesque
1479 1147 1644 1212 respicienti
1661 1160 1723 1197 cnm
1741 1155 1949 1212 proponentem
1960 1160 2010 1217 est,

349 1219 379 1270 la
388 1217 498 1269 incolas
509 1215 661 1268 autoribus
673 1213 795 1282 fugatos,
806 1218 835 1267 iii
848 1216 1156 1283 ltaliahmyclasasei·
1206 1230 1303 1266 rursus
1335 1214 1419 1283 fugae
1444 1215 1583 1282 praesidia
1611 1222 1777 1281 repetentes.
1823 1216 1887 1269 Hoc
1917 1221 1948 1271 iit
1972 1224 2011 1273 in·

351 1286 608 1355 pontibusdeletas.
641 1286 722 1339 Citra
734 1288 922 1354 cynamolgos
932 1285 1083 1352 Aethiopas
1099 1285 1156 1337 late
1206 1286 1303 1336 teatini
1322 1284 1430 1346 dolore,
1452 1292 1507 1335 tani
1528 1284 1645 1345 infirmi,
1663 1292 1693 1335 nt
1712 1284 1771 1335 ieta
1791 1285 1846 1337 leri
1868 1298 2012 1356 rumpatur

349 1357 549 1425 desei-inienio
561 1362 614 1418 est,
636 1371 654 1408 a
672 1357 864 1423 scorpionibus
879 1364 909 1408 et
926 1355 1063 1423 solipugis
1073 1365 1156 1424 gente
1206 1355 1290 1405 intus.
1336 1353 1461 1421 Fugiunt
1487 1361 1580 1406 antem
1603 1354 1707 1405 latratu
1731 1369 1828 1405 canani
1850 1358 1946 1409 audito
1969 1375 2012 1412 se·

349 1429 475 1481 sublata:
494 1425 753 1490 etascolopendiis
766 1427 881 1478 abactos
895 1425 1087 1488 iihoetieiises,
1108 1441 1155 1476 an·
1207 1423 1415 1491 cundasemper
1431 1438 1512 1485 aura,
1534 1433 1565 1476 ut
1586 1423 1705 1491 vestigia
1725 1439 1786 1474 cum
1811 1426 1879 1491 ipsis
1900 1428 2011 1483 abeant.

350 1494 699 1561 ctorest'i‘heophrastiis.
735 1494 791 1548 Sed
807 1494 1098 1563 adieliquaierarum
1110 1510 1156 1563 ge
1206 1494 1371 1545 Molcentm·
1384 1493 1625 1559 listulapastorali
1645 1506 1674 1546 et
1693 1500 1790 1544 canto:
1811 1511 1873 1546 cem
1896 1512 2012 1557 erexere

350 1582 418 1620 nera
427 1564 582 1619 redeamus.
1207 1578 1297 1625 auios,
1309 1563 1437 1614 acerrimi
1448 1563 1574 1626 auditum
1587 1578 1646 1614 cuni
1659 1562 1800 1626 remisere,
1809 1565 1898 1618 surdi.
1935 1570 2012 1623 eete-

384 1634 485 1689 XLlV.
503 1635 631 1702 Hyaeois
642 1640 1014 1701 animumanimumum
1033 1641 1062 1687 et
1073 1634 1157 1687 alter-
1205 1646 1238 1683 ro
1250 1632 1353 1684 animal
1363 1632 1495 1701 simplex,
1512 1638 1541 1684 ct
1558 1632 1681 1684 omnium
1697 1646 1787 1683 renem
1802 1633 1939 1689 miinciilo
1955 1646 2012 1693 stu-

350 1706 481 1759 iiisuniiis
493 1720 598 1766 maius,
620 1704 736 1756 alteriiis
748 1704 866 1759 sentinas
875 1705 951 1767 deri,
974 1719 1073 1771 parcre
1094 1705 1156 1756 sine
1206 1717 1286 1769 pens:
1297 1702 1323 1751 in
1337 1709 1460 1761 tantum,
1478 1709 1508 1752 ut
1520 1717 1591 1770 equo
1603 1711 1651 1753 sut
1666 1701 1766 1752 bucula
1783 1703 1933 1759 accedente
1948 1724 2012 1777 pro.

351 1791 435 1837 mare,
448 1775 546 1842 vulgus
557 1772 832 1835 craditdiistoteies
843 1782 935 1842 negat.
958 1774 1065 1827 Collum
1078 1780 1107 1826 et
1117 1775 1156 1824 iu·
1206 1772 1277 1839 piua,
1288 1770 1428 1823 hominem
1445 1771 1523 1823 iuxta
1543 1779 1689 1824 cenantem
1707 1788 1762 1823 non
1779 1781 1906 1826 cernant:
1926 1780 2013 1835 autsl

350 1848 386 1897 ba
396 1846 579 1896 conmunitato
589 1844 686 1909 spinae
697 1843 865 1910 porrigitur,
884 1844 1027 1910 ilectique,
1038 1844 1093 1894 nisi
1104 1845 1156 1895 cir·
1205 1847 1329 1903 cernant,
1341 1856 1435 1892 sicum
1448 1842 1537 1908 ipsum
1549 1845 1723 1910 sagittasque
1737 1843 1881 1895 mirentur.
1917 1847 2014 1901 Maria

349 1921 476 1966 cninaotu
488 1913 578 1964 totius
596 1914 738 1978 corporis,
759 1914 862 1980 nequit.
898 1914 991 1967 Multa
1009 1921 1156 1979 praeterea
1205 1916 1320 1962 tranant
1330 1911 1577 1978 gregatimnantes
1591 1921 1722 1980 porrecto
1742 1912 1852 1973 ordine,
1871 1923 1902 1967 et
1918 1919 2014 1984 capita

348 1982 586 2035 miratraduiitui.
623 1981 679 2034 Sed
697 1982 818 2035 maxime
836 1980 1154 2036 sermonemhiimanum
1206 1982 1383 2046 imponentes
1403 1981 1628 2045 praecedentium
1645 1981 1785 2043 clunibus,
1799 1984 1961 2054 ritibusque
1977 1987 2013 2039 ad

346 2053 423 2103 iiitei
434 2059 577 2117 pasturum
588 2051 702 2103 stabula
712 2051 886 2114 assimulare,
900 2053 1153 2117 nomenquealicn·
1208 2057 1288 2117 terga
1300 2049 1456 2102 redeuntes.
1492 2052 1556 2103 Hoc
1566 2053 1687 2103 maxime
1697 2057 1812 2103 notatur
1822 2055 1949 2107 scillula
1959 2058 2013 2124 cy»

346 2121 563 2182 mauriscos,
583 2136 665 2186 quem
681 2128 827 2172 evocatum
845 2122 921 2173 ioras
932 2123 1047 2173 laceret.
1084 2122 1154 2173 item
1175 2166 1176 2171 ,
1206 2134 1285 2186 prum
1298 2118 1513 2172 traiicisntibus.
1525 2120 1583 2174 Nec
1593 2121 1691 2172 rident
1703 2122 2011 2185 teriasecdinodmem

350 2191 528 2243 riuaitieaeai
541 2189 660 2240 hominis
670 2189 787 2252 imitari,
808 2190 844 2241 ad
855 2190 1051 2242 sollicitandos
1062 2206 1155 2255 canes,
1206 2204 1303 2240 earum
1314 2196 1423 2240 natant.
1441 2191 1554 2242 Cornua
1565 2206 1656 2243 mares
1669 2189 1779 2252 haberit,
1790 2192 1899 2261 solique
1910 2196 2013 2248 anima·

347 2275 417 2327 qnos
428 2260 550 2313 invadat.
584 2259 626 2309 Ab
637 2273 692 2309 uno
703 2258 819 2309 animali
830 2259 961 2324 sepulcra
972 2260 1046 2319 erui,
1068 2261 1154 2326 inqui·
1206 2258 1273 2309 lium
1295 2260 1422 2313 omnibus
1439 2263 1519 2310 annis
1532 2267 1610 2312 stato
1627 2260 1699 2311 reris
1717 2267 1845 2327 tempore
1864 2266 2012 2315 amittunt:

347 2330 453 2383 sitione
464 2342 622 2395 corporum.
643 2325 785 2378 Feminam
796 2341 862 2378 raro
875 2328 946 2393 capi.
966 2328 1064 2378 Oculis
1077 2329 1154 2379 inille
1204 2328 1269 2376 ideo
1279 2329 1331 2379 iub
1342 2330 1404 2390 ipra
1415 2327 1461 2380 die
1471 2344 1553 2396 quani
1569 2330 1690 2381 inanime
1701 2329 1775 2380 invia
1785 2340 1889 2397 petunt.
1910 2334 2015 2385 Latent

348 2396 966 2462 ossai'arictatea,eoloi·uniquemutationes.
1002 2395 1155 2451 Praeterea
1204 2394 1402 2447 mibsisrelut
1418 2396 1545 2446 inermes.
1571 2399 1627 2448 Sed
1639 2406 1667 2448 et
1679 2396 1707 2448 hi
1723 2399 1795 2450 bono
1813 2416 1863 2453 suo
1878 2402 2012 2454 inrident

347 2469 463 2520 umbrae
476 2468 536 2519 eius
558 2472 690 2539 contactu
707 2481 791 2517 canes
808 2467 1012 2518 ebriiutescere.
1049 2466 1153 2533 thui.
1206 2464 1343 2515 Dextram
1360 2478 1446 2515 cornu
1466 2471 1570 2533 negant
1587 2467 1724 2530 inveniri,
1741 2483 1792 2519 ceo
1808 2470 2011 2524 medicamento

349 2536 465 2591 busdam
487 2534 605 2602 magicis
619 2536 951 2597 artibusonineaiiimai‚
971 2535 1152 2602 quudtcrlu·
1205 2533 1299 2600 aliquo
1321 2532 1494 2599 praeditam:
1514 2534 1599 2602 idque
1619 2537 1777 2589 mirabilius
1797 2538 1937 2591 latendum
1957 2547 2012 2605 est,

347 2607 529 2669 intrarentin
542 2604 663 2671 uestigio
675 2603 801 2656 haerere„
1205 2619 1266 2654 cuin
1279 2608 1308 2655 et
1321 2604 1350 2653 in
1361 2603 1476 2655 vivariis
1486 2612 1596 2657 mutent
1614 2607 1739 2658 omnibus
1755 2609 1847 2660 annis:
1862 2609 1958 2661 deludi
1975 2609 2012 2662 ab

382 2674 469 2727 XLV.
482 2675 571 2727 Huius
588 2675 699 2739 generis
710 2676 786 2725 coitu
799 2672 1069 2742 leaenadethiopica
1080 2675 1155 2742 parit
1205 2673 1241 2724 iis
1252 2680 1360 2739 putant.
1389 2675 1506 2726 hecensi
1516 2684 1608 2728 autent
1621 2678 1781 2729 utriuslibet
1791 2678 1876 2732 odore
1887 2680 2012 2731 comitia·

348 2752 501 2808 macutum,
517 2744 648 2797 similiter
659 2759 741 2795 voces
751 2743 911 2798 imitantem
923 2743 1063 2796 hominum
1076 2759 1155 2811 peco·
1206 2743 1247 2795 les
1266 2743 1356 2795 morbi
1374 2743 1627 2812 deprehenduntur.
1665 2746 1771 2798 indicia
1785 2764 1895 2816 qnoque
1910 2750 2012 2803 aetatis

348 2831 472 2881 ianque.
483 2814 563 2865 Acies
575 2813 602 2865 ei
613 2821 760 2879 perpetua:
771 2813 800 2864 in
810 2822 928 2880 utraque
940 2820 1020 2881 parte
1031 2814 1154 2865 omsnul·
1206 2812 1233 2862 in
1248 2811 1306 2865 illis
1321 2821 1435 2880 gerant,
1457 2815 1583 2883 singulos
1603 2820 1681 2866 annis
1703 2816 1899 2871 adiicientibus
1920 2834 2012 2872 ramos

349 2885 385 2937 lis
396 2885 528 2952 gingivis,
539 2882 622 2935 dente
633 2883 780 2934 continno:
805 2885 853 2950 qni
863 2900 897 2936 ne
908 2883 1052 2936 comrario
1063 2898 1156 2935 occur·
1206 2897 1292 2948 usque
1308 2882 1346 2934 ad
1363 2898 1506 2935 senenses.
1543 2886 1583 2935 ih
1598 2900 1634 2935 eo
1647 2892 1773 2950 tempore
1788 2888 1892 2940 similia
1907 2889 2012 2941 revise-

347 2953 547 3012 sabebetetur,
558 2965 704 3018 capsarum
716 2951 799 3003 niodo
811 2953 975 3005 includitur.
1003 2953 1154 3004 Hominum
1206 2960 1300 3002 scunt:
1316 2966 1368 3003 nec
1382 2959 1474 3018 potest
1487 2959 1566 3003 aetas
1584 2953 1720 3011 discerni,
1736 2954 1785 3003 sed
1798 2956 1928 3008 dentibus
1937 2974 2015 3011 sene·

348 3022 602 3075 aereaoiiesimiiaii
615 3027 644 3072 et
654 3019 851 3073 monachornm
869 3024 898 3072 in
909 3021 1073 3089 Aethiopia,
1104 3031 1153 3073 du·
1206 3020 1430 3073 ctadcclarstur.
1458 3021 1599 3071 Antonini
1611 3023 1885 3085 paucos,antnulios
1898 3025 2014 3081 habent:

348 3099 410 3143 etur
421 3091 549 3141 estluha.
1206 3105 1257 3141 nec
1273 3089 1302 3138 in
1319 3087 1453 3138 coi-nibus
1469 3088 1532 3137 iniis
1550 3104 1644 3139 ramos
1651 3123 1660 3150 ‚
1681 3088 1784 3154 alioqui
1804 3098 1869 3141 onte
1887 3093 2014 3149 simulem

384 3157 484 3212 xnvi.
511 3158 648 3222 Hyaeoac
674 3158 808 3224 plurimae
827 3159 982 3226 gignamus
1003 3162 1031 3211 in
1051 3159 1152 3220 Africa.
1206 3157 1474 3224 proniiiieiesoiitos
1484 3156 1648 3208 iunioribus.
1685 3157 1889 3211 Nondeeiduiit
1906 3170 2015 3216 eastra.

349 3241 421 3295 quae
438 3233 466 3279 et
482 3226 625 3280 asinorum
639 3227 809 3281 silvestrium
827 3229 1036 3282 multitudinem
1052 3227 1153 3279 iundic
1206 3228 1243 3278 tir
1254 3238 1424 3285 cornemium
1437 3231 1595 3277 nascuntur.
1607 3228 2014 3293 Erumpuntauteinrenasccn·

349 3297 446 3351 Mares
457 3298 484 3347 in
497 3312 530 3349 eo
542 3310 644 3364 genere
662 3295 763 3364 singuli
776 3296 943 3351 feminarum
955 3298 1087 3366 gregibus
1104 3298 1154 3347 im·
1206 3296 1281 3346 tibus
1290 3293 1434 3345 tuberibus
1451 3297 1539 3361 primo
1556 3296 1652 3348 aridae
1668 3298 1740 3347 cetis
1755 3296 1869 3351 similia.
1906 3302 2012 3355 Eadem

347 3366 481 3434 peribant.
502 3366 615 3418 Timent
627 3366 749 3418 libidines
760 3369 894 3430 aemulus,
912 3376 940 3420 et
951 3370 1014 3420 ideo
1025 3367 1154 3435 gravidas
1207 3365 1310 3415 teneris
1328 3363 1486 3415 increscant
1506 3364 1620 3428 sciolis,
1639 3367 1806 3418 arundineas
1817 3369 1846 3418 iii
1867 3372 2012 3435 peniculon

348 3435 776 3503 custodiunt,iiioisuqucnatos
787 3452 879 3489 mares
890 3446 1021 3490 castrant.
1051 3438 1155 3488 Contra
1208 3433 1574 3502 inullipluniatalaiiugiae.
1611 3435 1749 3499 Quamdiu
1762 3439 1914 3500 cumatile,
1925 3442 2013 3493 neofi-

348 3505 483 3574 gravidae
502 3505 625 3557 latebras
646 3514 757 3571 petunt,
774 3515 803 3559 et
822 3523 920 3575 parere
936 3507 1013 3558 ferto
1031 3507 1154 3572 cupiunt,
1207 3504 1258 3555 bus
1270 3502 1425 3569 procedunt
1437 3505 1472 3555 nd
1490 3505 1606 3570 pahuis:
1630 3505 1896 3559 increscentiaSoh's
1908 3524 2013 3577 sapore

349 3574 526 3641 gaudentque
538 3576 620 3640 copia
631 3575 762 3628 libidima
986 3608 987 3613 ,
1208 3573 1318 3633 durarit,
1339 3571 1374 3624 ad
1384 3574 1502 3624 arbores
1510 3573 1631 3625 subinde
1643 3575 1832 3640 experientes:
1848 3577 1894 3629 ubi
1904 3579 2014 3644 placuit

384 3642 495 3695 XLVII.
513 3643 632 3695 Easdem
646 3651 741 3711 partes
751 3646 807 3698 sibi
822 3647 874 3713 ipsi
893 3643 1000 3697 Pontici
1010 3649 1155 3710 amputant
1209 3643 1302 3702 robur,
1315 3642 1344 3691 in
1356 3649 1453 3707 aperta
1465 3643 1610 3707 prodeunt.
1627 3644 1764 3713 Capthne
1775 3646 1830 3697 iani
1843 3654 1916 3710 sunt,
1929 3648 2013 3702 edera

348 3715 426 3777 aad,
443 3713 567 3779 periculo
580 3722 711 3781 urgente,
728 3717 764 3766 ob
776 3714 868 3766 hocne
882 3715 938 3780 peti
949 3713 1044 3778 gnari:
1061 3719 1153 3763 casm·
1208 3710 1236 3762 in
1250 3710 1383 3763 cornibus
1399 3711 1537 3761 viridante
1548 3726 1583 3762 eii
1593 3714 1693 3762 attritu
1711 3714 1855 3779 arborum,
1875 3724 1907 3768 iit
1917 3720 1946 3771 in
1962 3719 2014 3770 ali-

347 3799 427 3838 reum
435 3782 463 3833 id
473 3790 571 3836 vocant
581 3783 698 3836 medici:
710 3785 781 3834 alias
788 3784 889 3835 animai
899 3781 1153 3842 horiendimorsus,
1208 3795 1263 3849 qno
1274 3780 1367 3846 ligno,
1377 3781 1497 3842 teneris,
1507 3780 1572 3831 dum
1582 3782 1775 3849 experiuntur,
1787 3786 1890 3839 innata.
1926 3788 2014 3840 Fiunt

349 3852 465 3905 arbores
476 3853 554 3904 iusta
565 3852 690 3914 llumina,
700 3862 730 3904 ut
740 3851 828 3912 sciro,
842 3852 949 3902 caedite
963 3850 1082 3901 hominis
1093 3865 1154 3916 par-
1207 3850 1244 3901 ali
1264 3848 1355 3899 unedo
1366 3856 1396 3899 et
1408 3850 1526 3901 candido
1542 3851 1650 3913 colore,
1666 3854 1776 3918 qualem
1796 3855 1884 3906 feisse
1897 3857 2014 3913 tradunt

349 3930 378 3974 tc
391 3919 604 3985 comprehensa,
616 3937 671 3974 non
681 3930 827 3986 antequam
839 3919 931 3970 fracta
942 3923 1154 3986 concrepuerint
1207 3921 1241 3983 Q.
1259 3918 1268 3935 “
1288 3920 1369 3969 rtorii
1381 3934 1504 3981 cervam,
1517 3935 1597 3987 quani
1609 3936 1672 3972 esse
1690 3920 1835 3975 fatidicam
1855 3925 2013 3992 hispaniae

348 4006 424 4054 oasa,
436 4003 544 4042 memus
555 3991 680 4044 resolvit.
697 3989 792 4040 Gauda
803 3988 918 4054 piscium
929 3988 974 4051 iis,
986 3997 1083 4042 cetera
1093 4006 1153 4056 spe·
1207 3988 1336 4056 gentibus
1356 3996 1542 4054 persuaserat.
1578 3992 1796 4044 aerisonum
1817 4003 1945 4061 serpente
1965 4010 2012 4062 pii·

347 4063 402 4114 cies
419 4058 520 4114 lutros.
556 4062 709 4125 Utrumque
725 4059 899 4123 aquaticum:
915 4060 1026 4126 utrique
1040 4060 1155 4111 mollior
1206 4074 1270 4127 gno.
1307 4057 1453 4127 vestigant
1463 4074 1608 4122 cavernas,
1624 4059 1787 4130 nariumque
1801 4067 1902 4131 spirita
1921 4074 2013 4118 extra·

346 4131 441 4198 plania
455 4132 538 4199 pilus.
1208 4129 1275 4180 hunt
1285 4128 1446 4180 tentantes.
1482 4130 1548 4181 ideo
1559 4130 1701 4198 singulare
1717 4133 1862 4199 abigendis
1876 4135 2013 4202 serpenti·

382 4201 508 4255 xbvitt.
526 4200 622 4252 Ranae
633 4208 743 4263 quoque
754 4195 883 4257 rubetae,
894 4206 1008 4264 qaorum
1019 4204 1050 4247 et
1059 4196 1088 4247 iii
1099 4202 1154 4248 ter·
1208 4201 1266 4261 lius,
1277 4197 1348 4249 odor
1358 4199 1459 4249 adusto
1471 4200 1585 4250 ceminio
1594 4214 1689 4251 cornu.
1710 4204 1816 4254 Contra
1826 4218 1933 4255 morsus
1943 4218 2011 4255 vcro

346 4278 417 4323 raet
428 4268 665 4326 inhumarerita‚
682 4264 808 4332 plurimis
825 4265 947 4319 refertae
963 4265 1153 4319 medicamini·
1208 4269 1385 4336 priseotpunin
1405 4269 1556 4320 icniediuni
1581 4285 1614 4321 ei
1627 4271 1747 4340 coagulo
1764 4271 1888 4323 hinnulei
1908 4273 1937 4325 in
1952 4288 2012 4325 ma·

346 4340 407 4398 biis,
418 4339 557 4403 deponere
568 4335 739 4404 eaquotidie
750 4350 783 4387 oc
793 4351 933 4389 recimere
941 4346 1046 4402 apastu
1057 4337 1154 4389 dicun·
1206 4339 1260 4389 tiis
1272 4347 1354 4389 utero
1365 4338 1461 4390 occisi.
1485 4338 1549 4390 Vita
1561 4342 1651 4391 seriis
1662 4343 1690 4393 in
1701 4340 1833 4392 molosso
1845 4343 1937 4411 longa,
1946 4348 2013 4409 post

348 4414 403 4466 tur,
414 4421 521 4459 reuma
532 4416 642 4460 tantum
652 4420 763 4473 seraper
772 4405 826 4457 sibi
838 4414 1021 4458 resumentes.
1207 4416 1316 4460 cetituni
1327 4423 1415 4459 euntis
1424 4408 1565 4529 ommibus
1576 4411 1665 4477 captis
1676 4426 1737 4463 euni
1751 4410 1896 4478 torquibus
1908 4412 2012 4475 nareis,

386 4472 751 4530 amiralmumminin
766 4476 872 4528 marino
887 4477 977 4528 victus
992 4477 1105 4529 inmari
1120 4489 1154 4527 sc
1205 4493 1275 4544 qnos
1295 4478 1451 4529 Alexander
1504 4494 1590 4546 agnus
1613 4480 1772 4539 addiderat,
1793 4478 1935 4544 adopertis
1957 4482 2011 4531 iani

349 4549 439 4595 terrai
455 4544 548 4595 simile
558 4546 629 4596 libro
640 4554 669 4598 et
678 4548 829 4613 iigenium.
847 4547 958 4598 Bromii
968 4547 1006 4598 iel
1016 4563 1105 4609 suum,
1116 4545 1152 4596 ad
1205 4555 1269 4600 cute
1281 4548 1308 4598 in
1320 4562 1420 4616 magna
1430 4548 1574 4600 obesitate.
1597 4548 1722 4600 i'rbrieni
1734 4548 1845 4596 morbos
1854 4559 1909 4595 non
1924 4540 2015 4600 sentit

351 4610 440 4663 attilia
449 4610 656 4664 medicamenta
665 4615 749 4667 utile:
765 4616 832 4669 item
843 4617 1002 4683 coagulum,
1018 4616 1052 4667 ad
1069 4617 1152 4667 comi·
1205 4616 1258 4667 huc
1269 4616 1386 4676 niuniel,
1399 4617 1466 4682 quio
1477 4624 1507 4667 et
1519 4618 1646 4669 medetur
1656 4616 1720 4666 huic
1728 4613 1833 4664 timori.
1869 4612 2012 4673 Quasdam

351 4679 435 4733 tiales
446 4680 573 4733 morbos:
590 4683 919 4751 obessepetiprudens.
945 4681 1152 4751 'theophrastus
1206 4683 1821 4751 niodoprincipesfeminnsscimusuninibus
1837 4682 1936 4735 diebus
1953 4700 2010 4738 ina·

352 4755 526 4813 auctorest,
545 4751 644 4818 anguis
664 4752 748 4804 niodo
769 4760 799 4805 et
818 4754 964 4803 stelliones
984 4760 1158 4807 seoncurtem·
1206 4755 1304 4806 tetiais
1315 4768 1426 4805 carnem
1439 4767 1499 4803 eam
1512 4754 1661 4819 degustare
1671 4752 1780 4811 solitas,
1792 4757 1821 4801 et
1837 4750 1923 4823 longo
1940 4770 2013 4809 aero

352 4820 1155 4945 affirmarit·ltilzrtttlllttttt
1206 4820 1901 4957 mahthiltinteriitlilii:bileti
1911 4831 2013 4947 'tte

1143 4921 1155 4933 .
1577 4925 1583 4939 .
1695 4930 1698 4937 ,
1900 4930 1908 4957 ‚
2050 4944 2070 4965 ⁰

353 4959 524 5018 clamorsus,
535 4961 664 5012 innoxios
674 4975 736 5012 eisc
746 4960 774 5009 in
785 4958 889 5009 Sicilia.
1206 4967 1315 5013 tantum
1331 4966 1361 5012 et
1378 4972 1520 5010 urniorum
1533 4960 1601 5011 vilio
1622 4959 1737 5019 distans,
1756 4975 1837 5027 qoem
1847 4963 2011 5028 rpnyriuqor

387 5026 420 5078 L.
440 5027 657 5096 Cervisqooque
668 5035 713 5080 est
730 5043 782 5081 sun
803 5027 976 5095 malignitas,
998 5042 1152 5096 quanquam
1206 5036 1321 5090 vocata,
1344 5044 1399 5080 non
1413 5027 1497 5089 alibi,
1517 5044 1598 5096 quam
1615 5030 1696 5081 iuxta
1711 5029 1812 5080 Phasin
1829 5044 2009 5093 annuemus·

351 5094 541 5164 placidissimo
555 5097 725 5148 animalium.
761 5097 880 5163 lingente
898 5099 928 5148 ii
948 5113 1060 5161 canum,
1080 5098 1154 5150 ultro
1205 5114 1294 5150 scens.

352 5163 722 5232 coniogiuatadhoniaeai.
751 5166 1091 5233 Etinpsiiendasosiitas
1103 5167 1155 5219 mi·
1241 5168 1402 5219 Ll.criiros
1418 5167 1511 5220 hlrico
1531 5166 1730 5234 piopemodnm
1749 5167 1814 5219 sola
1835 5182 1890 5221 non
1911 5169 2009 5239 gignit.

352 5251 405 5287 niis
416 5242 522 5297 carent,
531 5234 663 5289 humanis
672 5233 797 5301 vestigiis
809 5239 899 5299 tritas,
910 5252 993 5303 quain
1004 5245 1156 5291 semetaac
1207 5240 1242 5289 At
1250 5237 1475 5305 chamaeleonem
1487 5245 1515 5290 et
1525 5239 1602 5304 ipso,
1618 5250 1773 5305 quanquam
1791 5237 2008 5306 frequentiorem

353 5305 421 5358 ioris
431 5312 594 5372 opportuna.
606 5304 761 5369 Conceptus
773 5319 865 5355 earum
877 5309 1054 5371 ponthrcmii
1066 5307 1153 5359 sidus.
1207 5300 1324 5373 hidiae?
1346 5302 1451 5375 Figura
1461 5314 1489 5359 et
1499 5306 1661 5373 magnitudo
1672 5316 1734 5359 erat
1746 5308 1874 5370 lacertae,
1886 5308 1940 5359 nisi
1951 5322 2011 5357 cru-

353 5374 470 5428 ilatuais
485 5374 729 5430 hemitoniorum
744 5381 851 5440 punis,
865 5374 1004 5427 nitardum
1019 5385 1048 5428 et
1065 5377 1153 5444 genii·
1208 5392 1241 5428 rs
1262 5383 1354 5429 sonem
1373 5383 1450 5428 recta
1471 5382 1500 5429 et
1521 5377 1686 5429 excelsiora.
1723 5377 1927 5430 Laterasentri
1946 5378 2007 5426 iun·

354 5456 414 5496 aaa.
449 5446 810 5512 dconceptaseparantie.
845 5444 1095 5498 stamesiensi
1112 5462 1155 5499 ra·
1207 5452 1324 5513 guntur,
1341 5446 1517 5511 iitpiscibus‚
1540 5452 1570 5497 et
1585 5446 1667 5511 spiim
1687 5447 1774 5498 siniili
1794 5446 1876 5498 niodo
1898 5445 2009 5498 siniret

351 5511 684 5568 bielibislinissastiuatr
697 5512 807 5565 fodiunt
817 5512 940 5565 scrobes
971 5514 1154 5568 ‘l'uscrortia
1207 5517 1353 5575 Rostrum,
1377 5524 1408 5565 ut
1426 5516 1455 5565 in
1474 5529 1574 5580 parvo,
1585 5515 1659 5567 haud
1671 5517 1798 5568 absimile
1809 5510 1906 5567 suillo:
1920 5510 2011 5565 riddo

353 5586 451 5636 torum
462 5584 634 5651 meracum,
642 5582 734 5637 duaco
743 5582 831 5651 abqiii
842 5583 958 5637 abluant
970 5582 1081 5635 imbres.
1103 5585 1154 5637 Fe·
1207 5584 1397 5652 praelongam
1408 5585 1912 5652 tenuitatenidesineiiqttiniplicim
1929 5581 2011 5634 scri·
