4330 6014
363 336 406 396 46
461 414 466 426 ἱ
502 322 726 394 'c.‘1³1.lNll
755 321 1187 393 :sacuublnarula
1231 318 1421 382 aistuli.
1466 319 1615 381 alell.
1659 316 1895 379 CAP.5⁰-bb.
1971 334 1976 341 ·

244 478 247 495 '
334 468 352 517 Χ*
364 486 409 549 (ut
432 476 571 604 aliquibus
591 436 905 550 placore'ostcndimus)
926 474 1051 527 tonitrua
1067 477 1097 526 et
1117 471 1172 525 ful·

367 568 441 620 gnra
458 569 475 607 e
495 560 554 606 unt.
573 552 683 605 Maiore
704 560 769 599 vcro
780 543 854 596 illati
864 545 986 610 pondere
997 545 1171 608 incursuque,

368 623 393 674 si
415 623 475 676 late
498 622 598 674 siccam
618 629 718 683 rupere
737 615 853 678 nubem,
871 614 1023 681 procellam
1043 612 1171 681 gignum,

368 707 442 759 quac
462 697 579 744 vocatur
598 702 615 737 s
638 685 752 737 Graecis
772 682 937 749 Eonepbias.
966 681 1013 735 Sin
1035 697 1101 734 vero
1124 680 1170 734 de·

368 776 465 829 presso
475 761 538 812 sinu
549 756 653 808 arctius
663 753 752 805 rotati
762 753 932 820 effregerint,
952 752 1013 804 sine
1024 751 1097 819 igne,
1118 748 1171 803 hoc

367 837 420 893 est,
450 831 509 879 sine
528 823 662 884 fulmine,
684 824 818 875 vorticem
841 821 958 886 faciunt,
978 821 1028 891 qui
1047 819 1169 939 Tppbon

367 904 490 956 vocatur,
510 893 610 955 idest,
630 892 754 944 vibratus
770 890 935 958 Ecoepbias.
964 889 1063 943 Defert
1094 889 1171 940 icse·

368 982 428 1018 cum
448 962 554 1030 aliquid
572 962 722 1030 abruptum
743 976 759 1014 e
780 961 853 1012 nubo
873 959 975 1028 gelida,
995 959 1169 1021 convolvens,

365 1046 543 1102 versansque,
557 1031 705 1084 struinam
718 1044 795 1082 suam
806 1030 857 1082 illo
868 1029 992 1097 pondere
1002 1041 1169 1096 aggravans,

366 1110 394 1154 et
413 1102 504 1154 locum
526 1117 561 1154 cx
581 1101 644 1153 loco
656 1106 766 1152 mutans
777 1098 877 1164 rapida
886 1099 1039 1166 vertigine:
1060 1095 1167 1165 praeci·

365 1171 617 1240 praenavigantium
630 1170 731 1236 pestis,
751 1184 804 1220 uon
815 1175 948 1219 antennas
960 1167 1053 1227 modo,
1072 1180 1168 1217 verum

320 1236 326 1243 ’
365 1244 426 1308 ipsa
438 1241 550 1307 navigia
560 1246 691 1292 contorta
701 1237 848 1306 frangens3
867 1237 946 1288 tenui
958 1235 1083 1289 remedio
1095 1234 1168 1286 aceti

366 1311 395 1362 in
416 1309 606 1361 advenientem
627 1308 716 1371 effusi,
737 1308 782 1359 cui
801 1305 987 1373 frigidissima
1006 1310 1167 1358 estnatura.

365 1380 441 1433 ldem
453 1379 530 1431 illisu
541 1380 601 1446 ipse
611 1392 798 1447 repercussus,
818 1382 949 1442 correpta
963 1371 1096 1427 secum'in
1107 1387 1169 1426 eae·

364 1450 421 1500 lum
433 1446 531 1510 refert,
543 1452 693 1514 sorbetque
703 1449 732 1498 in
744 1444 894 1499 excelsum.

400 1520 432 1569 l..
451 1517 575 1581 Quodsi
593 1518 699 1569 maiore
719 1515 868 1582 depressae
877 1515 964 1567 aubis
974 1511 1096 1580 eruperit
1107 1525 1168 1579 spe-

365 1603 408 1650 cu,
428 1586 478 1640 sed
496 1588 586 1638 minus
607 1585 665 1637 luto
685 1600 767 1653 quam
789 1584 921 1651 procella,
942 1581 1168 1649 necsinofrago·

366 1673 407 1720 re,
427 1656 580 1709 Turbinem
591 1662 701 1716 vocant,
721 1656 849 1721 proxima
859 1668 983 1720 quaeque
994 1658 1170 1721 prosternen-

266 1788 269 1793 y
365 1734 432 1778 tem.
467 1725 543 1779 ldem
555 1723 706 1788 ardentior,
727 1738 913 1792 accensusque
925 1723 989 1774 dum
1005 1721 1086 1784 furit,
1105 1719 1170 1773 Pre-

366 1802 425 1848 ster
444 1801 578 1856 vocatur,
599 1796 748 1846 amburens
776 1799 906 1844 contacta
923 1795 1028 1860 pariter
1040 1798 1067 1843 ut
1078 1796 1170 1856 prote·

365 1880 438 1917 rcns.
466 1864 529 1917 Non
549 1865 582 1914 tlt
599 1870 691 1915 autem
704 1860 861 1930 aquilonius
873 1861 1010 1928 Typhon,
1032 1875 1083 1911 nec
1094 1860 1170 1911 niva-

365 1933 402 1985 lis
422 1940 471 1984 aut
490 1931 552 1984 nive
572 1932 681 1984 iacente
700 1930 864 1997 Eonephias.
893 1930 973 1992 Quod
988 1933 1010 1981 si
1033 1929 1114 1980 simul
1126 1943 1170 1979 ru·

364 2004 528 2071 pitnuhem,
546 2002 712 2069 exarsitque,
732 2007 761 2052 et
771 2002 861 2067 ignem
874 1998 981 2063 habuit,
1002 2014 1056 2049 non
1074 2004 1170 2064 postea

367 2073 502 2138 concepit,
525 2069 629 2122 fulmen
651 2076 702 2123 est.
721 2072 817 2122 Distat
837 2069 1002 2129 aPrestere,
1022 2083 1076 2134 quo
1090 2067 1167 2118 flam-

365 2141 455 2194 maab
467 2140 534 2209 igni.
557 2139 611 2191 llic
622 2141 679 2192 late
690 2139 816 2190 funditur
831 2138 909 2201 flatu,
929 2137 998 2189 illud
1016 2134 1166 2203 congloba-

302 2232 306 2239 ·
368 2217 411 2262 tur
432 2210 546 2276 impetu.
584 2208 690 2260 Vortcx
710 2216 804 2262 autem
824 2208 974 2260 remeando
991 2205 1168 2258 distatatur·

366 2280 438 2343 bine,
459 2277 598 2346 quomodo
612 2278 717 2330 stridor
737 2294 754 2330 a
776 2277 898 2343 fragore.
921 2276 1049 2328 Procella
1067 2274 1167 2327 latitu-

365 2349 430 2402 dine
449 2348 484 2400 ab
503 2354 636 2415 utroque:
657 2347 775 2398 disiecta
792 2347 864 2398 nube
890 2346 1001 2407 varius,
1022 2360 1103 2413 quam
1126 2359 1168 2395 vu·

286 2438 293 2451 ⁸
365 2425 424 2486 pta.
452 2418 500 2469 Fit
516 2424 546 2470 et
567 2417 659 2484 caligo
679 2416 791 2470 belluae
810 2416 920 2478 similis,
941 2417 1013 2467 nube
1034 2413 1098 2465 dira
1118 2426 1167 2463 na·

364 2488 532 2556 rigantibus.
567 2488 693 2541 Vocatur
704 2493 733 2537 et
744 2486 880 2546 columna,
903 2500 964 2537 cum
976 2487 1111 2551 spissatus
1121 2480 1169 2532 hu·

363 2572 426 2610 mor
432 2557 583 2624 rigensque
594 2558 654 2622 ipse
665 2572 695 2607 se
705 2557 836 2607 sustinet.
856 2556 898 2605 Ex
910 2554 1006 2606 eodem
1019 2567 1130 2622 genere,
1142 2558 1170 2603 et

364 2628 393 2679 in
404 2629 518 2695 longum
530 2625 618 2678 veluti
627 2625 724 2681 astula
735 2629 820 2678 nubes
836 2640 935 2692 aquam
951 2623 1046 2675 trabit.

398 2696 444 2747 Ll.
463 2696 564 2748 llieme
575 2703 604 2748 et
616 2703 724 2748 aestate
735 2710 800 2748 rava
816 2694 946 2756 fulmina,
967 2692 1115 2745 contrariis
1135 2692 1170 2744 de

365 2765 475 2819 causis:
496 2765 627 2833 quoniam
647 2763 738 2819 hieme
749 2766 881 2818 densatus
893 2780 941 2824 aer
961 2763 1075 2814 nubium
1098 2777 1171 2813 cras·

364 2837 440 2888 siore
451 2836 529 2887 corio
541 2837 679 2903 spissatur
690 2853 697 2898 3
718 2837 862 2904 onrnisque
878 2842 1014 2886 terrarum
1026 2832 1170 2884 exhalatio

366 2906 462 2972 rigens
481 2919 515 2955 ae
535 2905 646 2972 gelida,
677 2904 813 2970 quidquid
831 2906 934 2971 accipit
954 2903 1030 2969 ignei
1049 2902 1171 2967 vaporis,

366 2974 530 3039 exstinguit.
548 2972 626 3032 Quae
647 2975 721 3024 ratio
741 2975 889 3024 immunem
905 2971 1047 3038 Scythiam
1059 2978 1088 3021 et
1098 2969 1172 3020 circa

366 3042 489 3108 rigentia
508 3055 526 3091 a
548 3040 692 3092 fulminum
716 3055 781 3092 casu
804 3046 947 3106 praestat:
974 3046 1003 3090 et
1023 3053 1038 3089 a
1061 3038 1170 3088 diverso

366 3109 469 3190 njmius
488 3106 572 3159 ardor
589 3109 764 3175 Aegyptum:
794 3108 930 3173 siquidem
950 3105 1033 3157 calidi
1052 3105 1171 3171 siccique

367 3177 472 3228 balitus
491 3183 600 3239 terrae,
623 3191 687 3227 raro
707 3176 865 3237 admodum,
881 3182 1035 3242 tenuesque
1054 3174 1171 3226 densan-

367 3254 414 3298 tur
433 3246 461 3296 in
476 3245 572 3297 nubes.
590 3244 664 3298 Vero
676 3251 768 3298 autem
781 3250 809 3299 et
819 3251 951 3296 autumno
962 3243 1103 3295 crebriora
1113 3241 1169 3293 ful·

368 3316 452 3379 mina,
471 3315 611 3383 corruptis
622 3317 651 3367 in
661 3324 780 3383 utroque
790 3309 917 3382 tempore
929 3312 1046 3366 aestatis
1059 3310 1171 3365 hiemis·

368 3401 421 3455 quc
432 3386 532 3439 causis.
551 3389 613 3448 Qua
623 3387 733 3437 rationo
745 3387 842 3437 crebra
851 3385 879 3435 in
891 3383 988 3435 ltalia:
1010 3382 1074 3449 quia
1084 3380 1172 3432 mobi-

367 3458 422 3509 lior
433 3472 481 3508 aer
501 3454 613 3506 mitiore
633 3453 732 3516 bieme,
752 3459 781 3504 et
791 3458 898 3505 aestate
909 3451 1043 3513 nimbosa,
1063 3464 1173 3517 semper

367 3522 573 3592 quodammodo
584 3529 692 3583 vernat,
714 3522 760 3573 vel
771 3526 925 3573 autumnat.
953 3520 1052 3572 ltaliae
1063 3534 1171 3586 quoque

369 3593 495 3661 partibus
506 3592 548 3653 iis,
570 3605 640 3658 quae
650 3606 667 3642 a
678 3590 883 3658 septemtrione
893 3588 1038 3641 discedunt
1050 3589 1084 3640 ad
1095 3596 1172 3656 tepo-

368 3677 436 3723 rem,
456 3660 545 3730 qualis
567 3668 611 3711 est
631 3660 711 3711 Urbis
731 3666 760 3710 et
772 3660 938 3726 Campaniae
957 3665 1072 3721 tractus,
1092 3659 1172 3709 iuxta

368 3731 459 3783 bieme
479 3735 509 3781 et
528 3734 636 3782 aestate
657 3727 795 3796 fulgurat,
815 3728 889 3795 quod
909 3744 964 3781 non
983 3729 1012 3780 in
1027 3729 1085 3780 alio
1106 3729 1172 3780 situ.

391 3800 463 3852 ιΒΙΙ.
481 3797 641 3850 Fulminum
660 3799 783 3865 ipsorum
806 3798 886 3866 plura
903 3797 1171 3867 generatraduntur.

369 3870 449 3931 Quae
476 3868 552 3920 sicca
574 3869 709 3932 veniunt,
737 3883 791 3920 non
813 3868 940 3930 adurunt,
963 3868 1011 3919 sed
1027 3867 1172 3935 dissipant.

370 3940 448 4003 Quae
459 3936 580 3999 hunnido,
600 3953 656 3991 non
676 3944 768 4001 amnt,
789 3938 838 3990 sed
859 3936 1009 3990 infuscant.
1045 3937 1171 3989 Tertium

370 4015 422 4072 est,
445 4007 518 4074 quod
539 4007 644 4059 clarum
667 4015 776 4069 vocant,
799 4008 930 4063 mirificae
950 4006 1068 4059 maximo
1090 4013 1171 4058 natu-

370 4094 428 4139 rae,
456 4090 510 4145 quo
533 4076 612 4129 dolia
632 4077 835 4130 exhauriuntur
850 4077 965 4129 intactis
986 4077 1173 4143 operimentis,

370 4147 504 4216 nulloque
515 4146 572 4198 alio
583 4148 703 4214 vestigio
714 4146 823 4200 relicto.
841 4149 953 4208 birrum,
973 4153 1002 4199 ct
1014 4160 1069 4208 aes,
1088 4153 1117 4198 et
1127 4160 1171 4197 ar·

370 4226 484 4287 gentum
504 4216 629 4284 liquatur
648 4218 739 4279 intus,
761 4215 880 4268 sacculis
899 4216 969 4282 ipsis
989 4215 1067 4267 nullo
1089 4214 1172 4267 modo

371 4286 515 4349 ambustis,
535 4302 569 4339 ac
589 4302 623 4340 ne
644 4286 762 4338 confuso
774 4287 885 4355 quidem
896 4287 977 4353 signo
989 4300 1079 4337 cerae.
1098 4286 1173 4337 Mar·

371 4355 416 4406 cia
427 4357 555 4423 princeps
566 4357 751 4409 Romanarum
762 4358 820 4409 iota
829 4355 955 4477 gravida,
974 4360 1056 4422 partu
1076 4354 1172 4407 exani·

371 4430 466 4485 mato,
485 4424 549 4490 ipsa
566 4426 640 4477 citra
660 4428 748 4480 ullum
771 4426 829 4478 aliu
869 4424 1074 4477 incommodum
1094 4426 1172 4475 vixit.

370 4492 400 4543 ln
412 4491 575 4544 Catilinanis
591 4494 730 4564 prodigiis
742 4495 911 4564 Pompeiano
927 4510 961 4548 ex
972 4492 1122 4562 municipio
1133 4494 1172 4546 Μ.

372 4560 532 4621 llerennius
541 4559 662 4613 Decurio
673 4580 772 4617 screno
785 4566 830 4617 die
841 4565 959 4617 fulmine
970 4566 1043 4616 ictus
1055 4571 1106 4616 est.

409 4629 481 4681 Llll.
501 4631 656 4681 Tuscorum
668 4632 768 4685 literae
780 4650 878 4687 novem
890 4634 966 4687 Deos
977 4635 1106 4686 emittere
1121 4633 1174 4683 lul-

371 4700 446 4749 miua
456 4698 626 4762 existimant,
642 4715 677 4751 es
695 4717 730 4753 uc
742 4717 803 4753 esse
817 4704 944 4758 undecim
955 4718 1106 4771 genarum:
1130 4706 1173 4752 lo·

371 4782 432 4819 vem
448 4768 522 4819 enim
533 4769 608 4819 trina
619 4716 745 4821 iacufari.
773 4769 891 4824 Romani
903 4773 957 4825 duo
972 4780 1079 4825 tantum
1096 4769 1174 4823 exiis

370 4850 530 4890 servavere:
551 4836 652 4890 diurna
666 4839 852 4891 attribuentes
864 4841 933 4904 lovi,
952 4849 1086 4895 nocturna
1097 4838 1175 4891 Sum·

370 4920 471 4958 urano:
500 4906 611 4961 rariora
640 4923 707 4962 sane
727 4907 824 4960 eadem
855 4909 890 4962 dc
910 4925 994 4962 causa
1020 4910 1174 4978 frigidioris

370 4975 451 5027 eseli.
479 4976 597 5028 Etruria
615 4993 760 5044 erumpere
782 4984 857 5030 terra
878 4993 987 5047 quoque
1008 4982 1172 5041 arbitratur,

370 5059 441 5113 quae
450 5043 543 5098 infera
556 5048 688 5114 appellat,
705 5048 826 5100 brumali
837 5054 962 5114 tempore
983 5048 1072 5113 facta3
1089 5062 1175 5101 saeva

371 5114 492 5167 onesimo
510 5121 540 5166 et
558 5117 758 5179 exsecrabilia3
778 5132 839 5168 cum
851 5116 908 5167 sint
918 5120 1023 5184 omnia,
1039 5133 1109 5185 quae
1120 5120 1193 5170 ter?

352 5193 439 5235 'rena
454 5183 633 5249 existimant,
655 5200 711 5238 non
730 5186 781 5238 illa
801 5185 952 5254 generalia,
971 5200 1022 5239 nec
1042 5187 1172 5240 asideri-

372 5256 424 5305 bus
434 5254 585 5317 venientia,
605 5255 654 5307 sed
671 5270 705 5308 ex
721 5255 847 5322 proxima
858 5261 941 5322 atque
956 5257 1114 5309 turbidiore
1129 5272 1173 5307 nn-

371 5332 444 5375 tura.
461 5323 661 5391 Argumentum
672 5325 794 5386 evidens,
811 5324 886 5391 quod
896 5326 989 5377 omnia
1000 5341 1018 5376 a
1029 5329 1173 5394 superiore

371 5393 450 5446 caelo
461 5391 618 5445 decidentia
639 5394 767 5463 obliquos
777 5391 881 5446 babent
890 5393 982 5445 ictus:
1002 5394 1072 5449 baec
1082 5404 1174 5448 autem

300 5516 306 5522 ,
373 5468 555 5533 quaevocabt
570 5468 689 5525 terrena,
709 5469 808 5515 rectos.
838 5461 895 5515 Sed
915 5464 980 5529 quia
1000 5480 1036 5516 ex
1047 5466 1176 5532 propiore

373 5532 493 5584 materia
513 5532 623 5594 cadunt,
644 5532 707 5583 ideo
719 5531 871 5584 creduntur
882 5547 898 5585 e
909 5538 987 5586 terra
1002 5536 1088 5595 exire,
1110 5550 1177 5602 quo·

373 5601 448 5653 ninas
459 5614 494 5653 ex
505 5601 619 5669 repulsu
631 5602 707 5655 usila
717 5601 835 5668 vestigia
845 5602 941 5666 edunt,
951 5604 1058 5657 comsit
1068 5603 1120 5656 illa
1130 5619 1175 5657 ra·

1220 472 1263 525 tio
1272 484 1329 523 non
1339 468 1423 524 inferi
1433 470 1516 535 ictos,
1526 469 1575 523 sed
1587 467 1706 522 adversi.
1724 469 1746 520 A
1757 465 1874 520 Saturni
1884 480 1919 520 ea
1928 465 2024 522 sidere

1220 541 1361 610 proticisci
1380 539 1511 593 subtilius
1532 540 1590 591 ista
1614 538 1770 591 consectati
1799 542 1919 606 putant:
1949 538 2024 591 sicut

1221 611 1385 672 cremantia,
1404 609 1541 664 abiectis.
1569 609 1707 672 Qualiter,
1728 621 1789 659 cum
1812 604 1933 658 Volsinii
1945 607 2023 675 oppi-

1221 681 1285 733 dum
1295 682 1450 732 Tuscorum
1462 678 1701 746 opulentissimum
1712 682 1803 727 totum
1815 683 2021 729 concrematum

1221 757 1264 804 cst
1275 750 1400 801 fulmine.
1419 749 1525 801 Vocant
1536 755 1565 800 et
1575 747 1726 799 familiaria
1735 747 1764 797 in
1780 750 1869 797 totam
1881 745 1968 797 ritant
1978 744 2022 797 fa·

1221 820 1318 882 ticlica,
1339 833 1410 886 quae
1431 819 1520 886 prima
1538 818 1607 868 flunt
1628 812 1762 868 familiam
1782 829 1861 866 suam
1870 814 2023 882 cuiquein·

1221 888 1314 956 depto.
1343 890 1473 940 Ceterum
1492 887 1653 939 existimant
1673 900 1729 937 non
1740 884 1817 937 ultra
1829 883 1924 936 decern
1935 897 2023 935 annos

1222 958 1388 1026 portendere
1402 959 1533 1024 privata,
1555 962 1750 1023 praeterquam
1770 959 1823 1006 aut
1840 953 2022 1005 matrimonio

1220 1028 1309 1095 primo
1332 1026 1423 1087 facta,
1442 1033 1490 1079 aut
1509 1026 1596 1076 natali
1617 1025 1675 1077 die:
1695 1023 1808 1091 publica
1823 1022 2024 1074 nonultratti·

1221 1098 1352 1215 cepimum
1376 1110 1495 1159 annum,
1526 1100 1720 1162 praeterquam
1738 1092 1769 1144 in
1788 1091 1954 1145 deductione
1973 1105 2022 1159 op·

1219 1181 1247 1233 pr
1268 1180 1357 1216 orum.

1254 1234 1325 1286 mv.
1344 1234 1445 1284 Exstat
1456 1232 1601 1284 Annalium
1621 1231 1773 1294 mentoris,
1797 1229 1886 1283 sacris
1908 1229 2019 1296 quibus·

1220 1304 1283 1356 dant
1305 1309 1334 1356 et
1347 1302 1554 1370 precationibus
1574 1300 1620 1354 vel
1641 1301 1705 1368 cogi
1725 1299 1852 1373 fulmina,
1872 1300 1917 1351 vel
1937 1301 2023 1366 impe·

1220 1374 1299 1426 trari.
1319 1373 1407 1426 Vetus
1417 1371 1494 1424 fama
1503 1371 1635 1424 Etruriae
1647 1377 1699 1433 est,
1717 1370 1907 1436 impetratum,
1926 1368 2021 1423 Volsi-

1219 1444 1282 1494 nios
1305 1444 1402 1494 urbem
1424 1442 1499 1511 agris
1520 1440 1700 1508 depopulatis
1719 1441 1854 1493 subeunte
1875 1445 2022 1501 monstro,
2058 1448 2062 1453 ’

1220 1511 1293 1581 quod
1312 1526 1448 1564 vocavere
1466 1510 1586 1563 Voltam.
1622 1510 1776 1562 Evocatum
1795 1514 1825 1561 et
1845 1524 1863 1561 a
1881 1504 2023 1559 Porsenna

1219 1597 1271 1634 sno
1283 1596 1357 1648 rege.
1384 1581 1423 1633 luc
1438 1589 1503 1632 anto
1519 1594 1612 1632 cuma
1622 1579 1714 1632 Numa
1727 1578 1838 1646 saepius
1849 1576 1903 1629 hoc
1913 1577 2022 1629 factita-

1220 1658 1287 1714 tum,
1307 1650 1434 1718 inprime
1446 1649 1591 1702 Annalium
1603 1663 1716 1701 suorum
1728 1648 1817 1701 tradit
1835 1647 1868 1699 1..
1878 1645 1942 1700 Piso
1961 1661 2022 1715 gra·

1219 1722 1262 1772 vis
1273 1727 1388 1772 auctor:
1412 1717 1485 1787 quod
1497 1720 1638 1771 imitatum
1652 1734 1749 1786 parum
1771 1717 1825 1769 rite
1835 1716 1949 1768 Tullum
1960 1717 2021 1768 llo·

1219 1790 1324 1841 stillum
1336 1790 1422 1841 ictum
1433 1788 1558 1841 fulmine.
1576 1790 1722 1857 Lueosque
1732 1794 1761 1840 et
1772 1802 1836 1838 aras
1846 1793 1964 1839 etsacra
1975 1784 2022 1838 ba·

1219 1862 1331 1911 bemus:
1349 1859 1477 1928 interque
1499 1860 1642 1923 Statores,
1664 1865 1693 1911 et
1712 1858 1874 1918 Tonantes,
1894 1861 1923 1907 et
1939 1854 2023 1908 Fere·

1221 1929 1302 1990 trios,
1320 1928 1438 1980 Elicium
1455 1944 1564 1998 quoque
1584 1930 1743 1996 accepimus
1755 1927 1855 1978 lovem.
1884 1923 1973 1976 Varia
1994 1924 2023 1976 in

1220 1996 1274 2050 hoc
1283 1999 1358 2048 vitae
1368 2000 1517 2061 sententia,
1535 2006 1565 2052 et
1576 2015 1627 2068 pro
1638 2000 1771 2066 cuiusque
1781 1996 1883 2048 animo.
1900 1995 2022 2060 lmpera·

1219 2066 1246 2119 ri
1256 2072 1381 2130 naturae,
1400 2068 1514 2120 audacis
1533 2075 1577 2121 est
1595 2070 1724 2123 credere:
1743 2062 2024 2126 necminusbebetis,

1218 2136 1361 2190 beneficiis
1371 2137 1508 2206 abrogare
1516 2139 1609 2192 vires:
1628 2138 1737 2207 quando
1755 2137 1784 2188 in
1803 2135 1944 2204 fulgurum
1955 2147 2022 2200 quo·

1219 2222 1272 2273 que
1283 2207 1514 2274 interpretatione
1533 2223 1567 2260 co
1587 2205 1845 2277 profecitscientia,
1865 2209 2025 2255 otrentura

1207 2276 1276 2328 'alia
1287 2277 1367 2327 finito
1379 2277 1425 2328 die
1436 2276 1593 2344 praecinat:
1605 2284 1634 2330 et
1643 2293 1679 2330 an
1691 2280 1850 2343 peremtura
1860 2272 1916 2324 sint
1925 2272 2023 2334 fatum,

1221 2352 1410 2411 aut-apertura
1421 2348 1516 2412 potius
1527 2346 1585 2398 alia
1595 2346 1666 2412 fata,
1687 2360 1756 2413 quae
1778 2345 1885 2396 lateant
1899 2342 2024 2394 innume·

1220 2415 1357 2467 rabilibus
1367 2416 1396 2467 in
1408 2422 1525 2484 utroque
1536 2416 1655 2483 publicis
1667 2416 1839 2484 privatisque
1853 2411 2025 2479 experimen·
2095 2430 2100 2439 ·

1220 2486 1266 2535 tis.
1295 2485 1482 2548 Quamobrem
1494 2486 1552 2536 sint
1562 2486 1626 2548 ista,
1646 2492 1678 2538 ut
1696 2500 1789 2537 rerum
1804 2489 1920 2534 naturae
1931 2480 2024 2542 libuit,

1221 2554 1283 2605 aliis
1304 2563 1390 2617 certa,
1410 2554 1578 2620 aliisdubla,
1601 2555 1664 2607 aliis
1675 2554 1800 2622 probata,
1818 2553 1883 2605 aliis
1894 2552 2025 2602 damnan-

1221 2625 1273 2675 da:
1293 2639 1344 2675 nos
1358 2629 1461 2689 cetera,
1477 2640 1548 2693 quac
1562 2632 1627 2678 sunt
1642 2628 1670 2678 in
1681 2625 1724 2678 his
1744 2620 1947 2683 memorabilia,
1967 2633 2023 2671 nou

1221 2696 1390 2746 omittemus.

1255 2763 1316 2816 LV.
1337 2763 1501 2833 Fulgetrum
1522 2764 1601 2831 prius
1621 2764 1705 2826 cerni,
1724 2776 1805 2832 quarn
1819 2760 1955 2813 tonitrum
1975 2770 2024 2809 au·

1221 2832 1294 2895 diri,
1323 2848 1385 2884 cum
1402 2834 1487 2885 simul
1505 2834 1591 2898 bant,
1622 2842 1728 2887 certum
1748 2840 1798 2885 est.
1826 2831 1886 2883 Nec
1906 2828 2026 2889 mirum3

1222 2903 1352 2967 quoniam
1372 2903 1420 2954 lux
1441 2905 1534 2953 sonitu
1546 2904 1678 2955 velocior.
1707 2896 1794 2953 letum
1807 2906 1901 2950 autem
1913 2905 1941 2951 et
1952 2895 2028 2949 soni·

1223 2966 1279 3021 tsim
1292 2984 1454 3037 congruere,
1475 2971 1517 3020 ita
1532 2971 1692 3021 modulante
1705 2975 1819 3018 natura:
1842 2965 1890 3017 scd
1902 2967 2027 3017 sonitum
2096 2994 2105 3013 .

1222 3038 1340 3105 profecti
1352 3052 1414 3088 esse
1432 3037 1565 3100 fulminis,
1586 3053 1640 3088 nou
1658 3036 1739 3087 illati.
1761 3034 1917 3085 Etiamnum
1940 3033 2026 3098 spiri·

1223 3114 1280 3157 tum
1293 3107 1413 3157 ociorem
1434 3104 1570 3169 folorin03
1591 3107 1656 3158 ideo
1668 3104 1743 3172 quati
1756 3105 1831 3169 prius
1843 3114 1924 3152 omne
1941 3107 1970 3151 et
1987 3100 2029 3151 af·

1222 3174 1295 3237 llari,
1315 3189 1396 3240 quam
1413 3178 1531 3240 percuti:
1550 3191 1601 3228 nec
1613 3188 1766 3242 quenquam
1779 3171 1871 3241 tangi,
1892 3170 1939 3237 qui
1950 3169 2029 3237 prior

1222 3245 1326 3296 viderit
1336 3242 1449 3306 fulmen,
1461 3250 1511 3295 aut
1522 3245 1630 3296 tonitru
1640 3244 1768 3308 audierit.
1788 3241 1882 3292 Laeva
1892 3252 2028 3307 prospera

1222 3313 1431 3376 existimantur3
1454 3315 1582 3380 quoniam
1600 3315 1767 3382 laevaparte
1779 3311 1873 3363 orandi
1886 3315 1964 3361 ortus
1974 3313 2027 3359 est.

1222 3382 1281 3436 Nec
1302 3387 1357 3433 tam
1375 3383 1509 3435 adventus
1529 3392 1690 3451 spectator,
1721 3397 1802 3449 quam
1822 3379 1946 3432 reditus:
1967 3378 2028 3429 sire

1222 3453 1256 3505 ab
1271 3452 1328 3503 ictu
1341 3452 1444 3505 resiliit
1459 3453 1543 3519 ignis,
1565 3455 1623 3505 sive
1644 3467 1727 3519 opere
1739 3448 1877 3511 confecto,
1901 3455 1949 3499 aut
1963 3446 2027 3516 igne

1223 3528 1368 3573 consumto
1388 3521 1501 3588 spiritus
1522 3529 1636 3575 remeat.
1663 3524 1693 3573 ln
1711 3519 1829 3572 sedecim
1851 3522 1943 3585 partes
1963 3531 2025 3569 cae·

1224 3591 1280 3642 lum
1299 3593 1326 3641 in
1347 3606 1381 3643 eo
1393 3589 1526 3657 adspectu
1548 3589 1666 3643 divisere
1675 3591 1771 3641 Tusci.
1789 3587 1882 3640 Prima
1899 3593 1942 3638 est
1953 3600 1970 3636 a
1982 3600 2025 3637 se·

1223 3659 1438 3727 ptemtriooibus
1450 3658 1484 3711 ad
1495 3658 1726 3726 aequinoctialem
1746 3666 1886 3711 exortum:
1906 3653 2028 3708 secunda

1224 3728 1259 3780 ad
1283 3729 1444 3780 meridiem:
1468 3733 1553 3781 tertia
1572 3729 1605 3780 ad
1627 3728 1858 3797 aequinoctialem
1878 3739 2028 3778 occasum:

1224 3799 1463 3867 quatenarium,
1485 3799 1558 3865 quod
1573 3800 1709 3866 reliquum
1722 3804 1766 3851 est
1779 3798 1813 3850 ab
1825 3811 1924 3848 occasu
1935 3793 1971 3845 ad
1982 3807 2028 3846 se·

1224 3869 1416 3936 ptemtriones.
1444 3869 1504 3919 llas
1516 3868 1617 3920 iterum
1629 3871 1656 3920 in
1669 3875 1818 3937 quaternas
1830 3866 1951 3918 divisere
1962 3876 2026 3930 par·

1224 3945 1274 4001 tes,
1297 3953 1333 3988 ex
1353 3937 1451 4004 quibus
1471 3945 1535 3990 octo
1557 3940 1592 3991 ab
1614 3945 1714 3990 exortu
1726 3938 1863 4000 sinistras,
1882 3932 2028 3986 totideme

1225 4006 1365 4058 contrario
1378 4008 1555 4074 appellavere
1567 4009 1689 4062 dextras.
1718 4010 1760 4060 Ex
1771 4004 1815 4058 his
1827 4003 2029 4067 maxime'dira,

1214 4092 1294 4145 ,quae
1316 4079 1543 4144 septemtrionem
1566 4080 1601 4129 ab
1623 4092 1723 4130 occasu
1749 4077 1900 4142 attingunt.
1929 4074 2029 4139 ltaque

1224 4147 1373 4214 plurimum
1385 4146 1481 4208 refert,
1492 4148 1565 4200 unde
1575 4149 1702 4200 venerint
1715 4146 1844 4207 fulmina,
1856 4149 1886 4195 et
1897 4156 1950 4209 quo
1962 4155 2029 4192 con·

1224 4217 1368 4269 cesserint.
1397 4216 1539 4283 Optimum
1553 4225 1604 4281 est,
1625 4220 1652 4268 in
1668 4218 1808 4270 exortivas
1819 4211 1912 4265 redire
1923 4217 2028 4277 partes.

1224 4286 1290 4338 ldeo
1301 4301 1362 4338 cum
1376 4287 1493 4353 aprima
1504 4287 1573 4338 caeli
1590 4297 1669 4354 parto
1680 4284 1816 4345 venerint,
1832 4289 1861 4334 et
1872 4281 1901 4332 in
1913 4279 2029 4333 eandem

1224 4358 1423 4417 concesserint,
1434 4372 1541 4408 summa
1550 4356 1674 4411 felicitas
1684 4354 1872 4425 portenditur,
1881 4350 1961 4419 quale
1969 4344 2030 4413 Sul·

1224 4425 1269 4477 lae
1291 4425 1427 4478 Dictatori
1454 4435 1595 4479 ostentum
1617 4428 1712 4478 datum
1735 4424 1903 4491 accepimus.
1931 4421 2031 4471 Cetera

1225 4495 1311 4562 ipsius
1334 4495 1428 4547 mundi
1450 4500 1578 4563 portione
1607 4497 1697 4553 minus
1728 4507 1862 4561 prospero
1891 4496 1939 4540 aut
1959 4488 2030 4539 dira.

1225 4564 1367 4628 Quaedam
1381 4565 1494 4633 fulgura
1516 4566 1663 4618 enuntiare
1674 4580 1728 4614 non
1739 4567 1838 4628 putant
1847 4558 1902 4620 fas,
1921 4570 1971 4608 nec
1982 4570 2031 4607 au·

1225 4634 1295 4693 dire,
1316 4642 1510 4701 praeterquam
1527 4636 1551 4683 si
1564 4631 1847 4699 hospitiindicsntur‚
1868 4631 2028 4693 autparen-

1226 4704 1256 4753 ti.
1274 4703 1379 4769 Magna
1395 4700 1476 4752 huius
1496 4701 1700 4752 observationis
1710 4700 1827 4759 vanitas,
1848 4702 1926 4748 tacta
1946 4695 2029 4747 luno·

1225 4774 1268 4822 nis
1281 4771 1364 4832 aede,
1387 4772 1492 4822 Romae
1512 4767 1683 4835 deprehensa
1703 4773 1765 4831 est,
1783 4766 1888 4819 Scauro
1900 4764 2030 4826 Consule,

1225 4842 1273 4908 qui
1286 4853 1351 4889 mox
1363 4839 1488 4905 princeps
1500 4837 1563 4890 fuit.
1761 4872 1765 4878 ·

1260 4907 1351 4960 Noctu
1361 4909 1460 4976 magis,
1472 4922 1553 4974 qaam
1566 4907 1695 4970 interdiu,
1705 4907 1764 4959 sine
1774 4903 1925 4957 tonitribus
1935 4899 2028 4969 fulgu·

1225 4985 1277 5031 rat.
1296 4976 1385 5029 Unum
1396 4978 1500 5029 animal
1520 4976 1658 5030 bominem
1679 4992 1733 5028 non
1745 4988 1854 5042 semper
1865 4971 2031 5040 exstinguit,

1226 5054 1322 5101 cetera
1340 5047 1437 5099 illico:
1459 5047 1531 5099 bunc
1542 5047 1673 5099 videlicet
1684 5052 1784 5098 natura
1793 5044 1934 5097 tribuente
1946 5040 2033 5094 bono·

1225 5131 1293 5175 reru,
1316 5132 1376 5168 cum
1388 5124 1432 5169 tot
1442 5116 1554 5170 belluae
1564 5116 1672 5169 viribus
1684 5121 1837 5183 praestent.
1856 5112 1957 5165 Omnia
1968 5124 2032 5162 eon·

1226 5188 1328 5239 traria:
1338 5186 1470 5240 incubant
1491 5187 1518 5237 in
1539 5195 1647 5254 partes:
1667 5184 1758 5246 honio,
1779 5184 1833 5236 nisi
1854 5185 2033 5234 convertatur

1226 5258 1252 5308 in
1265 5270 1417 5324 percussas,
1438 5271 1491 5307 non
1504 5259 1636 5323 exspirat.
1664 5254 1788 5322 Superne
1808 5253 1857 5306 icti
1876 5250 2032 5304 considunt.

1227 5325 1358 5395 vigilans
1369 5327 1441 5378 ictus
1452 5327 1661 5378 conniventibus
1672 5325 1770 5387 oculis,
1784 5323 1923 5377 dormiens
1934 5325 2031 5387 pateu-

1227 5396 1303 5448 tibus
1322 5396 1470 5463 reperitur.
1489 5395 1636 5447 llominem
1657 5396 1698 5447 ita
1719 5396 1908 5447 exanimatum
1929 5401 2035 5441 crema·

1227 5467 1252 5517 ri
1264 5466 1306 5517 fas
1318 5472 1443 5517 nonest:
1465 5464 1547 5517 condi
1558 5471 1636 5518 terra
1649 5465 1752 5533 religio
1763 5464 1888 5517 tradidit.
1916 5458 2031 5512 Nullum

1228 5535 1341 5606 subuel,
1362 5533 1624 5598 nisiexanimatum,
1645 5534 1760 5587 fulmine
1772 5532 1939 5587 accenditur.
1968 5526 2033 5577 l'nl·

1227 5618 1295 5659 nera
1306 5604 1515 5657 fulminatorum
1527 5603 1676 5674 frigidiora
1687 5603 1871 5670 australique
1881 5610 2005 5663 corpore.
