4330 6014
361 304 404 363 7⁰
486 304 518 362 C.
563 302 709 363 retati
756 301 958 361 SECUNDl
1001 298 1165 361 NATUR.

361 452 401 505 M.
437 453 469 502 ln
481 452 587 519 Euripo
598 460 691 507 autem
703 449 845 509 Euboico,
866 447 956 513 primo
967 447 1026 501 lere
1036 448 1163 513 inuoitu,

362 519 489 572 Petaliae
500 532 620 588 quatuor
630 520 751 579 insulae,
771 524 799 568 et
810 519 836 566 iu
849 517 926 569 cuitu
935 519 1074 570 Atalante.
1110 519 1163 585 Cy·

366 590 460 641 clades
472 596 501 641 et
512 588 650 657 Sporades
661 590 695 637 ab
706 587 814 636 oriente
825 584 956 638 litoribus
966 588 1060 639 icariis
1073 587 1164 650 Asiae,

363 660 399 712 ab
410 659 554 711 occidente
566 657 687 722 Myrtois
698 654 841 714 Atticae,a
849 657 1163 723 septemtrionehegaeo

362 730 449 791 mari,
470 746 487 779 a
500 727 613 778 meridie
625 721 774 777 Creticoet
786 724 935 790 Carpathio
953 724 1092 786 inclusae,
1114 738 1164 791 per

362 797 434 849 DCC
453 796 492 847 M.
514 795 541 844 in
558 790 773 858 longitudinem,
793 799 822 844 et
831 808 881 860 per
892 794 935 847 CC
947 794 975 846 iu
986 794 1162 846 latitudinem

362 866 463 918 iacent.

397 930 545 997 Pagasicus
556 929 631 978 sinus
642 936 707 981 ante
717 945 748 981 ee
760 928 844 980 habet
853 930 1037 996 Eutychiani,
1047 930 1162 995 Cicyne-

363 1001 447 1058 thum,
455 1005 482 1049 ct
494 998 608 1062 Scyrum
620 1013 705 1063 supra
717 997 883 1059 dictans‚eed
892 998 1043 1065 Cycladum
1056 1008 1085 1049 et
1095 1000 1162 1063 Spa·

361 1067 456 1120 radun:
485 1070 630 1116 extimam:
658 1065 837 1127 Gerontians,
868 1067 1038 1119 Scaudilam:
1075 1066 1162 1118 Ther·

301 1160 307 1169 '
360 1132 1162 1257 ”titia{illitteratatanhaeim:lar

359 1221 543 1340 Peparethum
555 1288 617 1324 cuns
628 1272 739 1340 oppido,
750 1273 888 1339 quondam
896 1222 1162 1331 Eroeuuquictam,

360 1358 456 1396 norem
467 1343 505 1393 Μ.
518 1356 663 1410 passuum:
684 1341 841 1401 Sciathum,
861 1342 1017 1408 quindecim
1027 1342 1082 1393 M.:
1107 1341 1160 1391 lm·

358 1414 438 1464 brum
450 1427 510 1462 cuns
523 1411 626 1479 oppido
641 1408 814 1462 taxarat
827 1411 864 1461 Μ.
884 1426 1021 1477 passuum.
1056 1410 1160 1462 Eadem

360 1480 438 1533 abeat
450 1496 467 1531 a
478 1481 616 1531 hiastusia
628 1478 791 1530 Cherronesi
802 1478 879 1530 XXV
893 1482 930 1530 Μ.
943 1496 1015 1547 pass.
1035 1480 1097 1545 ipsa
1109 1479 1160 1530 cir-

360 1552 435 1601 cuitu
448 1549 548 1600 bXXll
560 1549 599 1599 Μ.
610 1563 754 1614 passuum,
775 1548 951 1613 pertunditur
970 1564 1050 1600 amite
1072 1548 1161 1599 lliseo.

360 1620 400 1673 Ab
410 1618 570 1670 eaLemnoe
581 1616 679 1697 viginti
688 1618 742 1668 dno
750 1617 917 1683 M.,quaeab
925 1617 995 1669 Atho
1007 1615 1161 1669 nxxxvu

360 1689 398 1739 Μ.
413 1701 554 1755 passuum.
589 1687 713 1736 Circuitu
725 1693 803 1751 patet
814 1686 884 1737 CXll
897 1686 935 1737 M.
949 1686 983 1737 D.
996 1700 1069 1752 pass.
1105 1688 1160 1751 Op·

360 1756 423 1825 pida
434 1755 518 1806 habet
529 1752 729 1819 Hephaestiam
741 1761 769 1805 et
783 1758 933 1821 Myrinum,
944 1758 971 1805 in
982 1755 1059 1806 cuius
1070 1754 1161 1805 iorum

351 1825 483 1878 ¹solstitio
494 1821 582 1875 Athos
594 1823 750 1875 eiaculatur
763 1826 896 1875 urssbram.
932 1825 972 1876 Ab
989 1839 1023 1876 ea
1040 1823 1162 1875 Theseos

359 1895 448 1947 libera
458 1894 578 1962 quinque
589 1893 627 1943 Μ.
640 1907 784 1958 passuum,
805 1893 870 1944 olim
888 1893 971 1945 Aeria
989 1893 1034 1945 rel
1046 1892 1162 1944 Aethria

360 1964 445 2016 dicta.
480 1962 544 2013 inde
555 1960 666 2013 Abdera
678 1962 859 2023 continentis,
880 1962 958 2014 xxti
971 1963 1009 2013 Μ.
1021 1977 1162 2026 passuum.

359 2031 602 2100 Athessexaginta
623 2029 679 2082 dua
699 2031 740 2081 Μ.
761 2031 934 2082 Tantundem
956 2031 1047 2081 insula
1068 2030 1162 2082 Samo·

360 2100 464 2163 thrace,
473 2115 544 2169 quae
555 2100 652 2163 libera,
662 2105 727 2151 ante
739 2100 875 2161 Hebrum,
896 2101 930 2151 ab
942 2100 1033 2151 imbro
1045 2100 1162 2167 triginta

360 2172 415 2224 duo
427 2172 475 2233 M,
494 2185 512 2221 a
521 2169 624 2222 Lemno
635 2168 738 2235 viginti
750 2167 805 2221 duo
816 2168 855 2219 Μ.
867 2168 916 2231 D.,
936 2184 954 2219 a
964 2167 1101 2220 Thraciae
1113 2183 1163 2220 nra

359 2241 548 2307 trigintaocto
562 2240 612 2301 M.,
624 2237 743 2289 circuitu
756 2237 872 2304 triginta
883 2236 937 2288 duo
949 2238 1001 2298 Μ,
1022 2238 1162 2289 attollitur

359 2315 454 2361 snonte
465 2307 553 2360 Saoce
564 2307 658 2359 decem
669 2306 709 2357 M.
720 2321 850 2373 passuum
862 2307 1032 2368 altitudinis,
1053 2308 1098 2357 rel
1110 2307 1161 2357 im·

360 2377 573 2447 portuosissima
588 2375 718 2426 omnium.
755 2374 942 2427 Callimachus
963 2390 1024 2428 eam
1047 2377 1161 2443 antiquo

359 2447 470 2498 norsrine
481 2444 651 2498 Dardaniam
661 2448 753 2494 vocat.
776 2444 851 2496 lnter
863 2443 1063 2496 Cherronesum
1075 2451 1104 2496 et
1115 2445 1162 2497 Sa·

359 2514 519 2567 mothracen
541 2515 668 2579 utrinque
689 2511 749 2564 iere
766 2513 923 2580 quindecim
939 2514 977 2565 Μ.
990 2513 1161 2564 Halonesos:

359 2584 432 2635 ultra
444 2581 580 2645 Gethone,
591 2580 753 2647 hamponia,
763 2582 992 2649 Alopeconnesus,
1014 2580 1088 2633 haud
1100 2597 1161 2649 pro-

358 2653 404 2705 cul
414 2666 432 2702 a
443 2653 538 2714 Coelo,
549 2650 715 2702 Cherronesi
725 2657 817 2716 portu,
829 2657 857 2703 et
867 2651 1001 2718 quaedam
1014 2651 1160 2716 ignobiles.

359 2720 484 2774 Descrtie
496 2735 606 2788 quoque
617 2718 770 2771 reddantur
780 2721 808 2770 in
821 2718 874 2771 hoc
883 2720 961 2782 sinu,
974 2734 1089 2787 quarum
1102 2736 1160 2773 mo·

358 2791 394 2842 do
415 2790 535 2843 inveniri
554 2794 704 2856 potuerunt
725 2788 849 2840 nomina:
879 2789 1162 2852 Desticoe,1.arnos,

360 2862 496 2927 Cyssiros,
508 2859 654 2918 Carbrusa,
666 2855 827 2918 Calathusa,
837 2857 1107 2922 Scylla-Dracanon,
1113 2859 1162 2909 Ar·

359 2944 484 2989 cenaeus,
497 2925 641 2986 Diethusa,
652 2923 765 2990 Scupos,
778 2922 920 2991 Capheris,
931 2924 1054 2987 Mesate,
1073 2928 1161 2977 Aean·

359 2998 429 3059 tion,
444 2995 655 3055 Pateronnesos,
676 2991 797 3058 Pateria,
817 2994 922 3059 Calata,
941 2993 1090 3062 Neriphos,
1108 2995 1159 3047 Po·

359 3065 468 3115 ludos.

372 3080 494 3184 eXXIV.
514 3132 636 3192 Quartus
647 3146 662 3184 e
673 3132 780 3213 magnis
791 3132 919 3200 Europae
928 3132 1012 3196 sinus,
1020 3134 1054 3185 ab
1066 3132 1161 3184 Helle·

286 3242 289 3249 .
360 3208 460 3270 sponte
471 3201 618 3266 incipiens,
629 3201 780 3252 Maeotidis
791 3202 865 3253 ostio
877 3204 979 3256 linitur.
1008 3201 1061 3255 Sed
1074 3202 1162 3252 totius

361 3271 441 3325 Ponti
464 3270 553 3321 forma
573 3270 696 3322 breviter
718 3269 911 3337 amplectenda
930 3278 982 3333 eet,
1001 3278 1032 3322 ut
1053 3271 1162 3322 facilius

361 3348 455 3409 partes
467 3347 627 3391 noscantur.
664 3338 781 3390 Vastum
802 3355 878 3393 marc
899 3343 1059 3406 praeiacens
1072 3340 1161 3401 Asiae,

361 3419 389 3463 et
402 3411 437 3462 ab
449 3408 563 3475 Europa
580 3415 708 3474 porrecto
719 3407 885 3461 Cherronesi
907 3409 988 3460 litore
1010 3409 1162 3475 expulsum,

361 3485 479 3547 armato
491 3484 584 3528 meatu
594 3479 722 3543 irrumpit
733 3478 762 3527 iu
774 3484 874 3541 terras,
883 3484 988 3545 septem
1000 3477 1162 3538 stadiorum,

361 3558 391 3599 ut
409 3548 514 3598 dictum
536 3553 592 3606 est,
614 3545 762 3597 intervallo
774 3548 914 3614 Europam
934 3546 1061 3598 auterens
1072 3548 1162 3598 Asiae.

360 3617 467 3670 Primae
478 3615 621 3682 angustias
632 3614 845 3681 Hellespontum
857 3622 965 3666 rocant.
984 3614 1045 3664 Hac
1055 3614 1162 3666 Xerxes

361 3686 506 3738 Persarum
518 3699 576 3747 reu,
598 3691 738 3736 constrato
749 3684 777 3734 in
789 3684 904 3737 naribus
916 3690 1009 3750 ponte,
1028 3683 1106 3734 duxit
1117 3699 1163 3735 ex·

360 3755 487 3806 ercitum.
523 3753 681 3822 Porrigitur
697 3753 761 3805 inde
780 3755 870 3805 tenuis
882 3754 1002 3818 Euripus
1020 3751 1161 3804 LXXXVI

360 3822 400 3873 M.
411 3837 484 3888 pase.
495 3823 586 3889 spatio
598 3822 632 3873 ad
644 3822 774 3888 Priapum
796 3824 892 3872 urben:
912 3823 1009 3883 Asiae,
1029 3836 1083 3888 qua
1104 3822 1163 3872 Ma·

361 3906 432 3959 gnus
449 3890 605 3943 Alexander
623 3888 802 3943 transcendit.
838 3888 906 3940 inde
925 3891 1100 3956 exspatiatur
1118 3905 1162 3941 ae·

360 3976 442 4029 quur,
463 3975 611 4027 rursusque
632 3960 660 4010 in
675 3965 782 4010 aretum
801 3958 870 4009 coit:
893 3956 995 4008 laxitas
1011 3957 1162 4025 Propontis

361 4029 531 4099 appellatur:
554 4027 699 4096 angustiae
716 4025 853 4077 Thracius
870 4024 1045 4092 Bosphorus,
1065 4028 1161 4078 latitu-

361 4101 424 4153 dine
445 4098 472 4151 D
493 4112 637 4165 passuum,
656 4109 711 4163 qua
723 4094 826 4146 Darius
843 4102 924 4160 pater
943 4096 1045 4148 Xerxis
1066 4096 1162 4162 copias

362 4177 445 4238 ponte
456 4166 621 4219 transvexit.
657 4166 732 4216 Tota
751 4162 786 4212 ab
807 4163 993 4231 Hellesponto
1014 4164 1161 4231 longitude

362 4236 526 4291 CCXXXlX
537 4237 575 4289 Μ.
587 4249 659 4302 paee.
695 4234 765 4285 Dein
777 4238 885 4284 vastum
897 4247 982 4295 mare,
993 4232 1097 4285 Pontus
1109 4235 1163 4286 Bu·

361 4308 450 4368 uinus,
460 4309 505 4371 qui
519 4304 655 4375 quondam
668 4305 792 4365 Axenus,
813 4302 895 4368 longe
906 4300 1073 4369 refugientes
1085 4317 1163 4355 occu·

363 4381 411 4438 pat
421 4380 526 4436 terras,
549 4389 704 4442 magnoque
715 4373 826 4427 litorum
838 4371 924 4434 dexo,
945 4379 1021 4423 retro
1032 4381 1162 4424 curratur

362 4442 392 4491 in
405 4455 515 4501 cornua,
526 4443 559 4494 ab
570 4442 613 4495 his
624 4445 754 4511 utrinque
764 4441 930 4510 porrigitur,
939 4448 971 4492 ut
982 4443 1019 4492 sit
1031 4442 1111 4507 plane
1122 4458 1163 4495 ar-

363 4525 411 4561 ene
422 4506 544 4574 Scythici
555 4511 651 4562 torma
663 4513 758 4565 Medio
769 4513 844 4565 llexu
854 4512 979 4578 iungitur
991 4513 1164 4564 ostiolllaeo·

364 4578 398 4630 tii
408 4578 494 4629 lacus.
506 4576 669 4629 Cimmerius
678 4579 839 4649 Bosphorus
851 4581 881 4634 id
891 4595 923 4634 os
934 4580 1161 4644 vocatur,MMD.

364 4662 437 4715 pass.
452 4643 610 4698 latitudine.

399 4719 435 4768 At
449 4714 524 4766 inter
533 4713 603 4766 duos
614 4714 774 4782 Bosphoros
784 4717 934 4772 Thracium
950 4729 978 4772 et
989 4719 1162 4771 Cimmerium

364 4786 471 4837 directo
483 4798 572 4844 cursu,
585 4790 614 4835 ut
625 4791 723 4836 auctor
733 4789 776 4836 eet
786 4782 927 4851 Polybius,
947 4789 980 4840 D.
991 4791 1030 4840 M.
1043 4803 1114 4854 pass.
1124 4790 1165 4839 in·

364 4861 481 4907 tersunt.
506 4852 631 4904 circuitu
644 4867 710 4903 reru
721 4853 808 4905 totius
819 4853 900 4906 Ponti
912 4857 995 4908 vicies
1006 4857 1091 4908 semel
1104 4872 1163 4907 cen·

364 4929 431 4975 tuna
441 4922 643 4990 quinquaginta
653 4920 740 4982 M.,ut
751 4926 851 4974 auctor
861 4925 998 4976 estVarro
1012 4934 1040 4978 et
1052 4926 1109 4976 iere
1121 4940 1164 4976 re-

364 5001 446 5044 teres.
472 4990 565 5057 Nepos
577 4990 721 5042 Cornelius
731 4996 859 5043 trecenta
869 4991 957 5041 millia
966 4994 1164 5061 quinquaginta

364 5059 468 5112 adiicit
503 5060 696 5111 Artemidorus
707 5060 791 5111 ricies
804 5058 898 5109 nevies
910 5067 1025 5112 centena
1044 5063 1109 5112 XlX
1124 5062 1163 5111 M.

364 5130 446 5182 lacit:
465 5129 586 5196 Agrippa
598 5129 681 5180 ricies
693 5134 723 5180 et
731 5134 829 5195 quater
840 5133 965 5188 centena,
977 5141 1005 5179 et
1016 5129 1066 5180 LX
1079 5129 1163 5187 mtlb:

363 5198 524 5259 Mucianus,
546 5200 630 5247 vicies
641 5202 671 5248 et
686 5203 911 5264 quatercentcna
922 5203 949 5246 ct
960 5196 1037 5249 XXV
1050 5200 1087 5249 Μ.
1107 5194 1112 5203 '
1124 5194 1164 5249 Si·

363 5267 425 5320 mili
435 5267 518 5318 mode
529 5265 563 5318 de
572 5267 698 5331 Europae
710 5267 798 5317 latere
809 5277 962 5315 mensuram
975 5265 1024 5316 alii
1035 5273 1165 5333 quatuor-

330 5346 341 5363 ·
364 5337 458 5388 decies
469 5341 585 5387 centena
599 5334 740 5388 lxxviii
757 5336 795 5385 Μ.
806 5333 840 5383 D.
862 5331 1093 5385 determinavere:
1115 5335 1163 5386 aiii

364 5405 495 5457 undecies
506 5410 621 5456 centena
632 5403 810 5470 septuaginta
819 5401 873 5452 duo
886 5400 954 5452 mill.
977 5402 1015 5453 Μ.
1027 5401 1117 5454 Varro
1129 5401 1164 5455 ad

366 5472 559 5525 huncmodum
571 5474 692 5524 metitur.
727 5472 768 5523 Ab
789 5469 862 5523 ostio
881 5469 966 5521 Ponti
989 5470 1164 5536 Apolloniam

366 5541 541 5595 CLXXXVll
557 5542 592 5593 M.
601 5539 824 5608 D.paes.(2alatin
832 5538 1005 5593 tantundem.
1015 5538 1055 5591 Ad
1063 5542 1164 5592 ostium

1210 302 1399 364 alsuca.
1444 302 1602 362 statu.
1645 300 1881 360 CUM-20.

1213 451 1280 504 lstri
1292 453 1404 505 CXXV.
1440 451 1480 503 Ad
1497 449 1699 517 Borysthenem
1715 447 1792 500 ccl..
1812 446 2015 500 caenosam

1215 521 1445 574 Heracleotarum
1468 520 1598 586 oppidum
1621 514 1790 569 ccccxxv
1812 517 1850 570 Μ.
1866 530 1938 581 pass.
1973 516 2016 569 ad

1216 589 1448 656 Panticapaeum,
1469 588 1542 654 quad
1554 587 1640 654 aliqui
1651 586 1823 653 Bosphorum
1835 592 1948 647 renam,
1969 601 2016 638 ex-

1215 665 1333 710 tremum
1344 660 1373 709 in
1384 659 1515 723 Europae
1525 670 1584 718 ora,
1595 655 1717 707 CCXXii
1727 654 1817 716 M.D.,
1825 668 1897 719 quac
1906 667 2016 706 summa

1215 726 1299 779 eflicit
1309 726 1448 779 tredecies
1461 735 1587 785 centena,
1607 734 1635 775 et
1657 724 1775 789 triginta
1794 730 1901 841 sethesn
1921 722 1960 772 M.
1979 723 2016 775 D.
2029 708 2073 801 a*

1214 795 1513 861 AgrippaaByzantio
1525 794 1558 843 ad
1579 792 1681 842 flumen
1697 793 1805 853 istrum,
1854 790 1913 840 lsX.
1948 791 2015 844 lnde

1214 864 1429 929 Panticapaeum
1441 863 1579 914 DCXXX.
1614 860 1707 911 Lacus
1728 862 1787 924 ipse
1807 859 1938 919 Maeotis,
1958 860 2014 911 Ts-

1213 935 1277 983 nain
1289 946 1396 982 amnem
1409 946 1443 981 ex
1456 930 1583 997 Riphaeis
1598 929 1738 980 orantibus
1756 927 1923 979 detlaeatam
1945 932 2015 981 acci·

1214 1003 1305 1067 piens,
1327 1000 1507 1050 notissimum
1525 1001 1599 1050 inter
1610 1000 1747 1062 Europam
1758 998 1905 1061 Asiamque
1925 996 2016 1061 hem,

1213 1078 1311 1135 quater
1322 1076 1350 1118 ct
1361 1068 1452 1118 decies
1463 1075 1589 1129 centena,
1609 1074 1638 1116 ct
1648 1081 1698 1117 sex
1709 1080 1836 1133 passuum
1848 1064 1887 1115 M.
1899 1067 2016 1118 circmta

1213 1145 1310 1203 patere
1329 1135 1458 1186 traditur.
1494 1136 1533 1187 Ab
1555 1137 1616 1185 aliis
1638 1135 1769 1187 undecies
1791 1139 1916 1195 centena,
1935 1134 2017 1186 XXV

1212 1206 1251 1257 Μ.
1286 1204 1327 1255 Ab
1343 1205 1417 1255 ostio
1434 1205 1492 1254 eius
1513 1203 1550 1255 ad
1560 1205 1663 1255 Tanais
1683 1202 1786 1254 ostium
1806 1202 1913 1253 disemo
1934 1218 2016 1255 cursu

1213 1273 1408 1326 CCCLXXXV
1429 1274 1468 1324 Μ.
1482 1288 1553 1339 pass.
1565 1289 1627 1324 esse
1646 1277 1763 1324 constat.
1799 1272 1920 1324 Accolae
1939 1274 2016 1325 sinus

1213 1346 1273 1397 eius
1283 1343 1311 1393 in
1322 1341 1462 1394 mentione
1474 1339 1612 1396 Thraciae
1623 1340 1691 1394 dicti
1709 1347 1773 1393 eunt
1790 1340 1953 1407 letropolim
1974 1358 2016 1393 as-

1213 1428 1274 1480 que.
1311 1410 1541 1463 lndeoetialstri.

1247 1484 1333 1533 Ortus
1344 1480 1389 1532 hic
1400 1481 1429 1530 in
1440 1481 1607 1533 Germaniae
1617 1481 1692 1548 iugis
1710 1478 1813 1532 montis
1821 1478 1962 1540 Abnobae,
1981 1493 2016 1531 ex

1212 1549 1328 1603 adverso
1341 1549 1574 1602 RauriciGaliiue
1596 1552 1704 1616 oppidi,
1723 1549 1819 1601 multis
1838 1549 1914 1600 ultra
1933 1548 2016 1615 Alpes

1212 1620 1346 1680 millibus,
1367 1634 1400 1671 ac
1422 1633 1471 1684 per
1489 1619 1649 1671 innumerae
1670 1620 1766 1686 lapsus
1783 1626 1878 1685 gentes
1890 1617 2016 1670 Danubii

1212 1689 1334 1751 nomine,
1346 1691 1481 1740 innuenso
1492 1701 1625 1756 aquarum
1638 1695 1731 1751 auctu,
1752 1696 1790 1751 et,
1813 1687 1885 1739 unde
1897 1687 2015 1753 primurn

1213 1757 1354 1823 illyricum
1369 1757 1458 1818 alluit,
1470 1758 1542 1809 ieter
1552 1757 1719 1824 appellatus,
1729 1756 1875 1824 sexaginta
1885 1757 2015 1809 ansnilsus

1211 1829 1342 1892 receptis,
1362 1828 1453 1879 medio
1464 1826 1552 1878 ferme
1563 1842 1679 1880 numero
1692 1841 1787 1879 eorum
1797 1825 1963 1893 navigabili,
1985 1827 2016 1877 in

1211 1896 1331 1947 Pontum
1349 1898 1437 1948 raetis
1456 1911 1505 1949 sex
1526 1894 1683 1948 lluminibus
1704 1895 1849 1947 erolritur.
1890 1894 2017 1949 rumam

1213 1966 1315 2016 ostium
1327 1965 1444 2018 Peuces:
1467 1980 1534 2017 mox
1545 1966 1607 2031 ipsa
1618 1966 1708 2018 Peuce
1719 1964 1820 2027 insula,
1832 1977 1849 2013 a
1859 1978 1914 2030 qua
1924 1965 2017 2030 proxi·

1212 2048 1273 2084 mue
1284 2034 1379 2085 alecus
1391 2034 1558 2101 appellatus,
1580 2034 1647 2086 XlX
1661 2034 1701 2084 M.
1717 2049 1789 2101 pass.
1800 2047 1904 2100 magua
1913 2031 2017 2100 palude

1212 2103 1352 2155 sorbetur.
1388 2104 1493 2156 Eodem
1506 2104 1586 2155 alveo
1606 2110 1634 2155 et
1654 2118 1737 2170 super
1756 2102 1918 2168 letropolim
1938 2103 2017 2153 lacus

1213 2172 1339 2240 gignitur
1354 2172 1443 2224 LXill
1460 2174 1499 2224 Μ.
1511 2188 1584 2239 pass.
1599 2172 1718 2225 ambitu:
1736 2169 1886 2238 Halmyrin
1907 2176 2017 2223 cocant.

1213 2241 1368 2293 Secundum
1379 2243 1479 2293 ostiam
1489 2242 1692 2293 Naracustoma
1701 2241 1867 2307 appellatur.
1886 2240 2016 2293 Tertium

1213 2310 1407 2373 Calonstnnsa,
1426 2311 1507 2363 iuxta
1523 2311 1641 2362 insulam
1653 2310 1843 2363 Sarmaticam.
1881 2311 2016 2373 Quartum

1214 2377 1478 2442 Pseudostomon,et
1490 2380 1517 2430 in
1529 2380 1758 2447 insulaConopon
1770 2378 1907 2431 diabasis:
1919 2385 2017 2444 postea

1213 2447 1398 2500 Borcostema
1419 2455 1448 2501 et
1468 2448 1667 2515 Spireostoma.
1713 2446 1831 2515 Singula
1851 2455 1944 2498 autern
1965 2461 2016 2498 ora

1214 2523 1381 2579 tentarunt,
1400 2525 1432 2568 ut
1444 2516 1578 2584 prodatur
1595 2520 1624 2569 in
1638 2517 1825 2585 quadraginta
1844 2516 1933 2567 millia
1952 2530 2016 2580 pas·

1213 2601 1293 2706 paam
1307 2587 1492 2653 longitudinis
1504 2587 1578 2640 rinei
1597 2601 1687 2649 mare,
1709 2586 1873 2656 dulcemque
1894 2584 2016 2652 intelligi

1234 2663 1352 2707 austum.

1247 2724 1335 2776 XXV.
1353 2725 1395 2775 Ab
1406 2739 1439 2778 eo
1448 2725 1477 2776 in
1489 2726 1600 2792 plenum
1612 2725 1722 2792 quidem
1741 2740 1839 2778 omnes
1849 2722 2015 2792 Scytharum

1213 2800 1397 2861 suntgentes:
1417 2796 1616 2847 rariaetaaren
1636 2794 1715 2846 litori
1735 2794 1866 2861 opposita
1886 2800 2015 2847 tenuere:

1213 2864 1285 2914 aliae
1305 2861 1409 2925 Getae,
1427 2862 1497 2914 Daci
1518 2864 1649 2916 Humanis
1670 2863 1753 2915 dicti:
1773 2864 1843 2914 aliae
1864 2861 2017 2922 Sarmatae,

1214 2930 1328 2983 Graecis
1340 2929 1536 2993 Sauromatae,
1549 2946 1698 2996 eorumque
1709 2931 1880 2982 Hamaxobii
1892 2937 1940 2981 aut
1950 2934 2017 2982 Aor-

1212 2999 1250 3051 si:
1273 2999 1343 3051 alias
1353 2998 1473 3064 Scythae
1485 2999 1634 3064 degeneres
1646 3005 1674 3048 et
1685 3013 1702 3048 a
1713 3002 1800 3051 serris
1811 2997 1876 3058 orti,
1888 3006 1937 3048 aut
1948 3002 2018 3050 Tro·

1212 3067 1359 3136 glodytac:
1381 3081 1445 3116 mox
1455 3066 1534 3117 Alani
1556 3074 1584 3117 et
1601 3065 1766 3116 Bhoxalani.
1800 3062 1951 3127 Superiora
1969 3081 2018 3116 au·

1212 3143 1269 3189 tem
1280 3138 1353 3186 inter
1363 3133 1518 3184 Danubium
1531 3142 1560 3185 et
1571 3134 1741 3199 Hercynium
1752 3133 1853 3184 saltum
1860 3166 1868 3194 ,
1880 3147 1968 3199 usqne.
1978 3132 2017 3185 ad

1211 3202 1374 3255 Pannonica
1394 3200 1510 3254 hiberna
1529 3203 1678 3264 Carnunti,
1698 3203 1956 3269 Germanorumque
1974 3202 2015 3255 ibi

1213 3271 1371 3333 confinium,
1381 3284 1493 3336 campos
1503 3278 1531 3323 et
1543 3271 1625 3338 plana
1635 3271 1753 3339 lazyges
1764 3271 1923 3323 Sarmatae:
1938 3284 2016 3322 mon·

1212 3348 1333 3394 teerero
1347 3349 1376 3392 et
1390 3339 1478 3391 saltus
1499 3341 1572 3408 pulsi
1594 3341 1628 3392 ab
1650 3339 1692 3392 hie
1709 3341 1779 3392 Daci
1800 3340 1836 3392 ad
1856 3340 2014 3391 Pathissum

1213 3425 1331 3462 amnem.
1366 3411 1389 3461 A
1399 3410 1494 3471 Maro,
1514 3411 1573 3467 sire
1584 3410 1608 3462 is
1619 3409 1708 3460 Duria
1719 3417 1771 3470 est,
1781 3425 1798 3461 a
1808 3409 1907 3461 Sacris
1918 3423 2015 3475 regno·

1212 3494 1266 3546 que
1277 3477 1423 3530 Vanniann
1436 3479 1568 3531 dirimens
1580 3494 1641 3540 cos,
1663 3479 1781 3532 adversa
1801 3479 1954 3531 Basternae
1976 3487 2016 3531 te·

1212 3553 1288 3609 nent,
1301 3548 1404 3613 aliique
1415 3547 1481 3599 inde
1491 3547 1630 3599 Germani.
1647 3549 1773 3614 Agrippa
1784 3555 1874 3599 toturn
1886 3563 1949 3599 cum
1961 3553 2016 3598 tra·

1213 3623 1286 3669 ctum
1299 3615 1334 3667 ab
1345 3618 1417 3667 lstro
1428 3617 1464 3667 ad
1476 3618 1614 3668 Oceanum
1627 3616 1669 3666 bis
1681 3616 1715 3666 ad
1726 3617 1820 3669 decies
1838 3625 1956 3670 centena
1974 3615 2013 3666 M.

1212 3700 1286 3754 pass.
1298 3685 1326 3734 in
1338 3683 1555 3750 longitudinem,
1576 3690 1695 3750 quatuor
1708 3685 1832 3737 millibus
1843 3692 1871 3737 et
1885 3684 2016 3750 quadrin-

1232 3755 1305 3806 entis
1317 3754 1343 3803 in
1355 3752 1543 3815 latitudinem,
1555 3753 1589 3803 ad
1602 3751 1703 3804 flumen
1714 3752 1853 3805 vistulam
1869 3769 1885 3805 a
1897 3752 2014 3804 desertis

1213 3771 1383 3881 Sarmatiae,
1404 3821 1536 3887 prodidit.
1572 3821 1735 3888 Scytharum
1747 3839 1846 3875 nonsen
1860 3836 2014 3888 usquequa·
2025 3870 2040 3889 ,

1214 3907 1266 3959 que
1276 3890 1378 3942 transit
1393 3892 1420 3940 in
1432 3890 1573 3941 Sarmatae
1586 3900 1668 3956 atque
1678 3891 1840 3943 Germanos.
1876 3891 1935 3942 Nec
1951 3889 2015 3941 aliis

1214 3961 1306 4027 prisca
1315 3958 1367 4016 illa
1377 3958 1486 4011 durarit
1498 3960 1659 4026 appellatio,
1667 3975 1748 4027 quani
1760 3961 1808 4028 qui
1818 3959 1936 4011 extremi
1946 3973 2013 4026 geu·

1213 4032 1282 4081 tium
1296 4027 1392 4079 harum
1405 4029 1494 4094 ignoti
1505 4044 1590 4095 prope
1600 4030 1700 4081 ceteris
1718 4029 1883 4081 mortalibus
1900 4029 2013 4095 degum.

1247 4096 1348 4150 XXVl.
1367 4096 1470 4150 Verum
1481 4100 1515 4149 ab
1527 4099 1598 4150 istro
1611 4097 1721 4165 oppida,
1732 4098 1913 4160 Cremniscos,
1923 4098 2012 4163 Aepo-

1212 4167 1296 4219 lium:
1317 4174 1423 4219 montes
1435 4168 1655 4230 Macrocremuii,
1666 4168 1758 4219 clarus
1769 4166 1855 4218 amnis
1865 4166 1950 4231 Tyra,
1963 4179 2013 4229 op-

1212 4236 1279 4305 pido
1290 4250 1390 4288 nomen
1403 4236 1559 4302 imponens,
1572 4237 1618 4289 ubi
1631 4244 1713 4289 antea
1726 4236 1848 4303 Ophiusa
1859 4233 2013 4285 dicebatur.

1213 4307 1244 4358 ln
1264 4304 1362 4356 eodem
1382 4305 1499 4357 insulam
1521 4308 1673 4373 spatiosam
1699 4305 1823 4357 incolunt
1844 4305 2013 4370 Tyragetae.

1213 4376 1324 4429 Aberta
1334 4373 1533 4427 Pseudostomo
1546 4376 1611 4426 istri
1622 4376 1695 4427 ostio
1707 4383 1817 4426 centum
1827 4373 1944 4440 triginta
1955 4369 2015 4421 mil·

1213 4445 1287 4497 libus
1299 4458 1437 4510 passuum.
1471 4446 1540 4496 Mox
1550 4446 1684 4506 Axiacae,
1703 4445 1880 4511 cognomines
1897 4438 2014 4501 dunnini,

1214 4515 1290 4566 ultra
1303 4528 1372 4580 quos
1384 4515 1515 4581 Crobyzi:
1534 4513 1635 4566 llunsen
1646 4512 1757 4573 Rhode,
1779 4512 1856 4561 sinus
1871 4508 2014 4572 Sagarius,

1214 4590 1312 4649 portus
1323 4582 1453 4634 Ordesos.
1488 4584 1524 4633 Et
1534 4597 1550 4631 a
1560 4584 1637 4647 Tyra
1649 4588 1756 4632 centum
1774 4577 1873 4644 viginti
1890 4573 2014 4626 millibus

1215 4665 1342 4718 passuum
1353 4648 1452 4700 flumen
1464 4649 1662 4714 Borysthenes,
1682 4648 1816 4710 lacusque
1831 4650 1859 4695 et
1879 4659 1947 4711 gens
1967 4658 2014 4696 eo·

1215 4718 1276 4771 dem
1289 4722 1408 4779 nomine,
1419 4725 1447 4767 et
1458 4716 1589 4782 oppidum
1601 4731 1618 4766 a
1629 4716 1698 4765 meri
1709 4712 1842 4765 recedens
1855 4711 2014 4779 quindecim

1214 4786 1339 4838 millibus
1361 4799 1504 4849 passuum:
1528 4784 1683 4848 olbiopolis
1695 4792 1724 4835 et
1733 4782 1918 4849 Miletopolis,
1939 4781 2012 4831 anti·

1215 4854 1276 4921 quis
1288 4853 1453 4905 nominibus.
1471 4851 1576 4902 Rursus
1588 4854 1617 4903 in
1627 4851 1712 4903 litore
1724 4857 1820 4917 portus
1831 4849 2013 4903 Achaeorum.

1214 4922 1307 4974 lnsula
1316 4919 1440 4982 Achillis,
1451 4920 1558 4970 tumulo
1569 4924 1628 4973 eiue
1639 4921 1690 4972 riri
1698 4920 1786 4972 clara.
1805 4920 1843 4971 Et
1854 4919 2013 4973 abeentum

1215 4991 1313 5057 viginti
1325 4991 1444 5057 quinque
1455 4988 1576 5039 millibus
1587 5004 1714 5057 passuum
1725 4987 1882 5055 peninsula,
1901 4985 1936 5038 ad
1957 4985 2013 5040 lor·

1215 5074 1286 5111 mans
1299 5057 1385 5125 gladii
1397 5059 1425 5109 in
1443 5068 1630 5110 transversum
1649 5064 1792 5125 porrecta,
1814 5056 2012 5111 exercitatione

1215 5128 1339 5180 eiusdem
1351 5127 1547 5194 cognominata
1556 5126 1676 5179 Dromos
1686 5125 1841 5179 Achilleos:
1862 5128 1939 5177 cuiue
1953 5125 2011 5176 lon·

1215 5197 1369 5264 gitudinem
1382 5199 1527 5264 octoginta
1536 5196 1655 5247 millium
1673 5210 1801 5262 passuum
1816 5195 1905 5248 tradit
1915 5194 2012 5260 Agrip·

1216 5282 1260 5334 pa.
1280 5266 1381 5317 Totam
1394 5279 1456 5315 eum
1469 5272 1587 5317 tractum
1598 5265 1685 5316 Tauri
1695 5263 1817 5332 Scythae
1828 5271 1856 5317 et
1867 5262 1958 5315 Siraci
1973 5270 2011 5312 te·

1215 5339 1290 5386 nent.
1326 5334 1392 5385 lnde
1402 5333 1536 5385 siluestris
1546 5333 1623 5400 regio
1636 5334 1662 5383 H
1677 5332 1774 5385 lacum
1786 5348 1878 5395 mare,
1899 5347 1952 5400 quo
1970 5328 2011 5380 ai·

1214 5402 1311 5466 luitur,
1318 5402 1535 5470 cognominavit:
1546 5351 1738 5455 Enaecadloae
1749 5410 1881 5454 vocantur
1891 5398 2002 5451 incolae

1215 5473 1295 5525 Ultra
1305 5470 1468 5537 Panticapes
1480 5469 1776 5538 amnis,quiNomadas
1787 5472 1946 5535 etGeorgos
1957 5465 2011 5516 dis.

1215 5542 1358 5595 terminat:
1381 5554 1447 5594 mox
1460 5540 1599 5593 Acesinus.
1635 5541 1754 5606 Quidam
1765 5540 1935 5605 Panticapes
1946 5548 2010 5586 con·
