4356 6014
299 317 331 376 c.
365 314 510 376 rilllll
542 308 748 377 sacuam
779 312 945 380 NATUR
980 315 1168 382 instuit
1198 318 1422 397 lillaxvlt
1456 321 1549 384 CAP.
1571 322 1622 387 36.
1643 326 1694 385 37.
1758 321 1843 387 ula.

173 463 973 534 cendasnnlmallnminiudmpsrlmevelsepavelios·
1026 471 1264 541 etpropoginemr
1284 476 1361 525 totas
1378 472 1573 542 supplantandi
1590 472 1822 535 interramvitee,

174 552 272 594 serum
283 535 379 602 utique
390 532 533 602 impendio
545 534 647 585 muniri
656 549 687 586 se
698 541 791 603 cogat.
1026 541 1174 606 cuneisque
1184 541 1314 606 tindendi,
1333 548 1362 593 ut
1372 543 1400 594 in
1410 545 1501 595 sulcos
1513 544 1606 610 plures
1625 542 1709 595 simui
1719 556 1755 594 ex
1766 553 1822 593 une

209 606 254 662 23.
272 606 428 659 lnnrbustu
439 619 455 656 e
466 603 617 671 praedictis
627 602 690 656 suia
700 604 883 657 viviradicurn
891 605 974 669 ratio,
1044 608 1207 673 repagandi,
1229 610 1387 674 gracilitate
1397 612 1567 678 singularum
1578 615 1689 664 tirorata
1706 610 1820 664 eircum-

173 679 243 731 item
252 675 445 745 propaginum,
455 680 485 725 et
494 672 564 725 haec
571 673 691 740 gemina,
702 672 874 727 ordimmnr.
895 676 970 739 Qua·
1024 620 1121 743 figatis
1132 676 1289 739 hastilibus,
1310 679 1466 730 necrecisis
1485 683 1532 744 qul
1543 681 1703 734 alateribus
1722 694 1817 733 excur-

173 747 306 801 lorumin
323 742 791 812 ipsotabulatomaximeprobata,
813 746 972 812 quoniame
1024 750 1088 796 rant
1099 744 1244 811 pampinis.
1279 745 1460 803 Norarieosis
1475 747 1600 815 agricola
1610 749 1754 800 traducum
1765 755 1823 801 tur·

174 829 276 885 perure
285 814 427 867 tutissima
436 817 488 865 est
497 810 602 875 Altera,
612 811 722 864 deflexu
731 813 789 865 vite
799 813 844 867 vel
856 813 972 879 palmite
1025 812 1062 863 ba
1081 828 1137 865 non
1158 817 1314 875 contentus,
1335 829 1386 866 nec
1409 816 1490 882 copia
1507 830 1662 880 ramorum,
1680 819 1719 869 im
1740 816 1821 871 oritis

172 887 343 939 iuxtasuam
354 883 493 944 arborem,
513 881 649 934 autoirea
663 882 817 948 proximam
829 881 971 934 caelibem.
1024 884 1176 935 etiamnum
1193 882 1323 948 patibulis
1344 884 1472 950 palmites
1487 885 1688 938 circumvolvit.
1738 894 1820 954 taque

173 956 257 1019 Quod
266 968 350 1021 supra
359 959 463 1005 terram
473 955 541 1004 este
552 958 650 1013 matre,
662 949 724 1002 radi
734 951 856 1014 iubetur,
866 966 900 1004 ne
911 950 971 1002 iru-
1024 951 1194 1018 praetersuli
1200 950 1277 1014 vitia,
1284 950 1393 1003 cultura
1399 956 1746 1019 quoqnetorvailnntvina
1757 956 1820 1008 Alia

173 1025 250 1077 ticet.
259 1024 290 1076 in
301 1029 377 1076 terra
386 1035 441 1073 non
447 1020 591 1087 pauciores
598 1032 724 1086 gemmae
730 1028 849 1088 quatuor
855 1021 973 1071 obruun·
1024 1020 1106 1087 culpa
1117 1020 1197 1071 iuxta
1206 1020 1307 1073 Urbem
1318 1022 1485 1082 Verrucinis,
1505 1035 1575 1089 quae
1595 1023 1711 1076 alternis
1722 1028 1821 1091 putau·

173 1100 222 1146 tur
230 1093 267 1144 ad
276 1092 399 1145 radicem
410 1088 583 1156 capiendam:
605 1094 685 1141 extra
695 1089 724 1139 in
736 1093 826 1156 capite
838 1091 919 1142 binae
931 1104 973 1142 re·
1023 1095 1071 1141 tur
1080 1089 1170 1141 annm:
1182 1104 1236 1140 non
1247 1090 1313 1156 quia
1323 1089 1351 1140 ld
1362 1090 1412 1141 viti
1423 1089 1572 1154 conducat3
1591 1093 1641 1144 sed
1652 1094 1717 1160 quia
1727 1091 1819 1143 vilite-

172 1162 347 1231 linquuutur.
375 1160 450 1213 vitis
459 1159 488 1209 in
499 1158 614 1210 arbusto
624 1163 745 1225 quatuor
756 1157 839 1225 pedes
850 1159 878 1210 in
889 1158 973 1227 longo
1024 1164 1054 1211 te
1066 1158 1184 1211 reditum
1194 1158 1336 1225 impendia
1354 1165 1530 1227 exsuperant.
1549 1160 1674 1213 Medium
1687 1169 1821 1229 tempera·

174 1225 975 1364 amittlllittiltttniliilitibtli‘ti
1026 1228 1821 1367 riirriiitriitl:tit⁰ltiittlttt⁸riri::·

919 1333 929 1361 9
1265 1333 1274 1361 5
1626 1340 1631 1348 ¹
1810 1330 1821 1343 ⁹

172 1368 309 1436 paulatim
320 1367 461 1419 radicibus
470 1368 528 1417 suis
539 1371 694 1417 mouerent:
709 1365 798 1418 caulis
808 1379 827 1417 a
837 1367 929 1432 capite
939 1364 973 1417 ad
1025 1366 1072 1429 do,
1084 1366 1183 1419 ceteris
1193 1366 1229 1418 ud
1239 1381 1318 1420 uvam
1328 1369 1444 1432 relictis,
1510 1372 1587 1420 racto
1599 1383 1682 1422 onera
1693 1383 1821 1436 superva-

173 1438 244 1490 duas
255 1452 381 1507 gemmas
392 1434 541 1490 reciditur:
558 1435 644 1488 tertia
655 1440 732 1486 totus
742 1449 853 1503 mergus
864 1437 973 1487 abacto·
1025 1450 1088 1498 cuo,
1107 1450 1158 1503 pro
1168 1437 1339 1489 nutrimento
1350 1441 1424 1490 omni
1434 1443 1479 1492 est
1488 1435 1589 1488 raritas
1598 1438 1729 1490 vulneris.
1764 1435 1821 1490 Sed

174 1507 260 1569 ditur,
279 1505 481 1574 reponiturque
500 1503 585 1556 altius
605 1504 767 1566 interram,
786 1520 821 1557 ne
838 1506 973 1558 errecieu
1025 1506 1080 1557 nisi
1090 1507 1183 1573 pingui
1194 1506 1256 1557 solo
1267 1506 1333 1558 talis
1343 1507 1453 1559 cultura
1462 1508 1646 1575 degeneratio
1655 1506 1821 1558 labruscam.

173 1574 315 1628 frondeat.
333 1573 412 1625 'lolli
420 1572 557 1625 viviradix
568 1573 734 1625 avindemia
744 1575 871 1641 protinus
882 1574 973 1627 debet.
1060 1575 1104 1627 28.
1123 1577 1242 1628 Arbusta
1252 1577 1328 1628 arari
1338 1591 1420 1643 quam
1431 1576 1566 1628 altissime
1580 1574 1748 1636 deciderant,
1769 1575 1822 1626 etsi

206 1643 254 1695 24.
274 1644 370 1710 Nuper
381 1650 530 1708 repertum,
542 1642 690 1705 draconem
700 1657 796 1696 serere
805 1644 885 1695 iuxta
895 1644 975 1696 arbo-
1026 1650 1136 1696 tantum
1147 1643 1364 1698 {marendulio
1375 1662 1429 1699 non
1439 1647 1536 1713 exigit.
1556 1643 1714 1712 Pampinari
1723 1657 1758 1695 eu
1768 1657 1823 1694 noa

172 1727 248 1767 reim
269 1713 312 1763 ita
322 1711 493 1779 appellamus
503 1711 646 1777 palmitem
658 1713 817 1776 emeritum,
838 1713 974 1780 pluribus·
1026 1719 1070 1766 est
1081 1714 1182 1767 moris:
1197 1721 1226 1768 et
1236 1714 1360 1768 boccum
1395 1716 1490 1767 odium
1502 1728 1612 1782 sperae.
1648 1712 1824 1779 Deputautur

173 1797 228 1852 que
238 1781 397 1833 induratum
410 1782 498 1831 annis.
509 1781 590 1833 llune
598 1780 752 1847 praecisum
763 1796 845 1850 quam
855 1784 976 1835 marium
1026 1797 1088 1836 eum
1102 1786 1158 1836 vite
1168 1786 1274 1852 pariter
1282 1785 1357 1837 inter
1369 1792 1450 1837 mata
1460 1785 1596 1836 emerere
1605 1795 1755 1844 ramorum,
1776 1780 1824 1849 qui

173 1849 364 1919 amplitudine,
370 1849 462 1902 tribus
474 1851 597 1916 partibus
608 1850 793 1919 longitudinis
803 1852 903 1905 derare
916 1867 975 1905 cor·
1027 1853 1084 1904 siat
1094 1855 1270 1920 supervacui,
1279 1860 1308 1906 et
1318 1855 1464 1906 absumant
1474 1853 1614 1905 aiimema.
1627 1852 1727 1919 Plagae
1737 1852 1773 1903 ad
1782 1866 1824 1903 se·

173 1924 240 1984 tice,
259 1929 395 1991 quatenus
416 1919 558 1982 obruatur,
578 1918 662 1985 (ande
681 1926 711 1973 at
729 1920 842 1974 rasilem
853 1925 974 1984 rosana)
1026 1924 1219 1990 mantunae,
1238 1930 1287 1975 aut
1307 1923 1343 1975 ad
1362 1923 1507 1976 meridiem
1527 1927 1653 1989 spectare
1673 1921 1823 1974 retuimum

175 1991 330 2058 deprimere
340 1989 428 2051 sulca
447 1989 556 2057 reliqua
572 1995 652 2056 parte
669 1988 706 2041 ad
725 1991 854 2043 arborem
866 1997 974 2044 erecta:
1011 1989 1135 2054 melius,
1151 1992 1278 2059 sineque
1297 1993 1326 2044 in
1338 1991 1545 2046 accamsbolls.
1581 1990 1636 2042 Diu
1648 1990 1743 2043 dolent
1753 1988 1826 2042 tulin

174 2059 334 2114 ocisdmum
344 2059 373 2110 in
384 2060 453 2111 rite.
482 2057 511 2112 Si
519 2058 632 2127 gracilis
643 2060 682 2112 eit
693 2060 756 2110 vitis
766 2064 815 2113 aut
824 2067 908 2123 terra,
919 2060 976 2112 usi·
1027 2074 1137 2128 quoque
1148 2059 1305 2123 balaenaet
1314 2061 1428 2114 difficile
1437 2066 1595 2122 moererent,
1604 2060 1721 2127 algendo
1731 2059 1824 2118 masis,

174 2135 267 2183 tatum
278 2134 322 2183 est
332 2143 414 2197 quom
426 2128 553 2196 proxime
562 2128 652 2181 solum
664 2127 768 2191 decidi,
789 2129 976 2183 doneellrme·
1027 2129 1222 2182 aestuandove.
1238 2129 1408 2183 Noneadem
1419 2130 1449 2181 in
1459 2130 1525 2192 vite,
1529 2129 1638 2249 guarin
1649 2128 1781 2188 arbustis,
1791 2126 1824 2178 li·

174 2205 224 2251 tur
242 2197 334 2251 radix:
355 2198 429 2250 sicut
448 2212 538 2265 neque
559 2197 700 2250 roscidam
715 2198 779 2260 seri,
803 2213 890 2265 neque
900 2213 917 2248 a
929 2198 976 2250 Se·
1028 2200 1136 2252 bertari
1147 2199 1277 2265 quoniam
1288 2200 1466 2253 consistere
1477 2204 1520 2251 est
1541 2197 1639 2249 acilius
1645 2195 1823 2256 abscondere,

175 2268 352 2336 ptemtrioois
363 2266 439 2320 uam.
467 2266 549 2322 Vites
559 2266 725 2335 Aquilonem
736 2272 864 2332 spectare
874 2267 976 2321 debent
1028 2273 1057 2318 at
1067 2267 1243 2335 detorquere,
1254 2282 1308 2334 qno
1318 2268 1396 2331 velis,
1405 2269 1512 2336 plagas.
1524 2268 1555 2320 ln
1566 2266 1698 2319 arborum
1708 2272 1825 2317 teneura

172 2340 262 2405 ipsae,
273 2336 405 2404 palmites
416 2341 509 2390 autem
522 2350 618 2389 earum
629 2335 784 2389 meridiem.
1027 2336 1168 2402 supiniore
1180 2337 1257 2388 reiut
1269 2337 1370 2389 calices
1382 2336 1512 2398 faciendi,
1523 2351 1557 2387 ne
1568 2335 1706 2388 consistet
1716 2333 1824 2386 bamur.

210 2404 255 2458 25.
273 2405 334 2459 Nou
345 2413 390 2460 est
400 2404 589 2459 festinandum
598 2405 634 2456 ad
653 2406 824 2471 putationem
836 2403 975 2457 novellae:
1063 2403 1190 2455 XXXVl.
1209 2404 1270 2457 Viti
1282 2405 1449 2459 adminicula
1463 2404 1598 2466 addenda,
1618 2418 1688 2469 quae
1707 2400 1825 2455 scandat

175 2472 367 2541 sedprimoio
385 2474 649 2528 circulosmateries
671 2472 843 2540 colligenda,
863 2472 978 2526 nccnisi
1027 2469 1212 2538 apprehensa,
1233 2474 1259 2524 ei
1278 2476 1385 2525 maiora
1403 2475 1468 2525 sint.
1503 2472 1610 2525 vainm
1626 2483 1823 2538 genermnrora

173 2543 286 2598 validae
295 2544 405 2610 putatio
413 2542 598 2594 admovenda:
610 2541 717 2593 seriore
729 2541 871 2593 lereauno
879 2539 977 2593 adfru-
1029 2542 1156 2607 pergulas
1168 2539 1390 2608 Quinquatribus
1401 2541 1545 2608 putandas,
1564 2552 1594 2592 et
1606 2553 1721 2605 quarum
1731 2551 1825 2590 serra

172 2619 251 2665 ctum
262 2614 379 2664 arbusta
388 2612 454 2671 vite,
464 2623 547 2675 quum
558 2608 663 2675 iugata,
673 2607 743 2659 Sunt
752 2608 800 2674 qui
809 2608 921 2661 omuino
931 2623 977 2676 pu·

173 2684 231 2734 tari
242 2683 347 2739 vetaret,
355 2678 515 2744 priusquam
527 2677 655 2728 arborum
665 2676 871 2744 longitudinem
878 2691 978 2744 aequa-

172 2748 257 2801 verit.
293 2747 388 2799 Prima
399 2745 472 2799 falce
486 2744 629 2812 sarpedon
640 2750 743 2797 eterra
758 2744 908 2809 emulatur,
930 2747 978 2798 lla·

174 2817 253 2887 gello
265 2813 343 2868 infra
352 2815 463 2877 relicto,
484 2820 513 2867 et
523 2816 598 2879 nasci
610 2820 707 2869 macto
718 2814 908 2867 incurvatione
918 2829 976 2867 nra·

176 2889 275 2941 teriae.
312 2886 384 2938 Tres
394 2886 420 2938 ei
430 2899 565 2953 gemmae,
581 2898 637 2935 non
647 2884 775 2952 amplius,
787 2883 921 2950 deputato
931 2900 976 2935 su·

177 2956 294 3024 peraiot.
330 2956 373 3007 Ex
385 2953 430 3005 his
439 2953 536 3007 emissi
553 2952 682 3020 palmites
692 2953 820 3020 prasium
832 2967 904 3004 anno
914 2952 978 3005 imis

116 3052 119 3059 ·
176 3027 342 3093 ingerantur
351 3024 519 3086 senonicae
529 3037 579 3089 per
588 3021 977 3141 singulosannosudsuperio·

651 3107 667 3143 u

177 3109 212 3145 ra
221 3090 364 3156 mandant,
382 3092 482 3144 relicto
502 3106 611 3158 semper
670 3097 795 3143 ramento
816 3091 846 3141 in
861 3090 978 3158 siugulis

177 3162 324 3224 tabulatis,
346 3167 375 3214 et
393 3161 538 3214 emissario
553 3173 620 3224 uno,
641 3160 804 3227 quisubeat,
824 3173 978 3227 usquequo

178 3231 323 3299 placuerit.
360 3232 404 3284 De
415 3236 508 3285 cetero
520 3229 664 3297 putatione
679 3232 769 3293 omni,
786 3227 899 3298 flagella
909 3242 979 3295 qnae

179 3301 306 3369 proxime
317 3301 455 3362 tulerunt,
474 3298 648 3352 recidantur:
670 3298 979 3351 novacircumcisisun·

180 3368 263 3438 dique
326 3370 413 3422 realis
423 3374 590 3436 spargantur
607 3368 635 3419 in
645 3368 788 3420 tabulatis.
823 3365 980 3420 Vernacvda

179 3440 290 3507 putatio
322 3438 420 3491 eiectis
441 3452 492 3504 per
511 3451 605 3489 ramos
623 3437 722 3490 vitium
732 3436 853 3489 crinibus
863 3438 978 3488 circum·

180 3510 265 3561 veslit
276 3510 414 3570 arborem,
425 3507 568 3574 crinesque
579 3505 655 3573 ipsos
664 3506 738 3558 uvis:
761 3505 872 3558 Gallica
881 3505 909 3556 in
920 3511 978 3556 tra·

181 3575 267 3631 duces
277 3577 445 3646 porrigitur:
455 3576 590 3629 Aemiliae
601 3575 661 3628 riae
671 3576 701 3627 io
711 3574 818 3628 radicet
827 3574 978 3627 atiniarum

179 3647 297 3711 ambitu,
307 3645 435 3700 frondem
448 3659 543 3697 eurum
555 3643 676 3713 lugiens.

214 3715 258 3768 20.
277 3718 329 3768 Eat
341 3715 512 3782 quorundam
523 3714 665 3781 imperitia
673 3714 724 3765 sub
734 3727 812 3765 ramo
822 3713 907 3765 vitern
918 3713 978 3764 viu·

179 3785 243 3836 culo
254 3782 612 3851 suspendendi,suffoeante
623 3782 739 3833 iniuria:
751 3783 888 3834 contineri
896 3782 979 3834 debet

178 3852 293 3915 vimine,
303 3867 358 3904 nou
370 3854 484 3904 arctari.
494 3851 568 3913 Quin
578 3852 662 3904 inimo
674 3853 758 3903 etiam
769 3853 866 3919 quibus
877 3850 978 3903 salices

179 3928 336 3989 supersunt,
355 3921 486 3973 molliore
495 3919 548 3974 hoc
558 3920 667 3973 vinculo
679 3920 773 3972 lacere
783 3921 900 3983 malunt,
918 3918 980 3971 ber-

180 3988 282 4058 nsque,
298 3989 385 4042 Siculi
395 4006 477 4059 quam
489 3997 591 4043 vocant
602 3988 837 4056 ampelodesmon:
861 3988 981 4041 Graecia

179 4060 485 4123 verouoiversaiunco,
506 4074 619 4128 cypero,
640 4059 712 4111 ulva
742 4057 902 4111 liberatam
914 4072 980 4125 quo·

181 4143 234 4196 que
253 4129 364 4181 vinculo
375 4143 426 4195 per
446 4128 556 4195 aliquot
574 4126 749 4193 diesvngari,
772 4126 978 4179 etinconditam

180 4198 283 4265 spargi,
303 4206 386 4264 atque
402 4200 430 4248 io
441 4202 525 4260 terra,
546 4210 628 4263 qnam
647 4201 797 4261 pertotunr
809 4209 911 4246 asinum
921 4208 981 4261 spe·

181 4271 309 4327 etsrerit,
326 4266 495 4316 recumbere.
525 4264 649 4329 Namque
659 4269 691 4312 ut
701 4264 939 4329 veterinaaiugo,
950 4267 980 4313 et

181 4351 264 4388 canes
275 4350 292 4384 a
303 4346 385 4383 cursu
398 4332 532 4382 volutatio
543 4334 627 4392 iuvat,
646 4331 688 4381 ita
697 4336 755 4381 tum
767 4336 794 4381 et
812 4330 909 4381 vitium
920 4343 982 4395 por·

178 4405 234 4471 rigi
246 4400 365 4453 lumbos.
384 4400 474 4451 Arbor
485 4412 593 4465 quoquc
603 4398 663 4465 ipen
672 4397 778 4483 gaudet
786 4396 898 4449 assirim
908 4397 981 4449 lera-

181 4480 211 4525 ta
222 4485 318 4533 onere,
339 4468 442 4520 similis
463 4466 621 4533 respiranti.
657 4465 790 4533 nihilque
802 4467 883 4519 estio
897 4479 980 4533 opere

181 4549 308 4601 naturae,
328 4537 401 4605 quud
412 4551 467 4589 non
479 4535 607 4601 exemplo
618 4535 726 4588 dierum
738 4535 916 4602 noctiumque
927 4534 980 4586 ali-

181 4626 250 4679 quas
261 4611 337 4662 vices
347 4606 480 4659 feriarum
491 4605 569 4658 velit.
580 4604 622 4656 Ob
634 4604 663 4657 id
674 4606 801 4672 protinus
812 4620 829 4656 a
840 4604 981 4656 vindemia

201 4678 281 4741 irtam,
292 4684 319 4731 et
331 4678 418 4729 laesas
429 4674 579 4727 etiamnum
590 4673 681 4727 fructu
693 4674 779 4735 odito,
798 4673 979 4740 improbatur.

224 4753 300 4800 tatae
310 4762 405 4798 rursus
416 4745 569 4812 alligentur
579 4743 636 4796 aiio
647 4744 724 4796 loco:
743 4758 862 4812 namque
873 4743 979 4797 orbitas

183 4816 286 4869 vinculi
296 4815 429 4876 sentiunt,
440 4814 587 4866 vexatione
598 4827 654 4865 non
664 4812 756 4865 dubia

217 4885 360 4937 'lraduces
371 4884 482 4936 Gallica
491 4883 603 4935 cultura
619 4884 676 4935 bini
693 4882 824 4947 utrinque
835 4880 980 4943 lateribus,

182 4956 206 5007 si
216 4969 282 5023 pars
290 4954 469 5021 quadrageno
482 4950 568 5004 distet
587 4953 692 5019 spatio:
715 4952 852 5020 quaterni,
872 4950 897 5002 si
908 4952 980 5003 vice·

181 5040 235 5075 no:
253 5025 327 5075 inter
336 5038 366 5074 se
377 5020 452 5074 ebrii
462 5022 621 5083 miscentur,
633 5022 839 5090 alliganturque
849 5036 903 5071 una
914 5035 978 5073 con·

181 5093 284 5154 ciliati,
303 5091 487 5158 virgultorum
498 5092 632 5143 comitatu
643 5091 734 5142 obiter
742 5092 858 5159 rigarati
870 5104 926 5156 qua
935 5089 982 5140 de·

165 5164 170 5171 '
181 5162 291 5213 liciam:
313 5168 361 5215 aut
371 5161 397 5212 si
408 5161 531 5214 brevitas
540 5175 595 5210 oon
605 5160 727 5227 patiatur
737 5160 869 5227 ipsorum,
880 5157 978 5209 adalli-

182 5237 248 5299 gato
260 5229 463 5297 protenduntur
473 5230 500 5281 in
512 5228 622 5280 viduam
633 5230 760 5281 arborem
773 5244 852 5281 uoco.
874 5228 981 5281 'l'radu-

183 5315 242 5354 tem
252 5299 358 5351 bimum
369 5299 529 5366 praecidere
540 5298 677 5349 solebant.
707 5298 838 5351 oneratis
850 5297 922 5350 enirn
933 5312 978 5349 re·

180 5374 288 5422 testate
300 5368 397 5421 melius
410 5369 515 5420 donare
533 5375 650 5433 tempus,
668 5374 700 5419 ut
715 5368 856 5420 transilem
868 5365 980 5427 famant,

180 5438 353 5507 silargiatur
365 5434 533 5490 crassitudo:
554 5436 625 5488 alias
636 5436 706 5489 utile
725 5443 804 5490 toros
820 5434 908 5487 laturi
919 5433 981 5486 dra·

181 5522 259 5560 coors
291 5510 347 5560 asci

213 5577 248 5629 21
269 5522 368 5629 ¹lirrrrnr
378 5576 528 5629 etiamnum
539 5588 627 5644 genus
638 5581 681 5629 est
701 5574 822 5628 medium
839 5572 914 5625 inter
925 5568 979 5624 hou

1028 2623 1059 2661 re
1069 2624 1136 2660 uvas
1147 2607 1242 2671 libeat,
1252 2611 1430 2663 demmcente
1442 2609 1522 2659 Luna
1531 2606 1654 2659 tradunt.
1668 2609 1747 2670 Quae
1756 2618 1824 2658 reru

1027 2678 1177 2730 interlunio
1198 2679 1254 2728 sint
1272 2684 1397 2744 putatae,
1415 2676 1500 2728 nullis
1519 2675 1679 2727 animalium
1690 2673 1825 2727 obnoxias

1029 2761 1098 2800 essa
1117 2745 1179 2798 Alia
1190 2748 1300 2797 ratione
1310 2747 1393 2813 plena
1402 2746 1482 2798 Luna
1491 2750 1573 2796 noctu
1584 2741 1751 2807 tondendus,
1762 2758 1824 2796 cum

1028 2816 1068 2867 sit
1077 2829 1112 2869 ea
1121 2815 1149 2866 ln
1160 2815 1266 2879 Mune,
1275 2814 1437 2882 Scorpione,
1447 2814 1610 2882 Sagittario,
1620 2815 1729 2866 Tauros
1740 2818 1824 2879 atque

1027 2888 1056 2935 io
1066 2889 1154 2936 totum
1165 2884 1295 2937 serendas
1305 2884 1402 2952 plena,
1421 2889 1470 2935 nat
1483 2888 1624 2936 crescente
1634 2883 1739 2949 utique,
1761 2896 1824 2933 cco·

1028 2959 1100 3006 ssnt.
1120 2952 1267 3006 Sufficiunt
1275 2954 1398 3007 initalia
1406 2953 1529 3006 cultores
1539 2953 1602 3006 deni
1612 2953 1641 3005 iu
1651 2956 1770 3004 centena
1779 2952 1823 3002 iu·

1028 3023 1260 3090 gerovinearum.

1064 3089 1203 3144 xxxvii.
1222 3090 1246 3143 1.
1259 3095 1293 3146 At
1305 3092 1413 3145 abunde
1423 3096 1486 3144 satu
1492 3092 1624 3159 mritoque
1631 3089 1759 3142 arborum
1767 3094 1823 3141 tra·

1030 3164 1117 3222 emto,
1134 3162 1265 3227 qouniam
1276 3162 1311 3213 dc
1322 3161 1421 3228 palmis
1432 3176 1465 3215 ne
1476 3163 1568 3229 cytiso
1578 3160 1608 3212 in
1619 3157 1772 3226 peregrinis
1781 3171 1825 3208 ar·

1031 3228 1146 3283 boribus
1158 3228 1265 3281 affatim
1276 3230 1443 3293 diximusne
1453 3229 1522 3299 quid
1532 3229 1613 3291 desit,
1621 3225 1773 3280 indicenda
1782 3240 1824 3278 re·

1029 3298 1272 3364 liquaooturaeit,
1292 3314 1459 3367 magnopere
1479 3299 1621 3367 pertinens
1632 3298 1667 3350 ad
1678 3298 1772 3349 omnia
1782 3308 1823 3350 ea.

1030 3367 1201 3420 loiretentur
1218 3383 1335 3434 namque
1345 3376 1375 3420 et
1390 3369 1505 3420 arbores
1514 3366 1627 3419 morbis.
1664 3364 1737 3428 Quid
1749 3363 1823 3417 enim

1031 3436 1156 3502 genitum
1169 3444 1245 3489 caret
1256 3435 1299 3487 his
1307 3437 1407 3489 mabri
1418 3438 1454 3488 Et
1463 3436 1635 3491 silvestrium
1648 3435 1756 3503 quidem
1764 3447 1825 3500 per·

1030 3506 1151 3557 niciam
1160 3510 1263 3574 negant
1272 3521 1347 3569 esec,
1365 3506 1514 3572 vexarique
1528 3512 1636 3558 tantum
1651 3503 1825 3571 grandineis

1030 3575 1236 3643 germinatione
1246 3581 1295 3627 aut
1305 3576 1383 3627 flore.
1417 3574 1504 3626 Aduri
1516 3574 1754 3640 quoquesarvure,
1774 3576 1823 3622 aut

1030 3645 1097 3697 llatu
1109 3643 1263 3713 frigidiore,
1272 3648 1453 3711 praepostero
1464 3642 1523 3696 die:
1535 3643 1665 3711 qnoniam
1676 3655 1728 3693 suo
1738 3639 1826 3707 trigas

1029 3727 1064 3765 ra
1074 3714 1157 3766 etiam
1167 3720 1292 3780 prostent,
1303 3719 1334 3765 ut
1345 3713 1475 3764 dirimere.
1510 3710 1584 3773 Quid
1595 3709 1678 3779 ergul
1692 3723 1783 3763 nosne
1795 3713 1824 3761 et

1030 3782 1103 3834 vites
1114 3782 1210 3848 algore
1219 3780 1378 3835 intereunti
1396 3781 1460 3833 linc
1469 3780 1580 3846 quidem
1591 3787 1643 3841 est,
1661 3793 1716 3847 quo
1727 3777 1824 3844 depre-

1029 3848 1170 3902 hendatur
1180 3850 1235 3902 seli
1244 3851 1352 3912 vitium,
1361 3848 1489 3916 quoniam
1500 3864 1555 3901 non
1566 3851 1665 3911 evenit,
1675 3847 1728 3899 nisi
1739 3848 1767 3898 iu
1777 3845 1825 3897 tri·

1031 3919 1107 3987 gido.
1143 3919 1238 3985 ltaque
1257 3932 1307 3985 per
1327 3918 1432 3970 hiemes
1448 3918 1517 3969 cneii
1533 3917 1653 3983 rigorem
1666 3916 1823 3982 probemus,

1032 4003 1088 4040 oon
1097 3987 1162 4040 soii.
1183 3987 1242 4040 Nec
1252 3987 1458 4039 infirmissimae
1470 3985 1584 4037 arbores
1594 3985 1659 4051 gelu
1668 3982 1825 4048 periclitan-

1031 4062 1086 4119 tur,
1107 4055 1157 4109 sed
1176 4060 1325 4109 maximae:
1346 4055 1508 4120 vexatisque
1524 4053 1567 4105 ita
1581 4050 1825 4114 cnrumiuuprima

1030 4125 1199 4188 inarescunt,
1214 4126 1345 4194 quoniam
1355 4124 1536 4192 praestrictam
1544 4120 1609 4190 gelu
1619 4133 1674 4173 non
1684 4117 1778 4185 patuit
1789 4130 1824 4168 eo

1032 4194 1176 4260 pervenire
1186 4192 1291 4246 humor.

1066 4262 1092 4312 2
1102 4263 1238 4313 Arborum
1250 4263 1361 4330 quidam
1373 4274 1531 4314 communes
1541 4255 1641 4316 morbi,
1646 4251 1760 4321 quidam
1772 4253 1827 4318 pri-

1031 4319 1824 4450 :tiitl‘lttitrrettulitretiulit&

1308 4414 1325 4449 u
1749 4408 1756 4440 ε
1813 4419 1823 4431 ·

1032 4467 1136 4519 cietate
1156 4466 1297 4518 nominum
1320 4434 1431 4533 quisquc
1450 4410 1513 4517 egra
1533 4462 1674 4517 bominum
1694 4459 1825 4511 nomeriis.

1031 4537 1143 4597 Trunca
1162 4535 1278 4588 dicimus
1297 4542 1506 4600 certecorpora,
1525 4538 1553 4585 et
1564 4529 1660 4583 ocules
1670 4528 1825 4597 germinum

1032 4609 1161 4668 exustos,
1182 4618 1217 4656 ac
1231 4604 1319 4655 merita
1333 4603 1420 4656 sinuli
1430 4609 1515 4656 sorte.
1550 4601 1645 4666 ltaque
1657 4598 1786 4652 laborant
1798 4604 1827 4650 et

1032 4673 1116 4736 larse,
1135 4681 1163 4727 et
1175 4671 1323 4737 cruditate,
1341 4688 1413 4740 quae
1432 4669 1642 4724 fiuntbumoris
1660 4667 1826 4736 quantitate.

1031 4743 1147 4811 Aliquae
1168 4756 1234 4795 vero
1256 4748 1285 4794 et
1306 4742 1457 4795 obesitate:
1478 4747 1509 4793 ut
1520 4741 1614 4793 omnia
1623 4752 1694 4805 quae
1704 4740 1825 4789 resinam

1031 4811 1134 4876 lerunt,
1154 4811 1240 4865 nimie
1260 4809 1452 4880 pinguitudine
1467 4810 1496 4861 in
1514 4810 1608 4862 tedam
1619 4811 1775 4859 mutantur:
1797 4811 1827 4857 et

1033 4896 1094 4933 cum
1104 4880 1212 4934 radices
1224 4896 1333 4949 quoque
1344 4880 1524 4948 pinguescere
1535 4892 1660 4945 coepere,
1676 4877 1826 4937 intereunt,

1032 4956 1062 5000 ut
1082 4950 1222 5013 animalia,
1242 4950 1328 5001 nimio
1349 4949 1441 5015 adipe:
1460 4947 1610 5016 aliquando
1627 4953 1655 4999 et
1665 4943 1827 5013 pestilentia

1033 5034 1082 5087 per
1091 5032 1204 5087 genera,
1214 5017 1287 5071 sicut
1295 5019 1369 5071 ieter
1379 5016 1515 5083 homines,
1534 5016 1826 5083 nuncserritia,nuoc

1031 5088 1110 5156 plebs
1120 5087 1236 5151 urbana,
1244 5086 1288 5139 vel
1300 5087 1413 5141 rasura.

1065 5156 1090 5209 A
1109 5155 1333 5209 vermiculantur
1343 5158 1433 5225 magis
1443 5156 1567 5209 minusve
1577 5152 1721 5222 quaedam,
1732 5163 1826 5203 omnes

1032 5233 1125 5279 tameo
1137 5225 1210 5278 lere:
1232 5225 1315 5294 idque
1325 5241 1391 5279 ares
1402 5226 1463 5279 cari
1473 5226 1584 5279 corticis
1599 5238 1668 5275 sono
1680 5219 1827 5288 experiun-

1030 5302 1085 5347 tur.
1098 5294 1154 5347 lam
1166 5295 1279 5362 quidem
1291 5302 1321 5348 et
1329 5293 1382 5347 boc
1392 5296 1422 5347 iu
1433 5296 1542 5347 luxuria
1554 5307 1615 5346 esse
1625 5291 1719 5356 coepit
1728 5307 1735 5339 ε
1745 5298 1826 5352 prae·

1029 5364 1205 5435 grandesque
1216 5365 1345 5417 ruborum
1357 5364 1519 5417 delicatiore
1529 5367 1594 5415 suut
1603 5360 1633 5411 in
1643 5359 1720 5411 mbo:
1732 5366 1827 5432 cossus

1029 5439 1144 5485 vocant:
1156 5431 1428 5502 atqueetiamlarina
1438 5431 1569 5500 saginati,
1577 5427 1604 5479 hi
1615 5439 1724 5505 quoque
1731 5417 1826 5502 altiles

1032 5502 1108 5561 tunt
1118 5503 1244 5556 Maxime
1254 5509 1347 5556 autem
1359 5504 1491 5555 arborum
1502 5499 1555 5552 boc
1564 5499 1687 5546 renuunt
1696 5502 1826 5557 pumma·

1031 5570 1062 5635 li,
1071 5571 1128 5623 lici:
1142 5572 1321 5639 minus,qune
1330 5584 1442 5625 amarae
1453 5575 1519 5623 suot
1529 5571 1558 5618 et
1567 5561 1674 5613 ademi*
1722 5560 1745 5576 '⁴
