4374 6014
305 283 337 343 C.
363 281 519 343 PLINII
548 280 761 343 SECUNDI
789 281 961 343 aarum
989 282 1181 345 ursiuli.
1207 285 1295 347 biit.
1318 258 1454 351 XXXII.
1487 289 1583 351 CAP.
1607 293 1724 375 12-14.
1780 299 1841 361 aaa

190 442 281 503 tatum
299 436 529 502 interpretantur.
565 431 799 487 Probatissimbm
812 449 893 503 ιιιιιιιι
905 434 1009 488 nari:

190 506 363 567 mereberis,
383 510 502 570 etqusm
514 503 744 566 saniosissinrum,
765 505 992 570 necscabtosum,

193 584 243 632 aut
255 574 405 641 lapideum,
425 581 473 625 aot
485 587 581 622 rursus
593 573 685 634 inane,
703 580 732 624 et
743 588 903 626 concanora.
940 576 993 626 Au·

194 646 310 700 demtus
321 645 467 697 baccarum
475 642 535 695 elas
546 656 601 693 aron
614 645 702 693 nrirrus
710 641 840 696 Indorum
853 644 994 710 virisque·

195 731 247 785 que
258 713 382 782 pretiosa
392 718 444 775 est,
466 727 546 780 quam
558 710 669 765 leminis
680 713 783 764 nostris
794 714 910 766 uniones
920 712 993 765 Indi-

193 787 229 839 ol.
263 783 413 849 Aruspices
433 796 528 833 eorum
549 787 681 848 vatesque
693 781 818 848 inprimis
829 783 991 852 religiosum

193 855 223 908 irl
236 860 378 922 gestamen
396 851 564 903 amoliendis
576 852 706 919 periculis
717 852 899 905 arbitrantur.
935 853 990 903 lta·

194 940 248 992 que
259 927 287 975 et
298 922 398 973 decom
411 926 439 973 et
451 920 586 988 religione
597 920 729 988 gaudent.
755 921 835 974 l'rius
847 937 927 990 quam
939 920 992 975 hoc

195 996 362 1053 notesceret,
373 989 449 1042 Galli
460 990 579 1057 gladios,
599 996 689 1054 scuta,
709 991 806 1056 galeas
816 993 992 1044 adornabant

194 1078 238 1117 eo.
274 1062 354 1115 Nunc
366 1064 446 1112 tauta
458 1061 573 1125 perraria
583 1067 625 1112 est
637 1060 766 1111 vendibili
779 1075 879 1124 merce,
890 1068 921 1112 ut
933 1076 992 1127 per·

193 1148 275 1202 quam
289 1145 353 1182 raro
364 1136 492 1183 cernatur
504 1130 532 1180 in
546 1144 597 1181 suo
610 1129 686 1181 orbe.
722 1128 834 1182 Surculi
857 1130 992 1183 infantiae

193 1198 349 1268 adalligati,
369 1198 488 1252 tutelam
512 1199 612 1251 habero
632 1199 795 1252 creduntur.
833 1203 992 1269 Contraque

194 1271 354 1331 torminum,
366 1285 400 1320 ac
411 1271 528 1329 rasicae,
549 1276 577 1321 et
589 1269 759 1321 calculorum
771 1271 847 1322 mala
858 1274 888 1323 iu
902 1271 993 1336 polre-

194 1356 251 1393 rsm
265 1342 329 1408 igne
340 1339 457 1400 redacti,
469 1338 584 1405 potique
596 1354 657 1390 cura
669 1353 741 1406 aqaa
752 1341 929 1392 auxiliantur.
949 1339 992 1391 si-

193 1411 254 1462 mili
274 1408 357 1461 modo
376 1424 410 1461 cx
432 1408 497 1460 vino
517 1412 588 1476 poti,
609 1409 847 1472 autsilebrissit,
866 1423 993 1477 easque,

194 1492 321 1532 somnum
334 1477 462 1530 afferunt.
499 1478 612 1545 lgnibos
623 1479 670 1529 diu
683 1487 847 1547 repugnant.
883 1478 937 1531 Sed
948 1495 993 1530 eo·

193 1549 256 1603 dem
270 1546 453 1599 medicamine
474 1549 584 1614 saepius
601 1556 669 1615 poto
689 1549 802 1599 traduat
815 1549 913 1601 lienem
925 1562 994 1615 qoo-

193 1634 247 1688 qae
268 1617 384 1669 absumi.
421 1615 590 1684 Sanguinem
612 1619 804 1681 reiicientibos
825 1618 993 1671 erscreanti·

194 1690 283 1740 bnsce
304 1685 459 1739 medentur.
496 1686 573 1738 Ciuis
589 1703 685 1739 eorum
703 1688 835 1739 nuscetur
850 1688 993 1741 oculorum

194 1755 412 1809 eradicamentis.
449 1753 556 1820 Spissat
567 1757 640 1809 enim
652 1773 687 1808 ac
697 1756 855 1822 refrigerat.
890 1758 993 1809 liulce·

193 1842 254 1879 rura
267 1841 333 1878 cara
344 1823 448 1891 explet.
485 1825 637 1877 Cicatrices
647 1832 789 1877 extenuat.

230 1896 289 1947 Xll.
308 1894 389 1957 Quod
400 1893 435 1944 ad
447 1896 660 1961 repugnantiam
672 1911 765 1947 rerum
777 1896 887 1957 attinet,
906 1909 989 1961 qnasi

1078 435 1154 492 XIV.
1174 436 1307 490 Gentinos
1326 437 1458 493 similiter
1476 439 1566 493 victus
1581 441 1609 493 in
1622 444 1701 511 aquis
1713 451 1843 516 terraque

1043 505 1225 570 testudinum,
1245 506 1416 576 effectusque
1437 523 1504 575 par:
1525 507 1630 564 haume
1643 513 1777 579 habendo,
1798 520 1844 572 rel

1044 582 1160 643 propter
1180 576 1318 629 excellens
1338 580 1365 627 in
1386 592 1437 629 usa
1450 580 1578 645 pretium,
1593 587 1765 651 naturaeque
1777 600 1841 651 pro·

1045 645 1202 711 prietatem.
1229 643 1554 714 Suntergntestudinom
1566 663 1677 717 genera,
1684 658 1843 721 terrestres,

1044 716 1178 776 marisiae,
1188 712 1319 777 lutariae,
1331 725 1438 782 atquae
1449 717 1477 768 iu
1490 716 1565 769 dulci
1575 734 1647 786 aqua
1658 721 1763 775 vivunt.
1782 725 1843 777 Has

1044 783 1159 852 quidam
1180 783 1322 837 eGraocis
1341 785 1456 852 emydas
1465 788 1617 853 appellant.
1653 790 1842 847 'l'errestriuar

1043 868 1144 907 carnes
1154 851 1341 905 suffitionibus
1351 856 1488 921 propriae,
1498 856 1673 925 Magicisque
1683 861 1790 913 artibus
1801 877 1843 915 re·

1043 922 1181 986 intendis,
1189 930 1218 974 et
1228 930 1327 975 contra
1335 939 1443 977 venena
1454 926 1592 978 salutares
1605 926 1769 993 produntur.
1782 931 1844 983 l'lu-

1043 993 1133 1046 rimae
1141 994 1170 1044 ia
1181 991 1285 1045 Africa.
1320 994 1383 1045 liae
1394 994 1434 1045 ibi
1445 1001 1588 1063 amputato
1605 998 1699 1065 capite
1711 1001 1841 1066 pedibus·

1044 1078 1107 1130 que,
1127 1076 1178 1129 pro
1190 1062 1319 1115 antidoto
1330 1062 1391 1114 dari
1405 1064 1549 1117 dicuntur:
1571 1074 1599 1120 ct
1622 1084 1656 1120 ex
1666 1069 1727 1121 iure
1738 1069 1767 1121 in
1779 1070 1842 1122 ciba

1043 1139 1162 1193 sanstae,
1183 1138 1303 1185 strumae
1314 1132 1460 1197 discutere,
1478 1134 1567 1188 lienes
1579 1137 1698 1191 tollere:
1718 1140 1786 1191 item
1800 1154 1844 1191 co·

1044 1201 1299 1253 mitialesrnorbos.
1336 1201 1453 1272 Sanguis
1474 1219 1568 1257 earum
1594 1206 1749 1259 claritatem
1767 1208 1844 1261 crisos

1045 1269 1121 1331 lacit,
1133 1269 1355 1339 suffusionesque
1367 1273 1510 1325 oculorum
1522 1275 1607 1327 tollit.
1630 1278 1669 1329 Et
1680 1282 1845 1330 contrascr-

1044 1342 1167 1409 pentium
1189 1342 1311 1392 oninium
1333 1348 1361 1394 et
1372 1356 1537 1396 mancorum
1550 1358 1584 1395 ac
1592 1344 1724 1398 similium
1736 1361 1844 1399 ιἐιιειιιι

1045 1410 1205 1473 auxiliatur,
1226 1419 1336 1463 servato
1348 1412 1483 1480 sanguiue
1493 1415 1523 1464 in
1537 1412 1629 1466 farina
1639 1415 1733 1481 pilulis
1751 1415 1844 1479 iactis,
1925 1418 1928 1425 '

1045 1488 1072 1532 ot
1084 1491 1145 1529 cum
1157 1494 1227 1546 opus
1238 1479 1312 1532 sitin
1325 1483 1388 1533 viae
1400 1483 1484 1535 datis.
1512 1483 1589 1536 Felle
1600 1484 1770 1536 testudinum
1781 1500 1843 1537 cum

1044 1549 1138 1601 Attico
1151 1550 1231 1602 melle
1240 1549 1419 1617 glaucomata
1430 1552 1525 1619 inungi
1537 1552 1665 1619 prodest:
1677 1564 1705 1605 et
1716 1556 1842 1622 scorpio·

1045 1634 1109 1670 num
1121 1618 1221 1685 plagae
1233 1619 1373 1671 instillari.
1401 1622 1570 1689 Tegumenti
1581 1623 1651 1674 cinis
1662 1623 1728 1674 rino
1740 1630 1768 1675 et
1780 1623 1844 1676 aleo

1045 1690 1176 1740 subactus
1187 1688 1287 1755 pedum
1298 1691 1382 1741 umas
1394 1688 1563 1758 hulceraquo
1580 1699 1670 1745 saum.
1707 1690 1845 1761 Squsnrae

1044 1772 1180 1810 asumma
1191 1764 1271 1823 parte
1291 1757 1416 1823 derasae,
1436 1766 1465 1813 st
1475 1762 1503 1812 in
1514 1768 1582 1827 potu
1595 1760 1688 1824 datae,
1708 1761 1844 1814 Venerem

1046 1824 1184 1878 cohibent.
1221 1828 1263 1878 Eo
1275 1829 1366 1896 magis
1379 1828 1432 1880 hoc
1442 1829 1554 1892 mirum,
1565 1831 1694 1897 quoniam
1707 1832 1795 1883 totius
1804 1837 1846 1881 te·

1039 1895 1172 1963 gumenti
1183 1894 1437 1949 larinaacceudere
1452 1898 1575 1950 traditur
1590 1899 1745 1951 libidinem.
1782 1897 1844 1950 Uri·

194 1964 296 2018 Graeci
307 1960 489 2029 antipathiam
502 1971 611 2026 v'ocant,
633 1963 703 2015 nihil
718 1972 760 2016 est
778 1978 893 2031 usquam
909 1979 992 2015 venc-
1047 1980 1108 2016 nam
1120 1979 1215 2015 earum
1227 1963 1310 2017 aliter
1321 1980 1402 2030 quam
1413 1967 1443 2018 in
1454 1968 1554 2021 vesicis
1566 1968 1759 2029 dissectarum,
1770 1967 1845 2020 inve·

194 2034 296 2093 natiue,
316 2047 398 2099 quarn
414 2036 442 2082 in
461 2033 532 2084 mari
556 2034 709 2099 pastinaca,
730 2040 827 2100 utpote
839 2048 900 2084 cuns
913 2031 992 2083 radio
1014 2038 1015 2041 ’

192 2105 254 2158 aas
266 2102 379 2153 arbores
390 2101 483 2153 necari
505 2101 667 2152 dixer-iruna
704 2103 784 2151 lianc
795 2107 887 2153 tamen
899 2114 992 2166 perse·

194 2168 403 2240 quitargaleos.
438 2169 514 2221 idem
527 2176 554 2221 ct
566 2170 637 2222 alios
647 2168 756 2235 quidem
769 2169 869 2234 pisces,
885 2167 935 2219 sed
948 2182 993 2233 pa·

194 2241 317 2295 stiuacas
327 2238 484 2306 praecipue,
494 2241 567 2290 sicut
578 2239 607 2290 in
619 2248 697 2289 terra
708 2245 852 2303 serpentes
864 2237 992 2287 mustela

195 2314 287 2365 'l'anta
299 2315 342 2361 est
354 2307 475 2359 ariditas
490 2308 576 2374 ipsius
590 2307 696 2359 veneni.
725 2306 868 2359 Percussis
880 2321 946 2358 sero
958 2306 992 2358 ab

195 2396 230 2433 ea
239 2379 367 2432 medetur
375 2384 403 2428 et
415 2374 458 2427 hic
470 2377 592 2444 quidem,
601 2377 650 2427 sed
662 2383 690 2429 et
701 2375 812 2436 mullus,
828 2391 860 2426 ac
870 2376 951 2426 laser.

230 2450 304 2503 xiil.
324 2446 491 2514 Spectabilis
502 2453 619 2497 naturae
630 2445 758 2512 putentia
770 2445 798 2494 ia
816 2444 858 2495 bis
875 2458 994 2510 quoque,
1012 2500 1015 2513 Ι

196 2520 294 2586 quibus
305 2516 367 2569 etia
379 2514 463 2566 terris
472 2515 534 2567 etin
545 2530 619 2582 aqua
629 2514 858 2575 victusest,sicut
869 2521 897 2564 et
906 2512 994 2575 libris,

196 2604 267 2657 quos
278 2593 405 2637 castores
415 2589 558 2646 vocant,et
567 2590 698 2634 castorea
710 2588 914 2635 testeseoruaa.
931 2583 993 2632 dni·
1015 2602 1016 2607 ¹

196 2656 289 2725 putari
311 2654 361 2704 hos
379 2654 412 2704 ab
424 2652 502 2719 ipsis,
523 2668 584 2703 conr
597 2654 753 2718 capiantur,
774 2657 860 2720 negat
879 2649 995 2721 §ertias

195 2724 428 2793 diligentissimus
440 2722 603 2774 medicinae.
637 2722 713 2784 Quia
724 2720 809 2772 ἰιιιιιιιι
817 2736 920 2787 parvos
933 2735 994 2772 esse

196 2795 425 2859 substrictosque,
437 2800 465 2844 at
475 2790 660 2844 adhaerentes
671 2791 778 2857 spinae,
797 2807 845 2842 nce
857 2790 943 2841 adimi
954 2789 991 2839 si·
1013 2840 1015 2851 ,

195 2863 436 2916 neritaaninrulis
459 2877 551 2928 posse.
582 2861 747 2912 adnuerant
768 2868 860 2911 autem
883 2860 994 2912 renibus
1012 2918 1016 2931 ἱ

195 2934 330 2996 ciusdenr,
350 2931 394 2998 qui
406 2932 463 2982 sint
474 2930 603 2998 grandes,
620 2947 680 2984 cunr
693 2930 750 2982 reri
763 2936 849 2982 testes
861 2927 939 2995 parvi
949 2926 994 2978 ad·

193 3005 306 3055 modum
327 3000 509 3068 reperiantur.
548 3001 698 3053 Praeterea
711 3016 745 3050 ne
767 3000 871 3050 resices
883 2998 993 3065 quidem

194 3087 266 3135 esse,
286 3087 348 3121 cunr
358 3071 416 3121 siat
426 3073 563 3138 geminae,
584 3070 657 3137 quod
670 3070 742 3121 nulli
755 3069 926 3121 aniaraliuru.
962 3067 993 3118 Ia

196 3141 238 3192 his
259 3140 393 3192 folliculis
414 3139 533 3191 inveniri
550 3139 698 3205 liquorem,
719 3145 747 3191 et
767 3140 902 3189 asservari
925 3136 993 3188 sale.

194 3210 293 3278 Itaque
303 3210 375 3260 later
384 3208 566 3275 probationes
579 3208 657 3270 ialal,
676 3224 738 3259 esse
750 3206 890 3258 folliculos
906 3207 994 3273 gensi·

194 3296 248 3332 aros
260 3295 293 3330 ea
305 3293 360 3330 aaa
369 3293 443 3329 nexu
465 3277 663 3343 dependentes,
684 3277 857 3344 quedipsum
870 3289 993 3327 corrum-

192 3349 222 3416 pi
245 3347 341 3399 lraude
362 3347 569 3398 coniicientiunr
588 3349 694 3414 gumeri
707 3361 768 3397 crrnr
780 3346 922 3412 sanguine,
942 3351 994 3397 aut

193 3418 439 3471 Hammoniacum:
460 3416 588 3481 quonium
608 3415 804 3466 llanrmoniaci
818 3414 921 3466 coloris
933 3429 994 3467 csse

195 3487 323 3546 debeant,
336 3484 434 3536 tunicis
446 3484 619 3546 circumdati,
632 3485 739 3551 liquore
750 3476 836 3537 veluti
848 3484 938 3535 mellis
951 3500 994 3535 cs-

193 3555 261 3616 rosi,
277 3555 366 3607 odore
377 3569 484 3621 grares,
502 3561 703 3621 guarnamam,
725 3560 753 3607 at
771 3555 840 3614 acri,
859 3553 994 3606 lriabiles.

193 3624 388 3677 Efficacissimi
402 3622 526 3685 ePonto,
535 3622 710 3690 Galatiaque,
721 3638 786 3675 mox
796 3622 901 3676 Africa.
920 3622 994 3676 Ster-

194 3702 327 3745 numenta
338 3692 441 3744 ellectu
459 3700 579 3744 urerent.
616 3692 746 3744 Sonrnum
759 3693 919 3756 concibant,
932 3709 992 3746 cum

193 3778 311 3813 rosaceo
322 3769 349 3814 et
362 3762 520 3828 peucedano
533 3770 666 3828 peruncto
677 3763 782 3830 capite:
805 3769 834 3814 et
845 3777 896 3828 per
905 3778 935 3815 se
946 3778 994 3829 po·

195 3832 218 3883 ti
227 3833 256 3883 in
266 3848 351 3899 aqua:
374 3832 409 3883 oh
421 3830 450 3881 id
463 3830 630 3898 phreneticis
646 3832 739 3883 utiles.
775 3832 844 3882 ltenr
857 3831 993 3899 lethargi·

194 3917 240 3953 eos
252 3903 346 3953 odoris
363 3900 455 3952 suffitu
479 3903 616 3954 excitant:
639 3902 838 3968 vulvarumque
852 3904 994 3954 exanima·

194 3971 285 4022 tiones
309 3970 352 4023 rel
373 3970 486 4020 subditi.
523 3971 558 4021 ut
581 3986 690 4025 menses
710 3987 743 4023 ac
762 3971 993 4034 secrrndascient,

161 4090 166 4096 ,
192 4039 300 4091 duabus
323 4036 461 4090 drachmis
483 4055 517 4091 ex
536 4054 683 4106 aquarum
703 4039 815 4107 pulegio
827 4041 896 4105 poti.
931 4042 994 4093 llle-

196 4109 297 4161 dcntur
309 4115 337 4157 et
348 4107 492 4173 vertigini,
506 4106 698 4173 opisthotonis,
710 4107 845 4169 tremulis,
856 4110 994 4173 spasticis,

192 4191 338 4230 nervorum
352 4176 437 4235 vitiis,
459 4175 626 4236 ischiadicis,
646 4173 835 4236 stomachicis,
859 4177 994 4244 paralyti-

193 4248 244 4309 cis,
265 4245 406 4311 pcrunctis
422 4245 565 4294 omnibus:
587 4244 631 4294 vel
654 4244 713 4294 triti
735 4243 770 4294 ad
782 4246 992 4297 crassitudinem

191 4314 286 4368 mellis
299 4328 358 4364 curn
370 4313 475 4364 sentiae
486 4312 590 4373 viticis,
601 4328 633 4363 ex
646 4320 726 4364 aceto
737 4320 786 4363 aut
796 4326 919 4365 rosaceo.
948 4312 994 4367 Sic

192 4393 222 4439 et
233 4392 330 4437 contra
341 4381 497 4433 comitiales
508 4382 604 4433 sunni:
617 4382 753 4448 petivere
766 4387 864 4433 contra
873 4380 994 4435 inilatio·

190 4471 252 4516 nes,
263 4452 394 4514 torneiae,
405 4466 519 4503 renarra.
548 4448 711 4503 Differentiae
721 4457 829 4502 tanturn
840 4457 939 4502 contra
948 4469 994 4522 ge·
1010 4480 1014 4509 ι

191 4522 465 4576 neraestmisturae.
483 4521 592 4587 Quippe
604 4520 735 4572 adversas
745 4520 995 4587 scorpionesexvi·
1011 4522 1015 4531 '

192 4593 380 4645 nobibuntur:
392 4589 713 4659 adversusphalangiaet
721 4593 994 4656 araneos,exnrulsn,

192 4663 232 4714 ita
243 4669 274 4714 ut
284 4659 437 4723 vomitione
449 4659 615 4712 reddantur:
639 4667 687 4711 aut
699 4668 730 4710 ut
741 4661 921 4723 retineantur,
932 4678 992 4714 cum

193 4739 270 4782 ruta:
279 4730 414 4782 adversus
422 4728 768 4797 chalcidasmummyrtite:
781 4729 993 4784 adversuscera·

193 4806 254 4851 strn
266 4808 293 4851 et
306 4806 453 4865 presteras,
465 4814 525 4849 com
536 4814 647 4865 panace,
668 4806 717 4850 aut
728 4804 799 4859 ruta,
810 4814 844 4850 ex
855 4801 933 4851 sino:
944 4799 992 4852 ad·

192 4875 408 4920 remuscetcras
418 4874 571 4934 serpentes,
578 4883 638 4921 cum
650 4868 722 4919 vino.
733 4868 994 4921 Daribinasdracb·

192 4938 330 4990 arassetis
342 4945 394 4988 est:
411 4952 506 4989 eorum
518 4952 588 5005 quae
599 4936 776 4997 adiiciuntur,
787 4937 918 5005 singulas.
940 4941 993 4991 Au·

192 5007 325 5058 atiliantur
335 5007 464 5073 privatim
477 5014 577 5058 corrtra
588 5008 694 5058 viscum
708 5022 742 5058 ex
754 5015 847 5059 acetis:
858 5007 993 5075 adversus

192 5075 331 5128 aconitum
343 5092 376 5128 ex
384 5076 522 5138 laete,aut
533 5091 620 5145 aquas
633 5076 777 5129 adversum
790 5076 942 5142 elleborum
954 5077 993 5128 al·

88 5138 122 5195 v(
171 5144 304 5208 -baaraex
316 5160 387 5212 aqua
397 5145 486 5197 mulsa
497 5147 634 5213 nitroque.
652 5146 805 5198 llledentur
815 5155 844 5198 et
857 5146 993 5210 dentibus,

192 5213 278 5265 inlusi
289 5231 351 5267 cunr
363 5214 425 5266 oleo
437 5215 498 5266 triti
510 5215 537 5265 in
547 5231 675 5279 aursana
683 5217 761 5267 cuius
772 5221 852 5281 parte
863 5216 992 5269 doleant:

192 5283 300 5336 aunum
312 5283 455 5334 doloribus
468 5284 577 5347 melius,
588 5285 611 5335 si
624 5301 684 5337 cum
696 5284 834 5338 meconio.
870 5286 991 5338 Clarita-

190 5361 248 5407 tem
261 5353 337 5403 risus
346 5349 455 5405 faciunt
475 5368 536 5403 cum
549 5355 633 5406 melle
649 5357 742 5406 Attico
752 5354 869 5405 inuncti.
908 5354 990 5407 Cohi-

189 5422 258 5479 bent
268 5420 408 5472 mannitus
417 5436 453 5471 ex
464 5428 553 5472 aceto.
590 5424 675 5475 Urina
690 5438 798 5491 quoque
810 5423 873 5475 libri
885 5424 991 5477 resistit

412 5488 477 5551 'din
488 5491 617 5542 antidota
626 5494 745 5545 additur.
763 5496 931 5546 asservatur
941 5509 991 5547 au-

509 5557 572 5623 “’“”,
582 5568 614 5613 ut
626 5562 713 5632 aliqui
726 5563 896 5616 existimant.

1046 2033 1100 2084 niri
1112 2048 1194 2099 posse
1204 2046 1259 2084 ann
1269 2034 1406 2086 arbitror:
1424 2041 1452 2087 st
1462 2036 1536 2089 inter
1545 2053 1579 2089 ea
1589 2034 1643 2089 hec
1652 2051 1763 2104 quoque
1775 2050 1846 2099 esse,

1045 2118 1116 2219 quae
1135 2108 1299 2168 portentosa
1320 2103 1395 2169 Magi
1407 2103 1608 2168 demonstrent,
1627 2105 1846 2171 adversusaspi·

1065 2184 1110 2220 um
1123 2168 1195 2219 ictus
1207 2170 1357 2235 singulare,
1369 2170 1523 2225 cllicaciere
1535 2180 1639 2234 tamea,
1655 2181 1686 2224 ut
1697 2175 1783 2237 aiunt,
1805 2175 1844 2225 ci·

1043 2238 1165 2288 micibus
1177 2236 1318 2289 admixtis.
1355 2239 1414 2290 Ora
1436 2239 1537 2293 durata
1555 2241 1704 2293 illinuntur
1722 2243 1846 2307 strumis,

1045 2314 1075 2358 et
1087 2305 1244 2357 hulceribus
1257 2305 1362 2373 frigore
1371 2315 1422 2359 aut
1433 2308 1582 2364 adustione
1598 2308 1691 2364 iactis.
1728 2310 1846 2367 Sarben-

1045 2383 1092 2427 tur
1102 2378 1129 2426 in
1140 2372 1277 2427 stomachi
1290 2375 1443 2430 doloribus.

1082 2444 1256 2495 Mariaarum
1276 2459 1373 2497 carnes
1393 2445 1533 2498 adarixtae
1565 2462 1695 2500 ranarum
1716 2449 1846 2501 carnibus

1046 2519 1144 2564 contra
1163 2511 1355 2565 salamandras
1375 2515 1519 2579 praeclare
1535 2516 1714 2569 auxiliantur.
1749 2516 1846 2584 Neque

1046 2587 1089 2634 cst
1101 2579 1243 2633 testudine
1254 2581 1330 2633 uliud
1342 2582 1536 2635 salamandrae
1547 2583 1701 2636 adversius.
1731 2584 1847 2653 Sangui·

1047 2667 1080 2702 ne
1096 2649 1282 2717 alopeciarum
1301 2651 1433 2714 inanitas,
1452 2659 1482 2704 et
1501 2654 1624 2721 porrigo,
1644 2652 1791 2720 amnisque
1803 2670 1847 2707 ca·

1047 2722 1113 2789 pitis
1125 2718 1239 2772 hulcera
1249 2728 1392 2775 curantur.
1414 2720 1574 2775 inarescere
1585 2738 1646 2774 eum
1658 2730 1777 2791 oportet,
1788 2724 1848 2776 len·

1046 2799 1129 2857 teque
1148 2788 1235 2842 ablui.
1270 2789 1426 2842 instillatur
1437 2797 1467 2843 et
1476 2791 1567 2843 dolori
1578 2793 1684 2843 aurium
1698 2807 1758 2844 cum
1773 2792 1846 2847 lacta

1047 2859 1204 2911 mulierum.
1242 2858 1379 2912 Adversus
1401 2861 1560 2913 coniitiales
1582 2862 1693 2914 morbos
1705 2863 1846 2914 manditur

1046 2945 1107 2980 cum
1118 2929 1224 2995 polline
1245 2929 1387 2982 trrrmenti.
1423 2931 1558 2982 Miscetur
1569 2939 1661 2982 autem
1673 2931 1788 2999 sanguis
1800 2930 1846 2985 he·

1047 2999 1130 3049 urinis
1141 2998 1238 3059 tribus,
1251 3000 1325 3050 aceti
1336 2998 1456 3061 benaias,
1476 3001 1541 3052 vino
1554 2999 1667 3052 addito:
1689 2999 1732 3052 his
1743 3008 1771 3053 et
1783 3016 1846 3055 cura

1046 3068 1201 3120 hordeacea
1212 3066 1311 3132 lerina,
1321 3074 1402 3120 aceto
1414 3083 1523 3136 quoque
1532 3069 1665 3133 admixto,
1680 3078 1712 3121 ut
1723 3072 1762 3122 sit
1773 3070 1846 3139 quod

1047 3138 1198 3190 decoretur
1210 3135 1291 3189 labae
1302 3138 1505 3206 magnitudine.
1539 3139 1618 3191 llaec
1628 3138 1741 3206 singula
1752 3147 1847 3193 strara-

1046 3208 1136 3260 tutina
1148 3213 1176 3260 et
1188 3207 1467 3273 vespertiuadantur,
1487 3205 1551 3259 dein
1572 3215 1637 3327 qrost
1656 3210 1765 3276 aliquot
1785 3210 1844 3263 dies

1046 3278 1112 3328 bina
1124 3291 1248 3343 vespera.
1284 3277 1474 3329 comitialibus
1495 3277 1570 3328 instil
1582 3284 1646 3330 atur
1657 3294 1706 3332 ore
1719 3277 1846 3343 diducto,

1046 3346 1088 3398 his
1100 3349 1146 3413 qui
1159 3345 1268 3397 modioe
1280 3347 1475 3413 corripiantur.
1513 3346 1629 3412 Spasmo
1643 3363 1704 3400 cum
1717 3356 1844 3401 castoreo

1046 3416 1169 3483 clystere
1181 3413 1342 3467 infunditur.
1378 3416 1502 3479 Quodsi
1521 3415 1619 3469 dentes
1641 3424 1687 3470 ter
1706 3432 1778 3470 anno
1790 3418 1846 3469 col·

1047 3485 1161 3535 litantur
1179 3484 1349 3535 testudinum
1370 3484 1524 3552 sanguiue,
1554 3484 1689 3540 immunes
1710 3504 1727 3540 a
1747 3487 1845 3541 dolore

1047 3556 1124 3605 liunt
1160 3553 1198 3604 Et
1218 3552 1358 3605 anhelitus
1375 3553 1501 3615 discutit,
1522 3556 1845 3623 quasqucorthopnoeas

1045 3628 1161 3675 vocant:
1184 3622 1218 3674 ad
1239 3620 1287 3674 bas
1308 3623 1335 3673 in
1348 3623 1461 3689 polenta
1477 3624 1569 3674 datur.
1604 3626 1652 3678 Ful
1673 3627 1843 3677 testudinum

1047 3694 1202 3744 claritatem
1216 3693 1357 3743 oculorum
1369 3692 1450 3744 lacit:
1473 3691 1616 3745 cicatrices
1628 3702 1773 3746 extenuat:
1785 3700 1845 3745 ton·

1045 3763 1126 3814 sillas
1137 3760 1224 3821 sedat,
1245 3769 1273 3813 et
1286 3762 1411 3829 anginas,
1433 3768 1461 3815 et
1473 3762 1567 3813 omnia
1578 3764 1635 3813 oris
1647 3763 1735 3815 vitias
1755 3763 1846 3831 priva·
1942 3822 1945 3829 ⁴

1046 3834 1096 3885 tim
1107 3846 1203 3882 nonies
1215 3831 1268 3882 ibi:
1285 3832 1351 3883 item
1365 3832 1487 3884 testium
1513 3831 1634 3884 Naribus
1646 3833 1749 3884 illitum
1762 3833 1845 3885 comi·

1046 3902 1129 3954 tieles
1140 3900 1232 3969 erigit,
1245 3901 1415 3968 attollitque.
1448 3900 1524 3952 Idem
1542 3916 1603 3953 curn
1624 3902 1786 3953 vernatione
1798 3918 1845 3953 an·

1046 3972 1140 4037 guium
1151 3978 1232 4022 aceto
1243 3970 1384 4035 admixto,
1402 3971 1482 4023 unice
1493 3970 1646 4037 purulentis
1657 3972 1770 4022 auribus
1780 3984 1844 4036 pro·

1047 4040 1115 4092 dest
1153 4039 1269 4103 Quidam
1282 4039 1413 4092 bubulum
1427 4040 1465 4092 iel
1477 4040 1643 4092 admiscent:
1657 4039 1845 4091 decoctarum·

1047 4125 1100 4174 que
1114 4110 1238 4159 carisium
1250 4108 1400 4160 testudinis
1411 4109 1635 4169 succum,addita
1647 4122 1734 4174 aeque
1746 4121 1843 4157 verna·

1046 4178 1123 4227 tione
1142 4177 1286 4242 anguium.
1323 4177 1378 4227 Sed
1400 4179 1465 4227 vino
1485 4177 1652 4227 testudinem
1679 4181 1844 4240 excoquunt
1881 4195 1885 4204 ·

1047 4244 1195 4296 Oculorum
1209 4246 1305 4310 atique
1315 4245 1384 4294 vitia
1396 4245 1491 4295 omnia
1502 4242 1540 4296 iel
1551 4245 1691 4294 inunctum
1704 4257 1766 4295 cum
1777 4242 1845 4294 mel-

1046 4314 1073 4365 le
1085 4312 1226 4364 emendat:
1248 4312 1416 4365 suffusiones
1428 4313 1521 4364 etiam.
1557 4311 1683 4363 Marinae
1704 4310 1771 4364 felle
1782 4326 1844 4365 oum

1046 4382 1189 4434 lluciatilis
1200 4381 1342 4447 sanguine,
1359 4388 1387 4432 et
1398 4381 1480 4443 lacte,
1497 4381 1616 4447 capillus
1627 4380 1773 4433 mulierum
1784 4381 1845 4433 ind·

1048 4453 1128 4504 citur.
1165 4449 1539 4515 Falcontrasalanrandras,
1560 4449 1605 4502 rel
1626 4461 1738 4503 succum
1759 4448 1842 4504 dcco·

1045 4529 1109 4574 ctae
1118 4521 1222 4572 bibisse
1232 4521 1302 4570 satis
1314 4524 1364 4571 est.
1828 4538 1835 4549 ·

1082 4590 1264 4642 Testudinem
1275 4597 1319 4642 est
1331 4590 1443 4641 tertium
1455 4604 1542 4656 genus
1552 4589 1581 4639 in
1595 4602 1681 4641 coeno
1693 4595 1721 4640 et
1734 4588 1842 4654 paludi·

1046 4660 1097 4712 bus
1109 4660 1271 4712 viventium.
1307 4658 1443 4711 Latitudo
1456 4657 1497 4708 his
1509 4657 1537 4708 iu
1551 4657 1635 4710 dorso
1647 4655 1752 4724 pectori
1764 4659 1842 4709 simi·

1045 4731 1090 4794 lis,
1112 4744 1296 4781 necennvexo
1308 4727 1540 4794 curvatacalyce,
1560 4728 1671 4795 ingrata
1691 4728 1763 4779 risu.
1801 4728 1843 4780 Ex

1045 4799 1098 4852 hac
1108 4813 1217 4881 quoque
1227 4804 1320 4851 tamen
1332 4798 1427 4865 aliqua
1438 4797 1602 4865 contingunt
1622 4796 1737 4848 auxilia.
1773 4799 1844 4848 Tres

1044 4884 1164 4936 uanique
1175 4884 1203 4919 ιιι
1213 4883 1346 4920 succensa
1360 4871 1502 4919 sarmenta
1522 4866 1675 4928 coniectae,
1696 4865 1842 4917 dividenti·

1045 4940 1096 4991 bus
1118 4954 1148 4991 se
1167 4938 1335 5006 tegumentis
1357 4936 1514 5002 rapiunturr
1536 4943 1594 4987 tum
1615 4935 1730 4988 mulsae
1745 4949 1843 4987 carnes

1046 5023 1140 5060 earum
1152 5013 1307 5074 coquuntur
1318 5006 1346 5057 in
1358 5021 1445 5126 aquae
1456 5006 1564 5074 congio,
1574 5004 1634 5057 sale
1645 5004 1754 5056 modice
1765 5002 1841 5053 addi·

1045 5084 1089 5129 tor
1108 5078 1152 5128 ita
1163 5076 1340 5127 decoctarum
1354 5091 1370 5127 a
1400 5077 1498 5127 tertias
1511 5081 1604 5141 partes
1614 5088 1720 5135 succus,
1733 5071 1843 5138 paraly-

1045 5148 1087 5198 sin
1100 5152 1127 5197 et
1138 5144 1317 5197 articularios
1329 5144 1441 5196 morbos
1452 5145 1638 5196 sentientibus
1648 5143 1760 5194 bibitur.
1789 5138 1843 5189 De·

1045 5214 1133 5267 trahit
1144 5215 1211 5266 item
1223 5213 1261 5265 iel
1273 5215 1399 5279 pituitas,
1409 5218 1631 5281 sanguinemque
1643 5211 1780 5262 vitiatum.
1801 5206 1841 5258 Si·

1044 5286 1130 5337 stitus·
1139 5284 1174 5337 ab
1186 5299 1219 5337 eo
1230 5283 1353 5336 remedio
1365 5284 1443 5334 alsus
1454 5299 1544 5351 aquae
1556 5282 1675 5350 trigidae
1686 5283 1764 5359 patu.
1822 5345 1829 5357 .

1080 5354 1121 5405 Ει
1135 5360 1234 5421 quarto
1244 5367 1346 5419 genere
1357 5354 1538 5415 testudinum,
1559 5366 1628 5418 quae
1640 5355 1704 5399 siant
1715 5362 1744 5396 ιιι
1756 5359 1842 5396 amna·

1043 5425 1105 5485 bus,
1126 5424 1297 5477 divolsarum
1318 5423 1413 5491 pingui
1434 5438 1494 5474 cunr
1508 5425 1589 5473 aizoo
1602 5418 1771 5496 herbatuso,
1792 5415 1840 5466 ad·

1043 5495 1132 5546 aristo
1155 5500 1297 5561 unguento
1312 5500 1339 5543 et
1351 5494 1455 5545 semine
1466 5490 1529 5549 lilii,
1549 5494 1613 5539 ante
1632 5488 1807 5535 accessiones
1818 5485 1841 5535 si

1043 5571 1235 5634 perungantur
1256 5563 1348 5632 aegri,
1367 5570 1480 5630 praeter
1500 5562 1597 5625 caput,
1618 5567 1681 5606 nrox
1703 5553 1842 5605 consaluti
