4330 6014
340 330 383 388 42
477 326 512 391 0.
552 324 701 388 PLlNll
747 319 954 399 securim
998 318 1177 384 Nerua*
1209 316 1399 378 nitidula
1446 316 1594 378 ulan.
1635 315 1874 377 thaleae

338 492 423 543 mum,
434 475 634 547 quinquaginta
644 475 763 527 duobus:
784 471 918 526 Mercurii
929 472 1070 534 tredecim,
1091 474 1142 522 aut

244 604 247 613 ,
339 562 400 602 cum
412 549 569 616 plurimum,
581 544 746 599 octodecim.
816 544 822 561 ¹

374 617 448 672 xvi.
469 617 583 669 Colores
599 609 863 667 ratioaltitudinum
884 615 1034 678 temperat:
1054 608 1139 676 siqui·

340 687 403 741 dem
424 702 519 739 eanum
540 674 748 738 similitudinem
767 680 890 742 trahunt,
907 684 934 732 iu
948 694 1061 751 quarum
1074 692 1141 731 aera

338 771 440 809 venere
453 754 605 812 subeundo,
627 752 765 818 tingitque
776 750 1029 817 appropinquantes
1040 747 1140 800 utrali-

338 828 387 878 bet
397 826 481 877 alieni
491 828 599 875 oreatus
612 820 745 871 circulus:
761 820 929 886 frigidioria
941 820 1087 889 pallorem,
1098 832 1141 869 ar·

340 893 633 951 dentiorinruborem‚
644 896 774 941 ventosus
787 890 815 938 in
829 885 1044 944 horroremzsol
1056 894 1141 953 atque

339 963 538 1018 commissurae
554 958 690 1021 absidum,
709 965 905 1022 extremaeque
923 960 1033 1011 orbitae
1050 963 1139 1008 atram

337 1035 366 1085 in
376 1030 585 1085 obscuritatem.
611 1029 683 1080 Suus
695 1026 804 1093 quidem
820 1027 919 1092 cuique
930 1029 1009 1080 color
1019 1032 1071 1088 est,
1092 1027 1141 1078 Sa·

337 1111 421 1155 torno
434 1099 577 1159 candidus,
596 1093 656 1149 lovi
667 1096 769 1157 clarus,
789 1097 873 1147 Marti
886 1100 990 1164 igneos,
1011 1094 1145 1149 liucifero

339 1171 470 1232 candens,
491 1168 605 1234 Vesperi
616 1165 768 1231 refulgens,
787 1165 929 1219 Mercurio
941 1168 1062 1228 radians,
1081 1165 1139 1217 Lu·

338 1257 391 1293 nae
410 1237 540 1292 blandust
553 1236 630 1298 Soli,
653 1251 715 1286 cum
734 1234 960 1301 oritur‚ardens3
982 1245 1079 1305 postea
1094 1250 1139 1286 ra·

337 1311 430 1363 diense
462 1308 504 1360 hia
514 1308 604 1358 causis
616 1319 741 1357 connexo
757 1304 817 1356 visu
831 1312 860 1356 et
871 1321 969 1358 earum
981 1320 1051 1373 quae
1062 1304 1140 1356 caelo

336 1380 521 1435 continentur.
548 1372 674 1442 Namque
685 1373 768 1425 niodo
790 1373 942 1427 multitudo
960 1376 1088 1429 conferta
1097 1374 1139 1425 in·

337 1457 381 1503 est
393 1450 468 1502 circo
479 1443 609 1496 dimidios
622 1443 815 1506 orbesbunae,
827 1444 938 1511 placida
949 1452 1029 1499 nocte
1040 1445 1142 1497 leniter

336 1520 496 1571 illustrante
512 1530 573 1566 eas:
596 1513 680 1564 modo
704 1512 814 1575 ianus,
835 1523 865 1565 ut
875 1514 980 1583 fugisse
1000 1515 1142 1574 niirenrur,

336 1586 491 1656 plenilunio
506 1583 708 1635 abscondente:
730 1590 779 1633 aut
789 1598 850 1634 curu
860 1584 946 1653 ‚Solia
968 1600 1087 1652 suprave
1098 1583 1139 1633 di·

337 1665 444 1710 ctaruui
467 1653 549 1715 radii,
572 1653 645 1703 risus
657 1652 843 1720 perstrinxere
865 1661 986 1707 riostros.
1022 1654 1060 1706 Et
1080 1653 1142 1720 ipsa

336 1733 430 1780 autem
441 1724 524 1776 Luna
535 1724 724 1791 ingruentium
735 1722 810 1774 Solis
821 1723 960 1776 radiorum
971 1722 1046 1776 haud
1057 1722 1142 1774 dubie

336 1794 512 1848 differentias
531 1792 627 1856 sentit,
647 1791 797 1845 hebetante
809 1800 902 1846 cetero
924 1794 1043 1847 inflexos
1063 1808 1142 1844 mun·

336 1865 364 1917 di
380 1864 565 1917 convexitate
577 1877 635 1924 eos,
656 1870 850 1930 praeterquam
871 1864 919 1916 ubi
939 1866 1008 1916 recti
1028 1861 1144 1930 angulo·

335 1950 398 1989 rum
409 1939 570 2001 competunt
582 1934 664 1986 ictus.
693 1933 790 1999 ltaque
801 1935 829 1984 iu
840 1934 977 1998 quadrato
988 1933 1062 1985 Solis
1073 1931 1142 1983 diri·

337 2004 394 2058 dua
405 2010 456 2067 est,
477 2005 507 2056 in
518 2002 657 2069 triquetro
678 2003 812 2055 seminani
829 2004 1023 2064 ambitnorbe,
1044 2001 1142 2070 imple·

336 2083 384 2127 tur
397 2081 490 2127 autem
502 2073 653 2125 inadverso
662 2089 669 2123 t
678 2086 827 2139 rursusque
835 2070 1142 2125 minuenseasdenselli·

336 2145 397 2214 glas
412 2144 526 2211 paribus
537 2142 597 2194 edit
609 2141 772 2206 interuallis,
793 2142 881 2193 simili
891 2143 1011 2206 ratione,
1031 2156 1086 2209 qua
1096 2156 1143 2192 su·

339 2228 391 2281 pra
402 2212 494 2265 solem
506 2211 561 2263 tria
572 2211 676 2264 sidera.

370 2282 458 2336 XVll.
477 2280 527 2334 Sol
536 2287 631 2334 autem
642 2281 702 2346 ipse
712 2287 833 2347 quatuor
855 2278 1030 2331 differentias
1050 2276 1144 2340 habet,

335 2352 378 2406 bis
399 2357 613 2419 aequatanucte
634 2349 699 2412 diei,
720 2355 982 2412 vereetautunrn03
1003 2353 1032 2400 et
1044 2350 1143 2399 ineen-

335 2430 409 2474 troni
428 2421 553 2473 incidens
574 2427 676 2480 terrae,
698 2418 806 2470 octavis
819 2419 848 2469 in
860 2418 986 2486 partibus
998 2416 1100 2469 Arietis
1111 2432 1145 2468 ao

335 2491 440 2543 Librae
450 2510 456 2541 :
468 2490 512 2542 bis
526 2489 693 2554 permutatis
703 2486 814 2554 spatiis:
836 2488 863 2539 in
875 2498 986 2540 auctum
995 2487 1062 2549 diei,
1083 2489 1145 2539 bru·

339 2575 398 2624 nra,
409 2567 509 2612 octava
519 2559 549 2610 in
562 2567 641 2626 parte
653 2558 830 2623 Capricorni:
842 2559 934 2610 noctis
945 2573 1021 2620 vero,
1047 2556 1143 2611 solsti-

337 2632 378 2683 tio
390 2629 510 2682 totidem
527 2629 556 2679 in
567 2627 692 2697 partibus
704 2628 814 2677 Caiicri.
837 2626 1047 2695 inaequalitatis
1058 2640 1145 2678 cause

337 2700 491 2768 obliquitas
515 2706 559 2751 est
577 2696 716 2763 signiferi,
737 2711 798 2748 curu
816 2712 881 2763 pars
892 2696 1085 2764 aequamundi
1097 2711 1142 2746 su·

337 2786 387 2839 per
398 2769 549 2834 subterque
571 2773 661 2820 terras
683 2766 810 2818 omnibus
830 2772 881 2820 liat
900 2769 1058 2820 munientis.
1089 2764 1143 2818 Sed

337 2847 497 2908 quaerente
508 2839 538 2889 iu
550 2847 651 2890 exortu
664 2853 715 2888 suo
727 2846 898 2905 consurgunt
908 2837 999 2906 signa,
1019 2836 1145 2904 longiore

338 2917 432 2963 tremo
444 2916 540 2961 tenent
551 2906 654 2960 lucem:
667 2921 738 2974 quae
750 2914 815 2958 uero
827 2907 1045 2975 obliqua,ociore
1057 2914 1145 2958 trans·

337 2988 427 3032 eunte
448 2978 517 3029 atio.

372 2992 473 3100 Xlell.
492 3046 577 3095 Latet
594 3043 751 3109 plerosque,
774 3057 874 3111 magna
885 3042 1145 3097 caeliall‘ectatione

339 3121 512 3180 compertum
529 3126 548 3161 a
566 3111 738 3175 principibus
759 3111 904 3164 doetrinae
920 3113 997 3173 viris,
1017 3112 1143 3177 superio·

336 3198 403 3237 rum
419 3182 505 3232 trium
526 3178 648 3230 siderum
671 3179 751 3244 ignes
764 3176 834 3241 es'se,
856 3182 904 3247 qui
918 3180 1030 3231 decidui
1040 3180 1075 3230 ad
1088 3189 1144 3231 ter·

337 3271 384 3306 ras
395 3250 544 3303 fulminum
557 3262 656 3298 nonien
668 3246 800 3299 habeant:
811 3247 860 3300 sed
872 3252 992 3301 unanime
1003 3264 1037 3300 ex
1049 3250 1146 3301 iisnre·

339 3324 387 3376 dio
399 3322 462 3373 loco
473 3319 534 3372 siti:
553 3316 680 3369 fortassis
692 3320 820 3383 quoniam
831 3320 991 3387 contagioni
1004 3319 1083 3370 nimii
1095 3317 1144 3368 hu·

339 3393 426 3447 orons
437 3407 470 3443 cx
483 3387 620 3457 superiori
637 3388 750 3450 circulo,
763 3396 853 3457 atque
866 3389 985 3452 ardoris,
1005 3404 1039 3440 ex
1051 3387 1144 3440 subie-

338 3473 395 3527 cto,
417 3460 549 3529 perhanc
570 3457 682 3509 modum
703 3466 809 3523 egerat.
839 3458 959 3527 ideoque
981 3458 1086 3510 dictum
1100 3457 1144 3510 lo·

338 3549 400 3586 rem
412 3530 529 3581 fulmina
540 3526 666 3578 iaculari.
690 3526 766 3591 Ergo
778 3536 808 3579 ot
819 3544 834 3580 e
846 3528 984 3596 flagrante
994 3528 1072 3594 ligno
1082 3543 1144 3580 car·

281 3597 286 3603 ⁴
336 3604 447 3654 bocum
460 3598 577 3663 crepito,
598 3594 667 3645 sica
686 3595 778 3647 sidere
797 3596 927 3649 caelestis
947 3598 1020 3666 ignia
1037 3598 1146 3663 exspui·

337 3678 394 3731 tur,
414 3666 553 3734 praescita
566 3678 659 3715 aecum
671 3663 805 3728 afferens3
829 3682 863 3717 ne
883 3668 1012 3719 abdicata
1032 3667 1144 3734 quidem

337 3740 380 3791 sui
391 3742 471 3803 parte
482 3734 511 3785 in
523 3734 625 3784 divinis
646 3740 773 3785 cessante
785 3738 925 3802 operibus.
937 3746 942 3755 ’
957 3737 1042 3806 idque
1057 3738 1143 3788 niaxi-

338 3823 382 3860 me
394 3805 508 3857 turbato
521 3802 552 3855 lit
563 3805 643 3865 adre3
663 3802 729 3869 quia
740 3803 873 3857 collectus
897 3806 996 3859 honior
1006 3809 1146 3860 abundun-

336 3879 405 3930 tiam
422 3874 557 3932 stimulat,
577 3878 627 3924 aut
637 3872 704 3940 quia
715 3875 843 3927 turbatur
854 3876 974 3943 quodam
987 3894 1038 3931 ceu
1051 3878 1143 3945 graii·

338 3946 366 3998 di
378 3945 478 3997 sideris
489 3949 580 4009 partu.
917 3958 920 3962 ·
1040 3984 1045 3993 .

376 4014 452 4067 xlii.
472 4011 625 4065 intervalla
642 4026 752 4081 quoque
762 4011 885 4065 siderum
897 4030 914 4065 a
926 4021 1002 4071 terra
1013 4015 1094 4068 multi
1106 4017 1146 4068 in·

337 4085 441 4154 dagare
463 4088 653 4136 tentaverunt:
675 4089 705 4134 et
725 4082 820 4134 Solem
833 4085 931 4137 abesse
939 4100 959 4137 a
969 4085 1050 4137 buna
1060 4086 1145 4138 uude·

298 4178 301 4189 ·
337 4156 437 4224 uiginti
449 4158 551 4220 partes,
573 4158 705 4220 quantum
719 4151 828 4204 Lunam
849 4153 936 4220 ipsam
948 4169 965 4205 a
976 4162 1061 4218 terra,
1083 4169 1145 4221 pru·

337 4225 478 4278 diderunt.
498 4221 674 4291 Pythagoras
686 4236 762 4284 veru,
773 4222 817 4273 rir
827 4224 936 4290 sagacis
947 4224 1042 4288 animi,
1060 4240 1078 4275 a
1088 4232 1144 4276 ter·

338 4311 370 4348 ra
390 4295 424 4347 ad
437 4295 555 4357 Lunam,
576 4298 689 4345 ceritum
708 4292 812 4361 viginti
823 4308 872 4343 sex
883 4293 974 4345 millia
986 4294 1144 4345 stadiorum

341 4379 401 4415 esso
414 4364 538 4431 collegit.
570 4363 611 4415 Ab
622 4378 698 4415 caus
717 4377 752 4414 ue
767 4360 801 4413 ad
814 4360 916 4425 Solem,
936 4362 1059 4429 duplum.
1080 4364 1145 4415 lude

340 4432 376 4486 ad
389 4432 532 4484 duodecim
544 4432 633 4498 signa,
649 4431 704 4499 trip
718 4432 832 4484 icatum.
858 4433 890 4484 lu
901 4447 955 4500 qua
966 4435 1107 4487 sententia
1118 4441 1146 4487 et

338 4499 439 4554 Gallus
449 4498 588 4565 Sulpiciu's
600 4508 697 4553 noster
707 4501 771 4553 fuit.

372 4568 436 4620 XX.
466 4567 522 4620 Sed
543 4566 722 4635 Pythagoras
742 4573 881 4624 interdum
893 4587 928 4624 es
938 4571 1046 4622 musica
1058 4573 1145 4624 ratin-

339 4653 375 4691 ne
386 4637 511 4705 appellat
520 4642 626 4698 tonum,
638 4647 772 4704 quantuni
784 4642 885 4693 absita
897 4649 973 4694 terra
983 4640 1074 4694 Luna.
1104 4641 1145 4693 Ab

338 4724 373 4760 ea
385 4708 420 4760 ad
431 4705 611 4766 Mercurium,
629 4707 715 4771 spatii
726 4710 786 4759 eius
796 4709 953 4763 dimidium:
975 4721 1004 4762 et
1014 4712 1048 4764 ab
1060 4726 1093 4762 eo
1110 4710 1145 4763 ud

340 4779 479 4832 Venerem
499 4774 558 4828 fare
579 4774 752 4827 tantundem.
783 4778 806 4827 A
825 4779 1030 4846 quaadSolem
1042 4781 1145 4848 sesqui-

355 4846 427 4898 lumz
444 4843 536 4898 aSole
547 4845 583 4897 ad
593 4844 723 4905 Martem,
733 4851 838 4910 tonum,
851 4845 943 4910 idest,
981 4858 1095 4903 uantum
1109 4849 1144 4900 nd

336 4861 445 4968 isonam
457 4930 475 4966 a
485 4922 568 4967 terra.
596 4915 636 4967 Ab
647 4929 681 4966 co
693 4929 779 4981 usque
790 4916 882 4968 lovem
896 4866 1050 4984 dimidium,
1071 4924 1099 4972 et
1110 4919 1145 4969 ab

339 5001 373 5038 eo
396 4984 431 5036 ad
452 4982 602 5037 Saturnum
623 4982 778 5047 dimidium,
800 4990 829 5038 et
847 4984 914 5037 inde
928 4990 1096 5056 sesquiplum
1109 4986 1145 5039 ad

342 5052 526 5121 Signiferum.
555 5055 601 5105 lta
611 5062 717 5121 septem
730 5060 815 5106 tonos
826 5052 907 5117 ellici,
917 5070 998 5122 quam
1011 5060 1146 5125 diapason

339 5121 511 5184 harmoniam
534 5130 642 5185 vocant,
663 5121 716 5174 hoc
727 5128 779 5186 est,
800 5124 1012 5176 universitatem
1030 5142 1147 5183 concen-

339 5199 394 5245 tus.
420 5193 450 5244 ln
462 5208 496 5245 es
508 5192 657 5244 Saturnum
669 5190 759 5243 Dorio
771 5193 875 5246 moveri
887 5190 1041 5261 phthongo,
1053 5196 1144 5249 lovem

340 5260 472 5330 Phrygio,
489 5266 517 5313 et
526 5263 553 5311 in
565 5261 678 5329 reliquis
688 5261 801 5325 similia,
822 5261 945 5315 iucunda
956 5264 1054 5333 magis,
1065 5281 1146 5333 quam

340 5331 497 5385 necessaria
507 5330 674 5383 subtilitate.

376 5400 450 5452 XXI.
482 5398 608 5451 Stadium
637 5408 747 5452 centum
771 5398 1010 5470 vigintiquinque
1035 5409 1147 5455 nostros

342 5470 426 5523 allicit
446 5484 553 5536 passus,
576 5467 629 5522 hoc
640 5477 692 5536 est,
703 5470 788 5539 pedes
800 5479 947 5524 sescentos
960 5472 1056 5539 viginti
1069 5474 1146 5539 quin·

341 5556 402 5608 qne.
435 5538 600 5592 Posidonius
621 5554 675 5591 noo
693 5541 784 5592 minus
796 5541 981 5608 quadraginta
992 5540 1146 5594 stadiorum

341 5624 358 5659 a
369 5620 443 5663 terra
453 5609 632 5665 altitudinem
643 5624 714 5676 esse,
725 5609 754 5661 in
765 5624 819 5678 qua
830 5610 935 5675 nubila,
950 5626 984 5664 ac
992 5611 1077 5675 renti,
1098 5627 1148 5664 nu-

1194 467 1297 537 hosque
1307 467 1482 536 proveniant.
1504 466 1571 520 lnde
1580 480 1681 536 purum
1692 463 1895 534 liquidumque,
1911 464 2001 517 etim·

1194 540 1374 606 perturbatae
1393 538 1463 589 locis
1475 551 1579 590 aerem.
1609 534 1817 590 Sedaturbido
1838 534 1873 586 ad
1893 531 2003 585 Lernam

1194 609 1276 659 vicies
1287 614 1398 659 centum
1410 606 1501 658 millia
1512 606 1679 658 stadiorum.
1697 604 1763 658 lude
1773 604 1809 656 ad
1820 604 1914 661 Solem
1926 604 2003 671 quiu-

1195 678 1274 745 quies
1286 677 1397 730 millies.
1429 677 1472 728 lie
1483 676 1575 743 spatio
1586 676 1658 740 lieri,
1678 681 1776 726 uttam
1796 675 1932 726 inintensa
1942 674 2003 726 eius

1195 746 1358 815 magnitudo
1379 760 1434 799 non
1451 752 1661 798 exuratterras.
1692 745 1790 796 Plures
1801 750 1895 803 autern
1915 743 2002 794 niibes

1194 816 1344 883 nongentis
1362 816 1463 868 stadiis
1472 816 1502 866 in
1517 815 1693 867 altitudinem
1704 814 1797 867 subire
1810 810 2002 881 prodiderunt.
2032 806 2043 819 ⁸

1194 885 1369 953 incomperta
1387 884 1498 939 haeret
1514 884 1734 949 inextricabilia3
1755 883 1804 935 sed
1816 890 1873 935 tam
1885 881 2003 950 proden-

1193 955 1251 1017 da,
1272 962 1430 1022 quamsont
1449 954 1575 1022 prodita:
1597 956 1626 1006 ln
1637 954 1715 1022 queis
1736 959 1831 1005 tamen
1851 966 1907 1003 una
1927 951 2002 1003 ratio

1195 1024 1569 1077 Geometricaecollectionis
1579 1021 1834 1090 nunquamfallacis
1845 1020 1936 1089 possit
1946 1035 2002 1072 nou

1194 1095 1347 1160 repudiari,
1367 1097 1390 1144 si
1401 1096 1445 1147 eui
1456 1094 1545 1146 libeat
1566 1095 1652 1146 ultius
1665 1092 1721 1145 ista
1732 1093 1870 1158 persequi.
1900 1089 2003 1143 Nectit

1194 1178 1334 1225 mensura,
1345 1163 1385 1227 (id
1396 1164 1470 1215 enim
1482 1163 1555 1216 velle
1566 1178 1655 1231 paene
1666 1162 1805 1214 dementis
1816 1161 1869 1214 otii
1879 1162 1943 1222 eth)
1953 1157 2004 1211 sed

1195 1240 1227 1283 ut
1252 1241 1361 1284 tantum
1382 1234 1543 1286 aestimatio
1564 1232 1739 1286 coniectandi
1760 1236 1870 1283 constet
1898 1229 2002 1281 anime.

1195 1302 1265 1354 Nam
1278 1317 1339 1354 curn
1350 1303 1482 1356 trecentis
1493 1303 1641 1371 sexaginta
1652 1307 1680 1354 et
1692 1299 1752 1354 fere
1763 1316 1812 1354 ses
1822 1298 1948 1368 partibus
1959 1312 2003 1349 or·

1194 1372 1236 1423 bis
1248 1370 1332 1435 Solis,
1342 1386 1377 1424 ex
1388 1372 1509 1424 circuitu
1519 1374 1587 1436 eius,
1604 1379 1701 1440 patere
1712 1377 1847 1440 appareat
1858 1369 2004 1429 circulum,

1194 1456 1330 1509 perquem
1340 1447 1430 1507 meat;
1440 1457 1604 1511 semperque
1614 1441 1760 1494 dimetiens
1771 1441 1884 1493 tertiam
1894 1445 2004 1504 partem

1195 1511 1326 1575 ambitus,
1348 1519 1377 1564 et
1388 1513 1489 1565 tertiae
1510 1513 1595 1579 paulo
1612 1513 1703 1564 atinus
1715 1512 1861 1578 septimam
1871 1507 2003 1574 colligat:

1195 1588 1321 1648 apparet,
1342 1580 1438 1633 demta
1447 1583 1507 1635 eius
1518 1582 1635 1633 dimidia
1655 1577 1798 1649 (quoniam
1809 1587 1887 1633 terra
1898 1584 2005 1630 centra·

1195 1650 1231 1702 lis
1252 1652 1434 1713 interveniat)
1455 1651 1635 1704 sextamlere
1654 1658 1761 1720 partem
1774 1649 1858 1702 huius
1874 1645 2005 1699 immensi
2046 1712 2050 1719 ι

1198 1721 1293 1789 spatii,
1304 1720 1380 1787 quod
1392 1723 1467 1774 cirea
1478 1727 1581 1773 terrani
1593 1721 1690 1773 circuli
1705 1720 1809 1773 solaris
1822 1722 1916 1773 aninlo
1926 1731 2002 1771 eom·

1198 1788 1391 1860 prehenditur,
1412 1792 1504 1843 inesse
1525 1791 1684 1844 altitudinis
1698 1791 1806 1858 spatio:
1829 1792 2004 1843 Lunaerero

1197 1859 1407 1923 duodecimam3
1429 1861 1562 1928 quoniam
1583 1867 1661 1913 tanto
1682 1862 1819 1923 breviore,
1841 1875 1921 1927 quam
1946 1856 2005 1923 Sol,

1197 1930 1305 1983 ambitu
1327 1930 1429 1982 currite
1443 1933 1492 1983 ita
1514 1930 1585 1984 ferri
1597 1946 1658 1983 euni
1669 1932 1696 1982 in
1709 1930 1802 1982 medio
1818 1928 1892 1981 Solis
1903 1943 1935 1981 ac
1946 1934 2003 1985 ter·

1197 2014 1255 2052 rae.
1285 2000 1388 2051 Mirum
1409 2014 1463 2066 quo
1476 2000 1611 2068 procedat
1621 1999 1787 2067 improbitas
1803 1999 1896 2052 cordis
1906 1996 2003 2049 huma·
2095 2012 2101 2021 ·

1198 2072 1236 2131 ni,
1249 2069 1367 2137 parvulo
1379 2070 1472 2136 aliquo
1483 2071 1603 2122 inritata
1612 2070 1828 2132 successu,sicut
1837 2069 1865 2119 in
1876 2067 2003 2135 sopradi-

1197 2138 1251 2190 ctis
1264 2139 1438 2190 occasionem
1451 2138 1642 2207 impudentiae
1653 2140 1726 2192 ratio
1738 2140 1871 2206 largitur:
1889 2138 2005 2205 ausique

1198 2207 1323 2261 divinare
1345 2208 1423 2260 Solis
1440 2210 1474 2260 ad
1496 2217 1600 2261 terram
1618 2212 1719 2276 spotia,
1741 2210 1837 2262 eadem
1848 2207 2005 2260 stenelum

1197 2284 1298 2345 agunt;
1319 2278 1448 2346 quoniam
1470 2279 1508 2329 sit
1521 2279 1628 2331 medius
1641 2279 1703 2332 Sol:
1730 2286 1760 2330 ut
1772 2278 1897 2346 protinus
1909 2276 2006 2327 niiindi

1196 2361 1306 2414 qouque
1325 2347 1414 2414 ipsius
1435 2363 1564 2400 mensura
1582 2351 1676 2401 veniat
1687 2347 1721 2400 ad
1738 2348 1852 2415 digitos.
1881 2347 2018 2409 Quantos·

1197 2417 1271 2468 enini
1284 2417 1431 2469 dimetiens
1451 2417 1689 2487 habet'septimas,
1699 2425 1792 2469 tantas
1804 2416 1906 2469 habere
1917 2417 2005 2467 circu·

1197 2486 1255 2537 lom
1267 2487 1322 2538 duo
1334 2495 1363 2539 et
1374 2487 1529 2549 vicesimas,
1543 2495 1677 2557 tanquam
1688 2489 1771 2556 plane
1782 2484 2004 2556 aperpendieulo

1197 2556 1540 2609 mensurataeliconstet.
1683 2571 1690 2581 ·

1232 2626 1375 2694 Aegyptia
1386 2627 1469 2689 ratio,
1481 2640 1563 2693 quam
1572 2624 1709 2680 Petosiris
1719 2633 1748 2679 et
1760 2625 1900 2694 Necepsos
1914 2630 2003 2676 osten·

1198 2694 1275 2760 dere,
1300 2697 1424 2766 singulas
1436 2704 1529 2765 partes
1549 2697 1578 2747 in
1598 2697 1692 2748 lunari
1711 2697 1817 2749 circulo
1834 2702 1882 2760 (ut
1899 2695 2005 2747 dictum

1199 2765 1255 2830 est)
1276 2769 1400 2831 minimo,
1419 2767 1539 2833 triginta
1557 2767 1645 2818 tribus
1665 2762 1767 2819 stadiis
1779 2765 1864 2834 paulo
1885 2764 2005 2832 amplius

1198 2843 1295 2902 patere
1303 2837 1425 2905 colligit:
1438 2837 1465 2887 in
1477 2837 1590 2890 Saturni
1600 2837 1772 2904 amplissimo
1781 2834 1908 2902 duplum:
1921 2838 1948 2886 in
1957 2833 2006 2887 So·

1198 2905 1244 2969 lis,
1255 2919 1337 2971 quem
1349 2905 1470 2957 medium
1482 2921 1544 2958 esse
1555 2906 1685 2968 diximus,
1705 2906 1848 2972 utriusque
1860 2916 2006 2957 mensurae

1198 2972 1353 3024 dimidium.
1385 2976 1463 3037 Quae
1476 2975 1648 3038 eoiiipotatio
1665 2975 1813 3039 plurimum
1826 2973 1910 3024 habet
1920 2972 2005 3040 pudo·

1198 3044 1251 3092 ris:
1273 3040 1402 3109 quoniam
1423 3040 1458 3091 ad
1477 3041 1589 3092 Saturni
1601 3041 1742 3102 circulum,
1762 3039 1859 3090 addito
1870 3041 2006 3107 Signiferi

1196 3110 1284 3177 ipsius
1305 3107 1471 3172 intervallo,
1500 3108 1710 3163 innumerabilis
1729 3108 1927 3174 multiplicatio
1944 3108 2003 3161 effi·

1198 3179 1280 3230 citur.

1232 3247 1319 3299 xxii.
1330 3246 1449 3300 Restant
1457 3261 1547 3317 pauca
1557 3245 1714 3301 demando:
1732 3262 1851 3315 namque
1862 3255 1890 3300 et
1901 3247 1930 3298 in
1941 3247 2004 3316 ipso

1198 3316 1278 3370 caelo
1288 3316 1388 3368 stellae
1398 3324 1513 3384 repente
1526 3324 1684 3369 nascuntur.
1715 3317 1906 3370 Plataearum
1919 3333 2003 3385 gene·

1197 3402 1237 3438 ra.
1260 3388 1390 3439 Cametas
1403 3388 1504 3440 Graeci
1517 3395 1626 3450 uocant,
1643 3388 1733 3439 nostri
1745 3388 1868 3450 crinitas,
1888 3387 2003 3440 horren·

1197 3463 1240 3509 tes
1252 3458 1330 3510 crine
1341 3459 1502 3527 sanguineo,
1524 3464 1552 3510 et
1563 3472 1704 3509 cumarum
1716 3457 1799 3509 modu
1811 3461 1839 3510 in
1850 3459 1953 3510 vertice
1964 3455 2005 3510 hi·

1197 3525 1301 3594 spidas.
1333 3526 1419 3579 lidcm
1441 3528 1589 3596 Pogonias,
1612 3529 1710 3595 quibus
1725 3527 1858 3580 inferiore
1869 3543 1903 3580 ex
1915 3533 2006 3594 parte,

1197 3598 1226 3648 in
1246 3596 1604 3665 speciembarbaelongae,
1625 3597 1882 3664 promittiturioba.
1915 3599 2003 3648 Acon-

1197 3668 1256 3719 tiae
1277 3667 1362 3718 iaculi
1382 3668 1464 3718 modo
1483 3667 1648 3730 vibrantur,
1677 3667 1810 3718 ocissimo
1838 3666 2004 3734 significatu.

1198 3739 1278 3788 Haec
1299 3735 1355 3787 fuit
1366 3736 1400 3788 da
1411 3751 1466 3804 qua
1476 3739 1572 3856 quinto
1594 3735 1740 3789 consulatu
1755 3751 1807 3788 suo
1819 3737 1902 3787 'l'itos
1913 3737 2003 3803 liope-

1198 3816 1277 3857 rator
1289 3807 1391 3857 Caesar
1404 3821 1486 3873 praec
1498 3823 1548 3860 aro
1558 3806 1682 3858 carmine
1693 3801 1865 3875 perscripsit,
1885 3805 1919 3858 ad
1930 3805 2007 3861 hune

1198 3874 1271 3928 diem
1283 3875 1434 3928 novissime
1446 3875 1514 3928 visa.
1534 3874 1654 3928 Easdem
1667 3876 1809 3929 breviores
1821 3883 1849 3929 et
1859 3877 1887 3930 io
1899 3891 2002 3928 niocro·

1197 3961 1259 3998 uem
1271 3944 1428 4012 fastigatas,
1439 3942 1556 4012 xiphias
1566 3962 1709 4009 vocavere,
1722 3952 1869 4014 quaesunt
1882 3947 2004 3999 ornnium

1198 4015 1409 4083 pallidissimae,
1429 4022 1458 4067 et
1470 4015 1589 4083 quodam
1601 4016 1688 4085 gladii
1699 4019 1801 4077 nitore,
1822 4032 1855 4068 ac
1867 4019 1928 4069 sine
1939 4015 2005 4067 ullis

1198 4085 1302 4136 radiis:
1314 4100 1383 4151 quos
1396 4085 1525 4147 Dlsceus,
1536 4101 1587 4137 suu
1601 4087 1705 4137 noniini
1718 4086 1826 4147 similis,
1849 4086 1943 4137 colore
1954 4100 2002 4136 au·

1198 4165 1254 4207 teni
1267 4154 1382 4216 electro,
1395 4168 1473 4205 raros
1485 4170 1500 4207 e
1510 4157 1634 4223 margine
1646 4156 1759 4207 eriiittit.
1790 4153 1904 4206 Pithcus
1916 4156 2005 4205 dolio·

1197 4239 1258 4277 rum
1271 4225 1395 4276 cernitur
1405 4220 1504 4293 ligura,
1515 4225 1544 4274 in
1558 4240 1678 4276 concavo
1691 4224 1813 4276 fumidae
1826 4224 1901 4274 lueis.
1922 4225 2005 4276 Cera·

1198 4296 1495 4363 tiascornusspecieni
1516 4292 1608 4358 habet,
1629 4295 1720 4363 qualis
1731 4294 1786 4345 fuit
1808 4309 1869 4345 cum
1885 4294 2007 4347 Graecia

1198 4365 1271 4432 apud
1291 4364 1435 4416 Salamina
1454 4363 1634 4431 depugnavit.
1675 4363 1843 4432 lampadias
1873 4364 2005 4418 ardentes

1198 4436 1327 4486 inritatur
1352 4434 1441 4487 faces:
1463 4436 1589 4502 llippeos
1610 4434 1726 4501 equinas
1746 4434 1844 4495 iubas,
1865 4433 2006 4487 celerrimi

1199 4513 1302 4567 motus,
1315 4510 1398 4571 atqua
1406 4505 1433 4554 in
1446 4505 1541 4556 orbem
1553 4505 1628 4555 circa
1639 4521 1668 4557 sc
1680 4510 1788 4557 euntes.
1810 4502 1857 4553 Fit
1867 4509 1896 4553 et
1907 4503 2003 4554 candi·

1198 4573 1250 4624 dus
1270 4582 1403 4636 ctinietes,
1423 4581 1556 4642 argenteo
1577 4574 1663 4638 crine,
1682 4574 1723 4625 ita
1743 4570 1814 4622 reful
1836 4586 1894 4633 ens,
1913 4570 2004 4623 utrix

1198 4644 1324 4694 contueri
1336 4642 1428 4702 liceat,
1448 4644 1595 4709 specieque
1606 4640 1725 4692 humana
1737 4639 1789 4690 Dei
1801 4655 1816 4689 e
1848 4639 1921 4705 giem
1933 4639 1960 4690 in
1973 4656 2004 4692 se

1198 4712 1356 4764 ostendens.
1386 4711 1472 4761 Fiunt
1493 4719 1521 4762 et
1542 4708 1607 4759 hirti
1628 4710 1756 4760 villorum
1769 4708 1871 4774 specie,
1892 4710 2004 4763 etnube

1197 4780 1294 4848 aliqua
1313 4777 1485 4830 circumdati
1515 4777 1606 4829 Seniel
1620 4775 1710 4829 adhuc
1724 4776 1808 4829 iubae
1819 4779 1925 4845 efligies
1946 4795 2005 4830 niu·

1197 4856 1258 4900 tata
1268 4849 1295 4900 in
1307 4845 1412 4899 hastam
1423 4851 1476 4908 est,
1493 4846 1660 4912 Olympiade
1670 4846 1825 4898 centesima
1835 4862 1917 4909 nona,
1927 4848 2004 4901 urbis

1198 4933 1269 4970 anno
1290 4914 1486 4969 trecentesimo
1507 4916 1688 4985 nonagesimo
1715 4922 1824 4970 octavo.
1865 4918 2002 4969 Brevissi-

1198 5002 1283 5049 mum,
1303 5001 1358 5054 qun
1370 4992 1558 5047 cernerentur,
1578 4987 1696 5052 spatium
1712 4991 1819 5053 septem
1830 4985 1936 5039 dierum
1954 5003 2002 5040 an·

1197 5064 1323 5110 notatum
1337 5062 1393 5108 cst:
1405 5053 1608 5121 longissimum,
1621 5056 1770 5125 octoginta.

1233 5125 1337 5177 xxiii.
1360 5124 1509 5175 Moventur
1520 5131 1611 5176 auteur
1625 5125 1675 5176 alii
1686 5125 1839 5179 errantium
1851 5124 1943 5187 modo,
1955 5125 2006 5177 alii
2086 5148 2094 5157 ·

1198 5195 1355 5247 immobiles
1375 5191 1499 5246 haerent.
1530 5195 1632 5247 Omnes
1643 5193 1731 5248 ferma
1743 5195 1795 5247 sub
1804 5195 1866 5262 ipso
1879 5192 2003 5261 Septem·

1198 5268 1299 5327 trione,
1320 5263 1415 5331 aliqua
1435 5264 1495 5315 eius
1515 5268 1660 5331 partenon
1676 5272 1762 5327 certa,
1783 5264 1832 5317 sed
1845 5267 1965 5316 maxime
1975 5263 2003 5314 io

1199 5332 1327 5397 candida,
1341 5348 1411 5400 quae
1422 5333 1507 5384 lactei
1519 5333 1615 5385 circuli
1638 5349 1737 5388 nomen
1748 5333 1866 5402 accepit.
1897 5335 2003 5386 Aristo-

1198 5406 1269 5457 teles
1289 5402 1375 5456 tradit
1395 5402 1518 5454 etsimul
1539 5402 1634 5471 plures
1654 5405 1743 5456 cerni:
1766 5402 1870 5457 nemini
1879 5415 2004 5468 comper·

1198 5480 1258 5526 tum
1270 5473 1363 5536 alteri,
1384 5471 1458 5541 quod
1475 5472 1602 5541 equidem
1614 5472 1710 5526 sciam.
1738 5474 1846 5529 Ventos
1863 5480 1953 5523 autem
1967 5469 2003 5520 ab

1198 5542 1233 5595 iis
1254 5558 1353 5612 graves
1373 5548 1521 5611 aestusque
1541 5543 1702 5615 significari.
1732 5543 1858 5596 Fiuntet
1879 5537 2002 5591 hibernis

1198 5612 1350 5678 mensibus,
1361 5618 1390 5667 et
1399 5612 1429 5665 iu
1440 5613 1564 5667 ansuino
1576 5614 1651 5682 polo,
1667 5613 1717 5670 sed
1727 5615 1768 5668 ibi
1780 5616 1850 5667 citra
1861 5609 1949 5662 ullum
1957 5608 2002 5659 iu·
