4356 6014
591 786 656 915 sc.
713 827 970 917 aaron
1025 831 1358 921 snounor

130 1007 947 1115 'NATURALIS

1042 1011 1844 1151 nrsroaraug

707 1213 1270 1323 erassum

872 1420 1102 1433 w

163 1571 182 1621 l.
196 1535 282 1619 pou
292 1578 378 1617 :rsa
388 1576 428 1615 ae
440 1561 568 1624 arbores,
588 1573 712 1627 quaeque
723 1559 883 1612 mitioribus
895 1575 958 1613 sur·

163 1642 201 1691 cis
211 1638 384 1702 voluptatem
396 1632 502 1699 primae
513 1630 582 1682 cibis
593 1629 755 1691 attulerunt
765 1636 794 1681 et
804 1631 959 1681 necessario

162 1708 295 1760 alimento
306 1703 420 1754 delicias
432 1702 548 1752 miscere
560 1698 722 1760 docuerunt,
732 1701 789 1751 sire
800 1698 865 1750 illae
875 1700 959 1761 ultro,

162 1774 265 1828 siveab
278 1772 388 1824 hunnine
400 1770 523 1821 didicere
544 1767 662 1819 blandos
679 1782 794 1833 sapores
806 1768 959 1835 adoptione

163 1852 191 1897 et
203 1842 349 1901 enarrabis,
361 1840 444 1906 idque
455 1852 556 1891 munus
567 1840 652 1889 ctiam
664 1835 731 1889 feris
743 1837 959 1904 volucribusque

163 1915 299 1974 dedimus,
309 1912 383 1961 intra
395 1908 553 1975 praedictos
564 1913 701 1959 constant.
727 1906 886 1959 Proximum
899 1915 961 1959 erat

164 1996 276 2035 narrare
297 1977 468 2046 glandiferas
488 1991 611 2044 quoque,
640 1991 712 2044 quas
734 1976 840 2043 primae
859 1977 960 2028 rictum

163 2050 321 2105 mortalium
333 2047 479 2110 aluerunt,
499 2046 624 2097 nutrices
634 2046 724 2112 inopis
736 2062 769 2096 ac
780 2045 857 2099 ierne
868 2046 962 2109 sortis,

164 2122 193 2174 ni
205 2118 343 2188 praererti
355 2123 468 2185 cogeret
479 2114 628 2167 admiratio
640 2131 690 2166 usu
701 2121 856 2180 comperta,
878 2130 961 2184 quae·

162 2205 227 2242 nam
240 2189 384 2255 qualisque
396 2193 469 2238 esset
480 2186 548 2249 rita,
569 2185 631 2236 siue
642 2185 742 2236 arbore
753 2185 820 2246 ulla,
830 2186 891 2237 sine
903 2184 961 2235 iru-

138 2266 139 2269 ’
163 2260 218 2311 tice
229 2256 388 2309 visentium.
417 2253 547 2304 Diximus
557 2257 586 2303 et
595 2251 625 2302 in
636 2252 750 2304 Oriente
761 2253 873 2321 quidem
883 2254 962 2305 iusta

163 2329 302 2380 Oceanum
312 2323 466 2389 complures
488 2337 523 2374 eo
533 2322 561 2372 in
573 2321 740 2375 necessitate
751 2331 858 2388 gentas.
893 2322 963 2375 Sunt

162 2411 230 2450 vero
252 2395 283 2446 in
299 2392 504 2463 septemtrione
521 2390 596 2442 nisae
618 2390 896 2453 nthfibancprum,
917 2391 962 2457 qui

163 2467 284 2517 maiores
295 2463 471 2528 minoresque
488 2456 674 2526 appellantur.
710 2462 798 2513 Vnsto
809 2461 849 2513 ibi
860 2468 964 2523 nneatu,

163 2536 208 2587 bis
219 2534 325 2585 dierum
337 2531 517 2593 noctiumque
529 2527 702 2595 singularum
716 2528 880 2590 intervallis,
891 2529 961 2580 effu·

161 2618 212 2655 sus
223 2603 253 2654 in
264 2603 428 2653 immensum
440 2597 534 2662 agitur
547 2610 675 2655 oceanus,
681 2606 823 2647 aeternam
834 2594 964 2661 operiens

162 2687 257 2725 rorum
270 2675 386 2718 naturae
397 2665 629 2716 eorrtrorersiam:
643 2663 811 2729 dubiumque
823 2663 964 2724 terruerit,

160 2756 196 2793 aa
210 2734 333 2805 partein
344 2734 437 2784 araris.
459 2732 521 2785 lllic
532 2735 634 2785 misera
645 2748 713 2799 gens
724 2735 845 2785 tumulos
857 2733 964 2784 obtinet

161 2809 247 2867 altos,
258 2811 309 2855 out
318 2801 470 2855 tribunalia
479 2808 586 2853 structa
597 2800 764 2852 uraoibusad
775 2801 965 2868 experimenta

163 2875 294 2930 altissimi
308 2879 411 2933 aestus,
424 2870 496 2924 casis
507 2871 549 2921 ita
559 2870 711 2937 impositis:
723 2870 918 2938 navigantibus
928 2870 964 2937 si·

163 2946 323 3006 milcacunr
331 2940 760 3008 integantaquaecircumdatae:
772 2937 914 3005 naufragis
922 2955 964 2990 re·

163 3027 207 3078 ro,
229 3026 290 3064 cum
311 3011 489 3061 recesserint:
511 3008 705 3074 fugientesque
720 3022 782 3058 cum
794 3008 862 3058 mari
875 3008 964 3073 pisces

165 3087 240 3137 eirca
260 3080 372 3147 tuguria
389 3084 532 3129 venantur.
569 3075 631 3128 Non
649 3076 782 3141 pecudem
794 3075 838 3127 bis
849 3074 963 3138 habene,

165 3167 222 3204 aon
233 3147 306 3200 lacte
317 3147 363 3210 nli,
374 3154 406 3197 ut
415 3146 547 3207 finitimis,
564 3160 598 3196 ne
608 3159 669 3196 cunr
682 3144 749 3195 ieris
760 3145 870 3214 quidem
884 3145 963 3196 dinri·

167 3233 232 3272 caro
243 3217 372 3285 contigit,
394 3216 469 3267 omni
482 3216 577 3282 procul
598 3216 697 3265 abacto
710 3214 818 3267 frutice.
857 3214 926 3265 Ulva
937 3222 966 3266 et

165 3287 285 3359 palustri
294 3286 374 3337 iunco
388 3284 468 3337 funes
480 3285 634 3335 nectuntsd
647 3284 832 3351 praetexenda
843 3284 965 3351 piscibus

168 3359 251 3411 retia:
263 3364 428 3423 captumque
439 3356 564 3404 erunibus
577 3353 664 3405 luturn
676 3353 763 3405 rcntis
776 3356 873 3421 magis,
884 3369 964 3421 qnam

168 3426 232 3479 Sole
242 3428 392 3478 siccantes:
410 3432 486 3475 terra
496 3422 582 3483 ribus,
592 3431 621 3473 et
633 3424 753 3487 rigentia
764 3425 965 3490 septemtrione

168 3497 334 3547 viscerosae
345 3501 436 3545 urunt.
474 3490 558 3542 Patris
570 3507 625 3542 rron
636 3493 690 3543 nisi
701 3507 735 3544 ex
753 3494 841 3544 imbre
852 3499 964 3544 serrato

169 3564 312 3617 scrobibus
323 3563 351 3614 in
366 3560 501 3614 vestibulo
514 3560 620 3611 domus.
644 3560 681 3611 Et
691 3559 743 3613 irae
754 3570 859 3629 gentes,
870 3562 893 3612 si
906 3563 969 3611 rin-¹

169 3639 265 3687 cantur
283 3633 366 3685 bodie
385 3647 404 3683 a
417 3630 527 3697 Populo
540 3632 673 3694 Romano,
693 3634 798 3683 serrire
819 3631 965 3693 sedicunt.

167 3706 211 3757 lto
221 3710 266 3755 est
278 3700 420 3769 prolecto:
441 3699 537 3750 multis
551 3697 664 3751 iortuoo
679 3701 769 3766 parcit
779 3703 808 3752 in
821 3715 947 3767 poenam.

201 3773 235 3825 11.
251 3771 335 3823 atiud
347 3787 361 3823 e
372 3769 451 3822 silris
461 3769 641 3820 miraculum:
654 3775 742 3821 totam
756 3771 890 3837 reliquum
899 3770 964 3822 Ger·

167 3855 284 3905 maniam
298 3851 414 3916 replent,
425 3847 582 3912 adduntque
595 3843 695 3913 frigori
707 3847 832 3897 umbras:
855 3845 958 3896 altissi-

165 3938 225 3976 mae
235 3932 330 3972 tamen
342 3918 413 3970 baud
434 3915 529 3984 procul
546 3929 631 3981 sopra
642 3914 724 3966 dictis
737 3914 863 3975 Chaucis,
886 3915 961 3966 circs

165 3992 235 4045 duos
245 3988 487 4058 praecipuelaeus.
510 3984 962 4051 litoraipsaobtinentquercns,

164 4069 288 4121 maxima
299 4064 434 4118 ariditate
446 4060 591 4113 nascendi:
615 4059 806 4126 suffossaeque
827 4056 966 4117 lluctibus,

165 4144 215 4189 aut
225 4135 375 4204 propulsae
384 4132 511 4193 flatibus,
529 4137 624 4180 rastas
635 4130 781 4194 conrpleau
793 4127 914 4181 radicum
926 4124 966 4175 in·

164 4207 242 4257 salas
254 4220 347 4257 acaum
359 4201 506 4253 unierunt:
519 4205 602 4263 atque
613 4197 655 4249 ita
667 4197 787 4250 libratae
797 4203 905 4248 stantes
918 4206 966 4246 na·

163 4276 263 4344 rigant
275 4271 430 4337 ingentium
443 4281 583 4319 rsrnorum
593 4267 781 4328 arnranreotis,
791 4281 873 4329 saepe
886 4264 967 4318 terri·

164 4345 202 4396 tis
222 4343 363 4396 elassibus
383 4337 496 4394 nostris,
518 4349 578 4385 cum
601 4332 966 4384 reintindustriailuctibus

164 4417 320 4481 agereatur
333 4406 362 4456 in
376 4418 473 4470 proras
488 4401 622 4453 stantium
647 4409 744 4463 noctu,
763 4403 914 4468 inopesque
925 4415 966 4450 re·

164 4481 252 4535 medii
265 4479 340 4538 illae,
346 4473 483 4541 proelium
492 4469 848 4522 oaraleadrersnsnrbnres
855 4470 965 4520 inirent.

201 4552 233 4603 lo
254 4547 354 4601 cadem
376 4540 602 4609 septemtrionali
617 4538 699 4607 plaga
710 4541 868 4606 Hercyniae
880 4537 966 4589 silvae

163 4621 301 4672 roborum
311 4614 428 4667 vastitas
438 4612 546 4663 intucta
556 4611 640 4669 aeris,
661 4616 689 4661 et
700 4605 978 4677 congenitomuodo,

164 4705 257 4758 prope
278 4682 429 4737 immortali
451 4687 529 4732 sorte
549 4678 683 4730 miracula
704 4675 821 4729 excedit.
860 4675 896 4726 Ut
911 4674 968 4727 alia

164 4750 538 4811 onrittaaturliderariturar
551 4754 664 4800 constat
670 4746 765 4799 attolli
778 4746 863 4798 colles
873 4760 968 4797 occur-

163 4826 290 4879 santium
300 4826 375 4875 inter
385 4834 414 4874 se
426 4819 550 4871 radicum
561 4832 738 4884 repercussu:
754 4822 804 4868 aut
815 4816 862 4867 ubi
872 4823 969 4865 scruta

163 4897 255 4948 tellus
273 4910 328 4945 :aro
340 4895 386 4953 sit,
408 4905 487 4942 arcus
499 4889 535 4942 ad
545 4902 638 4941 ramos
650 4902 745 4953 usque,
766 4892 795 4937 et
806 4885 883 4953 ipsos
894 4885 969 4937 inter

161 4967 345 5023 serixuntes,
367 4960 475 5013 curvari
493 4965 635 5025 portarum
656 4956 813 5023 patentium
824 4953 917 5014 modo,
937 4959 969 5005 ut

160 5046 277 5086 turmas
296 5032 419 5098 equiturn
440 5029 644 5080 transmittant:
676 5025 828 5094 glandiferi
848 5024 968 5094 unanime

159 5103 282 5174 generis
293 5115 398 5162 omnes,
417 5099 517 5167 quibus
538 5095 860 5163 bonosapudltonsaaos
873 5109 970 5162 perpe·

158 5185 252 5295 miii.
265 5242 339 5294 ilino
349 5237 453 5290 civicae
464 5250 593 5298 coronae,
604 5235 725 5286 militnm
736 5233 850 5286 virtutis
859 5232 971 5298 insigne

160 5313 368 5365 clarissimum:
391 5306 565 5373 iampridem
581 5320 648 5357 vero
664 5312 694 5357 et
704 5303 869 5355 clementiae
881 5303 970 5366 lorpe-

159 5389 309 5439 rotorunr,
320 5384 467 5445 postquam
479 5375 603 5426 civilium
614 5373 750 5426 bellorum
762 5371 880 5440 profano
892 5369 972 5421 arem·

158 5460 229 5504 tuso
240 5450 333 5516 coepit
344 5447 446 5505 vidui,
467 5446 555 5496 siren:
567 5458 622 5495 oon
631 5443 771 5503 ,accidere
808 5441 916 5493 Cedunt
927 5437 971 5489 bis

156 5522 301 5583 aeumlao,
320 5517 505 5583 vallaresque,
525 5520 555 5565 et
575 5528 687 5573 aureae,
707 5524 864 5579 quanquam
881 5508 971 5575 pretio

154 5590 379 5643 antemdeooes.
403 5583 512 5637 cedam
520 5588 550 5635 et
561 5589 713 5647 rostratae,
723 5579 850 5650 queraris
859 5579 889 5631 in
900 5575 971 5629 duo·

1014 1564 1064 1614 bus
1075 1565 1194 1616 mraxime
1206 1564 1241 1616 od
1254 1563 1307 1617 boc
1321 1566 1381 1617 aeri
1394 1565 1532 1616 celebres:
1554 1564 1593 1615 Μ.
1606 1561 1757 1618 Varrouee
1770 1570 1810 1633 pi·

1014 1635 1111 1685 inticis
1131 1633 1220 1694 bellis,
1240 1634 1325 1687 dante
1342 1635 1446 1702 Magno
1464 1635 1612 1702 Pompeio:
1635 1633 1758 1702 itemque
1772 1636 1813 1688 bi.

1013 1703 1150 1769 Agrippa,
1172 1704 1314 1755 tribuente
1326 1706 1445 1757 caesare
1456 1721 1471 1767 e
1483 1703 1595 1766 Siculis,
1617 1718 1688 1769 quas
1708 1712 1737 1772 et
1753 1705 1813 1771 ipss

1014 1772 1133 1836 piratica
1145 1771 1232 1824 luere.
1261 1774 1350 1824 Antea
1362 1781 1453 1825 rostra
1465 1774 1574 1824 narium
1588 1772 1722 1825 tribunali
1736 1789 1813 1840 prae·

1014 1840 1069 1891 lira
1081 1840 1135 1891 iuri
1146 1841 1230 1892 decus
1241 1849 1334 1903 erant,
1356 1843 1441 1894 veluti
1453 1842 1554 1909 populo
1566 1842 1691 1894 Romano
1703 1843 1758 1909 ipsi
1768 1858 1814 1895 co·

1014 1924 1083 1961 rona
1092 1910 1230 1976 imposita.
1264 1910 1415 1979 Postquam
1428 1927 1494 1965 reru
1505 1911 1659 1963 tribunitiis
1668 1910 1815 1964 seditioni·

1013 1980 1065 2030 bus
1077 1981 1179 2031 calcari
1191 1995 1223 2031 ac
1235 1980 1324 2047 pollui
1336 1997 1461 2049 coepere,
1477 1986 1621 2047 postquam
1633 1980 1705 2033 vires
1717 1995 1751 2034 ex
1763 1997 1812 2049 pu·

1014 2047 1088 2099 blico
1101 2050 1128 2100 in
1141 2050 1279 2115 privatum
1291 2052 1389 2117 magis,
1409 2050 1584 2117 singulisque
1596 2049 1695 2100 civium
1707 2051 1813 2117 quaeri,

1015 2125 1195 2171 sacrosancta
1207 2118 1300 2170 omnia
1311 2121 1429 2185 prolana
1441 2120 1541 2182 iecere,
1548 2126 1605 2170 tum
1616 2134 1634 2171 a
1645 2118 1815 2185 pedibuseo·

1015 2202 1074 2238 rum
1085 2188 1195 2241 subiere
1208 2189 1237 2240 in
1249 2192 1342 2256 cupita
1353 2191 1452 2242 rivium
1465 2197 1564 2241 rostro.
1581 2187 1668 2241 Dedit
1680 2188 1750 2241 banc
1762 2191 1814 2241 ‚lu-

1015 2262 1112 2324 gustus
1122 2272 1253 2309 coronam
1265 2259 1415 2329 Agrippae:
1435 2259 1483 2312 sed
1497 2259 1611 2311 ciricum
1624 2272 1753 2325 agenore
1764 2256 1814 2309 hu·

1016 2340 1097 2375 maor:
1109 2326 1215 2394 aceepit
1226 2329 1295 2394 ipse.

1050 2394 1096 2445 lV.
1116 2395 1273 2462 Antiquitas
1295 2398 1403 2462 quidem
1416 2398 1501 2458 nulla,
1523 2397 1577 2448 nisi
1598 2396 1659 2458 deo,
1681 2397 1815 2449 dabatur:

1017 2464 1052 2513 ob
1064 2463 1091 2514 id
1100 2465 1239 2516 Homerus
1249 2466 1329 2516 caelu
1340 2475 1446 2517 tantum
1460 2482 1517 2525 eas,
1526 2474 1555 2517 et
1566 2465 1673 2532 proelio
1683 2466 1814 2516 universo

1016 2531 1128 2582 tribuit:
1151 2534 1257 2583 viritim
1278 2548 1344 2585 vero
1363 2549 1396 2584 ne
1412 2535 1443 2584 in
1461 2537 1612 2586 cemanrine
1627 2530 1738 2600 quidem
1757 2531 1816 2583 ulli.

1017 2596 1178 2663 Feruntque
1187 2598 1305 2664 primun:
1329 2604 1450 2652 oninium
1464 2602 1594 2653 Liberum
1607 2609 1715 2665 patrem
1726 2603 1815 2666 impo-

1016 2665 1105 2717 suisse
1118 2666 1205 2732 cupiti
1225 2682 1276 2717 suu
1293 2683 1327 2720 ex
1339 2666 1432 2719 edera.
1468 2664 1571 2718 Postea
1583 2666 1698 2718 deorum
1711 2665 1817 2720 vhorrori

1016 2735 1205 2795 sacrificantes
1217 2749 1351 2797 sumsere,
1362 2736 1481 2786 victimis
1493 2735 1576 2787 simul
1588 2736 1742 2792 coronatis.
1763 2735 1817 2788 No·

1017 2804 1129 2856 rlsslare
1141 2811 1169 2855 et
1181 2805 1208 2868 in
1223 2805 1311 2856 sacrm
1331 2805 1526 2856 certaminibus
1536 2811 1697 2871 usurpatae:
1719 2804 1745 2855 in
1758 2806 1817 2872 qui·

1017 2874 1069 2924 bus
1081 2872 1219 2940 hodieque
1236 2888 1292 2924 noa
1308 2873 1409 2925 victori
1421 2873 1519 2933 dabir,
1544 2873 1592 2926 sed
1604 2874 1722 2941 patriam
1736 2876 1770 2927 ab
1783 2888 1816 2927 eo

1017 2943 1145 2993 coronari
1156 2944 1361 3009 pronuntiatur.
1394 2942 1461 2993 inde
1473 2951 1576 3005 natum,
1586 2952 1617 2994 ut
1626 2943 1711 2994 etiam
1721 2946 1817 2994 trium·

1018 3008 1143 3076 phaturis
1163 3010 1356 3065 cnolerrentur
1376 3013 1404 3062 in
1416 3012 1527 3079 templis
1540 3011 1689 3063 dicandae:
1711 3026 1775 3063 mox
1786 3017 1818 3063 at

1017 3088 1045 3131 et
1056 3080 1129 3133 ludis
1142 3080 1281 3133 darentur.
1319 3081 1446 3149 Longum
1455 3088 1507 3141 est,
1519 3096 1569 3132 neo
1580 3080 1702 3131 instituti
1714 3081 1817 3145 operis,

1017 3149 1154 3201 disserere
1164 3151 1289 3215 quisnam
1296 3152 1484 3205 Romanorum
1496 3148 1758 3217 prinrusaeaeperitr
1771 3164 1817 3202 ne·

1017 3233 1070 3283 que
1081 3218 1154 3270 enim
1164 3219 1235 3271 alias
1247 3227 1391 3282 nonerunt,
1411 3236 1490 3287 quam
1502 3219 1626 3272 bellicas.
1661 3218 1743 3281 Quod
1756 3233 1815 3271 cer·

1016 3293 1076 3340 tum
1088 3294 1141 3351 est,
1163 3291 1346 3357 unigentium
1359 3290 1422 3342 huic
1433 3291 1514 3358 plura
1524 3295 1588 3340 suat
1597 3302 1715 3357 genera,
1736 3302 1816 3355 quara

1018 3358 1130 3409 suumn.

1051 3427 1086 3480 V.
1098 3427 1234 3480 Romulus
1246 3427 1365 3480 frondea
1376 3427 1643 3480 coronaritliostum
1656 3426 1816 3486 Hostilium,

1017 3494 1091 3562 quod
1102 3497 1234 3550 Fidenam
1245 3496 1351 3563 primus
1362 3498 1514 3564 irrupisset.
1529 3498 1602 3547 Avus
1614 3493 1659 3546 bic
1668 3492 1744 3547 ‘ruiti
1756 3496 1815 3545 lio·

1017 3565 1087 3615 atilli
1103 3565 1165 3617 init.
1201 3565 1230 3616 Ρ.
1250 3566 1368 3619 Decium
1390 3573 1507 3634 patrem,
1527 3560 1665 3618 tribunum
1687 3565 1816 3624 militum,

1017 3633 1138 3686 troaden·
1146 3634 1411 3691 donaritexercitus
1422 3637 1456 3687 ab
1469 3648 1504 3687 eo
1514 3641 1649 3693 serratus,
1666 3634 1817 3699 imperata·

1017 3719 1048 3756 re
1058 3704 1189 3756 Cornelio
1201 3706 1287 3757 Cosso
1298 3704 1423 3767 consule,
1433 3703 1597 3756 Samnitium
1609 3702 1693 3755 bello.
1722 3700 1816 3755 Civica

1016 3771 1105 3841 iligna
1117 3774 1207 3841 primo
1218 3773 1280 3837 luit,
1301 3781 1400 3841 postea
1410 3775 1500 3840 magis
1511 3772 1615 3840 placuit
1626 3786 1659 3825 er
1672 3771 1765 3824 esculo
1776 3771 1817 3822 lo·

1018 3844 1046 3893 ri
1057 3858 1144 3895 sacra.
1179 3842 1380 3912 variatumque
1400 3852 1429 3897 et
1443 3859 1503 3895 suar
1521 3858 1625 3911 quercu
1636 3848 1689 3904 est,
1708 3841 1816 3894 sedata

1017 3912 1128 3979 ubique,
1149 3927 1220 3979 quae
1232 3914 1332 3976 luerat,
1346 3913 1488 3966 custodito
1499 3920 1607 3965 tantum
1619 3910 1726 3963 bonore
1736 3910 1815 3977 glan·

1019 3982 1072 4034 dis.
1108 3981 1227 4036 Additae
1237 3984 1314 4053 leges
1332 3990 1437 4047 aretae,
1458 3983 1560 4045 etideo
1571 3980 1718 4048 superbae,
1736 3992 1817 4045 quss-

1019 4067 1072 4124 que
1094 4050 1222 4105 conferre
1247 4054 1333 4106 libeat
1356 4070 1417 4105 cam
1436 4054 1488 4105 illa
1505 4053 1676 4106 Graecorum
1696 4062 1816 4108 summo,

1019 4140 1089 4193 quoe
1099 4122 1151 4176 sub
1168 4124 1230 4190 ipso
1240 4124 1307 4177 lore
1318 4124 1412 4187 datur,
1434 4123 1532 4189 cuique
1543 4135 1636 4172 muros
1647 4117 1739 4183 patria
1749 4130 1815 4182 gau·

1022 4195 1089 4246 dens
1102 4194 1216 4259 rumpit.
1253 4194 1347 4245 Civem
1359 4208 1479 4252 serrare,
1491 4191 1599 4241 bostem
1609 4184 1745 4237 occidere.
1771 4184 1816 4233 lit·

1020 4279 1074 4331 que
1084 4276 1146 4315 eum
1157 4262 1257 4324 locum,
1277 4265 1305 4314 in
1316 4261 1530 4330 passicratem,
1547 4257 1636 4307 bostis
1648 4252 1774 4335 obtineat
1782 4267 1815 4331 qo

1021 4334 1076 4385 (lie.
1115 4330 1287 4382 Utserratus
1307 4331 1445 4383 latentur:
1465 4328 1534 4378 alios
1546 4323 1681 4375 testesnrl
1693 4328 1815 4388 prosunt.

1019 4402 1056 4452 Ut
1065 4400 1135 4450 ciris
1146 4398 1242 4450 fuerit.
1257 4401 1377 4457 Auxilia,
1389 4394 1514 4462 quamnis
1525 4407 1590 4460 rege
1599 4398 1721 4453 serrato,
1732 4390 1816 4443 decus

1019 4470 1049 4521 id
1060 4482 1115 4521 noo
1127 4468 1202 4519 daut
1216 4467 1382 4519 Neocreseit
1392 4464 1481 4516 lronos
1493 4463 1567 4515 ideas
1577 4464 1817 4528 imperotorecon·

1020 4544 1147 4591 serrato:
1158 4534 1289 4603 quoniam
1297 4533 1455 4587 conditores
1465 4534 1496 4584 in
1505 4546 1669 4601 quoeunque
1677 4531 1736 4582 cire
1746 4544 1818 4580 sum-

1020 4604 1300 4660 mumessevoluere.
1330 4605 1451 4671 Accepta
1460 4602 1528 4655 licet
1539 4601 1581 4653 uti
1590 4605 1733 4668 perpetuo.
1763 4598 1819 4650 Lu·

1021 4677 1073 4729 dos
1084 4675 1190 4728 ineunti
1201 4690 1312 4741 seniper
1321 4674 1441 4743 assurgi,
1450 4673 1535 4725 etiam
1548 4672 1582 4722 ab
1594 4670 1709 4730 Senatu,
1721 4668 1749 4719 in
1761 4681 1819 4719 mo·

1021 4763 1052 4799 re
1063 4752 1114 4798 est.
1151 4745 1272 4797 Sedendi
1291 4744 1335 4795 ius
1351 4745 1380 4795 in
1394 4743 1522 4812 proximo
1539 4741 1663 4793 Senatui.
1699 4736 1819 4789 vacatio

1021 4830 1164 4869 munerum
1185 4816 1308 4868 omnium
1328 4815 1393 4881 ipsi,
1410 4812 1552 4881 patrique,
1571 4817 1599 4860 et
1619 4824 1671 4860 aro
1693 4814 1818 4874 paterno.

1021 4884 1236 4946 Quamordecrm
1249 4900 1298 4938 ess
1309 4884 1415 4951 aceepit
1425 4883 1531 4935 Simius
1544 4882 1690 4939 Dmtotus,
1704 4884 1735 4928 ut
1747 4882 1821 4927 retu·

1022 4955 1104 5005 limus
1114 4969 1165 5006 suo
1176 4954 1251 5006 loco:
1262 4968 1313 5006 sex
1323 4953 1504 5020 Capitolinos.
1527 4951 1553 5001 ls
1564 4949 1673 5017 quidem
1686 4952 1715 4997 et
1726 4945 1762 4997 de
1773 4944 1820 4997 du·

1022 5040 1053 5076 os
1063 5023 1193 5075 Servilio.
1216 5022 1364 5090 Africanus
1373 5022 1407 5073 de
1417 5029 1497 5090 patra
1507 5020 1631 5085 accipere
1644 5016 1734 5066 noluit
1745 5011 1820 5079 apud

1021 5091 1161 5145 Trebiam.
1185 5083 1820 5157 Omoresaeternos,quitnntsopsrubonore

1022 5162 1084 5212 stilo
1096 5161 1275 5212 donaverint:
1294 5169 1322 5213 et
1332 5176 1393 5214 cum
1405 5161 1527 5226 reliquas
1538 5170 1654 5208 coronas
1665 5169 1735 5205 auro
1747 5164 1820 5201 cunr·

1023 5230 1198 5290 mandarent,
1216 5231 1336 5283 salntem
1358 5231 1427 5283 ciris
1448 5231 1476 5282 in
1489 5220 1817 5293 pretioesseoolusriut:

1023 5299 1099 5353 olore
1110 5297 1242 5366 professi,
1263 5315 1297 5351 ue
1313 5300 1419 5353 serrari
1429 5297 1541 5367 quidem
1552 5293 1691 5347 bominem
1703 5288 1746 5340 ios
1757 5296 1820 5335 esse

1022 5369 1094 5421 lueri
1104 5381 1196 5420 causa.

1058 5438 1103 5490 Vl.
1129 5435 1286 5490 Glandesc

1023 5506 1253 5577 gentiumetiav

1024 5574 1179 5647 miooptr'

1585 5445 1649 5480 ‘flos
1671 5422 1817 5477 stultarum

1629 5503 1665 5547 nt.
1693 5490 1753 5544 Nec
1765 5503 1820 5537 non

1681 5561 1819 5614 sisara:-
