4368 6008
346 292 408 355 ³32
452 228 485 349 (h
507 283 657 364 Palati
687 279 897 345 sacuam
929 276 1099 343 NATUR.
1132 278 1323 344 Histoe„
1352 276 1439 340 titt.
1460 273 1632 337 xxvui.
1668 275 1770 338 CAP.
1791 282 1911 342 36-42.

348 439 479 493 Pluribus
490 432 732 502 compositionibus
745 429 878 483 miscetur
887 429 1080 483 innueramus.
1091 429 1147 483 Na·
1195 430 1341 487 Perflcitur
1350 436 1431 482 emat
1442 426 1560 478 exemtis
1570 424 1648 479 renis
1659 441 1734 495 aqua
1742 427 1853 480 marina
1864 429 1910 483 rel
1919 431 1997 485 calna

347 517 414 561 tura
423 510 483 559 elus
492 506 678 570 adstringere,
689 499 808 560 mollire,
819 499 937 564 replere,
948 513 1075 567 purgare.

386 574 512 628 xxxvl.
532 571 660 639 oxygala
669 569 701 620 tit
711 574 741 619 et
751 568 807 619 alio
817 567 909 631 medo,
925 568 1006 619 acido
1015 567 1090 619 lacte
1100 564 1148 618 ad·

350 645 411 698 dito
420 646 449 695 in
459 659 553 696 recens
562 639 633 707 qued
645 638 715 689 velis
725 637 890 699 inerescere,
901 637 1078 689 utilissimum
1090 641 1147 688 ste·

349 713 457 767 macho.
495 710 615 761 Effectus
626 706 749 758 dicemus
759 705 817 757 suis
828 705 907 756 lucis.

385 778 523 831 xxxvii.
552 777 683 827 Proxima
693 774 723 825 in
733 775 923 826 communibus
933 772 1010 839 adipi
1021 772 1084 824 laus
1095 777 1147 835 est,

350 849 400 902 aed
410 847 527 900 maxime
535 845 637 907 suillo,
656 842 728 911 apud
739 845 867 909 antiquus
879 842 964 894 etiam
976 841 1147 909 religiosius.

239 912 245 923 ’
350 922 432 971 Certe
444 930 530 966 nevae
541 920 644 979 nuptae
656 914 803 973 intrantes,
814 912 964 962 etiamnum
974 910 1088 962 solenne
1100 906 1147 959 ha·

350 988 417 1040 beat
434 991 529 1051 postes
546 997 579 1035 eo
595 983 743 1046 attingere.
780 980 954 1031 inveteratur
971 977 1147 1030 duobusmo·

350 1055 401 1117 dis,
411 1060 460 1104 aut
470 1067 533 1103 cunr
542 1051 611 1112 eale,
623 1057 672 1102 aut
682 1051 819 1101 sincerus:
838 1054 917 1100 tauto
928 1047 1031 1109 utilior,
1062 1053 1146 1098 nante

349 1124 388 1176 sit
403 1123 548 1175 uetustior.
584 1122 739 1185 axungiam
757 1117 858 1168 Graeci
874 1116 958 1167 miani
970 1062 1146 1179 eppehaverc

348 1195 406 1245 iam
417 1194 447 1244 in
458 1188 645 1242 voluminibus
660 1189 726 1236 suis.
762 1184 861 1251 Neque
871 1191 915 1234 est
925 1182 1036 1233 occrulta
1047 1182 1147 1231 uirium

349 1276 444 1323 eausa,
460 1261 588 1326 queniam
598 1256 627 1306 id
639 1253 742 1306 animal
753 1251 902 1304 herbarum
911 1250 1050 1303 radicibus
1061 1248 1147 1301 resci-

349 1341 406 1383 tur.
442 1329 539 1394 ltaque
556 1326 642 1377 etiam
663 1327 728 1374 timo
743 1321 883 1373 innumeri
899 1335 974 1372 usus.
1010 1319 1148 1381 Quamob-

349 1414 407 1451 rem
420 1413 474 1449 non
485 1396 520 1447 de
532 1395 590 1446 ulia
608 1391 748 1458 inserimur
758 1406 817 1451 sue,
836 1389 926 1441 multo
938 1387 1093 1440 efficaciore
1106 1386 1146 1437 fe·

347 1468 433 1528 mina,
445 1471 474 1517 ct
484 1478 554 1531 quae
565 1478 619 1513 nen
631 1460 746 1526 peperit.
782 1459 874 1510 Multo
884 1473 950 1510 vero
961 1457 1148 1523 praestantior

349 1537 380 1587 in
391 1534 467 1600 apris
478 1540 530 1585 est.
567 1531 636 1581 Usus
648 1530 735 1596 igitur
751 1529 889 1594 axungiae
905 1533 949 1579 cst
959 1525 995 1577 ad
1006 1524 1148 1578 emollien-

349 1603 396 1665 da,
414 1598 631 1662 excalfacienda,
644 1597 827 1659 discutienda,
847 1594 1054 1663 purgandaque.
1089 1593 1148 1644 Me·

351 1671 475 1724 elicorum
486 1671 572 1736 aliqui
584 1668 708 1720 admixtu
718 1668 825 1718 anseris
835 1665 927 1733 adipe,
947 1671 1148 1727 taurorumque

350 1754 418 1792 seru
440 1746 469 1790 ct
489 1736 648 1804 oesypo,nd
671 1736 810 1805 podagras
830 1734 871 1785 uti
890 1733 994 1786 iubent.
1032 1731 1146 1782 Sinera

350 1813 496 1875 permanet
506 1806 594 1868 dolor,
606 1822 666 1857 cum
679 1820 751 1867 cera,
763 1813 864 1872 myrto,
874 1803 975 1865 resina,
990 1801 1059 1867 pice.
1088 1797 1149 1849 Sin·

351 1892 415 1929 cera
426 1877 548 1944 axungia
564 1874 693 1926 nuntietur
707 1872 842 1925 anibustis
857 1871 902 1922 uel
912 1870 986 1922 nire:
1008 1865 1146 1935 pernioni-

349 1944 405 1996 bus
416 1953 507 1996 nutem
528 1958 588 1994 cum
609 1941 708 1994 hordei
727 1943 824 1995 cinere
841 1945 870 1991 ct
889 1939 963 2006 galla
977 1937 1039 2003 pari
1055 1934 1147 1985 medo.

349 2012 469 2065 Prodest
481 2019 508 2064 ct
520 2010 680 2062 confricatis
692 2011 834 2071 membris,
842 2008 1027 2072 itinerumque
1038 2004 1148 2054 lassitu·

352 2080 432 2133 (lines
443 2087 472 2132 et
485 2079 665 2145 fatigationes
682 2079 768 2143 leuat.
803 2075 844 2126 Ad
860 2077 958 2125 tussim
975 2080 1096 2125 veterem
1106 2086 1148 2122 re·

352 2165 418 2202 cens
432 2147 597 2212 decoquitur
613 2146 773 2213 quadrantis
788 2143 911 2211 pondere
928 2144 957 2193 in
968 2143 1025 2193 nini
1037 2139 1150 2209 cyathis

350 2218 441 2270 tribus
452 2216 546 2268 addito
557 2214 649 2265 melle.
686 2212 774 2265 Vetus
789 2213 871 2263 etiarn
884 2209 1003 2279 phthisin
1016 2214 1043 2262 in
1054 2209 1147 2277 pilulis

352 2292 445 2339 sunrta
455 2290 544 2347 sanat,
557 2298 628 2350 quae
640 2282 698 2334 siue
709 2282 767 2333 sale
778 2281 933 2332 inveterata
944 2286 995 2330 eat.
1031 2281 1146 2331 Omnino

353 2356 427 2408 enirn
443 2369 497 2404 nnn
516 2353 569 2403 nisi
586 2351 621 2402 ad
638 2366 672 2402 ca
687 2366 757 2419 quae
771 2349 914 2417 purganda
928 2349 991 2412 sint,
1013 2355 1063 2399 aut
1078 2360 1147 2414 quae

351 2438 408 2474 non
422 2422 477 2472 sint
497 2419 693 2488 exhulcerata'
706 2421 780 2470 eoba
798 2419 909 2485 petitur.
946 2417 1063 2478 Quidam
1081 2430 1147 2483 qua·

352 2491 465 2543 drantes
477 2491 613 2557 axungiae
624 2494 652 2539 et
668 2488 750 2539 mulsi
767 2488 796 2537 in
816 2487 870 2537 riui
880 2483 989 2553 cyathis
1000 2485 1090 2536 tribus
1101 2483 1146 2535 de·
1179 2507 1182 2512 ·

353 2567 475 2626 coquunt
489 2563 588 2609 contra
604 2553 739 2625 phthiscs,
761 2561 858 2622 quarto
877 2569 984 2620 quoque
1001 2555 1046 2604 dir
1058 2555 1147 2620 picem

349 2626 484 2696 liquidum
497 2626 526 2676 in
538 2639 589 2677 evo
600 2625 671 2677 sumi
683 2625 788 2687 iubent,
799 2624 995 2690 circumligatis
1005 2623 1147 2685 lateribus,

353 2702 381 2749 ct
399 2696 566 2763 pectoribus,
577 2699 606 2745 et
625 2694 748 2760 scapulis
767 2708 860 2744 eorum
879 2693 927 2758 qui
945 2692 1068 2758 phthisin
1088 2705 1147 2742 sen·

351 2764 434 2816 tiuut.
471 2764 616 2829 Tantaque
627 2767 669 2813 cst
682 2761 733 2825 uis,
751 2768 782 2813 ut
791 2761 907 2829 genibus
919 2762 1004 2813 etiam
1015 2759 1148 2827 adalliga-

350 2839 390 2895 ta,
408 2832 505 2885 redeat
524 2832 552 2883 in
565 2848 596 2885 os
608 2844 701 2897 sapor,
722 2845 837 2897 eamque
849 2844 983 2896 exspuere
993 2830 1148 2882 uideantur.

345 2900 375 2957 it
386 2916 436 2953 sue
446 2916 516 2968 quae
526 2915 581 2952 nen
593 2900 712 2968 peperit,
730 2900 875 2966 aptissime
884 2903 1000 2949 utuntur
1011 2899 1045 2948 ad
1057 2905 1147 2946 cutem

349 2969 493 3031 mulieres.
530 2970 637 3020 Contra
647 2969 768 3021 scabiem
778 2982 845 3020 vero
858 2967 956 3033 quivis,
972 2965 1096 3017 admixto
1107 2964 1148 3014 iu·

347 3044 506 3089 mentorum
518 3052 593 3100 sevo,
603 3052 654 3103 pro
666 3043 744 3104 parte
756 3037 849 3097 tertia,
861 3041 890 3087 et
900 3035 969 3101 pice,
990 3035 1148 3101 pariterque

349 3103 575 3157 subfervefactis.
611 3105 727 3156 Sincera
743 3112 838 3170 partus
853 3105 883 3154 in
896 3103 1023 3154 abortum
1034 3116 1148 3171 vergen-

348 3179 393 3225 tes
404 3171 499 3243 uutrit,
520 3171 631 3239 collyrii
643 3172 724 3224 modo
737 3171 856 3223 subdita.
892 3170 1041 3222 Cicatrices
1051 3185 1148 3222 cunco·

346 3240 426 3294 lorea
439 3239 506 3292 facit
517 3255 629 3293 cerussa
640 3241 776 3303 admixta,
798 3241 842 3292 vei
853 3240 964 3307 argenti
973 3254 1077 3306 spuma.
1113 3241 1148 3291 at

1195 503 1295 564 murm,
1307 513 1372 551 mex
1382 498 1410 549 in
1422 496 1482 564 pila
1492 501 1592 556 tusum,
1611 510 1725 563 aspmsa
1735 500 1854 548 marina.
1891 501 1996 553 crebro

1197 577 1295 639 postea
1305 568 1444 635 coquitur,
1455 566 1543 616 denec
1554 562 1625 615 odor
1634 566 1723 615 omnis
1734 565 1890 618 abolentur.
1925 570 1994 622 Mox

1198 639 1313 692 umdrru
1333 635 1401 688 Sole
1420 634 1456 687 ad
1481 631 1629 686 cuderem
1652 634 1804 686 reducitur.
1840 637 1995 690 breuibus

1197 714 1291 761 meur
1306 705 1529 757 laudatissimum
1547 706 1599 753 est.
1635 699 1667 753 Si
1681 717 1747 753 uero
1757 710 1837 755 retus
1849 714 1995 759 mrocetur

1198 778 1347 837 adcuram,
1368 772 1505 841 liquefieri
1516 769 1711 838 priusiubcnts
1733 786 1798 822 mox
1807 771 1912 839 frigida
1921 789 1995 842 aqua
2017 780 2022 785 '

1198 845 1286 898 lavari
1307 844 1427 908 saepius,
1447 840 1511 892 dein
1532 837 1702 905 liquefacere
1722 838 1812 890 affuso
1824 842 1890 893 rino
1909 858 1995 910 quarn

1198 911 1405 968 odoratissimo.
1440 909 1601 974 Eodemque
1616 906 1699 960 mode
1713 908 1815 959 iterum
1832 924 1867 960 ac
1880 913 1997 976 saepius

1198 988 1329 1051 coquunt,
1340 978 1512 1033 domninus
1523 982 1681 1030 caumont.
1716 975 1802 1027 Multi
1813 977 1942 1043 priuatim
1955 981 1996 1032 sic

1197 1059 1352 1112 taurorum,
1371 1050 1544 1114 lessuumquc,
1566 1043 1819 1112 aepantherarum,
1839 1049 1996 1100 etcamele·

1197 1135 1258 1171 rum
1270 1120 1315 1185 piu
1354 1118 1384 1169 ia
1398 1116 1489 1167 curari
1505 1114 1609 1167 iubent.
1645 1115 1716 1166 Usus
1731 1113 1907 1165 dicetursuis
1918 1116 1994 1171 lucis.

1231 1187 1324 1239 xxxi
1354 1221 1361 1235 .
1395 1184 1555 1236 communis
1579 1190 1608 1233 et
1633 1185 1706 1235 ratio
1730 1182 1917 1235 medullarum
1943 1194 1993 1237 est.

1198 1257 1300 1308 Omnes
1320 1252 1466 1313 molliunt,
1494 1251 1619 1316 expleat,
1646 1252 1767 1315 siccant,
1799 1253 1992 1309 excalfactum.

1197 1321 1406 1375 Laudatissima
1425 1323 1542 1381 certina,
1564 1334 1628 1371 mox
1649 1319 1775 1381 vitulina,
1797 1318 1861 1373 dein
1882 1319 1993 1387 hircina,

1198 1399 1227 1446 et
1243 1390 1363 1457 caprina
1399 1389 1539 1439 (iurantur
1553 1393 1619 1438 ante
1634 1396 1797 1440 autumnum
1814 1400 1940 1443 recentes
1955 1392 1992 1444 le·

1198 1467 1258 1524 tae,
1278 1460 1453 1523 siccataeque
1463 1457 1492 1508 in
1504 1456 1615 1506 umbrat
1637 1470 1686 1522 per
1696 1457 1819 1508 cribrum
1832 1457 1894 1510 dein
1906 1461 1990 1527 liqua-

1198 1537 1254 1592 tae,
1265 1527 1413 1596 perlintea
1420 1528 1619 1592 exprimuntur,
1640 1529 1894 1592 nerepenuaturin
1904 1529 1993 1591 fictili,

1198 1600 1267 1650 locis
1277 1595 1399 1663 frigidis.

1231 1666 1293 1719 xi..
1321 1664 1602 1716 interamninautem
1613 1661 1771 1716 communia
1781 1661 1940 1715 animalium
1949 1665 1993 1718 sel

1198 1731 1432 1804 praestantissimi
1442 1730 1557 1784 effectus
1565 1729 1605 1782 fei
1617 1738 1668 1783 est.
1706 1731 1757 1784 Vis
1769 1732 1830 1783 eius
1840 1731 1991 1785 excultare·

1198 1821 1238 1868 re,
1248 1803 1384 1862 mordere,
1405 1800 1541 1861 scindere,
1562 1798 1720 1861 extrahere,
1736 1800 1884 1852 discutere.
1902 1801 1991 1852 Misse-

1198 1889 1258 1926 rum
1269 1870 1429 1924 animalium
1441 1868 1575 1921 subtilius
1585 1868 1764 1936 intelligitur,
1775 1875 1804 1921 et
1814 1868 1878 1921 ideo
1886 1868 1922 1920 ad
1933 1884 1993 1921 acu·

1199 1944 1290 1994 lerum
1311 1939 1513 1992 medicamenta
1532 1938 1632 1989 utilius
1650 1937 1835 1990 existimetur.
1870 1938 1994 1989 'l'aurino

1199 2011 1348 2080 praecipua
1358 2008 1495 2074 patentia,
1508 2008 1591 2059 etiam
1603 2008 1631 2057 in
1642 2021 1707 2058 uere
1717 2006 1892 2073 pellibusque
1903 2006 1995 2083 eulgre

1199 2094 1284 2132 aureo
1296 2079 1437 2130 ducendis.
1472 2078 1560 2129 Omne
1576 2082 1667 2127 autem
1684 2083 1799 2127 curatur
1812 2089 1995 2141 mesasprae·

1198 2150 1346 2217 ligateere
1356 2145 1683 2207 iinocraasn,demissum
1695 2143 1885 2200 inferrentem
1895 2159 1995 2212 aquam

1200 2217 1349 2278 semihora,
1367 2228 1433 2267 mex
1446 2216 1583 2267 siccatum
1601 2217 1661 2265 sine
1677 2214 1752 2276 Sole,
1774 2223 1856 2281 atque
1869 2214 1900 2267 iu
1911 2213 1997 2267 melle

1200 2288 1351 2340 conditum.
1387 2284 1541 2336 Danrnatur
1550 2283 1689 2348 equinum,
1709 2288 1816 2335 tantum
1827 2284 1902 2334 inter
1913 2296 1995 2335 rene·

1199 2372 1248 2408 nar
1275 2355 1340 2408 ideo
1365 2352 1469 2406 flamini
1487 2364 1627 2402 sacrorum
1643 2365 1741 2416 equuus
1759 2356 1871 2417 tangere
1886 2365 1942 2401 uon
1962 2350 1998 2400 li·

1198 2432 1254 2544 ¹cet,
1273 2438 1335 2476 cum
1345 2425 1451 2476 Romae
1467 2419 1583 2488 publicis
1598 2421 1687 2472 sacris
1701 2432 1789 2485 equus
1801 2420 1885 2470 etiam
1895 2420 1997 2471 imme·

1210 2500 1282 2547 etur.

1234 2561 1306 2615 xta.
1333 2561 1407 2623 Quin
1416 2565 1445 2611 et
1454 2556 1569 2626 sanguis
1581 2569 1676 2609 eorum
1687 2554 1820 2621 septicam
1832 2553 1889 2605 sin
1899 2552 1996 2607 habat.

1199 2632 1269 2683 ltenr
1279 2634 1628 2695 equarum,praeterquam
1639 2624 1785 2691 virginum,
1799 2623 1900 2684 eredit,
1909 2636 1996 2675 ernam

1200 2702 1279 2766 ginnt
1290 2697 1413 2749 hulcera.
1447 2696 1589 2748 'laurinus
1606 2693 1716 2762 quidem
1727 2707 1822 2746 recens
1832 2692 1907 2743 inter
1915 2706 1995 2744 vene

1200 2784 1234 2820 na
1246 2774 1299 2828 est,
1321 2771 1439 2832 excepta
1454 2765 1562 2833 Aegira.
1598 2764 1637 2814 lbi
1654 2766 1727 2814 enim
1742 2760 1873 2813 sacerdos
1890 2761 1996 2815 'lemae

1199 2836 1399 2895 vaticinatura,
1419 2832 1492 2885 tauri
1508 2835 1671 2898 sanguinem
1687 2830 1759 2883 bibit
1774 2830 1851 2898 prius
1867 2843 1949 2896 quam
1965 2829 1994 2881 ia

1199 2897 1994 3039 attinuit..iiidtatalttttiltiit

1455 3003 1463 3029 i
1837 3002 1846 3030 f

1200 3043 1257 3094 ilat.
1294 3039 1401 3093 Dareus
1417 3037 1543 3088 tribunus
1560 3035 1650 3100 plebei
1660 3034 1784 3086 traditur
1799 3035 1939 3103 caprinum
1954 3035 1994 3087 bi·

1199 3111 1285 3171 bisse,
1293 3122 1354 3159 eum
1367 3105 1475 3173 pallore
1487 3112 1515 3156 et
1525 3104 1628 3155 insidia
1637 3104 1737 3155 veneni
1748 3105 1803 3157 sibi
1812 3105 1873 3155 dati
1883 3104 1994 3156 insimu-

1201 3181 1259 3231 lare
1269 3179 1303 3240 Q.
1314 3176 1479 3243 caepionem
1491 3173 1632 3225 inimicum
1643 3173 1738 3226 veliet.
1775 3175 1925 3235 llireoruru
1935 3187 1996 3225 aen·

1200 3248 1277 3317 guini
1288 3252 1367 3298 tauta
1377 3245 1419 3296 vis
1429 3250 1482 3304 cst,
1499 3248 1532 3293 ut
1543 3240 1777 3294 ferramentorum
1790 3243 1930 3294 subtilitas
1942 3256 1996 3294 non

350 3325 411 3363 cum
421 3308 565 3377 sulphure,
575 3313 707 3377 unguium
723 3311 868 3361 scabritias
880 3308 1018 3362 emendat.
1054 3308 1148 3361 Mede-

348 3387 398 3432 tur
408 3386 436 3434 et
448 3378 549 3447 capillo
560 3378 672 3432 fluenti:
695 3387 723 3433 ct
742 3378 899 3431 hulceribus
910 3382 937 3430 in
948 3379 1038 3446 capite
1049 3377 1146 3431 mulie·

346 3448 1146 3583 menese
1199 3449 1628 3574 ..⁶¹³
1648 3446 1996 3515 “Mummi

444 3554 451 3567 ·
1138 3541 1148 3552 ·
1246 3537 1305 3573 ure
1344 3536 1384 3571 cr
1403 3535 1444 3570 us.

347 3583 393 3664 riq
401 3582 648 3645 hemina‘decocta,
659 3585 747 3638 donec
758 3592 815 3636 tres
828 3552 928 3638 unciae,
935 3603 951 3638 e
961 3592 1021 3637 toto
1033 3589 1147 3636 restent.
1200 3538 1506 3656 oexhll.enignrnraua
1517 3586 1590 3637 enim
1603 3585 1630 3635 in
1642 3584 1717 3636 mata
1726 3585 1768 3635 31„
1806 3585 1834 3635 ιθ
1844 3596 1918 3644 naua,
1935 3580 1998 3647 pla.

349 3650 442 3716 Aliqui
453 3656 481 3701 ct
497 3650 587 3700 mellis
605 3655 735 3717 exiguum
756 3654 899 3705 adiiciunt.
936 3654 1017 3705 l'anis
1028 3652 1148 3703 illinitur
1201 3660 1627 3721 fimumqneenntraaerpentes.
1666 3653 1761 3705 Exitio
1790 3654 1884 3703 iserae
1896 3664 1995 3703 cervus

350 3731 412 3769 cum
424 3718 510 3775 calce,
520 3717 586 3766 item
599 3715 754 3768 furunculis
767 3719 943 3787 duritiaeque
959 3734 1147 3770 arammarum.
1200 3740 1281 3779 namn
1297 3725 1421 3789 ignorat,
1442 3729 1474 3771 ut
1493 3721 1518 3771 si
1538 3736 1608 3787 quae
1627 3728 1699 3782 sunt,
1719 3727 1856 3772 exunctus
1868 3720 1996 3773 “vernis

348 3787 452 3850 Rupta
475 3791 503 3833 tt
522 3785 663 3862 etmulti&
683 3791 711 3865 0}
731 3792 885 3863 spasmus,
906 3788 1040 3836 tilium
1059 3791 1148 3835 ⁵8⁰⁸*-
1200 3788 1370 3844 mandentes.
1406 3789 1541 3841 Necnero
1555 3791 1609 3855 ipsi
1624 3791 1809 3854 spirantesque
1825 3785 1997 3841 tantumod-

350 3853 462 3935 Clarqs,
482 3858 616 3931 etnmns,
637 3851 759 3917 callique
770 3858 847 3913 rutra,
861 3867 921 3903 cum
933 3854 1056 3903 elleboro
1067 3853 1144 3903 albo:
1199 3864 1356 3919 vomatur,
1378 3857 1613 3919 aedmembratim
1630 3871 1745 3923 quoque.
1781 3857 1995 3924 Fugarieasai-

347 3920 495 3989 ,mondus
505 3917 632 4000 adauxit
642 3918 733 3971 ferina
742 3919 1082 4000 ttlnmffitffl·}aett⁸tutt
1094 3934 1147 3987 ‘1¹¹⁰
1202 3930 1269 3981 dere
1280 3941 1381 3979 cornus
1391 3940 1486 3976 eorum
1497 3926 1523 3976 si
1534 3933 1641 3988 uranu,
1663 3926 1765 3977 dictum
1776 3932 1835 3977 est:
1852 3931 1883 3976 at
1894 3940 1995 3981 erum-

348 3988 575 4072 gcnerpitrossssl
591 3987 671 4070 etad
689 3995 818 4070 ”ium
851 3989 1146 4056 Prssiltuwipsspulss
1201 4013 1245 4049 mn
1258 4002 1370 4064 gutture
1382 3996 1453 4046 ustis
1464 3996 1581 4056 ossibus,
1592 3994 1757 4063 wagregari
1769 3995 1906 4047 dicuutur.
1933 3994 1995 4047 l‘ei·

344 4057 752 4140 iubalrncoperusctrstolht:
782 4057 893 4124 altoque
902 4058 1052 4110 etiamnum
1063 4057 1147 4109 modo
1200 4064 1376 4118 leaaiundnna
1392 4064 1521 4116 miniatis
1538 4064 1709 4127 minumae,
1728 4068 1996 4130 neurospranntant

347 4129 509 4198 podagricus
521 4125 635 4193 prodest
647 4134 736 4178 mixto
753 4126 816 4179 oleo
833 4132 938 4190 vetere,
957 4128 1079 4179 contrito
1092 4140 1148 4178 una
1201 4137 1235 4188 ab
1246 4150 1280 4186 ρο
1292 4140 1367 4185 matu
1377 4148 1497 4185 nomana,
1520 4132 1674 4200 coagulum
1685 4149 1794 4201 quoque
1809 4138 1933 4186 mm
1943 4145 1993 4197 μ.

347 4196 521 4265 sarcophago
532 4194 635 4263 lapide,
652 4195 881 4279 etquiuquefoliu
892 4204 956 4248 tuse
966 4197 994 4247 in
1007 4199 1081 4259 vino,
1101 4197 1148 4249 rel
1199 4211 1257 4256 tum
1270 4203 1305 4254 ab
1316 4203 1389 4254 ictu:
1408 4208 1438 4254 et
1446 4203 1472 4252 si
1484 4202 1594 4253 omnino
1606 4208 1758 4255 tractatum
1771 4203 1819 4265 eit,
1838 4216 1872 4254 ee
1884 4200 1994 4253 dienen

348 4268 507 4329 wmffllws
528 4266 574 4318 '⁰¹
587 4281 647 4317 ⁰⁰¹¹!
667 4280 778 4348 canera
802 4265 924 4318 Facit&
938 4267 1144 4333 peculiarem·
1200 4275 1398 4338 ieritserpeas.
1432 4269 1995 4337 Testssquoqueeiusinveteratam!ge·

334 4337 485 4418 ¹plastrum
494 4335 603 4419 'laxlill'
618 4337 645 4387 X
665 4334 780 4401 pondera
797 4342 907 4416 reatum
922 4351 1038 4402 spumae
1049 4350 1144 4402 argen-
1200 4343 1285 4393 uitale
1301 4341 1396 4402 maris,
1417 4340 1578 4393 salutariter
1596 4339 1698 4393 dantur
1715 4342 1743 4392 in
1760 4342 1837 4393 vinos
1856 4341 1921 4391 item
1932 4353 1997 4389 rere

347 4409 526 4463 teaemaxtrs,
541 4405 720 4454 utilissimum
733 4403 1145 4458 contmrrrilammatieneshul·
1198 4418 1251 4473 ter,
1261 4425 1341 4478 quern
1352 4409 1578 4476 centipellionem
1589 4418 1701 4463 ruent.
1736 4410 1860 4477 Fugiunt
1871 4416 1900 4461 et
1910 4405 1996 4461 omni·

344 4484 449 4525 cerum
485 4471 691 4554 adipererrino
703 4472 797 4555 inungi
807 4479 907 4539 putant
918 4475 1001 4535 utile,
1019 4487 1145 4540 quaeque
1176 4496 1233 4537 ¹no
1244 4482 1353 4532 dentem
1364 4478 1440 4531 cervi
1449 4477 1594 4541 behemos,
1604 4487 1653 4532 aut
1663 4479 1784 4532 acedulia
1794 4484 1996 4544 puruneteasc·

348 4538 788 4617 serpant,rllrmrecumres1na.
824 4543 935 4607 Antiqui
952 4542 1073 4595 maxime
1087 4542 1145 4593 axi·
1194 4564 1266 4600 aare
1280 4547 1371 4608 uerti,
1392 4548 1546 4600 aatuituli.
1584 4548 1609 4599 2.
1623 4549 1743 4601 Sumnns
1758 4555 1850 4599 autem
1865 4542 1996 4597 remedlit

346 4608 400 4657 bus
410 4605 600 4660 vehiculorum
612 4611 810 4677 perungendis,
819 4609 858 4663 ad
865 4610 1018 4663 faciliorem
1029 4611 1145 4663 eimun-
1198 4618 1354 4683 praefertur
1364 4615 1489 4669 hinnulei
1499 4618 1662 4685 coagulum,
1684 4616 1780 4668 aratris
1791 4624 1872 4666 utero
1883 4611 1997 4669 exsecti,

349 4680 442 4754 actum
455 4679 578 4755 rotarum
590 4677 754 4729 utebantur:
773 4678 846 4730 unde
858 4680 1145 4744 nomenrsiequoque
1197 4692 1229 4737 nt
1249 4686 1441 4738 indicarimus.
1476 4685 1616 4753 Sanguine
1637 4699 1748 4750 quoque
1767 4680 1886 4740 cerrino,
1895 4683 1920 4730 si
1941 4695 1998 4731 una

346 4740 413 4823 ntuli
423 4740 570 4824 medicina,
581 4760 643 4796 cunr
654 4745 704 4798 illa
714 4747 856 4814 ferrugine
866 4755 1003 4810 reterens,
1024 4747 1146 4800 adsedis
1199 4762 1316 4807 urantur
1325 4754 1500 4815 dracontion,
1516 4761 1546 4804 ct
1554 4753 1693 4818 cunilago,
1713 4744 1872 4802 etanchusa
1882 4746 1997 4801 lentisci

347 4809 634 4892 rrtrarrrrlrtatrsque.
670 4816 707 4866 Et
718 4831 768 4885 per
785 4832 816 4868 se
827 4818 976 4884 axungiam
987 4817 1086 4869 medici
1097 4832 1144 4867 an·
1198 4824 1285 4890 ligne,
1295 4814 1421 4875 contrahi
1431 4828 1572 4887 serpentes
1582 4819 1705 4871 uadunt
1732 4813 1995 4879 Dissipuridcinde,

347 4881 1146 4966 trqurmaxrmeprobabnutrenibusdctractam,excnttis·
1197 4893 1224 4943 si
1239 4892 1375 4958 sangmm
1392 4890 1519 4942 detracto
1535 4888 1683 4939 adiicietur
1701 4880 1874 4957 pyrethruar.
1910 4882 1995 4936 bin.

347 4959 403 5011 que
414 4961 490 4998 rems
506 4964 579 5027 aqua
594 4951 710 5003 caelesti
725 4953 863 5008 fricabant
882 4957 990 5018 crebro,
1009 4954 1144 5022 deceque-
1198 4961 1279 5012 seule
1290 4958 1363 5024 apud
1375 4964 1502 5010 numeres
1513 4957 1635 5008 Graecos
1645 4952 1750 5007 arrimal
1762 4966 1844 5004 cervo
1856 4952 1955 5013 minus,
1967 4962 1997 5007 et

347 5016 470 5082 bantqus
484 5016 567 5095 detali
578 5033 650 5070 nevo
661 5024 790 5105 saepius,
811 5031 869 5076 tum
882 5025 991 5079 dentum
1001 5040 1144 5077 usercae·
1198 5028 1255 5096 pito
1265 5028 1373 5079 demun
1384 5026 1485 5088 simile,
1503 5025 1579 5090 quod
1592 5021 1693 5089 ophion
1705 5027 1862 5074 vocaretur.
1898 5020 1994 5073 Sardi·

346 5091 400 5164 tes.
437 5084 685 5166 convenitsalsam
696 5105 786 5161 magns
797 5094 943 5157 emollire,
962 5091 1144 5156 excalfacere,
1198 5098 1271 5148 niam
1281 5094 1311 5146 id
1322 5101 1429 5145 tantum
1444 5094 1520 5145 ferre
1533 5093 1655 5145 solitam.
1691 5093 1755 5145 llac
1768 5089 1993 5144 iuteriimearbi·

347 5150 497 5211 ductitare,
514 5152 711 5238 utilioremque
722 5163 965 5216 annunciatum.
1003 5163 1143 5215 Masurius
1196 5161 1752 5228 tranmidnomnuictaussseocniun.

346 5220 470 5287 palmam
480 5222 574 5303 lupino
591 5222 667 5289 adips
685 5224 931 5297 dedisaeantiquos
944 5231 1039 5283 tradit.
1076 5232 1142 5287 ideo
1229 5236 1255 5288 4.
1274 5235 1459 5301 hpmquoquc
1470 5232 1613 5283 cerebrum
1625 5227 1992 5283 coatraeaalaudaturcum

346 5298 543 5375 nouasnuptns
554 5291 774 5373 ulio-perungere
789 5306 884 5362 pestes
898 5301 1011 5362 solitas,
1030 5302 1142 5368 nequid
1194 5304 1337 5370 unguine.
1373 5299 1736 5355 lecuretiaminreteratum
1748 5300 1994 5363 cumrutapetum

345 5358 414 5409 malr
425 5359 618 5412 medicamenti
630 5360 812 5444 inferretur.⁸
1196 5387 1231 5424 01
1241 5366 1313 5424 vim,
1348 5372 1417 5425 leem
1429 5369 1523 5435 adeps,
1546 5384 1606 5421 cum
1619 5370 1702 5423 melle
1712 5369 1866 5433 resinaque.
1902 5361 1995 5416 Simili

379 5426 531 5508 xlilivlil.
550 5429 631 5491 Quae
642 5436 717 5514 rutro
737 5430 839 5511 adipis,
858 5433 956 5486 eadem
972 5438 1001 5488 in
1017 5436 1142 5505 hisquae
1193 5441 1278 5494 medo
1290 5441 1430 5495 serriauru
1449 5439 1537 5500 iocum
1555 5445 1584 5488 et
1606 5438 1681 5491 fellis
1701 5439 1849 5491 dumtaxat
1868 5434 1948 5493 tibra,
1966 5428 1994 5481 Χ

343 5503 487 5549 numnam
496 5499 554 5550 assi
564 5499 686 5563 esualns
698 5499 979 5565 modus,neumineris
989 5511 1141 5571 potentiae.
1192 5517 1314 5579 quatuor
1323 5508 1453 5578 pondere,
1463 5506 1658 5563 reluerebrum
1670 5507 1698 5560 in
1712 5508 1891 5573 vine-potura.
1911 5499 1994 5563 iace

1200 3318 1284 3369 aliter
1294 3315 1387 3366 acrius
1397 3312 1551 3373 induretur,
1572 3310 1706 3361 scabritia
1716 3311 1839 3375 poliatur
1849 3311 1993 3364 vehemen-

1200 3388 1265 3448 tius,
1286 3398 1368 3450 quam
1379 3383 1455 3433 linia.
1490 3380 1552 3431 Non
1562 3379 1651 3447 igitur
1666 3385 1695 3431 ct
1710 3373 1824 3447 sanguia
1836 3379 1996 3431 aninreiiurn
