4340 6018
594 841 645 927 c.
700 842 958 933 cornu
1016 778 1349 949 aeconor

209 978 1737 1171 Narounnrsnrsroarse

720 1225 1069 1303 LIBER
1155 1233 1236 1307 xl.

144 1581 164 1633 l.
182 1546 295 1631 Merita
311 1575 381 1629 baec
405 1581 432 1657 ei
454 1574 650 1641 nvultigenera,
673 1578 851 1630 terrestrium
869 1578 947 1631 volu·
1000 1582 1230 1649 generilntector
1247 1583 1297 1635 ille
1315 1594 1428 1637 snmus:
1448 1585 1490 1636 sic
1508 1586 1537 1635 et
1552 1582 1666 1635 insectis
1682 1586 1803 1655 quisquis

146 1648 352 1715 crumquevita.
389 1645 450 1698 Alru
462 1651 592 1711 pennata,
612 1652 643 1695 ut
655 1660 736 1712 apes:
757 1646 816 1698 alia
827 1653 947 1715 nunqua
1001 1651 1566 1722 esteltallsbumonbiceritetsanguis.
1602 1651 1701 1706 Donec
1721 1659 1805 1707 amq.

145 1717 243 1780 modo,
262 1721 292 1766 ut
304 1714 450 1767 formicae:
473 1714 566 1780 aliqua
577 1717 606 1766 et
615 1714 713 1781 pennis
725 1723 754 1769 et
766 1716 883 1783 pedibus
898 1732 943 1768 ea·
1001 1722 1088 1772 matio
1100 1738 1151 1773 sua
1161 1724 1260 1790 coique
1270 1724 1317 1784 sit,
1339 1724 1418 1775 nobis
1428 1723 1604 1791 propositum
1617 1728 1669 1784 est,
1690 1730 1804 1776 naturas

144 1787 253 1839 rencia:
271 1784 332 1838 iure
352 1784 444 1834 omnia
464 1783 571 1835 insecta
590 1783 734 1851 appellata
754 1788 789 1838 ab
808 1786 947 1847 incisuris,
1000 1802 1092 1841 rerum
1115 1790 1280 1844 manifestas
1295 1790 1496 1856 indicare,non
1510 1792 1805 1845 consuetudini-ndu.

145 1871 216 1924 quae
227 1869 296 1907 nunc
307 1855 443 1906 cervicum
456 1852 528 1913 loco,
551 1868 623 1904 nunc
634 1862 777 1920 pectorum
789 1862 871 1923 atque
881 1854 948 1917 alvi,
1002 1860 1074 1913 bins,
1426 1881 1428 1885 ·

144 1923 305 2046 trieciflssili
315 1930 447 1989 311Ρῖ11111
459 1924 592 1984 membra,
612 1923 687 1997 tcuui
699 1923 781 1976 modo
794 1924 891 1976 fistula
900 1940 946 1975 cc·
1052 1931 1099 1981 lll.
1118 1930 1237 1992 insecta,
1246 1934 1278 1980 ut
1287 1928 1411 1998 intelllgi
1422 1928 1522 1995 possit,
1541 1943 1596 1980 nnn
1607 1928 1736 1981 ridentur
1745 1945 1805 1984 ner·

162 1993 298 2048 serentis.
334 1992 480 2059 Aliquibus
491 2006 556 2042 vero
575 2006 628 2042 non
650 1999 713 2044 tota
730 1995 860 2056 incisura,
885 2008 946 2046 eam
1000 1998 1176 2060 vosbnbere,
1192 2010 1327 2062 necessa,
1347 2013 1398 2052 nee
1408 1999 1512 2065 spinas,
1532 2014 1586 2050 nec
1602 1998 1805 2069 cartilaginem,

145 2065 285 2116 ambiente
295 2074 327 2111 ru
350 2076 381 2112 a:
392 2060 442 2113 sed
454 2060 481 2110 ln
493 2061 566 2123 alvo,
578 2068 627 2112 aut
636 2076 756 2129 superne
767 2069 887 2125 tantum,
898 2063 949 2113 im·
1001 2082 1053 2119 nec
1062 2069 1187 2137 pinguis,
1208 2083 1259 2120 m
1270 2080 1377 2130 carm,
1397 2082 1432 2121 ne
1448 2073 1571 2120 efflatam
1592 2067 1704 2134 quedem
1721 2070 1806 2139 fraga,

143 2132 260 2186 uncatis
271 2074 517 2213 liniiivettebtip,
538 2144 670 2196 nusquam
692 2130 761 2213 alibi
775 2133 948 2198 spectatiore
1001 2137 1065 2201 leur,
1076 2145 1107 2189 nt
1119 2130 1254 2206 quaedam
1266 2139 1440 2208 mutinam&
1451 2152 1523 2205 quae
1533 2137 1804 2191 inpedientunutigg

144 2210 262 2253 1111111111
283 2214 374 2251 11111111
395 2199 526 2251 1111111111·
564 2199 594 2250 ¹¹¹
617 2214 724 2268 1111131111
739 2200 949 2268 111111ᾶ111001·
1002 2207 1325 2260 sednrediaecuinsdam
1345 2209 1523 2259 interamnis
1538 2204 1804 2260 baccuaturaecor-

144 2271 268 2339 poribus,
290 2277 339 2320 aut
349 2276 425 2321 certe
436 2269 599 2331 maioribus,
619 2267 711 2321 {acilia
729 2270 839 2322 officina
851 2285 950 2338 sequa·
1002 2290 1062 2344 pus,
1073 2278 1166 2330 arenti
1177 2277 1276 2341 simile,
1287 2291 1372 2328 nemo
1383 2277 1538 2337 munionis
1549 2272 1669 2345 reliquis
1677 2277 1805 2344 partibus

143 2340 167 2392 ci
188 2338 310 2391 materia
331 2338 395 2390 luit.
431 2338 462 2389 ln
474 2338 517 2389 bis
529 2344 586 2388 tam
600 2340 702 2404 parvis,
720 2347 805 2406 atquc
816 2348 873 2391 tam
886 2339 948 2390 nul·

142 2410 186 2470 lis,
198 2422 270 2477 quae
282 2410 364 2469 ratim
385 2414 489 2476 quanta
499 2407 541 2457 vis
571 2421 653 2473 quam
670 2408 876 2461 inextricabilis
889 2424 950 2478 per·

142 2478 242 2530 lectio!
263 2478 312 2528 ubi
333 2484 377 2528 tot
391 2492 490 2528 sensus
508 2443 656 2527 cnilocavit
677 2477 706 2527 in
718 2478 821 2531 culice!
845 2486 874 2532 et
886 2485 950 2530 sunt

141 2549 198 2599 alia
210 2550 289 2599 dicta
301 2548 418 2597 minora.
455 2542 511 2595 seu
522 2542 570 2595 ubl
581 2544 672 2595 usum
688 2547 716 2596 in
727 2562 761 2597 eo
773 2546 950 2612 praetenditi

140 2616 187 2666 ubi
200 2621 347 2685 gustatum
359 2613 528 2677 applicavitt
540 2610 587 2661 ubi
598 2612 745 2663 odoratum
757 2616 893 2667 inseruiti
904 2616 950 2665 ubi

141 2698 209 2736 raro
221 2680 409 2734 truculentam
420 2678 502 2729 iliam
514 2685 542 2729 et
553 2678 681 2744 portione
693 2682 842 2733 niaximum
855 2697 949 2733 vocem

137 2745 339 2821 tngmeraviti
355 2762 407 2813 qua
417 2745 574 2799 subtilitate
585 2762 689 2814 pennas
700 2750 853 2801 annexuiti
873 2764 951 2817 prae·

136 2817 273 2888 longavit
292 2814 393 2883 pedum
416 2814 513 2865 crurai
531 2816 672 2881 disposuit
692 2816 813 2870 ieiunam
829 2834 951 2881 caveam,

135 2890 184 2941 uti
197 2884 310 2939 alrami
332 2884 440 2935 aridam
453 2884 606 2952 sanguinis,
628 2893 656 2935 et
668 2887 844 2951 potissimum
855 2887 951 2940 buma-

137 2960 177 3021 ni,
191 2956 272 3009 sitim
283 2953 426 3005 accendit!
446 2953 547 3005 Telum
560 2966 626 3005 vero
636 2954 821 3020 perfodiendo
831 2958 950 3025 tergori,

140 3043 197 3099 qno
210 3022 363 3093 spiculavit
373 3023 506 3089 ingenio?
523 3024 612 3089 Atque
621 3029 652 3073 ut
663 3024 691 3074 lu
702 3025 808 3090 capaci,
820 3041 880 3077 cum
892 3042 951 3078 cer·

141 3100 170 3150 ni
180 3110 240 3148 non
252 3093 342 3160 possit
352 3092 474 3153 exilitas,
494 3093 537 3141 itu
557 3091 702 3157 reciproco
713 3095 868 3160 geminavit
880 3102 950 3158 arte,

140 3173 173 3219 ut
184 3162 321 3217 fodiendo
333 3161 519 3214 acuminatum
532 3164 647 3224 pariter,
667 3162 862 3231 sorbendoque
873 3165 950 3215 listu-

141 3237 235 3288 losum
248 3238 331 3285 essct.
368 3233 444 3294 Quos
459 3228 581 3281 teredini
603 3228 638 3280 ad
660 3231 827 3297 perforanda
849 3235 952 3285 robora

145 3320 205 3358 cum
217 3317 289 3355 sono
298 3306 372 3354 teste
383 3300 482 3351 dentes
493 3296 593 3361 edixit,
604 3301 836 3371 potissimumque
847 3302 964 3370 eligno'

145 3375 270 3427 cibatum
284 3369 368 3423 lecitl
388 3368 444 3421 Sed
465 3374 620 3438 turrigeros
636 3370 847 3438 elephantorum
868 3374 951 3425 mira-

146 3458 208 3495 mur
217 3443 361 3503 humeros,
379 3448 578 3508 taurorumque
589 3439 671 3502 colla,
681 3449 709 3492 et
721 3452 814 3493 truces
825 3442 853 3493 in
863 3442 949 3494 subli-

145 3528 190 3565 me
205 3514 309 3563 iactus:
331 3510 446 3579 tigrium
458 3511 580 3576 rapinas,
602 3510 717 3561 leonum
728 3510 814 3573 iubas,
835 3526 896 3563 cum
909 3526 952 3564 re·

147 3598 206 3634 rum
218 3588 322 3633 nutura
343 3592 478 3646 nusquam
491 3581 592 3645 nangis,
611 3594 692 3647 quum
702 3579 730 3630 in
743 3581 871 3643 minimis,
891 3588 952 3633 tota

147 3652 191 3703 sit.
208 3651 388 3717 Quapropter
398 3662 512 3716 quaeso,
524 3662 559 3700 ne
570 3654 665 3699 nostra
675 3648 809 3716 legentes,
820 3651 950 3716 qnoniam

147 3735 180 3774 ex
190 3719 237 3772 bis
244 3726 378 3788 spernunt
388 3718 485 3782 malta,
492 3719 577 3772 miaur
587 3717 678 3770 relata
687 3719 804 3769 fastidio
811 3718 951 3781 damnent,

148 3805 209 3842 mm
228 3791 261 3842 in
276 3788 513 3855 cnatmsplatione
533 3790 658 3839 naturae
670 3787 741 3839 nibil
758 3788 849 3856 possit
863 3789 952 3840 videri

148 3872 360 3931 supervacuam.

183 3932 219 3983 ll.
237 3933 349 3983 insecta
366 3927 449 3979 malti
469 3933 604 3995 negarunt
614 3927 728 3994 spirare,
747 3927 832 4010 idque
842 3927 953 3980 mdone

150 4000 360 4068 persuadentes,
381 3998 511 4064 quoniam
532 3997 562 4047 in
579 3997 689 4049 viscera
706 3999 846 4049 interiora
865 4012 953 4049 nexus

149 4070 295 4136 spirabilis
315 4081 372 4118 non
392 4070 504 4119 ineram.
539 4067 637 4133 ltaque
647 4067 740 4119 vivere
750 4074 783 4118 ut
795 4065 899 4135 fruges,
911 4083 953 4118 ar·

149 4140 300 4205 boreaque:
316 4137 364 4189 sed
375 4135 522 4202 plurimum
535 4138 681 4198 interesse,
693 4138 781 4204 spiret
792 4136 906 4203 aliquid,
918 4152 953 4188 an

151 4209 241 4259 meat.
276 4208 382 4259 Eadem
392 4205 427 4258 de
438 4220 522 4257 causa
533 4218 584 4258 nec
595 4206 756 4273 sanguinem
768 4206 804 4257 ils
814 4221 884 4268 esse,
905 4206 952 4273 qui

150 4276 192 4326 sit
203 4275 289 4327 nuliis
299 4278 456 4328 camstibus
467 4274 550 4327 corde
560 4281 644 4340 atque
654 4276 756 4327 iecore.
782 4274 829 4326 Sic
838 4291 889 4328 nec
898 4276 954 4343 spi·

151 4358 223 4395 rare
234 4358 275 4406 ee,
290 4346 388 4411 quibus
398 4346 493 4411 pulmo
511 4344 594 4396 desit.
622 4343 702 4395 Unde
713 4358 861 4397 numerosa
872 4360 954 4411 quae·

151 4414 281 4465 stium
292 4413 377 4464 series
386 4415 520 4467 moritur.
557 4413 644 4465 lidern
662 4414 735 4465 enim
745 4421 774 4464 et
784 4428 881 4465 rocem
893 4430 954 4467 csse

150 4481 197 4535 leis
208 4490 321 4552 negant,
341 4483 369 4532 is
379 4489 456 4534 tanto
467 4498 608 4536 nrarmurs
618 4483 721 4550 apium,
743 4483 899 4534 cicadarum
911 4497 954 4534 su·

150 4568 197 4616 nn,
209 4560 241 4604 et
248 4553 313 4604 aliis
324 4566 395 4619 quae
404 4554 462 4605 suis
473 4553 697 4605 aestimabuntur
717 4552 795 4604 locis.
823 4552 893 4604 Num
904 4555 955 4604 mi·

149 4620 179 4674 ln
192 4623 337 4675 contuenti
355 4637 386 4674 se
402 4625 541 4689 persuasit
555 4637 648 4675 rerum
660 4628 769 4684 natura,
786 4620 855 4672 nibil
866 4623 956 4675 incre-

149 4690 239 4744 dibile
249 4692 411 4744 criminare
420 4692 508 4744 deca.
544 4692 602 4745 Nec
614 4692 705 4755 rideo,
725 4706 777 4743 cur
792 4693 881 4760 magis
893 4706 955 4759 pos·

149 4764 208 4814 aare
218 4777 275 4813 nen
286 4760 400 4815 trabere
412 4762 530 4812 mnsam
543 4761 622 4822 talis,
642 4770 671 4814 et
685 4761 789 4824 rivere,
805 4776 885 4827 quarn
898 4763 953 4828 spi·

149 4845 213 4884 rare
233 4833 296 4884 slne
315 4829 481 4884 visceribus:
504 4829 577 4896 quud
598 4832 683 4881 mam
695 4834 722 4881 in
734 4831 850 4882 marinis
862 4830 955 4883 docui·

149 4899 956 5037 iiimiiiiim’ii'lililil‘iiiiiiit:

150 5041 328 5107 rersinipsn
342 5040 444 5108 spirits
462 5040 594 5101 vivenda,
615 5036 717 5090 babere
737 5052 848 5089 sensnm
857 5040 957 5103 dctus,

149 5111 351 5177 gmemuonis,
373 5111 476 5177 operis,
496 5118 581 5177 atque
596 5109 681 5160 etiam
695 5107 837 5160 secuturo
847 5122 955 5160 curam:

150 5182 316 5247 etquamvis
327 5193 382 5231 non
394 5180 452 5231 sint
467 5181 601 5241 membra,
624 5193 694 5246 quse
704 5178 782 5229 reiut
791 5180 885 5229 eunus
895 5192 957 5229 aen·

148 5246 355 5311 recinebant,
376 5262 437 5301 esse
447 5255 541 5302 tamen
554 5248 596 5300 his
607 5247 741 5311 anditum,
754 5247 896 5309 offidaro,
908 5260 955 5314 gu·

149 5324 267 5380 sutem,
288 5318 393 5372 eximis
408 5326 556 5385 praeterea
573 5325 690 5370 namrae
702 5317 783 5381 dona,
803 5317 955 5377 solertiam,

149 5387 284 5450 asinum,
306 5394 406 5450 mern,
430 5389 491 5455 quis
502 5387 586 5441 facile
598 5387 768 5441 credi-derit!
786 5385 956 5455 Sanguinem

147 5468 205 5509 non
226 5472 292 5509 esse
310 5454 357 5509 leis
377 5458 480 5520 fateor,
501 5460 576 5510 sicut
595 5474 631 5510 ne
650 5456 832 5511 terrestribus
843 5455 954 5524 quidem

146 5528 270 5588 casatis,
290 5540 385 5580 veram
406 5529 498 5580 munile
516 5528 656 5595 quiddam.
693 5526 833 5594 litsepiae
846 5524 955 5577 inmari

145 5595 300 5665 supinis
313 5598 404 5650 ricem
425 5604 611 5650 atramentum
631 5597 749 5658 obtinet,
769 5609 954 5663 purpurarum

179 5665 287 5720 Pars.
307 5667 404 5721 urse.
422 5666 557 5722 aaron.

1002 2348 1101 2397 siccius
1112 2361 1187 2409 vere,
1203 2358 1287 2413 quarn
1300 2346 1407 2397 durius.
1443 2338 1550 2399 Et‘lvoc
1571 2347 1662 2398 solum
1687 2345 1731 2398 bis
1752 2353 1805 2411 est,

1002 2430 1054 2466 nec
1064 2423 1210 2480 praeterea
1219 2415 1305 2467 aliod.
1329 2414 1406 2466 Nibll
1416 2414 1503 2479 intus,
1514 2415 1569 2466 nisi
1582 2413 1729 2467 admodum
1740 2430 1806 2483 pau.

1003 2484 1213 2536 cisintestlnum
1234 2485 1417 2551 implicatam.
1453 2486 1551 2551 ltaque
1567 2484 1685 2536 divulsis
1701 2488 1806 2549 pracci-

1003 2566 1058 2618 pua
1078 2553 1227 2615 vivacitas,
1258 2560 1287 2605 et
1307 2552 1428 2618 partium
1453 2552 1625 2619 singularum
1646 2551 1805 2618 palpitatio.

1005 2619 1078 2679 Quia
1089 2634 1265 2686 quaecunque
1277 2628 1320 2672 est
1332 2621 1408 2670 ratio
1422 2619 1527 2683 vitalis,
1542 2619 1594 2669 illa
1605 2634 1659 2669 non
1672 2619 1757 2671 certis
1766 2621 1806 2672 in·

1004 2695 1050 2738 est
1059 2689 1200 2748 membris,
1210 2689 1259 2739 sed
1273 2694 1334 2739 toto
1347 2688 1374 2737 in
1386 2700 1511 2753 corpore,
1531 2686 1645 2738 minime
1656 2693 1748 2738 tamen
1761 2702 1806 2740 ca·

1004 2756 1074 2823 pite,
1088 2756 1232 2822 solumque
1246 2771 1300 2806 non
1311 2760 1448 2816 movetur,
1468 2755 1522 2805 nisi
1533 2761 1716 2820 compactura
1731 2756 1806 2808 avul·
1892 2744 1899 2761 '

1004 2839 1074 2875 sum.
1112 2824 1141 2875 ln
1152 2824 1230 2875 nullo
1241 2839 1344 2891 genere
1357 2824 1449 2890 plures
1460 2829 1526 2873 sunt
1536 2822 1630 2890 pedes.
1656 2824 1693 2875 Et
1706 2825 1805 2892 quibas

1004 2892 1090 2955 erbis
1102 2894 1223 2959 plurimi,
1243 2893 1347 2944 diutius
1362 2895 1459 2945 vivunt
1470 2892 1589 2954 divulsa,
1607 2898 1639 2943 ut
1661 2893 1689 2944 in
1711 2893 1803 2946 scolo-

1003 2963 1118 3029 pendris
1132 2961 1262 3014 videmus.
1298 2962 1411 3014 liabent
1421 2968 1513 3014 autern
1523 2961 1629 3024 oculos,
1641 2969 1805 3031 praeterque

1004 3047 1019 3083 e
1031 3031 1158 3083 sensibus
1169 3038 1274 3082 tactum
1287 3038 1370 3098 atque
1380 3036 1537 3100 gustatum:
1559 3030 1654 3097 aliqua
1666 3038 1694 3084 et
1705 3031 1806 3085 odora·

1004 3108 1073 3161 tuni,
1092 3115 1180 3168 panca
1191 3100 1364 3152 etauditum.

1037 3169 1085 3221 lv.
1105 3168 1158 3220 Sed
1171 3169 1246 3220 inter
1256 3171 1347 3220 omnia
1360 3183 1394 3221 ca
1405 3168 1576 3235 principatus
1588 3167 1697 3232 apibus,
1706 3174 1735 3218 ct
1744 3168 1805 3222 iure

1004 3238 1155 3306 praecipua
1175 3238 1333 3300 admiratio,
1353 3238 1421 3288 solis
1439 3251 1474 3288 ex
1494 3251 1528 3289 co
1548 3250 1651 3304 genere
1663 3234 1803 3290 bominum

1004 3323 1088 3360 cansa
1099 3307 1209 3376 genitis.
1238 3307 1326 3358 Mella
1337 3302 1511 3369 contrahunt,
1522 3319 1689 3374 succumque
1700 3306 1803 3360 dulcis·

1004 3379 1103 3429 simum
1115 3383 1201 3443 atque
1210 3376 1432 3438 subtilissimum,
1449 3390 1482 3426 ac
1493 3375 1715 3427 saluberrimum.
1751 3377 1805 3430 Fa-

1003 3461 1054 3497 vos
1067 3447 1227 3514 contingunt
1237 3453 1266 3497 et
1277 3460 1363 3508 ceras,
1373 3444 1450 3496 mille
1458 3443 1493 3496 ad
1505 3458 1572 3495 usus
1582 3445 1669 3497 ritae:
1681 3445 1804 3499 laborem

1004 3516 1138 3577 tolerant,
1150 3530 1234 3582 opera
1242 3516 1399 3576 conficiunt,
1409 3514 1607 3581 rempublicam
1616 3512 1727 3576 babent,
1741 3530 1805 3573 con·

1004 3586 1068 3637 eilia
1079 3586 1220 3654 privatim,
1240 3599 1272 3635 ac
1284 3585 1367 3636 duces
1377 3584 1529 3702 gregatim
1552 3588 1580 3633 et
1597 3581 1671 3650 quod
1683 3585 1805 3637 maxime

1005 3657 1104 3706 mirum
1117 3657 1161 3714 sit,
1173 3669 1265 3706 mores
1280 3652 1389 3705 habent.
1450 3658 1584 3713 caeterea,
1607 3667 1669 3704 cum
1679 3655 1737 3705 sint
1756 3668 1804 3706 ne·

1005 3740 1059 3793 que
1072 3725 1211 3775 mansueti
1221 3723 1340 3791 generis,
1358 3736 1450 3790 neque
1466 3722 1532 3775 feri:
1553 3729 1647 3774 tamen
1667 3728 1745 3773 tanta
1762 3726 1806 3776 est

1005 3800 1104 3845 natura
1120 3808 1221 3854 rerum,
1242 3798 1274 3843 ut
1295 3806 1381 3860 prope
1392 3793 1535 3844 exumbra
1545 3790 1652 3842 minimi
1669 3793 1806 3856 animalis,

1004 3862 1223 3929 incomparabile
1235 3860 1360 3916 effecerit
1371 3861 1510 3929 quiddam.
1529 3862 1604 3925 Quos
1617 3858 1756 3914 efficaciae
1766 3862 1805 3913 in·

1005 3933 1187 4000 dustriaeque
1198 3937 1296 3984 tantae
1308 3946 1502 3997 comparemus
1512 3929 1628 3982 nemost
1640 3928 1806 3998 quasvires!

1005 4017 1074 4069 qnos
1098 4001 1202 4053 rationi
1221 4000 1327 4053 medius
1349 4000 1430 4052 lidius
1449 3999 1542 4052 virosi
1563 3998 1617 4050 lvoc
1637 4004 1804 4067 certeprae·

1004 4070 1198 4133 stantioribus‚
1209 4084 1263 4138 qno
1276 4070 1345 4122 nibil
1357 4084 1467 4130 novere,
1484 4069 1538 4121 nisi
1549 4080 1704 4120 commune.
1730 4066 1804 4129 „Non
1874 4120 1886 4131 ‚

1005 4142 1043 4192 sit
1055 4141 1090 4191 ds
1101 4140 1193 4193 anima
1203 4140 1344 4208 quaestio:
1363 4144 1471 4190 constet
1481 4144 1510 4189 ct
1521 4138 1554 4189 de
1566 4135 1710 4203 sanguine,
1721 4149 1805 4201 quan·

1005 4210 1096 4263 tulum
1115 4219 1206 4262 tamen
1226 4225 1288 4261 esse
1307 4211 1335 4260 in
1347 4207 1464 4259 tantulis
1485 4206 1598 4274 potest!
1619 4203 1805 4257 Aestimemus
1869 4216 1875 4225 ¹

1005 4285 1104 4348 postea
1117 4281 1267 4348 ingenium.

1040 4350 1075 4403 V.
1094 4348 1195 4402 liicmc
1210 4347 1384 4400 condunturr
1402 4341 1474 4395 unde
1494 4340 1566 4392 enim
1581 4340 1617 4393 ad
1634 4341 1749 4409 pruinas
1763 4343 1804 4394 ni·

1005 4433 1118 4485 vesque,
1139 4425 1170 4469 et
1180 4417 1345 4484 Aquilonum
1357 4413 1441 4464 llutos
1452 4410 1633 4477 perferendos
1644 4411 1734 4463 riresl
1754 4410 1803 4464 Sa·

1006 4503 1040 4540 ne
1052 4493 1081 4540 et
1091 4489 1197 4539 inserta
1208 4484 1314 4547 omnia3
1326 4480 1375 4535 sed
1387 4481 1476 4531 minus
1488 4478 1548 4530 diu:
1570 4496 1640 4547 quae
1650 4481 1805 4550 parietibus

1007 4556 1110 4608 nostris
1122 4554 1276 4616 occultata,
1287 4556 1397 4603 mature
1407 4550 1549 4618 tepeliuut.
1586 4552 1668 4613 Circa
1680 4568 1745 4620 apes
1755 4558 1805 4604 aut

1006 4635 1162 4695 temporum
1177 4625 1336 4675 locorumve
1347 4619 1420 4672 ratio
1442 4625 1551 4671 mutata
1562 4627 1618 4684 est,
1634 4629 1682 4673 sut
1694 4636 1803 4675 errave·

1006 4703 1073 4747 runt
1084 4698 1200 4763 priores.
1230 4690 1395 4743 conduntur
1405 4705 1423 4741 a
1432 4689 1620 4758 Vergiliarum
1634 4698 1744 4752 occasu,
1756 4689 1805 4743 sed

1006 4765 1334 4818 latentultraexortum:
1356 4760 1426 4813 adeo
1436 4774 1491 4810 non
1501 4759 1537 4811 ad
1546 4759 1620 4811 reris
1630 4760 1752 4822 initium,
1773 4767 1805 4811 ut

1007 4836 1111 4897 dixere,
1131 4848 1182 4885 uec
1204 4833 1349 4900 quisquam
1368 4828 1397 4881 in
1409 4828 1492 4881 ltalia
1511 4828 1547 4880 de
1568 4828 1638 4881 alvia
1654 4829 1804 4882 existimat.

1007 4907 1076 4956 Ante
1087 4903 1167 4956 fabas
1176 4899 1308 4953 florentes
1318 4905 1420 4953 exeunt
1430 4898 1464 4951 ad
1475 4912 1561 4966 opera
1571 4904 1600 4950 et
1610 4899 1732 4950 labores:
1746 4898 1807 4950 nul·

1007 4974 1114 5040 iusque,
1134 4984 1194 5021 conr
1206 4984 1256 5037 per
1266 4970 1373 5021 caelium
1384 4969 1474 5031 licuit,
1492 4968 1553 5019 otio
1563 4967 1637 5036 perit
1648 4967 1714 5021 dies
1747 4967 1807 5019 Pri.

1007 5057 1081 5093 mom
1094 5040 1171 5091 favos
1184 5045 1356 5102 construunt,
1375 5052 1467 5089 ceram
1489 5037 1603 5104 lingunt,
1623 5035 1738 5099 bocest,
1759 5035 1807 5089 do·

1007 5107 1340 5175 moscellasquelaciunt.
1367 5104 1476 5158 Deinde
1486 5105 1621 5168 sobolem,
1633 5113 1731 5174 postea
1740 5104 1807 5160 mel·

1007 5181 1045 5242 la,
1054 5192 1145 5230 ceram
1157 5192 1190 5231 ex
1198 5175 1322 5240 floribus,
1333 5174 1502 5241 melliginem
1514 5175 1659 5228 alacrioris
1668 5179 1807 5239 arborum,

1007 5262 1077 5316 quae
1087 5248 1223 5316 glutinum
1238 5248 1360 5316 pariunt,
1371 5244 1476 5307 salicis,
1486 5243 1564 5308 ulmi,
1575 5245 1728 5309 arundinis,
1746 5260 1807 5297 suc·

1007 5332 1050 5381 co,
1069 5317 1184 5386 gummi,
1206 5317 1306 5369 resina.
1342 5314 1396 5365 liis
1407 5314 1526 5379 primurn
1537 5313 1647 5366 alrsura
1664 5315 1753 5382 ipsum
1765 5313 1806 5364 in·

997 5394 1052 5443 ,tus
1064 5392 1163 5447 totum,
1175 5393 1205 5436 ut
1216 5386 1334 5453 quodam
1347 5383 1477 5448 tectorio,
1487 5382 1609 5445 illinunt,
1620 5390 1648 5435 et
1658 5382 1722 5435 aliis
1733 5397 1806 5434 ania·

1007 5455 1129 5507 rioribus
1139 5456 1229 5508 succis
1241 5461 1339 5507 contra
1358 5453 1478 5505 aliarum
1488 5453 1671 5506 bestiolarum
1685 5449 1804 5503 avidita-

1007 5532 1063 5578 tes:
1086 5526 1114 5578 id
1126 5541 1156 5578 se
1167 5525 1290 5578 tacturas
1301 5526 1438 5585 consciae,
1454 5521 1528 5589 quod
1539 5519 1694 5585 concupisci
1707 5521 1805 5588 possit.

1008 5596 1060 5650 lfrs
1072 5594 1170 5650 deinde
1181 5594 1257 5649 loros
1270 5606 1382 5712 (¹⁰⁰qu
1392 5590 1509 5643 latiores
1520 5590 1743 5643 circumcinnant.

1923 1490 1950 1533 ἱ
