4356 6014
282 331 316 392 C.
349 325 507 393 Plinii
537 323 753 387 securint
788 325 961 390 NATUR.
994 326 1191 391 Hieron
1224 327 1453 393 maiivii.
1488 329 1586 393 CAP.
1608 331 1731 392 itt-3⁴.
1775 332 1837 395 209

178 489 323 555 iaqueato,
344 475 608 536 etstereusaddito.
646 477 700 541 Qui
711 477 844 532 olivetum
855 477 986 549 saepisri·
1037 476 1623 548 lieiirenistamirmitmtisslialendu.
1650 482 1837 539 Hancinsia·

177 572 222 611 me
233 561 262 611 at
271 552 409 607 altissime
420 546 555 611 miscebit,
576 547 601 599 is
612 547 789 601 tenuissimas
798 546 908 602 radices
920 563 985 602 exa·
1038 550 1079 603 cis
1089 549 1202 613 semine,
1212 550 1290 603 iliam
1301 550 1331 605 in
1340 544 1459 607 hermildis
1472 552 1552 619 uirga
1563 552 1629 615 sari,
1649 552 1779 609 dicimus.

178 626 263 681 rabit.
300 621 417 676 iladices
427 620 452 671 si
468 633 578 671 sursum
593 617 727 682 abibunt,
747 619 899 673 crassiores
910 619 986 687 nent,
1073 617 1163 671 Misi
1180 619 1265 673 etiam
1287 636 1447 675 nuncnova
1461 620 1601 677 maerendi
1617 624 1701 687 ratio,
1721 637 1757 677 ae
1773 623 1839 691 quid

179 704 207 749 et
218 708 252 748 eo
264 693 291 744 in
303 690 413 743 radices
424 689 497 743 vires
509 688 589 743 oleae
599 688 725 741 abibunt.
1038 690 1128 741 sciens
1137 688 1248 756 quidem
1260 696 1441 756 praeteream,
1460 690 1536 759 quod
1553 705 1669 757 usquam
1679 693 1841 755 inuenerint,
2031 744 2047 753 ,,

213 762 331 825 2Quac
344 775 449 828 genera
459 758 597 822 olearum,
619 756 769 826 relinquo
781 771 882 826 genere
892 764 985 812 terrac
1038 756 1389 825 §plumellaeexcoglmm
1410 767 1442 811 ut
1458 760 1661 828 affirmatipse,
1681 762 1840 831 quaveidi·
2061 784 2065 795 .

178 834 274 886 virere
286 831 381 883 etseri
393 828 523 892 debeant,
544 842 653 899 quoque
667 832 798 894 spectare
808 828 920 893 oliveta,
940 827 983 881 di·
1037 842 1134 880 versae
1146 827 1378 896 insociabilesque
1393 831 1652 884 naturaearborum
1663 834 1836 913 copulentur,

177 904 270 956 sinus
286 900 315 954 in
331 902 441 953 ratione
458 897 524 951 olei.
560 896 609 951 bia
629 911 646 948 ο
663 899 691 949 in
709 898 783 951 colle
798 897 932 963 etsiccis,
954 902 986 951 et
1036 896 1320 965 utficiatqueoleae.
1355 898 1519 952 iuxtabaac
1534 899 1840 955 seritieumsubetnon

179 970 290 1042 argilis,
310 970 387 1022 inter
397 975 562 1023 autumnum
580 912 746 1023 etffirumam
756 967 814 1020 seri
824 967 916 1021 iussit.
953 966 984 1020 in
1037 966 1174 1033 ampliore
1189 965 1355 1031 intervallo,
1378 982 1460 1035 quam
1474 974 1506 1020 ut
1519 971 1640 1038 contingi
1655 970 1734 1039 large
1749 969 1840 1038 possit

179 1056 275 1096 crasso
294 1045 343 1092 aut
359 1038 485 1100 humido,
508 1043 558 1089 aut
572 1036 717 1103 subriguo,
737 1052 755 1089 a
770 1051 861 1090 messe
875 1036 911 1090 ad
922 1035 985 1089 bru·
1036 1049 1115 1089 ramo
1127 1035 1208 1090 oleae
1217 1052 1300 1105 quam
1313 1038 1434 1091 maxime
1448 1039 1559 1105 sequaci
1577 1045 1662 1108 atque
1673 1040 1838 1092 obedituro:

179 1127 263 1165 mam.
300 1109 380 1171 Quod
399 1107 577 1177 praecepisse
591 1122 653 1160 eum
676 1105 787 1159 Africae
806 1106 984 1176 intelligitur.
1037 1121 1155 1173 euntque
1166 1108 1239 1159 omni
1257 1107 1370 1160 interim
1382 1114 1507 1174 tempore
1519 1107 1645 1160 edomari
1660 1108 1839 1163 meditatione

179 1182 264 1235 ltalia
282 1178 393 1248 quidem
414 1192 487 1229 nunc
507 1192 572 1229 vere
591 1176 712 1228 maxime
728 1177 805 1230 serit.
841 1175 897 1231 Sed
912 1177 938 1229 si
956 1183 985 1229 et
1037 1175 1178 1228 curvandi.
1215 1175 1318 1230 Postea
1334 1176 1387 1228 lico
1404 1177 1609 1243 adoptavires,
1629 1177 1840 1245 (quodevenire

178 1258 313 1303 autumno
335 1248 431 1311 libeat,
450 1250 515 1314 post
534 1246 741 1313 aequinoctium
756 1244 809 1297 xi,
829 1244 928 1299 diebus
946 1245 984 1299 ad
1037 1244 1147 1308 trimae,
1157 1250 1207 1297 aut
1216 1247 1312 1313 utique
1325 1247 1496 1314 quinquenni
1505 1247 1598 1310 solet)
1614 1247 1782 1301 detruncata
1791 1263 1837 1301 su·

176 1318 368 1389 Vergiliarum
380 1331 518 1378 occasum,
532 1321 651 1385 quatuor
661 1316 717 1367 soii
728 1316 787 1368 dies
797 1322 871 1380 sunt,
883 1316 983 1383 quibus
1036 1313 1149 1381 particle
1159 1349 1169 1379 ,
1187 1314 1333 1383 ipsumque
1353 1314 1536 1382 deputatum,
1556 1322 1585 1368 et
1606 1323 1639 1368 ut
1658 1316 1765 1369 dictum
1786 1323 1840 1381 est,

177 1391 236 1443 seri
252 1394 364 1443 noceat.
400 1386 512 1439 Africae
529 1385 670 1453 peculiare
686 1385 797 1452 quidem
813 1387 841 1437 in
859 1385 982 1438 oleastro
1036 1383 1138 1436 adraso
1150 1386 1301 1448 cacumine,
1308 1384 1392 1454 defigi
1404 1387 1435 1438 iu
1445 1400 1525 1439 crure
1534 1384 1589 1448 fici,
1599 1388 1769 1443 custoditum
1781 1386 1839 1438 vin·

177 1468 222 1514 est
248 1460 382 1511 inserere.
436 1454 564 1518 Quadam
590 1456 760 1507 aeternitate
781 1460 983 1507 consenescunt
1036 1452 1116 1515 culis,
1125 1468 1160 1506 ne
1171 1462 1319 1508 cumatura
1328 1453 1429 1523 fugiat.
1464 1454 1638 1522 itaquodam
1654 1457 1840 1523 propaginum

176 1529 307 1599 proxima
318 1525 466 1595 adoptioni
478 1525 557 1593 virga
568 1524 676 1588 emissa,
687 1530 772 1592 atque
782 1524 825 1575 ita
836 1523 892 1577 alia
904 1524 983 1576 arbo·
1035 1522 1237 1593 insitorumque
1256 1530 1488 1591 temperamento,
1509 1524 1628 1579 triennio
1641 1525 1780 1576 camurani
1798 1526 1841 1576 in·

176 1614 209 1651 re
229 1612 266 1651 ex
286 1597 386 1651 eadem
405 1596 613 1647 iuvenescente:
643 1594 799 1662 iterumque
820 1599 850 1648 et
871 1594 982 1663 quoties
1036 1600 1079 1645 ter
1090 1592 1160 1646 duas
1170 1594 1448 1648 matrescoaiescsre.
1485 1596 1592 1659 Quarto
1603 1608 1675 1646 anuo
1685 1592 1840 1647 abscissum

178 1683 250 1737 opus
260 1668 307 1730 sit,
318 1672 350 1717 ut
361 1664 437 1718 aevis
447 1664 544 1717 eadem
555 1662 661 1716 oliveta
672 1668 811 1716 constent.
846 1662 983 1717 inseritur
1036 1668 1126 1715 totum
1137 1662 1295 1731 adoptantis
1305 1680 1377 1729 esse,
1395 1657 1518 1718 nondtlm
1530 1663 1645 1733 vulgata
1656 1663 1776 1727 ratione,
1792 1667 1842 1717 aut

177 1744 273 1790 autem
286 1736 410 1787 oleaster
420 1734 537 1795 calamo,
548 1738 577 1785 et
589 1733 788 1786 inoculatione.
1035 1731 1105 1785 mibi
1116 1733 1270 1787 eertesatis
1281 1741 1433 1802 comperta.

212 1806 239 1861 3.
250 1805 328 1868 otea,
336 1805 385 1857 ubi
395 1818 511 1871 quercus
521 1801 624 1855 effossa
635 1801 760 1865 sit,mele
770 1802 897 1869 ponitur:
916 1817 983 1871 quo·
1070 1801 1175 1856 XXXi.
1195 1805 1296 1856 (letero
1314 1804 1411 1857 eadem
1431 1802 1482 1859 ille
1496 1802 1532 1857 de
1550 1800 1651 1856 calidis
1666 1801 1843 1873 frigidisque,

176 1875 252 1929 niam
261 1889 379 1937 vermes,
390 1876 436 1941 qui
447 1887 549 1924 raucae
562 1879 704 1937 vocantur,
719 1872 748 1924 in
760 1862 854 1926 radice
865 1888 984 1942 quercus
1037 1877 1066 1925 et
1075 1869 1195 1924 humidis
1208 1878 1238 1926 ct
1247 1872 1329 1927 siccis
1340 1888 1427 1941 supra
1438 1873 1513 1926 dieta
1530 1874 1614 1936 ratio,
1634 1879 1663 1926 et
1673 1875 1786 1926 scrobes
1796 1871 1842 1925 fo·

176 1947 547 2007 nascentumettranscunt.
582 1940 646 1993 Non
657 1940 802 1997 inhumare
814 1944 912 2007 taleas,
933 1948 984 1995 aut
1037 1940 1292 1997 deremonstraeit.
1327 1944 1482 2010 lanquoris
1496 1943 1571 1996 enim
1587 1943 1772 2011 nequealtos,
1793 1956 1842 1995 ne·

176 2017 285 2069 siccare
295 2015 372 2082 prius
385 2028 465 2080 quam
477 2017 615 2073 serantur,
627 2012 725 2064 utilius
735 2020 917 2137 compertum.
927 2011 983 2066 Ve·
1038 2026 1091 2079 que
1101 2010 1210 2079 amplos
1221 2013 1317 2065 facere
1333 2013 1475 2080 expediet:
1494 2013 1577 2066 aliter
1591 2014 1620 2065 in
1637 2018 1769 2067 aestuoso
1779 2012 1842 2066 solo

177 2094 224 2138 tus
235 2083 369 2137 olivetum
380 2082 415 2135 ab
427 2081 699 2149 aequinoctioverno
710 2082 785 2135 intra
817 2082 985 2150 argillarum
1037 2082 1302 2150 cisione-utquam
1314 2085 1436 2135 mammo
1445 2084 1612 2150 accipiantn
1630 2082 1842 2146 uam,eontine·

178 2159 307 2209 exortum
318 2151 455 2205 interradi
467 2150 582 2203 alternis
599 2152 690 2216 annis,
708 2151 810 2205 meiius
822 2153 984 2205 inventum:
1038 2158 1151 2221 astque.
1187 2150 1310 2207 Haecet
1323 2160 1434 2207 veteres
1451 2151 1567 2205 arbores
1583 2098 1778 2209 mfendiratio
1791 2157 1844 2205 est.

176 2225 245 2277 item
255 2238 379 2275 muscum
393 2220 566 2273 circumdare
575 2220 673 2272 radici.
708 2221 984 2275 circunsfodiautem
1037 2218 1224 2273 Ferventibus
1240 2223 1312 2275 enim
1330 2221 1401 2274 iocis
1418 2223 1595 2275 accumulant
1609 2227 1719 2277 aestate
1734 2221 1843 2275 radices

178 2293 306 2347 omnibus
325 2292 408 2343 annis
424 2305 442 2342 a
461 2288 587 2342 solstitio
609 2288 692 2342 dudm
707 2290 868 2343 cubitorum
884 2290 984 2343 scrobe
1038 2290 1232 2359 operiuntque,
1250 2307 1286 2344 ne
1306 2290 1383 2345 Solis
1400 2291 1487 2347 ardor
1507 2297 1614 2345 exurat
1649 2292 1744 2345 Aiiubi
1766 2291 1844 2345 abla-

136 2410 151 2420 .
176 2361 271 2430 pcdali
282 2359 446 2414 altitudine:
468 2358 621 2412 stercorari
629 2358 716 2413 tertio
727 2374 809 2412 anno.
1038 2366 1151 2425 queant,
1170 2360 1359 2427 perflatusque
1379 2361 1541 2415 admittunt.
1577 2361 1665 2416 iidem
1686 2359 1777 2413 bieme
1797 2375 1844 2413 cu·

209 2431 237 2485 4.
255 2431 343 2499 Mago
361 2431 434 2482 idem
456 2444 499 2481 am
522 2428 622 2497 gdalas
642 2430 677 2482 ab
700 2443 799 2483 occasu
813 2427 926 2482 Arcturi
948 2428 985 2480 ad
1038 2428 1223 2497 mulisageiu
1239 2429 1391 2483 vindicant.
1428 2432 1534 2485 eontra
1549 2428 1844 2497 illibiemeaperiunt,

176 2503 303 2554 brumam
315 2500 370 2552 seri
381 2499 468 2551 iubet.
515 2497 984 2566 iranoneodemtemporeomnia,
1037 2496 1238 2566 humoremque
1250 2497 1412 2551 sitientibus
1432 2504 1579 2566 quaerunt.
1617 2499 1844 2565 Ubicuoquecir·

178 2569 308 2638 quoniam
321 2584 377 2620 non
393 2580 481 2633 aequo
501 2556 631 2618 floreant.
666 2565 772 2621 Eadem
784 2569 915 2635 oblonga,
936 2572 985 2619 sut
1038 2564 1230 2619 cumfodieodi
1242 2568 1357 2619 arbores
1373 2568 1448 2620 ratio
1463 2569 1493 2620 in
1509 2568 1629 2621 circuitu
1645 2566 1729 2634 pedes
1746 2568 1777 2618 in
1795 2580 1842 2619 or·

176 2638 309 2700 rotunda,
330 2636 366 2689 eb
377 2649 478 2687 occasu
489 2632 679 2703 Vergiliarum
689 2632 725 2687 ad
735 2636 871 2690 brumam.
907 2635 983 2688 ileli-
1036 2634 1099 2687 bem
1111 2640 1222 2687 ternos:
1241 2650 1331 2703 neque
1341 2636 1370 2688 id
1382 2636 1409 2687 in
1420 2638 1518 2702 pratis,
1540 2635 1650 2702 quando
1661 2650 1757 2687 amore
1768 2633 1843 2689 Solis

175 2702 987 2840 ilidiiiiiiiiiiitttitiiiit‘illimis
1037 2702 1843 2843 iiiiiitli,iuilntiidtitiittiniiict:

177 2859 281 2900 occasu
292 2842 410 2911 Aquilae
423 2842 458 2895 ad
471 2857 598 2895 occasum
609 2840 746 2911 Sagittae.
770 2834 984 2899 connexa'enim
1038 2842 1080 2897 dis
1101 2860 1135 2897 ue
1144 2844 1174 2896 in
1187 2845 1345 2898 universum
1354 2843 1412 2897 sint
1422 2844 1507 2896 dicta.

179 2917 215 2969 de
226 2921 355 2981 tempore
366 2894 477 2965 serendi
491 2927 581 2980 aeque
597 2912 670 2965 ratio
687 2916 740 2967 est,
775 2911 851 2967 Vere
862 2920 891 2966 et
901 2919 983 2966 autu·
1071 2860 1188 2969 ifxxii.
1205 2912 1281 2967 iliae
1302 2920 1394 2968 restat
1413 2913 1613 2976 earnwrntto,
1635 2928 1707 2981 qnae
1728 2919 1842 2981 propter

177 2983 445 3051 mnoidmagnaex
459 2981 611 3048 partcileri
629 2981 787 3035 decrevere.
824 2982 877 3034 Est
886 2989 916 3035 et
926 2982 985 3035 aiiu
1037 2981 1108 3034 alias
1128 2989 1278 3047 seruntur,
1296 2998 1330 3037 ne
1349 2983 1443 3039 vineas
1463 2984 1606 3045 muima,
1623 2982 1731 3054 caedpo
1751 2984 1840 3050 ligno.

176 3054 250 3106 bora
261 3050 432 3107 cirenensis
451 3058 538 3113 ortus,
559 3051 739 3118 paucioribus
755 3058 831 3114 nota,
851 3051 983 3119 quoniam
1036 3052 1230 3120 Principatum
1241 3053 1271 3104 in
1281 3054 1317 3105 iis
1329 3052 1455 3107 obtinent
1465 3053 1579 3116 salices,
1595 3067 1712 3118 quarum
1723 3053 1797 3105 satio
1808 3054 1842 3103 iit

177 3139 237 3176 non
259 3122 389 3175 omnibus
408 3120 478 3173 iocis
499 3120 605 3186 pariter
624 3120 704 3172 utilis
723 3120 909 3189 intelligitur;
932 3119 984 3173 sed
1037 3123 1101 3174 loco
1111 3121 1240 3175 madidos
1259 3128 1353 3177 tamen
1367 3121 1477 3175 refosso
1496 3120 1568 3176 duos
1582 3120 1668 3191 pedes
1679 3127 1709 3174 et
1723 3120 1841 3187 semipe-

177 3191 255 3246 haud
271 3187 429 3245 omittenda
449 3189 538 3253 nobis,
558 3205 613 3241 non
633 3195 742 3243 tractus
763 3191 880 3243 alicuius
897 3190 985 3243 ratio·
1038 3190 1111 3256 dem,
1133 3192 1209 3244 talea
1223 3207 1268 3244 ses
1289 3190 1423 3261 nipedaii,
1443 3192 1489 3245 vei
1505 3191 1623 3260 pertica,
1645 3206 1717 3259 quae
1732 3190 1840 3255 uniior,

178 3278 254 3327 nem,
275 3275 370 3314 serum
381 3265 499 3312 naturae
511 3259 599 3313 tob'us
609 3259 818 3329 indagantibus.
852 3260 982 3329 incyre·
1037 3274 1092 3329 quo
1112 3260 1230 3328 plenior.
1270 3207 1435 3315 (intervallo
1456 3277 1519 3315 esse
1540 3261 1644 3315 debent
1663 3259 1750 3328 pedes
1768 3262 1839 3314 seni

177 3333 259 3385 naica
279 3332 394 3399 regione
413 3328 465 3380 sub
486 3329 637 3381 etesiarum
659 3330 729 3383 flatu
748 3335 911 3383 comesuris
933 3344 985 3382 nec
1036 3330 1153 3383 Trimae
1163 3329 1281 3396 pedibus
1297 3331 1370 3383 binis
1385 3347 1403 3384 a
1417 3336 1494 3385 terra
1507 3331 1653 3398 puteum
1667 3336 1841 3393 coarcenom,

178 3415 235 3455 non
247 3405 276 3454 et
286 3400 316 3452 in
328 3396 459 3452 Graecia:
478 3399 569 3451 oleam
585 3399 707 3452 maxime
717 3399 748 3451 iu
758 3398 892 3452 Laconia
929 3399 984 3450 cns
1037 3404 1070 3452 ut
1080 3415 1110 3452 se
1120 3398 1149 3450 in
1159 3398 1334 3453 latitumnem
1345 3399 1473 3463 medam,
1491 3415 1526 3457 ac
1536 3398 1691 3452 sinescaiis
1703 3398 1840 3453 tondean-

176 3470 275 3525 insula
285 3475 313 3523 et
324 3470 395 3521 cites
406 3474 474 3519 tunc
484 3468 567 3520 serite
587 3469 674 3521 ceteri
683 3469 757 3537 apud
768 3468 902 3532 Graecos,
921 3467 983 3520 ino·
1036 3476 1092 3521 tur.
1128 3466 1205 3520 Saiix
1216 3470 1290 3521 enim
1302 3468 1527 3532 foecundiorem,
1565 3482 1603 3522 uo
1614 3474 1707 3521 terrae
1717 3468 1840 3535 propior.

179 3540 276 3593 eulare
296 3546 326 3592 et
345 3536 470 3590 inserere
489 3552 546 3590 non
563 3535 708 3591 dubitant:
726 3538 777 3592 sed
791 3538 908 3591 arbores
927 3552 984 3589 non
1037 3538 1096 3589 iias
1118 3552 1173 3606 quo
1192 3552 1227 3589 ue
1247 3537 1374 3591 omnibus
1394 3537 1476 3591 annis
1497 3485 1611 3591 confodi
1632 3537 1728 3591 iubent
1746 3552 1841 3590 mense

178 3613 285 3662 serunt.
320 3606 615 3675 Plurimumqueineo
630 3608 757 3661 iocorum
772 3612 874 3661 natura
903 3606 983 3659 ollet.
1035 3605 1133 3673 Aprili.
1198 3613 1301 3659 aeocst
1309 3607 1485 3673 viminalium
1495 3608 1613 3661 cultura.
1651 3605 1801 3661 Perticalis
1812 3612 1842 3659 et

178 3678 308 3745 Namque
319 3678 486 3746 inAegypto
503 3675 581 3729 omni
595 3684 692 3731 serunt
701 3693 807 3742 mense,
825 3684 881 3732 eiu
905 3677 983 3729 'eun-
1035 3678 1116 3745 virga
1135 3680 1164 3727 et
1181 3675 1259 3729 talea
1276 3664 1389 3739 ser‘r'tur,
1398 3674 1510 3731 fossura
1521 3676 1628 3731 eadem
1663 3675 1789 3732 Porticus
1806 3690 1841 3729 ex

178 3764 232 3817 que
242 3747 347 3800 imbres
357 3747 524 3799 aestivinon
534 3751 607 3810 sunt,
616 3747 687 3798 utin
698 3747 815 3800 lodiaet
824 3745 983 3816 Aethiopia
1036 3744 1275 3800 eacaediiustum
1285 3743 1606 3813 estquartofereanuo.
1642 3745 1840 3803 Eteaeautem

177 3819 347 3872 Necessario
358 3814 646 3884 posthaecautumno
664 3817 930 3886 serunturarbores.
1035 3815 1241 3870 senescentium
1260 3818 1413 3885 propagine
1428 3816 1589 3869 resarciunt
1609 3814 1711 3878 locum,
1733 3814 1842 3884 pertica

213 3886 240 3941 5.
258 3889 336 3954 Ergo
347 3887 402 3939 tria
412 3893 539 3953 tempora
549 3885 646 3940 eadem
656 3887 878 3955 germinationis,
896 3899 945 3940 ver
954 3888 984 3937 et
1037 3887 1178 3948 immersa,
1196 3900 1231 3939 ac
1241 3891 1312 4006 Post
1325 3900 1431 3939 ιιιιιιιιι
1442 3886 1545 3938 recisa.
1581 3882 1681 3937 Salicis
1697 3885 1840 3937 viminalis
1852 3902 1881 3953 4-

178 3957 263 4011 canis
281 3958 447 4024 Arcturique
467 3962 556 4009 ortus.
610 3956 706 4025 Neque
726 3957 799 4011 enim
819 3956 982 4009 animalium
1036 3958 1136 4024 iugera
1159 3953 1272 4023 singna
1293 3955 1434 4009 sufiiciunt
1454 3950 1536 4008 XXV
1559 3956 1659 4007 vinem
1686 3954 1839 4019 iugeribus.

177 4034 289 4081 tantum
308 4033 352 4080 est
364 4024 399 4079 ad
410 4026 499 4079 coitus
510 4025 640 4089 ariditas,
659 4026 710 4079 sed
730 4027 820 4079 multe
830 4028 920 4078 maior
938 4031 983 4079 est
1036 4026 1172 4080 Eiusdem
1186 4025 1232 4078 rei
1249 4040 1334 4078 ιιιιιι
1350 4025 1471 4094 populus
1485 4025 1552 4078 alba
1567 4023 1671 4076 seritur
1681 4021 1839 4088 bipedaneo

177 4104 274 4152 terrae
291 4112 324 4150 se
339 4104 465 4150 satorum
480 4096 604 4149 omnium
622 4095 727 4149 iibido:
746 4112 802 4164 qua
819 4096 983 4163 tempestive
1035 4095 1187 4163 pastinata,
1205 4095 1282 4149 talea
1290 4092 1490 4164 sesquipedali,
1509 4091 1596 4145 biduo
1608 4093 1723 4152 siccata,
1739 4088 1838 4156 palmi·

178 4168 231 4231 uti,
245 4167 393 4236 plurimum
405 4166 523 4218 interest
535 4169 694 4233 conceptus.
729 4164 983 4230 Peculiareutique
1037 4163 1276 4232 pedeinterrailo,
1292 4172 1371 4220 tmen
1386 4164 1576 4231 superiniecta
1591 4160 1713 4213 duorum
1727 4157 1837 4211 cubito·
1923 4226 1929 4235 ·

177 4240 207 4288 in
218 4236 321 4299 insitis,
334 4250 395 4287 cum
406 4236 444 4286 sit
455 4241 554 4289 mutua
563 4233 701 4299 cupiditas
711 4234 842 4301 utrinque
853 4230 982 4287 coeundi.
1035 4248 1096 4285 rum
1106 4233 1300 4286 crassitudine.

179 4307 296 4371 Quiver
312 4304 440 4371 probant,
460 4302 496 4351 ab
512 4301 690 4368 aequinoctio
706 4303 802 4355 statim
818 4303 983 4362 admittunt,
1071 4300 1197 4354 xxxiii.
1215 4302 1328 4354 Arunda
1343 4302 1494 4356 etiamnum
1511 4298 1656 4367 dilutiore,
1676 4312 1759 4366 quam
1775 4296 1837 4360 hae,

179 4374 376 4443 praedicantes
393 4370 520 4437 germina
534 4371 684 4437 parturire,
704 4369 767 4425 ideo
782 4371 879 4426 faciles
897 4368 981 4422 corti·
1035 4370 1098 4423 soio
1109 4369 1223 4438 gaudet.
1259 4370 1466 4424 Seriturbulbo
1481 4369 1593 4432 radicis,
1612 4382 1693 4435 quem
1709 4367 1759 4420 alii
1772 4381 1838 4421 ocu·

180 4461 241 4497 cusu
264 4455 328 4494 esse
350 4437 520 4506 complexus.
557 4438 614 4501 Qui
631 4440 789 4508 praeferunt
811 4446 983 4501 autumnum,
1035 4440 1094 4492 lum
1105 4444 1216 4502 vocant,
1235 4438 1396 4494 dodrantali
1406 4439 1515 4502 scrobe,
1532 4436 1684 4491 intervallo
1694 4436 1778 4490 doum
1790 4451 1837 4505 po·

181 4515 215 4567 ab
227 4508 340 4567 Arcturi
356 4515 430 4571 ortu,
451 4509 583 4576 quoniam
596 4510 692 4562 statim
707 4509 829 4563 radicem
846 4507 984 4577 quandam
1036 4510 1102 4562 dum
1113 4514 1142 4561 et
1152 4508 1315 4578 semipedis:
1335 4508 1516 4574 reficiturque
1530 4522 1565 4561 ea
1575 4522 1638 4560 sese
1647 4513 1742 4561 vetere
1754 4522 1837 4563 mun-

181 4584 303 4650 capiant,
315 4586 344 4632 et
353 4577 390 4633 ad
398 4593 448 4632 ver
459 4584 558 4645 parata
567 4579 689 4640 veniant,
698 4587 781 4647 atque
790 4592 845 4630 non
856 4576 984 4646 protinus
1036 4578 1132 4633 diaeta
1143 4579 1309 4648 exstirpato,
1330 4576 1406 4648 quod
1421 4577 1518 4630 utilius
1528 4583 1679 4645 repertum,
1699 4591 1781 4644 quam
1793 4592 1837 4631 ca·

180 4649 347 4721 germinatio
358 4648 468 4704 auferat
477 4647 561 4700 vires.
589 4649 731 4713 Quaedam
744 4654 984 4702 tamenstatutum
1036 4656 1137 4714 strare,
1157 4649 1230 4702 sieut
1244 4654 1336 4703 antea.
1371 4646 1500 4714 Namque
1514 4647 1634 4701 intense
1650 4646 1759 4701 radices
1777 4662 1836 4700 ser·

181 4732 293 4789 tempus
305 4720 370 4773 anni
383 4717 488 4771 habent
499 4717 613 4787 ubique,
634 4725 666 4772 nt
676 4720 764 4772 cerasi
775 4724 805 4772 et
814 4717 985 4788 amygdalae
1036 4725 1113 4788 punt,
1123 4726 1276 4789 mutuoque
1287 4719 1412 4773 discursu
1422 4724 1530 4769 nentur.
1556 4719 1679 4784 Tempus
1687 4732 1835 4772 conseren-

180 4790 408 4853 ciroabrumam,
428 4786 541 4842 serendi
557 4789 599 4841 ιιι
619 4789 769 4844 inserendi.
804 4788 849 4843 De
858 4788 984 4857 pluribus
1037 4789 1074 4852 di,
1093 4790 1254 4857 priusquam
1275 4789 1348 4841 oculi
1365 4786 1533 4841 nundinum
1552 4788 1751 4853 intumescant,
1772 4794 1837 4841 ante

180 4863 308 4915 locorum
327 4861 398 4913 situs
419 4858 524 4926 optime
543 4858 689 4914 iudicabit.
724 4858 842 4929 Frigida
863 4859 934 4912 enim
956 4865 985 4909 et
1037 4858 1179 4913 Kalendas
1189 4858 1318 4913 Martias.
1354 4859 1461 4913 Crescit
1475 4856 1511 4910 od
1525 4859 1651 4910 brumam
1666 4873 1768 4925 usque:
1792 4856 1839 4911 de·

180 4947 289 5002 aquosa
308 4944 394 4984 verno
415 4928 524 4983 conseri
543 4936 665 4999 oportet,
686 4928 761 4983 sicca
781 4935 811 4984 et
822 4929 913 4983 calida
934 4942 983 4981 au·
1036 4929 1165 4997 sinitque,
1184 4944 1247 4982 cum
1263 4928 1410 4983 durescere
1425 4927 1533 4994 incipit.
1569 4927 1634 4978 Hoc
1648 4927 1757 4996 signum
1768 4932 1838 4980 tem·

181 5009 290 5055 ιιιιιιιιο.
1037 5000 1171 5067 pertitam
1190 4998 1441 5065 babetcaesuram.
1476 4998 1515 5050 Et
1528 4994 1713 5059 baneautem,
1726 4997 1836 5065 quoties

216 5071 243 5124 d.
270 5069 431 5123 communis
450 5068 562 5139 quidem
583 5068 684 5122 ltaliae
705 5068 777 5121 ratio
801 5075 929 5135 tempora
948 5068 984 5121 ad
1036 5076 1065 5123 et
1079 5068 1188 5121 tineam
1203 5066 1364 5121 fodiendam
1380 5071 1490 5134 putant.
1525 5064 1637 5118 Seritur
1653 5072 1682 5117 et
1697 5072 1836 5119 tranem·

179 5141 254 5197 hune
265 5139 378 5201 modum
390 5139 549 5192 distribuit:
578 5140 662 5193 ilioro
673 5139 708 5191 nb
719 5139 813 5191 idibus
824 5139 984 5192 Februariis
1035 5154 1076 5203 sa,
1096 5139 1315 5193 nonaitaterrs
1331 5136 1457 5190 condita:
1478 5133 1835 5203 emnpuntqueentnguits

179 5214 211 5265 in
231 5210 446 5277 aequinoctium,
469 5212 532 5277 piro
552 5214 728 5262 autumnum:
747 5211 788 5260 ita
807 5214 839 5260 nt
858 5208 982 5262 brincam
1035 5207 1381 5275 oculistntidemplaatae.
1417 5205 1528 5260 Seritur
1537 5200 1836 5272 etdeplantatapedali

180 5279 328 5349 quindenis
345 5294 396 5333 nec
411 5281 502 5332 minus
521 5278 805 5335 diebusantecedant.
842 5276 985 5331 ilfaiisae·
1034 5278 1127 5330 sulco:
1146 5277 1222 5331 binis
1235 5278 1345 5332 obrutis
1361 5276 1488 5345 gemtum,
1509 5282 1541 5328 ut
1557 5277 1659 5330 tertius
1673 5272 1834 5352 noduster·

179 5351 272 5413 stitis,
295 5354 324 5401 et
335 5349 469 5411 cotoneis,
480 5350 546 5401 item
557 5350 656 5412 sorbis,
670 5351 777 5417 prunis,
787 5353 852 5415 post
863 5349 982 5401 mediam
1034 5364 1095 5401 ram
1106 5348 1246 5418 attingat:
1263 5364 1353 5417 prono
1374 5349 1524 5410 cacumine,
1545 5358 1669 5397 nerones
1688 5340 1834 5407 concipiat.

177 5419 300 5473 hiemem
315 5418 347 5470 in
363 5417 429 5471 idus
446 5404 640 5471 Februarias
659 5418 782 5487 Siliquae
800 5416 823 5448 Ρ
974 5423 979 5432 ’
1034 5418 1167 5470 ”reditur
1188 5419 1366 5475 decrescente
1387 5416 1475 5471 Luna.
1522 5414 1619 5469 uineis
1641 5425 1713 5464 anno
1730 5411 1835 5461 siccata

177 5489 317 5553 Persicis,
337 5492 403 5541 ante
422 5488 549 5540 brumam
570 5502 620 5554 per
641 5496 788 5542 autemnon
1100 5502 1242 5576 ”ruffum
1254 5488 1362 5541 viridis.

174 5558 313 5628 iuglandi,
333 5562 362 5610 et
373 5556 481 5625 pineae,
502 5564 531 5608 et
541 5557 693 5621 avelianae,
705 5558 766 5611 eti?
1178 5557 1188 5576 '
1208 5561 1345 5612 Gamunea
1354 5553 1529 5624 pedamentis
1539 5548 1667 5631 omnibus
1677 5544 1836 5631 praafsrtar

175 5638 373 5750 eagtaneaeha
383 5625 520 5681 Kalendis
532 5625 642 5680 Martiis
653 5628 688 5680 ιιι
699 5629 747 5681 idr
1232 5636 1330 5693 ctatus,
1339 5622 1507 5744 pergqrrandi
1518 5619 1684 5688 pervicacia,
1701 5632 1834 5690 regermi-

239 5710 306 5751 ιιι.
361 5709 566 5751 ismenus·
