4330 6014
438 320 469 380 c.
514 318 662 377 esron
709 319 915 383 sscouor
959 323 1125 388 uiroc.
1169 323 1359 389 usuros.
1407 328 1484 388 cro.
1508 331 1531 389 ι.
1761 314 1801 421 an

143 469 272 527 mlx.
293 467 417 524 msam
427 469 591 537 generibus,
610 474 640 522 et
659 466 838 536 mulcetur-is,
853 478 949 529 mmo

353 539 684 603 dicinisobservationos
693 539 786 598 cclv.

144 610 200 662 XI..
283 608 437 661 Demurin.

142 679 213 731 xm.
281 679 325 730 De
336 678 406 730 solis
417 678 597 741 anctoritate,
617 675 762 745 historico,
774 678 857 733 CXX.
917 704 922 709 ·

142 747 228 800 xnu.
274 747 298 799 1²
300 747 343 801 los
352 749 431 807 solis,
443 748 504 801 XX.
523 748 651 817 Snlsugo,
662 748 696 801 ll.

142 815 239 868 xtuli.
274 816 480 884 pegascxv.

144 882 238 937 xmv.
272 885 504 948 Dealece,Vlll.

142 955 225 1006 XLV.
270 955 314 1007 Dc
326 960 429 1007 natura
438 955 519 1006 salis:
531 955 566 1008 de
576 970 677 1022 spuma
687 956 766 1010 salis

142 1021 239 1076 xlxi.
270 1025 316 1076 Do
327 1026 395 1075 nitri
407 1024 568 1093 generibus:
589 1032 617 1078 et
628 1025 804 1092 coniecturis,
822 1024 947 1081 ot'modi·

315 1094 396 1155 cinis,
408 1095 618 1148 obseruationes
630 1096 755 1150 ccxxi.

141 1160 251 1215 Xth.
269 1160 477 1283 Deirpo'ngiis,
502 1164 657 1219 medicinas
679 1172 708 1219 et
727 1165 946 1233 observntlonos,

172 1302 294 1353 Summa.
322 1301 496 1367 Medicinae,
517 1302 703 1368 ethistorine,
723 1311 752 1359 et
771 1305 945 1359 observatio·

140 1388 196 1434 nes,
213 1370 435 1423 Dccccxer.

172 1438 221 1491 Es
240 1442 477 1493 lucronrnus:
501 1441 540 1493 Μ.
551 1442 688 1507 Varrone,
705 1442 944 1496 CassioPurmcn·

139 1525 178 1572 se,
189 1512 329 1571 Cicerone,
340 1511 482 1574 Muciano,
494 1511 598 1575 Caelio,
608 1513 701 1581 Celso,
712 1514 818 1583 Trogo,
833 1512 944 1578 Ouidio,

139 1577 420 1646 l‘olyhio,Sornntio.
533 1594 536 1599 ’

117 1696 121 1709 ,
174 1648 372 1701 Exssnms:
386 1645 566 1711 Callimacho,
588 1647 693 1712 Ctesis,
710 1648 832 1716 Modico,
853 1650 945 1705 Theo·

141 1717 263 1784 phrnsto‚
274 1716 403 1782 Eudoxo,
414 1717 607 1786 Theopompo,
619 1716 779 1787 Polyclyto,
789 1722 866 1784 luha,
888 1721 945 1791 Ly·

140 1801 186 1850 co,
206 1788 325 1854 Apione,
347 1787 486 1857 Epigono,
505 1786 621 1854 Pelope,
643 1787 756 1855 Apelle,
773 1790 945 1853 Democrito,

141 1853 300 1924 Thrasyllo,
323 1856 477 1923 Nicandro,
498 1857 653 1910 Menandro
673 1860 817 1924 comoedo,
838 1860 944 1923 Attalo,

140 1924 272 2047 fflisltio
284 1926 434 1995 Dionysio,
454 1925 573 1992 Andrea,
594 1926 738 1990 Nicernto,
759 1930 945 1998 Hippocrate,

216 2013 224 2046 r
239 2012 283 2048 ao.

139 2125 238 2193 Libro
261 2124 410 2193 xxxii
450 2135 655 2197 conlocentur
692 2134 866 2199 medicinae
898 2149 945 2195 en

441 2230 643 2314 aquatilibus.

138 2346 156 2396 h
227 2314 456 2400 Doecheneide.

137 2413 171 2465 ll.
225 2413 269 2467 Dc
281 2415 434 2482 torpedine,
446 2416 515 2470 Vll.

137 2482 173 2533 lll
225 2484 268 2535 De
279 2484 376 2550 lepore
388 2487 506 2549 marino,
518 2486 552 2540 V.

137 2549 183 2603 w.
225 2552 372 2605 Mirabilia
382 2554 471 2607 Rubri
483 2557 576 2609 muris.

138 2618 169 2671 V.
224 2621 269 2675 Dc
279 2623 399 2687 ingeniis
409 2623 536 2688 piscium.

136 2688 181 2739 Vl.
226 2689 421 2756 Proprietates
433 2692 551 2755 piscium
561 2691 710 2745 mirabiles.

136 2757 194 2811 vit.
227 2757 508 2810 Uhiedantemanu.

137 2826 210 2879 i'lll.
227 2826 282 2876 Ubi
294 2841 390 2877 rocem
404 2836 566 2896 agnoscunt,
584 2834 614 2882 ot
629 2830 676 2881 nbi
690 2842 825 2896 responsa
843 2826 946 2880 deutur

264 2910 299 2947 ex
312 2897 443 2962 piscibus.

137 2963 183 3017 111.
228 2963 282 3015 Uhi
292 2969 380 3016 nmnri
390 2965 448 3015 sint
460 2966 559 3032 pisces,
570 2968 618 3018 ubi
629 2966 708 3027 salsi,
721 2968 770 3018 ubl
782 2965 905 3019 dulces..

137 3032 172 3084 n
226 3031 347 3094 Quando
358 3034 460 3085 morini
471 3035 560 3101 pisces
570 3037 599 3087 in
613 3051 664 3088 usu
676 3036 794 3102 primuni
807 3049 868 3087 esse
880 3047 943 3084 coe·

258 3108 368 3168 perunt.
387 3102 495 3155 Numae
510 3106 583 3172 regis
594 3103 756 3157 constitutio
768 3104 803 3155 do
814 3103 944 3170 piscibus.

138 3169 186 3223 xl.
226 3169 269 3224 De
279 3172 397 3234 curalio,
407 3172 565 3225 medicinae
576 3181 605 3226 et
616 3174 834 3233 observationes,
844 3170 944 3222 XLIX.

138 3240 197 3292 111.
241 3242 312 3296 Ense
333 3249 362 3293 et
381 3241 505 3294 locorum
525 3242 721 3310 sympathiam,
741 3249 770 3295 et
791 3239 944 3309 nntipnthi·

303 3326 358 3374 nm,
379 3310 462 3364 etde
482 3311 621 3365 discordia
638 3312 944 3364 intersemarinornm.

302 3381 347 3432 De
357 3381 449 3448 goleo,
464 3381 562 3444 mollo,
573 3390 602 3434 et
613 3383 768 3451 pastinaca.

139 3446 211 3499 xlii.
255 3447 298 3501 De
309 3447 367 3513 liis,
385 3449 485 3517 quibus
495 3450 523 3502 in
533 3460 610 3504 terra
621 3458 649 3503 et
659 3452 688 3503 in
712 3460 784 3517 aqua
792 3449 882 3501 victus
892 3454 944 3502 cst.

304 3519 347 3571 De
368 3522 520 3639 clisstoreis,
541 3521 697 3574 medicinae
718 3529 747 3572 et
770 3520 943 3573 obscrrntio·

303 3604 361 3650 nes,
397 3589 444 3642 Vl.

139 3654 210 3708 xlv,
258 3655 302 3709 De
323 3657 484 3721 testudine,
512 3660 610 3713 medic.
631 3657 690 3712 vu.
720 3656 945 3720 Observationes,

138 3792 197 3845 xV.
259 3793 391 3847 Remedio
401 3812 436 3849 cx
446 3798 614 3863 npuonlidus
624 3798 652 3850 iu
663 3797 767 3849 morior
776 3796 892 3865 digestu

139 3861 210 3915 XVl.
262 3862 517 3919 Controoencnoct
536 3866 674 3937 veneficio.
710 3870 753 3919 Ex
774 3872 881 3918 aurato.
899 3864 944 3917 Ex

304 3936 522 3988 stellarum-iun.
731 3982 735 3987 .

140 4000 223 4056 xvii.
262 4001 366 4058 Contra
381 4004 549 4073 serpentium
567 4004 648 4067 ictus,
668 4013 806 4058 ciconum
830 4019 944 4067 merus,

304 4083 331 4126 ct
342 4091 405 4127 oenc
425 4084 482 4127 oto.
504 4076 546 4126 Ex
557 4074 676 4126 dracone
687 4076 804 4125 morino.
834 4073 877 4124 Ex
887 4074 942 4125 sal·

304 4144 448 4196 nomentio.
467 4145 507 4196 lix
519 4143 618 4195 sordis.
637 4143 679 4195 Ex
691 4144 783 4211 cybio.

141 4208 242 4263 xviri.
275 4212 355 4265 Runa
375 4213 493 4266 marina.
526 4213 696 4265 Fluviutilis.
734 4215 812 4265 llana
835 4212 943 4265 rubeta.

306 4283 521 4336 Observationes
533 4283 606 4335 circn
617 4298 673 4344 sas,
683 4280 798 4334 XXXV.
938 4322 944 4333 .

142 4346 218 4398 er.
281 4349 430 4416 Euhydris‚
442 4351 468 4403 V
469 4353 488 4404 l.
507 4351 774 4413 Cancrilluuintiler,
782 4348 838 4402 Vll.
856 4349 942 4401 Coch-

308 4417 536 4485 leseiiurintiles,
551 4422 607 4473 Vll.
625 4420 754 4480 Porcelli,
764 4422 822 4471 sive
832 4419 921 4486 porci.

139 4483 201 4536 XX.
281 4485 394 4539 vitulus
405 4493 535 4554 marinus,
545 4490 690 4542 Muraena.
708 4486 817 4540 Echini.

139 4552 212 4605 xxi.
280 4557 440 4611 Ostrcorcm
450 4575 563 4628 genera,
574 4566 603 4612 ct
613 4558 831 4621 observationes,
841 4570 876 4608 nc
884 4570 942 4610 me·

304 4627 482 4689 dicione,lX.

140 4691 224 4744 XXll.
279 4695 524 4762 Algamsrinall.
584 4738 586 4741 ·

139 4760 236 4813 xxiii.
277 4762 322 4816 uu
339 4768 486 4834 alopecias,
507 4777 533 4820 et
555 4767 675 4837 capillos,
695 4775 723 4819 ct
737 4765 838 4834 capitit
853 4764 941 4817 hulce-

304 4850 346 4885 ro.
365 4836 586 4904 llippocnmpns.
600 4836 801 4889 Mosmnrinus.
827 4831 960 4902 Scorpio

304 4906 434 4956 marinus.
473 4906 674 4975 sanguisugas.
712 4905 842 4958 illoriccs.
871 4906 943 4957 Gon-

294 4972 465 5041 chylinctc.

143 5036 237 5092 xxiv.
276 5041 433 5109 Adoculor,
445 5045 636 5114 etpolpelros.
661 5041 686 5094 1.
706 5042 827 5096 Piscium
849 5041 943 5109 adeps.

305 5113 331 5163 2
340 5115 543 5183 Callionymus.
562 5113 587 5166 3.
599 5112 725 5166 coracini
736 5110 784 5166 iel.
802 5111 944 5178 l.Sepiae.

307 5180 511 5253 ichthyocolla,
522 5190 574 5236 etc.

144 5245 227 5299 xxv.
281 5248 327 5303 Au
335 5254 445 5307 curium
455 5253 533 5306 vitio.
554 5253 575 5304 l.
587 5252 679 5305 Batia.
689 5252 723 5311 ,2.
736 5249 868 5312 Bocchus,
887 5251 946 5303 sivo

310 5336 423 5390 myron.
441 5323 468 5376 3.
477 5323 582 5375 Marini
592 5320 723 5390 pediculi,
734 5328 786 5372 etc.

144 5384 242 5440 XXi'l.
278 5393 322 5442 Ad
331 5393 454 5446 dentium
465 5394 577 5445 dolores.
596 5393 619 5447 1.
632 5389 772 5450 Canicula,
784 5394 838 5441 otc.

145 5454 255 5509 xxvii.
280 5459 459 5525 Adiectum,
470 5461 593 5534 etfacier'
603 5462 731 5515 maculer.
751 5456 776 5509 1.
784 5456 947 5525 Delphinus

309 5529 334 5581 2.
348 5531 470 5599 Colytin,
489 5535 548 5584 sire
564 5531 689 5598 corytis.
708 5527 734 5582 3.
744 5527 947 5595 Halcyoneum.

308 5599 334 5649 t.
347 5599 494 5666 Thynnus.
507 5609 560 5654 etc.

177 5664 270 5718 l’mu.
292 5668 390 5721 lisso.
410 5683 534 5721 ussum

1001 472 1130 530 XXVlll.
1163 479 1338 542 tristamur,
1346 476 1631 551 perstitiononginss,
1643 482 1804 557 etsensim

1206 548 1286 601 citio.
1297 546 1454 603 1.Maennc.
1464 548 1694 618 zscolopendrs.
1702 552 1727 607 3.
1733 553 1804 608 Ssn·

1208 631 1264 667 rus.
1283 617 1310 669 t
1321 618 1457 673 conchae.
1474 618 1499 672 5.
1513 619 1632 685 Silurus,
1641 630 1695 676 etc.

1001 679 1102 733 XXlX.
1170 682 1211 735 nd
1222 685 1331 749 tussim,
1342 696 1371 742 et
1381 690 1502 758 pectoris
1511 688 1589 743 sitin.

1001 748 1089 805 XXX.
1168 751 1212 805 Aul
1226 753 1364 820 iocinoris,
1380 768 1407 812 ct
1423 759 1518 813 luteris
1529 760 1640 815 dolores.
1659 757 1684 811 1.
1695 757 1802 814 Strom·

1209 821 1269 884 bns,
1280 823 1338 875 siue
1353 826 1460 882 concha
1474 830 1566 899 longo.
1583 830 1609 881 2.
1620 828 1738 893 Tethea,
1751 837 1803 882 etc.

1000 887 1104 943 XXXI.
1167 890 1212 943 An
1229 891 1286 944 atsi
1301 892 1381 947 citio.
1400 893 1425 946 1.
1437 898 1506 951 Olus
1517 897 1663 952 mannum.
1680 900 1707 950 2.
1719 899 1803 967 Mya-

1207 976 1264 1014 ces.
1292 959 1319 1014 ³.
1338 963 1441 1015 Mituli.
1461 967 1489 1018 4.
1509 967 1660 1021 Peior-ides.
1685 966 1710 1021 5.
1731 964 1803 1021 Seri·

1208 1030 1313 1099 phium.
1330 1031 1357 1083 o.
1378 1032 1506 1087 Moenus.
1524 1038 1550 1087 7.
1569 1038 1733 1105 Erythinus,
1749 1045 1801 1090 etc

1000 1096 1117 1154 XXXll.
1167 1101 1210 1155 Ad
1220 1099 1323 1163 lienem,
1334 1103 1459 1160 calculos,
1470 1120 1503 1153 oc
1512 1106 1615 1158 sericae
1624 1107 1703 1159 citio.
1723 1104 1803 1160 usn·

1207 1171 1252 1223 len
1263 1171 1355 1237 piscis.
1372 1171 1398 1222 2.
1414 1170 1565 1223 Rhombus.
1585 1174 1610 1225 3.
1625 1176 1758 1230 Blenden.
1776 1178 1802 1230 4.

1207 1241 1305 1292 Ustica
1322 1239 1438 1293 marina.
1465 1239 1492 1293 5.
1511 1239 1608 1292 Pulmo
1628 1246 1759 1298 morinus.
1777 1247 1802 1299 h

1206 1308 1347 1377 onyches,
1359 1315 1411 1363 etc.

998 1373 1125 1430 xxxin.
1165 1377 1390 1442 delenimentum,
1411 1387 1438 1432 st
1452 1377 1521 1431 redis
1530 1378 1609 1431 ritio-
1629 1378 1653 1431 1.
1664 1382 1706 1432 Ex
1727 1383 1802 1437 colu·

1205 1446 1506 1514 transsumuntur
1526 1447 1624 1516 hydro.
1644 1447 1668 1500 3.
1687 1451 1802 1521 Mugile.

1207 1516 1232 1568 d.
1243 1515 1395 1580 Pelamide,
1406 1523 1458 1570 etc.

997 1580 1126 1641 mlv.
1165 1582 1210 1635 Ad
1219 1601 1317 1654 panor,
1336 1594 1364 1639 ct
1383 1588 1559 1640 verendorum
1577 1585 1656 1639 citio.
1676 1586 1700 1639 1.
1711 1582 1815 1642 Scine»

1204 1668 1249 1774 ran.
1265 1656 1291 1706 2.
1308 1655 1420 1711 Percue.
1440 1655 1465 1710 3.
1482 1655 1641 1724 Squntinne.
1658 1654 1684 1707 4.
1700 1656 1802 1709 Smen-

1226 1730 1332 1788 cs,etc.

997 1788 1113 1844 XXXV.
1166 1790 1802 1861 Adurinosincontinentiom.1.0phidlon,stc.

997 1853 1125 1914 xxxvi.
1166 1862 1211 1914 Ad
1222 1864 1375 1932 podagros,
1392 1872 1420 1916 ct
1427 1864 1529 1932 pedum
1540 1865 1651 1918 dolores.
1671 1852 1696 1916 l.
1716 1864 1759 1916 Ex
1770 1865 1802 1916 li·

1205 1932 1266 1985 bro.
1283 1932 1310 1982 2.
1321 1933 1427 2001 Bryon,
1437 1939 1489 1985 otc.

996 1996 1138 2052 xxxvii.
1164 1998 1378 2055 Adcomr'tn'oler.

997 2066 1149 2121 xxxviii
1165 2069 1314 2144 Adsedres.
1335 2069 1359 2122 1.
1375 2072 1419 2123 Ex
1435 2070 1524 2124 asello
1545 2070 1629 2138 pisce.
1646 2071 1672 2123 2
1691 2070 1736 2125 Ex
1756 2085 1804 2141 pa·

997 2205 1125 2260 xxxix
1165 2139 1766 2279 ..inlidititurm...

998 2275 1058 2327 xl..
1166 2277 1212 2331 Ad
1222 2278 1357 2344 ambusto,
1373 2289 1399 2333 st
1409 2280 1486 2361 ignes
1495 2293 1598 2334 sacros.

998 2344 1071 2398 xm.
1168 2346 1366 2401 Adneroorum
1376 2347 1454 2402 sitio.

997 2413 1083 2466 XLll.
1167 2417 1211 2469 Ad
1223 2418 1371 2471 sistendum
1382 2419 1555 2489 sanguinem,
1569 2426 1597 2471 et
1607 2418 1646 2471 ad
1657 2416 1802 2473 croam·

1205 2485 1276 2538 ium.
1286 2482 1802 2557 1.E1Polypo.2lixsnnguisugis,eto·

999 2549 1098 2602 XLlll.
1166 2551 1211 2604 Ad
1221 2554 1389 2609 extrahendo
1402 2557 1510 2624 corpori
1518 2557 1702 2611 inhorrentia.

998 2618 1098 2672 xciv.
1164 2620 1335 2685 Adhulccro,
1351 2624 1547 2688 carcinomata,
1566 2635 1595 2677 et
1615 2625 1803 2677 carbunculos.

1163 2687 1206 2740 Ad
1215 2706 1351 2752 verrucas,
1363 2701 1390 2745 et
1401 2694 1534 2762 unguium
1542 2693 1705 2746 scabritiem.
1724 2689 1749 2743 1.
1760 2692 1804 2746 Ex

1208 2758 1302 2824 glano,
1313 2756 1366 2811 elc.

998 2822 1098 2876 XLVI.
1165 2825 1209 2878 Aa
1218 2827 1360 2881 mulierum
1370 2828 1481 2882 morior.
1500 2829 1525 2883 1.
1535 2830 1579 2881 Ex
1590 2829 1740 2898 glaucisco,
1752 2834 1804 2883 cto.

998 2891 1110 2944 xuvii.
1165 2895 1211 2947 Au
1221 2896 1291 2978 pilos
1303 2899 1441 2961 tollendos,
1450 2897 1595 2966 psilothro.

997 2960 1123 3014 XLVlll.
1164 2964 1367 3036 Adsnfautiurn
1378 2969 1489 3019 morbos.

999 3028 1097 3083 XLIX.
1147 3032 1354 3087 Aletrinatem
1364 3037 1517 3089 ascensioni.
1530 3034 1554 3087 1.
1565 3033 1704 3086 Rubellio.
1715 3036 1740 3087 2
1751 3038 1803 3089 Λιι·

1197 3104 1297 3169 guilla.
1316 3103 1341 3158 3.
1352 3104 1413 3158 Uro
1424 3106 1541 3156 marina.

998 3167 1029 3220 1..
1134 3171 1177 3222 Ad
1189 3170 1316 3226 Venerem
1326 3173 1497 3233 innitendum
1507 3174 1550 3227 orl
1558 3172 1758 3227 concitandam.
1777 3172 1801 3227 1.

1189 3240 1417 3310 Hippopotamin.
1434 3243 1459 3294 2
1471 3243 1549 3296 Dens
1559 3241 1704 3304 crocodili,
1714 3249 1766 3296 etc.

997 3304 1043 3359 Ll.
1115 3308 1159 3359 At
1166 3309 1327 3363 animalium
1338 3314 1450 3365 morbos.

998 3375 1056 3427 Lll.
1111 3375 1157 3429 Ds
1177 3378 1288 3446 reliquis
1307 3397 1324 3431 o
1344 3380 1484 3432 natilibus.
1511 3378 1630 3440 Adarcn,
1648 3379 1708 3431 sive
1728 3381 1801 3432 mla·

1136 3446 1279 3500 rnochnus.
1292 3398 1431 3501 calamus.
1445 3446 1799 3515 Smiscouomcntunnetc.

997 3512 1060 3566 Llil
1111 3515 1277 3569 Animniium
1289 3517 1410 3572 omnium
1424 3519 1453 3570 in
1469 3517 1701 3571 martrirontinm
1712 3517 1800 3570 norst·

1136 3601 1180 3649 nn,
1191 3586 1339 3639 ccxxvi.

997 3650 1070 3704 mv.
1113 3652 1557 3724 ApulOcilinmpositonotnino.

996 3720 1053 3773 LV.
1109 3723 1204 3777 Pisces
1214 3740 1231 3778 c
1243 3726 1320 3779 nulio
1332 3734 1448 3783 suctors
1459 3724 1601 3778 nominati.

1032 3789 1153 3846 Summo.
1170 3795 1336 3861 Medicinae,
1347 3802 1376 3851 et
1386 3797 1532 3858 historiae,
1542 3799 1572 3849 ot
1582 3793 1801 3859 ohservationes,

997 3860 1171 3915 Dccccxc.

1031 3931 1082 3983 Ex
1103 3933 1691 3995 successies:uonioMscmTrsbio
1701 3932 1800 4001 Nigro,

996 3998 1094 4052 Sextio
1105 4001 1194 4069 Nigro
1207 4005 1253 4070 qui
1263 4005 1371 4058 Grnece
1383 4004 1505 4072 scripsit,
1516 4001 1614 4054 Ouidio
1624 4008 1718 4070 poeto,
1738 4004 1803 4065 Cns-

995 4071 1038 4120 sio
1051 4071 1178 4133 Hemina,
1191 4073 1362 4138 Maecenate,
1372 4075 1405 4126 Ι..
1415 4073 1518 4128 Atteio.

1030 4139 1128 4191 Erro:
1136 4154 1229 4192 nuos:
1243 4146 1318 4205 lulio,
1328 4145 1445 4205 Andron,
1456 4142 1549 4207 Salpe,
1560 4138 1678 4204 Auiones
1689 4134 1799 4202 P⁰¹⁰ller

995 4207 1091 4274 Apelle
1101 4207 1216 4274 Thasio,
1225 4211 1388 4282 'lhrnsyllm
1398 4210 1550 4265 Nicandro.
1610 4258 1615 4271 ,

995 4338 1270 4406 LibroXXXIll.
1300 4349 1503 4407 continentur
1524 4334 1724 4401 metallorum
1742 4352 1799 4397 uu·

1342 4448 1449 4500 turae.
1765 4448 1769 4457 ’

996 4557 1016 4610 l.
1081 4525 1274 4611 Demctsllir.

996 4628 1029 4679 ll.
1083 4626 1126 4679 Do
1142 4641 1221 4678 atrro.

995 4696 1042 4750 lli.
1080 4695 1160 4758 Qono
1172 4694 1264 4760 prims
1274 4692 1479 4746 commendatio
1490 4694 1558 4746 eius.

996 4763 1045 4816 lV.
1084 4766 1129 4819 Ilo
1140 4763 1285 4816 oculorum
1298 4778 1442 4816 aureorum
1456 4763 1572 4832 origine.

998 4833 1032 4887 V.
1084 4835 1128 4887 De
1137 4832 1221 4886 modo
1232 4833 1293 4886 nuri
1304 4833 1377 4901 apud
1388 4832 1528 4901 antiquos.

996 4903 1043 4957 1ΙΙ.
1085 4905 1128 4957 De
1139 4903 1199 4955 iure
1210 4904 1355 4956 anulorum
1366 4916 1522 4955 aureorum.

997 4973 1058 5025 Vll.
1086 4975 1131 5026 De
1141 4972 1263 5027 decuriis
1273 4973 1407 5025 iudicum.

997 5043 1073 5096 Vlll.
1088 5043 1131 5095 De
1142 5043 1266 5110 equestri
1278 5043 1384 5094 ordine.

998 5112 1044 5164 ix.
1085 5113 1202 5176 Quoties
1218 5127 1316 5165 nomen
1329 5110 1466 5178 equestris
1479 5108 1585 5163 ordinis
1595 5110 1781 5161 uumnsntusi.

999 5181 1033 5232 X.
1083 5181 1126 5234 De
1136 5182 1217 5235 donis
1227 5181 1407 5243 militaribus,
1416 5180 1519 5244 aureis,
1528 5178 1677 5250 argenteis.

998 5250 1046 5304 ΧΙ.
1087 5250 1203 5313 Qumdo
1214 5252 1332 5320 primum
1344 5264 1449 5302 corone
1459 5263 1546 5304 surca
1556 5252 1631 5304 usta

999 5319 1062 5374 Xll.
1084 5319 1129 5375 De
1138 5322 1245 5389 reliquo
1256 5335 1307 5374 usn
1318 5320 1379 5372 anri
1389 5318 1564 5374 leoninorum.

1000 5388 1074 5445 Xlll.
1086 5391 1130 5445 Do
1146 5405 1259 5443 nummo
1275 5405 1371 5444 aureo.
1399 5390 1517 5452 Quando
1533 5385 1801 5460 pumunstsnunn

1138 5466 1183 5513 est
1192 5474 1291 5513 sorum
1302 5466 1331 5512 ct
1340 5466 1497 5529 argentum.
1507 5462 1659 5525 ,inunum
1668 5466 1702 5504 cs
1712 5460 1802 5527 σιω

1140 5536 1245 5591 rentur,
1265 5531 1328 5598 quis
1348 5545 1409 5582 mos
1429 5531 1459 5581 io
1478 5544 1563 5581 noras
1583 5533 1612 5576 et
1667 5529 1801 5581 uelum

1139 5599 1263 5654 murima
1279 5599 1509 5717 pecunisbprisro
1528 5604 1621 5648 censu·
1695 5585 1750 5641 titt
1772 5594 1802 5639 tt

999 2685 1086 2739 XLV.
