4356 6014
614 803 989 901 C.PL1NII
1047 813 1402 904 SECUNDI

231 997 1782 1124 Nurussnnlsfllsroutsa

771 1209 1235 1290 nrounxx.

889 1421 1135 1441 Ἣ

178 1550 202 1602 l.
222 1514 540 1632 Mtxmoshincopos
561 1556 677 1605 naturae
696 1554 847 1622 ordiemur,
867 1561 984 1615 etcibns
1037 1562 1211 1631 hydropises.
1246 1563 1352 1616 illimus
1374 1566 1489 1636 anginas
1506 1575 1534 1620 et
1545 1570 1663 1623 arterias
1674 1584 1736 1622 cum
1747 1570 1831 1625 melle

178 1632 249 1671 suos
259 1617 366 1670 bomani
377 1619 562 1700 narrabimus,
584 1619 723 1705 latamque
744 1640 876 1696 cogemus
887 1629 984 1697 ignota
1036 1640 1065 1684 et
1077 1634 1140 1685 olco
1153 1639 1246 1685 celcra
1257 1641 1348 1687 sanat.

112 1770 115 1775 -
179 1700 402 1817 distulit?
414 1689 983 1831 liti..l⁰hi·.i.¹’titlti‚millii
1034 1700 1832 1839 2.labilibuttttlll.iilbibilla·

179 1824 238 1908 mul
259 1825 288 1876 in
310 1823 352 1875 bis
363 1830 412 1876 aot
422 1825 526 1878 bellum
537 1835 655 1881 naturae
666 1831 785 1896 dicetur,
807 1834 981 1890 odiaamici·
1033 1853 1133 1905 sparsa
1153 1855 1246 1893 mures
1267 1857 1321 1895 nou
1344 1846 1491 1913 attingunt.
1529 1844 1612 1895 iidem
1624 1846 1755 1916 podagris
1770 1858 1831 1897 eum

180 1902 391 1976 assequererum
402 1895 550 1980 surdarum
558 1911 592 1952 sc
602 1916 685 1952 seusu
697 1905 866 1955 carentium:
881 1915 918 1969 et,
927 1923 981 1974 quo
1034 1908 1146 1960 articuli
1159 1911 1263 1962 morbis
1274 1910 1418 1965 decoctum
1431 1913 1459 1963 in
1470 1919 1551 1965 aceto
1563 1914 1683 1978 illinunt,
1703 1928 1832 1984 praesen·

180 1966 982 2046 magrsmrrsmur,ommaesbomlnumcausa,quodGrae·
1033 1978 1260 2031 taneoremedio.
1296 1979 1544 2034 Lomborumrero
1565 1982 1657 2034 dolori
1666 1984 1771 2043 semine
1781 1985 1831 2036 So·

182 2033 208 2087 ei
218 2030 405 2114 sympathiam
417 2035 608 2116 appellavere:
622 2041 720 2109 quibus
732 2049 832 2096 cuncta
842 2053 981 2110 constant,
1032 2044 1060 2099 lc
1071 2047 1187 2110 siccato,
1195 2048 1259 2099 dein
1270 2048 1349 2115 tritu,
1357 2049 1474 2117 triginta
1485 2051 1661 2105 donariorum
1674 2053 1831 2119 pondereio

180 2104 260 2171 ignes
276 2117 357 2185 aquis
377 2106 622 2191 restinguentibus3
644 2123 731 2191 aquas
742 2111 808 2163 Sole
820 2110 980 2179 devorante,
1034 2113 1145 2168 hemina
1157 2117 1222 2168 dato
1234 2131 1331 2185 aquae.
1367 2118 1455 2172 Sonat
1474 2125 1503 2174 et
1522 2125 1645 2174 tumores
1657 2122 1765 2176 subitos
1776 2122 1832 2175 illl·

180 2173 262 2226 Luna
273 2177 410 2240 parmata,
430 2172 520 2227 altero
541 2175 657 2230 alterius
668 2180 770 2232 iniuria
786 2181 931 2238 deliciante
942 2187 981 2238 si·
1031 2192 1090 2236 tum
1112 2200 1173 2237 cum
1193 2184 1267 2239 lacte
1288 2188 1446 2253 mulierum.
1481 2188 1586 2259 Purgat
1607 2205 1656 2243 cas
1676 2191 1830 2245 elaterium.

182 2240 259 2294 dere.
294 2244 668 2310 diqueutasublimioribus
685 2250 854 2313 recedamus,
876 2253 980 2306 lerrum
1031 2253 1086 2305 Sed
1109 2254 1233 2321 gravidis
1252 2256 1381 2309 abortum
1402 2257 1482 2310 iacit.
1519 2258 1687 2328 Suspiriosls
1707 2262 1830 2331 prodest.

155 2344 161 2351 «
182 2311 219 2363 od
230 2326 261 2364 se
272 2311 538 2385 trahentemagnete
549 2316 688 2381 lapidant
698 2320 754 2370 ulio
766 2324 981 2391 rursusabigen·
1031 2321 1132 2373 Morbo
1152 2338 1220 2376 vero
1240 2324 1319 2392 regio
1335 2328 1362 2377 io
1374 2340 1455 2380 uarcs
1464 2328 1630 2384 coniectum.
1666 2330 1832 2401 Lantigines

180 2386 240 2433 tea
255 2395 330 2433 sesua
353 2379 529 2435 adamantem
551 2399 634 2452 opum
655 2388 797 2454 gaudium,
821 2389 979 2459 infragilem
1032 2404 1065 2442 ac
1076 2393 1199 2444 maculas
1210 2408 1227 2445 e
1237 2390 1310 2461 {acie
1321 2394 1398 2448 tollit
1408 2395 1436 2446 in
1449 2394 1515 2448 Sole
1527 2398 1642 2452 illitum.
1709 2396 1714 2405 ’

181 2448 259 2503 omni
268 2456 363 2503 cetera
372 2450 399 2501 ri
407 2457 435 2502 et
445 2450 726 2521 invictum,sauguiue
737 2455 842 2509 hircino
852 2474 981 2525 rumpen-
1066 2458 1100 2511 V.
1122 2461 1203 2511 hiulti
1222 2461 1320 2514 eadem
1341 2464 1436 2515 omnia
1454 2465 1550 2518 sati'ris
1569 2467 1734 2519 attribuunt.
1769 2468 1831 2520 Ma·

179 2525 220 2581 ts,
229 2533 354 2588 quaeque
365 2518 530 2570 aliainsuis
541 2521 665 2575 dicemus
678 2524 756 2602 locis,
768 2527 856 2639 paria,
868 2526 912 2579 rel
923 2541 979 2578 ma·
1031 2540 1115 2595 gnum
1137 2529 1221 2580 etiam
1241 2529 1270 2580 in
1291 2530 1331 2581 ela
1342 2540 1522 2602 mpmvptrrm·
1557 2535 1827 2588 ”mummium

179 2587 245 2641 111111
253 2586 336 2639 111111·
371 2587 637 2647 Τ11111111111θ11111111,
649 2602 665 2638 11
676 2602 771 2639 1111111111
785 2605 807 2651 o,
817 2594 866 2644 sed
876 2608 893 2644 a
902 2597 977 2644 salu·
1031 2604 1134 2650 semen,
1144 2594 1277 2655 quantum
1288 2594 1347 2639 tres
1358 2587 1442 2655 drgrts
1453 2588 1696 2656 apprehenderint,
1711 2605 1771 2640 cum
1784 2602 1829 2641 cu-

179 2655 292 2710 taribus
304 2652 436 2715 ordienti,
468 2654 620 2723 rimumque
632 2658 666 2707 ob
678 2654 837 2709 hortensiis.
1031 2658 1107 2709 mino
1119 2658 1226 2720 tritum,
1256 2656 1388 2725 otomipuc
1399 2657 1427 2707 ln
1437 2659 1510 2720 rino,
1518 2657 1701 2709 tussientibus
1713 2658 1831 2709 auxilia·

217 2723 252 2776 11.
272 2722 413 2775 Cucunrim
425 2669 579 2775 sifrestrem
591 2740 652 2777 osse
663 2723 792 2789 diximus,
807 2727 895 2781 multo
906 2727 980 2781 inira
1031 2734 1086 2778 tur.
1115 2725 1171 2779 Sed
1183 2735 1211 2778 et
1221 2671 1424 2792 pssreniticisin
1434 2726 1507 2777 lactc
1518 2725 1652 2777 mulieris.
1681 2726 1831 2794 Etdyseu·

179 2788 403 2860 magnitudinem
415 2792 506 2845 sntiri.
525 2792 564 2844 Ex
577 2809 611 2846 co
621 2794 979 2865 litmedicamentum,quod

179 2868 299 2916 vocatur
311 2860 468 2922 elaterium,
479 2877 560 2913 succo
572 2877 704 2930 expresso
716 2881 732 2917 e
743 2867 857 2919 semiue.
894 2868 979 2919 (iuius

179 2946 266 2986 causa
276 2930 475 2981 nisimritorius
486 2929 633 2995 incidatur,
653 2935 863 2999 semanexsilit,
884 2936 979 2989 oculo·

178 3016 244 3056 rum
254 3000 338 3054 etiam
350 2999 484 3066 periculo.
518 3000 652 3054 Servatur
662 3010 755 3056 autem
767 3004 915 3072 decerptus
926 3021 981 3058 una

178 3077 278 3123 noete:
299 3073 413 3136 postero
425 3068 470 3121 die
480 3069 615 3122 inciditur
625 3073 767 3127 arundine.
802 3074 901 3127 Samen
915 3090 980 3142 quo·

219 3139 336 3193 ecioere
347 3139 549 3206 conspergitur,
572 3140 607 3193 ad
619 3142 798 3195 coercendam
810 3146 884 3198 succi
897 3146 980 3197 abun·

201 3209 320 3262 antium:
341 3208 388 3273 qul
399 3222 546 3275 expressus
558 3212 711 3278 suscipitur
722 3227 793 3281 aqua
804 3214 929 3278 caelesti,
940 3223 980 3267 at-

181 3292 236 3346 que
250 3277 385 3337 subsiditr
404 3276 504 3337 deinde
525 3275 591 3332 Sola
614 3283 724 3350 cogitur
745 3284 772 3332 in
790 3284 925 3349 pastillos,
945 3282 979 3334 ad

180 3361 298 3416 magnos
309 3346 469 3398 mortalium
482 3361 555 3397 usus
593 3348 785 3403 obscuritates
797 3359 825 3402 et
836 3353 903 3403 sitia
914 3366 979 3402 ocu·

180 3415 271 3468 loram
283 3422 372 3477 sanat,
379 3429 568 3483 genarumque
578 3414 703 3469 bulcem.
723 3418 848 3470 'l'radunt
859 3418 910 3469 boc
921 3434 980 3470 suc·

183 3499 217 3535 co
228 3485 310 3536 tactis
326 3483 467 3535 radicibus
486 3484 595 3546 riuum,
617 3500 671 3536 non
684 3487 784 3554 attingi
797 3501 863 3537 uras
874 3488 908 3538 ab
921 3488 979 3538 ari·

182 3554 244 3605 bus.
273 3550 362 3604 iladix
372 3559 464 3604 autem
477 3566 511 3603 ex
525 3560 605 3605 aceto
616 3560 696 3606 cocta
707 3556 840 3623 podagris
851 3555 980 3617 illinitur,

1031 2795 1126 2847 tericis
1138 2795 1277 2848 acetabuli
1288 2809 1426 2848 mensura.
1463 2793 1613 2846 Purulenta
1625 2798 1718 2845 autem
1730 2808 1829 2862 exspu·
1900 2796 1906 2805 '

1033 2866 1153 2928 entibus,
1166 2879 1227 2915 cum
1237 2865 1346 2916 cumino
1359 2862 1419 2930 pari
1432 2862 1562 2929 pondere,
1573 2867 1601 2914 et
1611 2863 1742 2915 iocineris
1752 2863 1831 2915 ritiis

1032 2936 1059 2987 iu
1072 2950 1143 3001 aqua
1154 2934 1252 2999 mulsa.
1287 2933 1402 2984 Urinam
1421 2938 1513 2983 moret
1532 2946 1566 2983 ex
1578 2930 1642 2982 rino
1654 2930 1739 2996 dulci,
1761 2940 1789 2984 et
1800 2933 1830 2984 lu

1030 3018 1127 3055 renum
1148 3002 1245 3056 doloro
1265 3002 1434 3072 clysteribus
1445 3002 1527 3053 simul
1539 3015 1600 3053 eum
1612 3001 1723 3054 cumino
1733 3000 1828 3053 inlun-

1032 3072 1115 3125 ditur.

1066 3144 1114 3197 Vl.
1133 3140 1258 3210 Peponcs
1270 3140 1318 3208 qui
1327 3147 1472 3204 rorantur,
1489 3138 1658 3208 refrigerant
1669 3138 1790 3191 maxime
1800 3140 1830 3191 iu

1031 3211 1104 3274 cibo,
1126 3219 1156 3263 ct
1175 3210 1323 3263 emolliunt
1342 3209 1444 3261 airum.
1480 3209 1551 3260 Caro
1572 3222 1667 3260 eorum
1688 3206 1830 3276 epiphoris

1032 3280 1174 3332 ocrrlorum
1187 3286 1236 3332 aut
1247 3278 1390 3330 doloribus
1402 3278 1563 3344 imponitur.
1582 3278 1669 3331 Radix
1679 3283 1760 3328 sanat
1769 3276 1830 3331 hul·

1032 3364 1096 3401 cera
1108 3356 1239 3401 concreta
1250 3350 1278 3400 in
1288 3347 1397 3398 modum
1408 3344 1552 3413 lari,quae
1563 3348 1638 3400 ceria
1648 3352 1756 3398 vocant.
1778 3346 1831 3398 Ea·

1032 3417 1093 3470 dem
1116 3417 1258 3469 contrahit
1278 3416 1459 3468 vomitiones:
1481 3419 1610 3479 siccatur,
1630 3422 1659 3467 et
1673 3414 1831 3468 iularlnars

1032 3494 1095 3539 tusa
1105 3485 1188 3537 datur
1198 3489 1320 3553 quatuor
1330 3484 1422 3536 obolis
1433 3485 1462 3537 in
1479 3498 1552 3551 aqua
1571 3484 1670 3545 mirisa,
1689 3483 1774 3536 itaut
1785 3484 1831 3551 qul

1031 3555 1142 3617 biberit,
1164 3555 1330 3623 quingentos
1349 3561 1448 3623 postea
1467 3568 1567 3621 passus
1583 3554 1714 3606 ambulet.
1750 3553 1831 3606 ilaec

183 3636 322 3689 succoque
333 3621 456 3673 dentiam
465 3619 558 3672 dolori
569 3621 703 3676 medetur.
711 3624 806 3693 ¹drida
815 3640 876 3676 cum
887 3624 981 3677 resina

181 3690 372 3760 impetiginem
392 3697 422 3741 st
437 3690 571 3755 scabiem,
592 3707 664 3759 quae
685 3708 795 3761 psoram
816 3700 843 3745 et
857 3693 981 3746 lichenas

182 3766 299 3821 vocant,
320 3759 462 3825 parotidas
479 3769 508 3813 et
529 3775 618 3828 panos
639 3769 734 3827 sanat,
757 3768 786 3815 et
806 3763 981 3816 cicatricibus

182 3828 303 3880 colorem
320 3826 421 3879 reddit.
457 3830 495 3881 Iit
512 3828 645 3884 loliorum
656 3848 754 3886 succus
767 3833 879 3887 auribus
889 3833 980 3886 surdis

183 3913 244 3950 cum
256 3902 336 3949 aceto
348 3896 512 3951 instillatur.
1051 3901 1134 3954 edne:
1155 3916 1222 3968 supa
1232 3901 1334 3954 Graeci
1343 3908 1453 3965 cocant,
1466 3901 1549 3953 oblon
1588 3915 1623 3963 m,
1644 3900 1741 3965 pilosis
1754 3898 1830 3966 pedi·

217 3966 266 4020 ill.
283 3966 410 4020 Elaterio
421 3968 604 4036 tempestivus
614 3974 657 4021 est
668 3976 815 4024 autuorno:
832 3987 882 4024 nec
892 3972 979 4023 ullum
1031 3916 1094 4033 Eua,
1113 3971 1206 4037 pecori
1217 3972 1367 4039 praecipue
1377 3974 1514 4024 nocivam.
1583 3983 1674 4020 orsum
1686 3975 1778 4017 tumor
1789 3970 1829 4016 in·

1032 3622 1125 3675 farina
1136 3630 1165 3676 et
1175 3624 1203 3675 in
1214 3631 1368 3692 smegmata
1379 3623 1516 3677 adiicitur.
1551 3624 1654 3676 conss
1665 3636 1773 3691 quoqne
1783 3635 1832 3675 ro·

1033 3694 1176 3745 mitiorem
1188 3700 1293 3756 uroret,
1304 3693 1403 3747 laciem
1414 3698 1525 3761 purgat.
1548 3690 1611 3744 Hoc
1622 3698 1650 3745 et
1660 3690 1730 3744 lolia
1741 3690 1832 3744 cuius·

1033 3778 1142 3829 cunque
1161 3763 1247 3815 satiri
1267 3762 1352 3816 illita.
1387 3761 1491 3816 Eadem
1512 3776 1572 3813 cum
1591 3761 1675 3815 mella
1696 3762 1831 3829 etepiny·

182 4050 218 4090 cx
229 4034 437 4089 medicamentis
449 4037 577 4105 longiore
588 4052 657 4090 aero
668 4040 758 4091 durat
795 4040 981 4107 lucipitatri·
1033 4041 1168 4107 sequitur,
1182 4046 1211 4091 et
1222 4041 1359 4106 putrescit
1369 4039 1456 4091 locus.
1480 4040 1542 4106 lpse
1554 4036 1675 4089 cucumis
1685 4035 1772 4085 odore
1785 4033 1831 4085 dc·

181 4112 268 4159 niatu.
304 4104 332 4158 Sl
345 4106 406 4175 quis
416 4108 573 4159 recentiore
584 4106 626 4157 uti
636 4107 712 4169 uelit,
747 4108 981 4161 astillosinuoro
1033 4106 1137 4160 lectum
1158 4108 1253 4160 animi.
1290 4110 1392 4160 coctos
1411 4108 1511 4159 deraso
1532 4104 1648 4166 cortice,
1668 4118 1700 4155 ex
1722 4102 1787 4155 olco
1802 4110 1831 4153 et

182 4174 282 4226 llctilii
304 4191 337 4226 oe
348 4174 426 4227 lento
436 4175 466 4226 in
477 4182 557 4227 aceto
570 4176 673 4226 domet.
740 4179 982 4244 eiius,quouctu-
1033 4176 1125 4240 melle,
1136 4175 1315 4228 iucundiores
1326 4192 1387 4228 esse
1401 4184 1504 4228 certum
1515 4180 1568 4225 est.

180 4244 266 4296 atius:
321 4248 397 4308 itque
419 4243 473 4293 iam
494 4242 621 4294 ducentis
633 4243 710 4293 annis
722 4251 871 4305 serratum,
891 4254 924 4296 ut
934 4260 981 4296 au·
1068 4243 1127 4296 Vll.
1147 4245 1296 4296 cucurbita
1306 4258 1415 4313 quoquo
1425 4243 1561 4294 silvestris
1581 4236 1730 4300 invenitur,
1750 4253 1831 4304 spon·

180 4306 527 4375 etorest'theophmstns.
565 4310 602 4361 Et
623 4324 709 4376 usque
729 4313 763 4363 ud
784 4313 981 4380 quinquagesi·
1034 4324 1084 4379 gos
1096 4310 1238 4364 aGraecis
1249 4312 1401 4379 appellata,
1417 4310 1514 4372 inanis,
1525 4308 1610 4376 (unde
1622 4313 1650 4359 et
1660 4305 1772 4370 numen)
1792 4306 1832 4359 dl·

181 4379 447 4436 mumlueernarum
459 4376 564 4430 lumina
585 4378 745 4445 exstinguit.
781 4381 982 4433 ilocenimre·
1032 4379 1119 4449 gilali
1138 4380 1336 4443 crassitudine,
1366 4392 1423 4430 non
1447 4378 1499 4428 nisi
1526 4378 1554 4428 in
1574 4376 1684 4427 saxosis
1705 4390 1831 4429 nuceas.

179 4452 207 4505 ri
216 4447 439 4528 experimentum
451 4445 688 4510 manuductum
700 4449 777 4514 prius
787 4464 867 4517 quam
880 4450 982 4502 exstin-
1032 4451 1127 4504 liuius
1149 4449 1399 4501 commanducatae
1413 4460 1514 4499 succus
1525 4443 1669 4498 stomacho
1680 4445 1831 4497 admodum

181 4515 980 4649 gmre}'btellrlbgceescsugscusnclabcr-:riwiffraefffitr'nfiaemlf
1034 4518 1341 4654 ifffifffmocynfflh
1351 4590 1468 4637 vocator
1477 4583 1542 4646 alia,
1551 4586 1613 4651 ipsa
1623 4582 1714 4652 plena,
1722 4583 1772 4636 sed
1782 4585 1855 4639 mis

182 4672 254 4709 ruat.
290 4655 392 4708 Putant
403 4663 553 4722 conceptus
564 4654 718 4724 adalligato
730 4656 834 4710 semine
844 4658 981 4721 adiuvari,
1032 4657 1288 4742 nosquamsatira.
1325 4654 1428 4708 Utilior
1439 4653 1553 4723 pallida,
1571 4647 1680 4721 quando
1693 4653 1753 4706 cius
1766 4661 1831 4705 sunt

182 4726 208 4778 si
221 4733 322 4778 terram
334 4740 388 4775 uon
399 4725 535 4792 attigerit.
564 4725 662 4776 Partus
674 4741 750 4789 rero,
761 4727 784 4777 si
796 4726 823 4777 in
834 4726 931 4778 arietis
944 4728 980 4780 la·
1031 4727 1198 4782 medicinae.
1233 4722 1830 4845 Herbaceaareiactaperselnsnitalrum.

183 4811 221 4849 na
231 4794 375 4864 alligatum
387 4794 530 4846 inscientis
541 4795 642 4846 lumbis
653 4793 751 4860 luerit,
761 4796 801 4847 ita
813 4803 843 4848 ut
854 4799 981 4864 protinus
1031 4798 1132 4852 lni'usa
1156 4811 1248 4865 uoqoe
1257 4796 1434 4865 clysteribus,
1445 4797 1531 4847 intest
1544 4806 1640 4845 norum
1652 4791 1780 4844 omnibns
1790 4796 1830 4844 ri·

182 4865 219 4919 ab
231 4866 311 4917 enixu
322 4864 450 4932 rapiatur
461 4870 542 4915 extra
553 4864 674 4916 domum.
1138 4813 1159 4918 (ἓ

218 4933 309 5000 lpsum
322 4933 457 5005 cucumim
468 4932 516 5001 qui
524 4933 709 5002 magnificant,
718 4932 796 4986 nasci
804 4932 983 5002 praecipuum
1033 4937 1124 4991 electo
1136 4938 1249 4998 semine
1261 4950 1333 5003 aqua
1344 4934 1433 4985 mulsa
1443 4935 1474 4984 in
1483 4949 1517 4986 ea
1528 4932 1694 5000 decoquitur
1705 4932 1741 4984 ad
1752 4930 1831 4983 dimi·

181 5002 209 5055 ln
221 5001 332 5062 amau,
349 5000 589 5065 moxinhrcadia,
609 5004 727 5070 Cyrenis
738 5003 788 5055 alii
801 5003 925 5070 tradunt,
945 5005 981 5057 si·
1034 5006 1112 5059 dlasr
1131 5006 1270 5056 tutissimo
1282 5003 1547 5055 intundunturoboli
1560 5009 1689 5072 quatuor.
1712 4999 1830 5052 Prodest

182 5072 277 5123 mitem
288 5069 472 5139 heliotropio,
485 5073 565 5126 caius
576 5072 650 5123 inter
661 5070 731 5124 lolia
743 5080 771 5125 et
782 5088 874 5126 mmns
885 5088 981 5141 prore·
1034 5082 1063 5128 et
1073 5073 1227 5135 stomacho,
1237 5073 1345 5126 lamnae
1356 5072 1453 5124 aridae
1463 5072 1558 5137 pilulis
1569 5087 1629 5123 cum
1640 5072 1756 5123 decocto
1764 5067 1831 5120 mel·

181 5141 241 5192 nire
252 5141 442 5209 magnitudine
454 5143 530 5193 nocis
542 5140 692 5210 iuglandis.
718 5140 820 5197 Samen
832 5151 926 5196 autem
939 5159 980 5196 es·
1033 5145 1061 5197 la
1071 5145 1180 5197 sumtis.
1216 5143 1247 5194 ln
1262 5144 1359 5194 morbo
1378 5142 1456 5209 regio
1468 5138 1578 5193 utiliter
1597 5140 1702 5193 semina
1713 5139 1772 5191 elus
1783 5150 1829 5189 su·
1850 5148 1857 5159 ·

118 5278 123 5293 ·
182 5210 981 5349 itthtltlitlltllttilttiltatthtl'i
1033 5210 1830 5336 illiniti.illibabilis..ililtt‘ltttl:

183 5354 256 5410 cant,
276 5348 496 5402 efficacissimam
508 5344 878 5417 contra'scurpianumietus
895 5358 981 5403 etse-
1032 5366 1099 5402 reru
1110 5364 1170 5401 eum
1184 5358 1265 5403 aceto
1278 5350 1430 5403 calefactus
1441 5349 1560 5400 mobiles
1572 5347 1656 5398 sistit.
1692 5342 1830 5408 ltcmspl·

180 5418 253 5470 mine
264 5424 293 5470 ct
303 5418 431 5482 elaterio,
443 5424 472 5470 et
483 5417 520 5470 ad
531 5431 583 5484 pur
622 5417 705 5470 udum
716 5426 824 5472 uterum
835 5420 979 5487 altosque.
1031 5434 1092 5482 nae,
1104 5425 1132 5470 et
1142 5418 1309 5482 lumborum,
1320 5435 1353 5473 ac
1366 5416 1547 5472 coxendicum
1560 5414 1681 5472 dolores,
1692 5426 1753 5491 cum
1765 5410 1830 5463 olco

180 5482 576 5555 blodusportlonerlriumab
606 5484 978 5541 imidlooboioadsolidum.
1030 5487 1213 5540 silnlri··⁴···
1258 5489 1417 5551 “’··’···εα,
1436 5482 1635 5542 mirumdictu,
1655 5479 1831 5533 seminaeius

1402 5552 1559 5620 adalligata
1579 5546 1712 5612 febribus,
1731 5562 1831 5605 sanare

1031 4868 1082 4920 tiis
1097 4882 1141 4919 mc
1162 4874 1237 4930 etur,
1253 4873 1282 4919 et
1294 4881 1400 4928 renum,
1421 4864 1627 4925 etlumborum,
1648 4868 1676 4915 et
1694 4860 1831 4930 paralysi:

179 5555 325 5624 copiosius
336 5562 426 5610 necat.
445 5555 492 5611 Sic
501 5561 531 5609 et
541 5554 978 5625 mauspbthiriasiubiblturret
1030 5557 1056 5611 sl
1066 5556 1111 5612 tur

1033 3830 1624 3896 ctidassanaut:cumrlno,canismorsus.
1660 3830 1727 3883 ltcm
1740 3830 1832 3882 mille·
1934 3828 1938 3834 ’
