4340 6018
282 322 315 381 c.
343 318 499 381 aaran
532 317 745 382 sacenor
777 320 945 382 neren.
977 318 1167 383 ereren.
1204 319 1292 381 ma
1317 288 1378 380 1'x.
1414 322 1507 382 err.
1537 325 1657 391 ιιι-ιι
1744 326 1803 386 ιιι

172 471 209 526 Χ.
229 472 309 535 Quae
326 470 362 525 de
377 470 477 525 eodem
490 483 594 539 genere
603 471 731 538 piscandi
742 472 772 523 in
785 471 874 525 lessio
883 472 947 523 sinu

139 543 283 599 moenam
294 541 392 604 tradit,
402 540 457 594 hoc
466 539 609 602 differunt,
625 543 699 611 quod
710 542 795 603 ultre,
806 555 896 608 neque
908 543 948 593 in·

140 612 251 669 clamati
262 619 378 680 praesto
388 611 457 677 sint,
476 616 628 678 partesque
639 613 790 666 emanibus
801 612 948 678 accipiant,

140 690 169 737 ct
180 697 261 737 suum
272 695 400 750 quaeque
411 682 512 748 cymba
532 696 547 731 c
565 680 708 749 delphinis
717 684 825 735 socium
837 681 948 744 habeat,

139 752 265 821 quamvls
277 757 372 813 noctu,
382 758 411 803 et
422 750 458 803 ed
471 749 554 801 laces.
568 751 641 820 lpsis
652 767 762 820 queque
773 752 847 804 inter
858 766 889 803 se
899 765 948 818 pu·

139 825 211 876 blica
222 831 267 876 est
278 822 408 873 societas.
445 822 535 887 Capto
545 835 564 871 a
576 836 642 891 rege
654 823 761 886 Cariae,
774 822 949 890 alligatoque

138 897 165 946 iu
175 899 270 961 porte,
283 888 557 958 ingenereliquorum
565 895 694 944 conrenit
702 892 862 952 multitude,
874 905 949 944 nioe-

137 964 216 1016 etitia
228 963 363 1029 quadam,
384 975 455 1027 quae
466 966 563 1027 posset
580 962 718 1029 intelligi,
739 961 948 1013 miserationem

137 1042 244 1103 petens,
255 1032 346 1083 denec
356 1029 461 1081 dimitti
473 1044 522 1082 rex
533 1044 598 1083 eum
610 1032 700 1084 iussit.
721 1031 796 1093 Quin
807 1037 837 1084 et
847 1046 949 1099 parvos

137 1117 248 1170 seniper
258 1100 361 1168 aliquis
371 1098 506 1167 grandior
517 1103 679 1165 comitatur,
694 1108 727 1152 at
739 1109 842 1153 custos.
880 1102 949 1153 Con·

137 1174 281 1241 spretique
292 1176 357 1221 sunt
366 1171 423 1221 iam
433 1167 600 1224 defunctum
619 1178 777 1240 pertentes,
798 1187 833 1224 ne
844 1171 950 1224 lacera·

137 1251 214 1296 retur
225 1258 243 1294 a
253 1240 364 1293 belluis.

170 1313 221 1364 xl.
241 1309 445 1378 Delphinerum
467 1308 680 1363 similitudinem
702 1308 814 1372 habeat,
835 1311 883 1377 qni
903 1326 950 1362 ro·

138 1392 238 1438 cauam
247 1380 399 1433 tursienes.
428 1377 546 1433 Distant
556 1389 586 1434 et
596 1381 716 1434 tristitia
727 1382 837 1449 quidem
850 1382 948 1447 adspe-

139 1461 215 1507 ctus:
233 1452 314 1505 abest
325 1449 397 1503 enirn
409 1447 462 1500 illa
474 1447 601 1514 lttseiria,
614 1452 734 1503 maxime
747 1458 839 1502 tamen
851 1454 951 1502 rostris

138 1523 325 1576 canicularum
336 1518 544 1573 maleficentiae
556 1521 723 1573 assimulati.

173 1593 237 1646 xli.
255 1590 425 1645 Testudines
436 1596 536 1644 tantae
548 1589 746 1659 magnitudinis
757 1588 882 1642 indicum
895 1603 950 1642 nia·

139 1662 294 1723 reemittit,
313 1670 344 1713 ut
363 1660 538 1729 singularum
559 1661 707 1728 superficie
721 1658 893 1712 habitabiles
903 1674 949 1711 ca·

139 1748 186 1786 sas
195 1733 337 1801 integant:
347 1737 432 1798 atque
442 1730 518 1784 inter
527 1732 632 1795 insulas
643 1730 729 1783 liebri
740 1729 949 1797 praecipuema-

140 1805 180 1856 ris
193 1802 236 1854 his
246 1802 380 1870 navigant
399 1802 517 1868 cymbis.
554 1803 710 1868 Capiuntur
729 1796 826 1851 multis
839 1798 950 1867 quidem

141 1872 242 1935 modis,
252 1868 303 1924 sed
314 1872 433 1923 maxime
443 1877 558 1925 erectae
570 1875 596 1923 in
607 1886 717 1922 sunima
729 1869 950 1938 pelagianteme·

140 1942 250 1996 ridiane
270 1949 397 2008 tempore
417 1940 559 2004 blandito,
581 1943 721 1994 eminente
732 1947 793 1991 teto
805 1940 890 1991 dorse
901 1953 951 2006 per

142 2011 296 2080 tranquilla
307 2009 461 2063 fluitantes:
484 2027 556 2079 quae
568 2011 697 2078 voluptas
714 2012 802 2063 libere
813 2009 948 2076 spirandi,

141 2084 170 2137 in
180 2090 290 2136 tantum
302 2080 379 2134 fallit
390 2080 495 2134 oblitus
514 2083 573 2146 sui,
594 2087 625 2131 ut
637 2081 712 2134 Selia
724 2094 829 2146 vapore
841 2079 948 2131 siccato

144 2153 262 2216 cortica,
282 2168 337 2203 non
349 2153 563 2219 queantmergi,
583 2149 875 2217 inritaequelleitent,
897 2163 946 2217 op·

142 2231 278 2292 portenae
285 2221 443 2274 venantium
451 2221 581 2287 praedae.
592 2220 698 2274 Ferunt
706 2226 850 2288 etpastum
857 2233 950 2286 egres·

142 2310 188 2347 sas
198 2300 301 2355 necta,
322 2290 456 2357 aridaque
465 2297 617 2343 saturatus
630 2290 744 2343 lassari:
767 2298 850 2357 atque
863 2298 893 2340 ut
904 2306 947 2342 re·

142 2363 298 2417 meaverint
312 2362 463 2423 matutino,
483 2376 594 2413 sumnia
604 2360 632 2412 in
644 2374 716 2427 aqua
727 2360 950 2412 obdormiscere:

140 2434 170 2486 id
181 2431 263 2501 predi
274 2434 452 2484 stertentium
465 2432 572 2483 sortitu.
602 2432 674 2481 'l'um
685 2430 829 2493 adnatare,
842 2429 951 2481 leviter·

141 2518 204 2570 que,
215 2502 336 2569 singulis
347 2509 455 2553 ternos:
466 2516 483 2552 a
495 2500 602 2552 duobus
613 2501 640 2550 in
653 2503 766 2550 dorsum
778 2501 861 2560 verti,
873 2504 951 2550 ater·

141 2573 184 2625 tio
194 2572 326 2640 laqueum
337 2570 412 2620 inlici
423 2569 553 2633 supinae,
571 2577 657 2633 atque
667 2572 707 2620 ita
718 2583 733 2619 e
745 2578 822 2618 terra
835 2584 852 2618 a
863 2567 949 2632 pluri-

141 2641 194 2694 bus
203 2638 289 2693 trahi.
326 2638 356 2688 ln
369 2637 522 2687 Phoenicio
536 2637 606 2686 nrari
618 2635 691 2687 haud
714 2635 773 2686 nlla
784 2635 950 2686 difficultate

140 2713 307 2778 capiuntur,
328 2703 458 2770 ultroque
476 2706 591 2756 veniunt
611 2711 686 2755 stato
706 2713 833 2771 tempore
845 2706 911 2754 anni
923 2705 951 2754 in

137 2792 255 2833 astinem
267 2771 446 2825 Eleutherum
458 2771 547 2825 effusa
558 2773 746 2826 multitudine.
777 2774 884 2825 Dentes
896 2788 951 2823 nen

135 2855 210 2903 sunt
231 2842 378 2903 testudini,
399 2840 449 2893 sed
471 2842 558 2893 rostri
574 2846 712 2910 margines
724 2845 809 2905 acuti,
830 2858 952 2909 superna

136 2923 224 2987 parte
235 2912 396 2965 inferiorem
410 2910 558 2964 claudente
569 2912 703 2978 pyxidum
716 2914 808 2965 niodo.
838 2914 868 2963 ln
882 2913 952 2963 mari

138 2982 300 3050 conchyliis
311 2981 413 3043 rirunt,
424 2986 503 3032 tanta
514 2980 572 3032 eris
583 2981 696 3042 duritia,
715 2987 746 3033 ut
757 2981 864 3047 lapides
876 2995 950 3032 cenr-

140 3056 284 3108 mianant:
308 3051 334 3101 in
346 3059 449 3102 terram
460 3064 606 3117 egressae,
626 3049 727 3101 herbis.
764 3050 880 3102 Pariunt
891 3064 951 3111 ova,

141 3126 235 3179 arium
246 3122 308 3173 oris
319 3120 432 3181 similia,
441 3120 478 3171 ad
489 3126 608 3172 centens
619 3134 745 3172 numere:
757 3135 848 3187 eaque
858 3117 950 3171 defos-

141 3209 179 3246 sa
188 3198 270 3246 extra
280 3205 376 3256 aquas,
397 3197 426 3242 et
436 3198 570 3256 cooperta
581 3196 667 3251 terea,
687 3204 720 3240 ac
732 3189 827 3255 pavita
838 3196 952 3255 pectere

142 3259 379 3328 etcentplauata,
398 3259 531 3312 incubant
547 3261 682 3313 nectibus.
721 3259 848 3311 Educunt
860 3259 952 3311 loetrrs

142 3349 238 3387 annue
248 3334 351 3399 spatio.
389 3329 509 3392 Quidam
522 3331 610 3383 oeulis
626 3329 835 3396 spectandoque
847 3344 900 3381 eru
911 3328 952 3381 le·

143 3403 207 3456 veri
216 3402 251 3455 ab
261 3404 297 3454 iis
309 3406 423 3468 putant:
435 3399 555 3453 lentinas
565 3400 669 3452 coitum
680 3398 788 3465 ingere,
799 3397 887 3450 donee
895 3414 953 3451 mas

146 3472 284 3526 festucam
307 3471 429 3538 aliquam
449 3469 577 3536 imponat
598 3484 721 3523 aversae.
756 3469 953 3539 Troglodytae

145 3545 311 3612 cornigeras
322 3540 436 3603 habeat,
446 3546 477 3591 ut
486 3541 516 3591 in
526 3540 598 3606 lyra,
608 3541 725 3593 annexis
737 3541 869 3594 cornibus
877 3541 954 3605 latis,

145 3611 196 3666 sed
206 3612 369 3673 mobilibus,
393 3624 509 3676 quorum
530 3610 558 3661 in
569 3610 691 3662 natando
702 3610 821 3678 remigio
832 3627 863 3664 se
873 3610 953 3663 adiu·

145 3688 227 3735 rant:
239 3681 358 3749 chelyen
371 3679 400 3731 id
411 3685 535 3741 vocatur,
546 3680 666 3733 eximiae
677 3679 836 3742 testudinis,
847 3680 895 3732 sed
908 3696 952 3733 ra·

145 3768 210 3805 rae:
232 3766 351 3820 namque
365 3750 475 3818 scopuli
496 3751 642 3818 praeacuti
654 3748 888 3819 chelonophagos
900 3758 953 3802 ter·

145 3829 220 3875 rent.
255 3821 451 3889 Troglodytae
464 3828 566 3883 autem,
578 3820 614 3872 nd
627 3832 696 3887 ques
708 3821 854 3879 adnatant,
871 3828 903 3871 ut
912 3836 955 3872 sa·

146 3907 210 3944 cras
221 3890 348 3951 adorant.
386 3889 457 3943 Sunt
467 3898 496 3941 et
507 3896 662 3951 terrestres,
680 3904 751 3958 quae
762 3891 798 3942 ob
808 3890 838 3942 id
849 3889 876 3941 in
889 3904 953 3955 epe-

145 3963 226 4015 rihus
238 3959 383 4014 chersinae
394 3962 572 4023 vocantur,in
580 3958 688 4011 Africae
698 3959 956 4028 desertis,quapur··

146 4038 176 4084 te
188 4032 307 4091 maxime
327 4028 489 4083 sitientibus
509 4031 602 4082 arenis
622 4029 760 4097 squalent,
779 4030 900 4091 roscido,
924 4038 955 4079 ut

145 4100 282 4163 creditur,
301 4099 417 4153 humere
428 4099 563 4153 virentes.
600 4099 698 4169 Neque
709 4099 785 4152 alind
798 4100 837 4153 ibi
850 4100 954 4152 arrimal

165 4172 286 4223 revenit.
675 4208 680 4217 .

145 4187 164 4239 p
183 4240 260 4292 xlii.
278 4239 461 4291 'l'estudinum
474 4239 619 4309 putamina
630 4254 725 4292 secare
737 4239 764 4289 in
777 4238 903 4300 laminas,
915 4239 952 4289 le·

143 4318 268 4374 ctesque
278 4319 306 4360 et
316 4308 485 4375 repositoria
494 4307 539 4360 his
549 4310 662 4371 restire,
674 4306 810 4360 Curtilius
816 4308 957 4360 Pellioin·

142 4378 254 4439 stituit,
273 4376 384 4446 prodigi
402 4387 430 4431 et
451 4379 564 4447 sagacis
579 4379 615 4431 ad
633 4378 957 4431 luxuriaeinstrnmmita

142 4465 176 4501 ur
200 4463 264 4500 enn.

175 4463 257 4569 htv.
275 4518 448 4585 Aquatilium
465 4523 628 4588 tegumenta
638 4519 720 4587 plere
731 4525 805 4570 sunt.
840 4518 957 4570 liliaco-

145 4588 193 4640 rio
204 4594 232 4641 ct
243 4587 302 4655 pilo
313 4588 486 4658 integuntur,
497 4591 528 4642 ‘ut
540 4589 620 4642 rituli
631 4598 661 4641 et
670 4588 879 4656 hippopotami:
902 4587 958 4639 alia

146 4658 229 4710 corle
239 4664 359 4722 tantum,
370 4668 401 4711 ut
413 4661 551 4730 delphini:
567 4662 682 4722 cortice,
695 4668 725 4712 ut
735 4657 904 4711 testudines:
920 4657 958 4709 si·

145 4728 235 4781 licum
246 4729 361 4791 duritia,
383 4738 413 4782 nt
425 4738 538 4783 ostreae
549 4736 578 4783 et
589 4727 723 4782 conchae:
744 4727 856 4792 crustis,
875 4735 906 4779 ut
917 4728 957 4780 lo-

145 4806 258 4850 custae:
279 4800 384 4852 crustis
395 4806 425 4853 et
436 4801 533 4868 spinis,
546 4806 578 4851 ut
589 4799 694 4853 echini:
715 4798 852 4866 squamis,
873 4804 904 4849 ut
914 4799 956 4866 pi·

145 4883 224 4920 sces:
243 4877 431 4936 asperacute,
452 4872 630 4939 utsqaatina,
648 4886 703 4937 qua
714 4869 819 4938 lignum
831 4876 861 4920 et
872 4869 959 4937 ebera

144 4938 308 5007 poliuntur:
321 4940 413 5002 melli,
426 4950 457 4992 ut
469 4956 633 4993 muraenae:
647 4941 704 4992 alia
717 4940 803 5006 nulla,
815 4940 957 5008 utpolypi.

179 4995 247 5063 XV.
268 5008 347 5071 Quae
359 5010 418 5077 pile
431 5015 595 5074 vestiuntur,
613 5010 716 5062 animal
728 5011 847 5076 pariunt,
858 5018 889 5062 ut
901 5013 957 5077 pri·

143 5080 212 5141 stis,
231 5079 359 5142 balaena,
373 5081 490 5133 situlus.
526 5081 582 5132 Hic
594 5080 803 5147 paritiaterra:
825 5082 958 5146 pecudum

144 5163 229 5201 mere
238 5150 379 5204 secundas
391 5159 488 5220 partus
499 5150 601 5204 reddit.
636 5150 667 5202 ln
680 5150 752 5201 initu
765 5164 863 5201 canum
875 5151 958 5202 niodo

143 5217 299 5273 cohaeret:
316 5221 393 5289 parit
404 5235 600 5289 nonnunquam
610 5219 728 5288 geminis
739 5219 846 5287 plures:
858 5221 960 5271 educat

140 5290 278 5342 mammis
289 5289 409 5344 loetum.
431 5293 494 5344 Non
505 5300 570 5344 ante
581 5289 773 5343 duodecimum
785 5289 859 5341 diem
872 5289 958 5342 dedu·

65 5394 71 5413 .
141 5361 184 5413 eit
196 5362 228 5411 in
239 5376 328 5423 mare,
338 5377 373 5413 es
386 5377 420 5413 eo
431 5362 550 5415 subinde
560 5359 756 5414 assuefaciens
789 5360 961 5411 interficiun-

140 5437 191 5482 tur
203 5429 361 5484 difflrulter
370 5432 426 5483 nisi
436 5434 530 5499 eapite
551 5432 629 5483 eliso.
666 5432 737 5498 lpsir
749 5430 776 5481 in
787 5444 857 5481 sene
869 5430 958 5495 ningi-

140 5508 202 5552 tus:
217 5501 294 5554 unde
305 5515 405 5554 nemen
416 5502 509 5553 rituli.
521 5502 763 5567 Accipiunttamen
773 5497 961 5565 disciplinam,

140 5584 272 5638 voceque
284 5571 393 5639 pariter
406 5578 435 5623 et
443 5572 505 5624 visu
516 5573 651 5638 populum
664 5569 801 5622 salutant:
816 5567 961 5620 incondito

138 5636 272 5706 fremitu,
284 5642 398 5695 nomiae
409 5642 513 5705 vocati,
523 5640 701 5709 respoudeat.
732 5638 846 5693 Nullam
857 5637 962 5690 animal

999 472 1130 537 graviore
1151 488 1250 527 somno
1270 472 1416 541 premitur.
1453 471 1559 537 Pinnis,
1579 472 1680 542 quibus
1696 474 1724 525 in
1736 476 1807 527 mari

1000 540 1207 604 utuntur,hmni
1219 558 1331 611 quoqne
1342 544 1403 595 rice
1414 543 1511 610 pedum
1524 551 1649 610 serpunt.
1660 543 1805 597 Pelleseo·

1000 625 1060 662 rum
1074 612 1159 663 etiam
1172 611 1313 665 detractas
1323 615 1444 680 corpori,
1456 627 1565 665 sensum
1578 628 1731 682 aequorum
1742 618 1808 667 reti·

1001 680 1202 743 neretraduat,
1223 696 1387 750 semperque
1409 691 1488 735 aestu
1510 686 1594 735 araris
1604 683 1753 738 recedente
1764 686 1805 735 in-

1001 748 1178 803 horrescere:
1202 758 1348 817 praeterea
1359 754 1477 806 destrae
1487 753 1588 819 pinnae
1598 755 1652 805 rim
1670 753 1807 820 soporife-

1002 835 1060 871 ram
1072 821 1174 880 inesse‚
1185 835 1353 888 somnosque
1364 822 1478 874 allicere
1489 822 1628 874 subditam
1641 824 1734 890 capiti.
1762 823 1806 876 Pi-

1001 892 1029 942 le
1042 890 1197 971 carentium
1210 890 1265 940 duo
1277 892 1389 942 nornine
1400 893 1503 943 animal
1514 894 1642 960 pariunt,
1662 892 1808 960 delphinus

1002 973 1150 1025 accipere.

1037 1030 1111 1082 xvi.
1131 1029 1252 1080 Piscium
1274 1035 1339 1079 sunt
1357 1030 1462 1094 species
1483 1034 1665 1102 septuaginta
1681 1040 1808 1100 quatuor,

1001 1106 1115 1167 praeter
1126 1100 1227 1150 crustis
1239 1099 1354 1159 intecta,
1366 1108 1511 1166 quaesunt
1524 1104 1649 1170 triginta.
1663 1104 1704 1155 De
1714 1105 1807 1173 singu·

1002 1170 1036 1221 lis
1049 1170 1120 1222 alias
1131 1169 1263 1222 dicemus.
1300 1167 1381 1220 Nunc
1392 1170 1464 1220 enim
1477 1179 1592 1225 naturae
1603 1181 1759 1227 tractantur
1771 1176 1808 1225 in·

1001 1241 1026 1292 si
1049 1242 1132 1290 aiunt.

1027 1255 1125 1362 ngii
1143 1308 1298 1376 Praecipua
1308 1309 1500 1376 magnitudine
1517 1308 1630 1378 thynni:
1651 1314 1808 1365 invenimus

1002 1379 1112 1431 talenta
1122 1379 1280 1445 quindecim
1292 1378 1466 1446 pependisse.
1503 1378 1635 1433 Eiusdem
1652 1384 1757 1436 caudae
1768 1383 1808 1435 la·

1001 1449 1153 1501 titudinem
1165 1451 1285 1517 quinque
1296 1449 1391 1501 cubita
1401 1454 1430 1502 ct
1440 1448 1571 1515 palmum.
1593 1450 1663 1502 Sunt
1673 1446 1741 1503 et'in
1752 1454 1810 1519 qul·

1002 1519 1119 1571 busdam
1132 1520 1262 1571 unrnibns
1273 1518 1346 1571 haud
1358 1521 1493 1571 minores:
1506 1518 1610 1571 silurus
1622 1521 1650 1570 in
1658 1520 1731 1583 Nilo,
1740 1536 1809 1574 esox

1002 1590 1030 1640 in
1049 1588 1153 1650 Rheno,
1175 1589 1274 1647 attilus
1294 1589 1322 1641 in
1334 1588 1419 1654 Pado,
1441 1589 1542 1641 inertia
1563 1590 1809 1658 pinguescerent
1840 1572 1855 1631 3

1003 1658 1080 1717 mille
1092 1658 1241 1725 aliquando
1250 1658 1346 1722 libras,
1358 1665 1486 1712 catenate
1497 1666 1595 1726 captus
1608 1658 1700 1723 hamo,
1709 1674 1759 1710 nec
1767 1661 1809 1711 ni·

1003 1729 1027 1780 si
1039 1728 1123 1779 boum
1135 1729 1210 1796 iugis
1221 1735 1373 1782 extractus.
1409 1730 1493 1798 Atqui
1503 1727 1576 1781 bunc
1588 1729 1717 1781 minimus
1728 1728 1811 1795 piscis

1003 1798 1161 1866 appellatus
1174 1799 1286 1867 clupea,
1307 1813 1406 1852 renam
1419 1798 1557 1867 quandam
1569 1800 1629 1852 eius
1642 1799 1811 1851 infantibus

1002 1870 1075 1921 mim
1089 1868 1219 1934 cupidine
1236 1875 1384 1936 appetens,
1406 1884 1501 1920 mersu
1513 1870 1663 1922 exanimat.
1702 1868 1811 1921 Silurus

1002 1945 1156 2008 grassatur,
1178 1939 1334 2006 ubieunque
1357 1944 1416 2001 est,
1438 1954 1520 1991 earne
1542 1941 1648 1992 aninral
1669 1947 1812 2006 appetens,

1003 2024 1091 2076 equos
1101 2014 1232 2062 natantes
1244 2024 1327 2076 saepe
1339 2009 1510 2077 demergens.
1531 2009 1683 2076 Praecipue
1695 2012 1724 2060 in
1735 2010 1813 2061 Moe·

1003 2094 1039 2130 no
1050 2078 1220 2131 Germaniae
1240 2094 1321 2132 amne
1342 2079 1459 2145 protelis
1475 2079 1568 2142 boum,
1590 2081 1664 2130 etin
1680 2078 1812 2132 Danubio

1003 2149 1104 2202 marris
1116 2147 1282 2214 extrahitur,
1304 2150 1421 2218 porculo
1432 2150 1540 2202 mariae
1550 2149 1724 2202 simillimus:
1744 2158 1772 2202 et
1784 2151 1812 2201 in

1003 2216 1181 2286 Borysthene
1193 2228 1363 2271 memoratur
1374 2223 1524 2287 praecipua
1535 2220 1709 2290 magnitude,
1728 2218 1813 2271 nullis

1003 2290 1114 2341 ossibus
1125 2288 1248 2355 spinisve
1259 2288 1405 2353 intersitis,
1417 2304 1501 2343 carne
1513 2291 1667 2357 praedulci.
1698 2291 1727 2341 ln
1740 2289 1814 2341 Gan·

1023 2358 1144 2411 eladiae
1156 2360 1322 2425 platanistas
1335 2368 1451 2421 vocant,
1467 2368 1562 2413 rostro
1573 2358 1695 2429 delphini
1707 2366 1736 2410 et
1746 2375 1812 2411 cau·

1002 2374 1049 2490 ha,
1061 2428 1255 2497 magnitudine
1266 2434 1360 2481 eutem
1368 2428 1593 2481 Xchbitorum.
1604 2430 1635 2482 ln
1646 2428 1743 2481 eodem
1751 2444 1814 2481 esse

1004 2496 1111 2549 Statius
1119 2498 1239 2550 Sebosus
1251 2496 1324 2550 baud
1336 2498 1449 2550 modice
1462 2498 1694 2568 miraculeallert,
1705 2513 1813 2549 vermes

1003 2565 1146 2619 branchiis
1157 2568 1238 2631 binis,
1249 2584 1299 2621 sex
1310 2567 1478 2630 cubitorum,
1488 2571 1643 2630 caeruleos,
1654 2567 1703 2634 qui
1713 2582 1814 2618 nomen

1005 2650 1022 2685 a
1033 2634 1107 2688 facie
1118 2642 1273 2689 traxerunt.
1303 2638 1355 2690 llis
1365 2644 1458 2689 tantas
1470 2652 1531 2688 esse
1543 2638 1627 2699 vires,
1638 2644 1669 2686 nt
1680 2634 1811 2702 elephan-

1005 2711 1049 2754 tos
1060 2704 1096 2756 ad
1108 2712 1203 2771 potum
1214 2707 1366 2772 venientes,
1387 2705 1529 2759 mordicus
1541 2705 1742 2772 comprehensa
1752 2719 1811 2757 ma·

1005 2788 1041 2823 nu
1052 2789 1148 2826 eornm
1160 2774 1334 2826 abstrahant.

1040 2842 1141 2895 xvnt.
1161 2843 1274 2909 'l'hynni
1285 2858 1376 2897 mares
1387 2843 1439 2895 sub
1458 2848 1554 2897 ventre
1566 2860 1621 2897 non
1632 2844 1737 2897 habent
1749 2846 1810 2912 pin·

1005 2927 1077 2963 nani.
1114 2912 1223 2963 lntrant
1234 2927 1249 2963 e
1260 2927 1305 2963 ma
1326 2927 1361 2963 no
1374 2913 1445 2964 mari
1458 2913 1576 2966 Pontum
1588 2929 1674 2967 verne
1686 2920 1813 2982 tempore

1004 2981 1152 3049 gregatim,
1166 2928 1467 3034 necatibihietificant.
1500 2982 1625 3051 cordyla
1635 2983 1814 3051 appellantur

1005 3058 1116 3117 partus,
1137 3052 1184 3118 qui
1195 3051 1287 3104 foetas
1298 3051 1446 3105 redeuntes
1458 3053 1486 3102 in
1497 3066 1575 3104 nuere
1584 3062 1716 3104 autumno
1728 3055 1813 3104 comi·

1005 3126 1110 3170 tantur.
1127 3119 1260 3174 Limosae
1270 3136 1344 3184 rere,
1356 3129 1407 3173 aut
1417 3137 1432 3174 e
1442 3121 1503 3172 luto
1514 3120 1667 3188 pelamides
1677 3125 1813 3189 incipiunt

1005 3190 1116 3242 rocam:
1137 3198 1166 3240 et
1187 3205 1249 3241 cunr
1270 3205 1545 3244 annuumexcessere
1561 3199 1680 3258 tempus,
1701 3191 1812 3259 thynni.

1005 3260 1043 3312 Hi
1056 3259 1230 3312 membratim
1242 3260 1331 3323 caesi,
1349 3260 1457 3313 cervice
1469 3269 1498 3313 et
1515 3261 1662 3314 abdomine
1674 3276 1812 3314 cemmen-
1829 3285 1836 3301 ·

1006 3328 1119 3391 dantur,
1131 3337 1215 3397 atque
1229 3329 1325 3392 elidio,
1338 3329 1444 3382 recenti
1456 3331 1610 3394 dumtaxat,
1632 3339 1661 3383 et
1673 3337 1731 3383 tum
1742 3346 1810 3398 quo·

1006 3414 1060 3469 que
1070 3402 1148 3469 grani
1161 3406 1253 3452 ructu:
1269 3407 1364 3453 cetera
1374 3407 1455 3466 parte
1466 3400 1556 3467 planis
1568 3401 1754 3467 pulpamentis
1765 3416 1810 3452 sa·

1004 3474 1033 3526 le
1045 3476 1231 3524 asserrentnr.
1260 3469 1428 3537 lrlelandrya
1437 3478 1581 3533 rorantur,
1594 3471 1683 3523 caesis
1694 3485 1812 3538 quercus

1006 3540 1109 3595 assulis
1120 3540 1272 3592 simillima.
1292 3538 1436 3591 vilissima
1447 3554 1481 3591 ex
1491 3538 1543 3604 his,
1555 3555 1625 3606 qnae
1635 3543 1739 3593 caudae
1751 3555 1813 3608 pre·

1006 3612 1092 3675 aima,
1112 3612 1180 3676 qnia
1190 3609 1284 3677 pingui
1296 3616 1405 3661 carent:
1428 3611 1631 3677 probatissima,
1642 3627 1713 3679 quac
1724 3612 1813 3664 fauci-

1005 3683 1074 3736 bus:
1097 3688 1127 3732 at
1146 3681 1174 3731 in
1195 3680 1252 3732 alio
1268 3680 1344 3745 pisce
1355 3679 1556 3733 circacaudam
1569 3682 1810 3734 exercitatissime.

1006 3750 1165 3804 Pelamides
1185 3751 1214 3800 in
1236 3749 1380 3815 apolectos
1401 3749 1646 3818 particulatimque
1657 3761 1812 3813 consectae,

1006 3823 1035 3873 in
1046 3834 1151 3887 genera
1161 3819 1305 3888 cybiorum
1318 3819 1531 3887 dispartiuntur.

1008 3898 1014 3909 ·
1042 3890 1117 3942 ΧΙΧ.
1143 3890 1263 3942 Piscium
1284 3905 1371 3956 genus
1392 3906 1475 3945 onrne
1494 3892 1648 3959 praecipua
1668 3893 1812 3945 eeleritate

1008 3960 1154 4021 adolescit,
1179 3961 1299 4011 maxime
1325 3960 1354 4011 in
1379 3960 1479 4015 Ponto.
1521 3963 1625 4025 Causa,
1658 3959 1811 4012 multitudo

1007 4031 1130 4083 earnium
1143 4030 1238 4082 dulces
1261 4028 1440 4083 inferentium
1452 4046 1548 4100 aquas.
1583 4032 1690 4082 Anniam
1702 4034 1811 4090 runcant,

1008 4101 1086 4152 cuius
1097 4101 1297 4154 incrementum
1309 4100 1426 4170 singulis
1437 4103 1535 4154 diebus
1545 4100 1724 4166 intelligitur.
1743 4099 1810 4148 Cum

1007 4169 1122 4238 thynnis
1142 4169 1194 4223 hae
1215 4179 1243 4224 et
1264 4171 1419 4239 pelamides
1436 4172 1465 4221 in
1486 4170 1603 4221 Pontum
1624 4168 1658 4219 ad
1684 4166 1813 4217 dulciora

1009 4239 1227 4309 pabulaintrant
1247 4244 1383 4311 gregatim
1396 4255 1457 4292 curn
1475 4240 1534 4291 suis
1549 4248 1673 4305 quaeque
1684 4236 1812 4287 ducibus:

1008 4316 1037 4362 et
1048 4309 1131 4376 primi
1141 4311 1264 4362 emnium
1276 4310 1408 4373 acnnrbri,
1416 4309 1514 4375 quibus
1525 4312 1569 4359 est
1579 4307 1606 4357 ln
1618 4321 1689 4372 aqua
1701 4304 1813 4372 salpha·
1909 4352 1914 4361 ,

1008 4394 1072 4431 reus
1085 4379 1171 4441 celer,
1193 4386 1273 4433 extra
1283 4379 1328 4446 qul
1340 4378 1449 4431 ceteris.
1486 4377 1641 4443 Hispaniae
1652 4378 1772 4429 cetarias
1783 4376 1811 4427 hi

1008 4447 1126 4514 replent,
1136 4448 1253 4516 thynnis
1263 4464 1317 4499 non
1328 4446 1558 4500 comareantibus.

1043 4519 1105 4570 XX.
1124 4517 1179 4569 Sed
1200 4518 1228 4569 in
1249 4517 1368 4581 Pontum
1388 4517 1466 4569 nulla
1482 4518 1569 4568 intrat
1584 4515 1675 4568 bestia
1690 4516 1813 4585 piscibus

1010 4587 1145 4649 malefica,
1157 4593 1270 4653 praeter
1279 4587 1384 4638 vitulos
1394 4594 1423 4659 et
1435 4601 1535 4654 perros
1545 4584 1703 4654 delphinos.
1719 4585 1812 4654 'lhya

1009 4658 1036 4710 ni
1048 4657 1147 4710 dextra
1157 4657 1218 4724 ripa
1229 4656 1343 4718 intrant,
1355 4665 1456 4711 exeunt
1467 4657 1557 4711 laeva.
1584 4656 1615 4708 ld
1626 4657 1752 4710 accidere
1764 4672 1811 4709 ex·

1009 4730 1167 4787 intimatur,
1189 4729 1253 4795 qaia
1266 4728 1364 4779 dextre
1377 4728 1458 4780 oculo
1471 4728 1533 4796 plns
1543 4734 1674 4790 cernant,
1692 4734 1813 4798 utroque

1010 4806 1108 4851 natura
1119 4794 1227 4850 hebete.
1260 4798 1310 4851 rat
1321 4799 1350 4851 in
1363 4800 1462 4866 euripo
1472 4798 1588 4853 'l'hracii
1598 4798 1746 4866 Bosphori,
1759 4814 1815 4865 que

1010 4868 1161 4937 Propontis
1172 4868 1282 4921 Euxino
1293 4869 1427 4937 iungitur,
1437 4873 1465 4922 in
1477 4870 1547 4938 ipsis
1559 4872 1698 4937 Europam
1709 4869 1814 4919 Asiani·
1893 4880 1897 4891 ¹

1010 4957 1062 5009 qne
1071 4941 1231 5007 separantis
1240 4939 1306 4992 freti
1317 4941 1470 5008 angustiis,
1492 4954 1589 4993 saxam
1599 4941 1664 4992 ariri
1675 4937 1814 4997 candoris,

1009 5025 1027 5062 a
1037 5010 1108 5062 rado
1119 5010 1154 5062 sd
1165 5026 1272 5063 summa
1292 5011 1447 5083 perlucens,
1469 5013 1548 5063 iuxta
1570 5006 1773 5062 Chalcedonam
1786 5009 1813 5056 in

1010 5080 1100 5132 latere
1110 5080 1201 5133 lisiae.
1237 5083 1329 5134 liuius
1340 5081 1474 5149 adspectu
1489 5084 1605 5147 repente
1616 5079 1726 5139 territi,
1744 5092 1814 5129 sem·

1010 5165 1061 5218 per
1072 5150 1217 5203 adversum
1230 5151 1362 5219 Byzantii
1382 5151 1618 5217 promontorium,
1638 5164 1673 5200 ex
1685 5162 1719 5199 en
1730 5161 1815 5198 causa

1011 5218 1181 5286 appellatum
1193 5221 1275 5271 Aurei
1288 5235 1402 5282 cornus,
1422 5220 1571 5288 praecipiti
1587 5223 1686 5284 petunt
1697 5216 1814 5334 aqmine.

1011 5291 1108 5356 ltaque
1118 5289 1209 5340 omnis
1219 5297 1334 5356 raptura
1342 5290 1476 5358 Byzantii
1488 5296 1540 5351 est,
1551 5299 1653 5351 magna
1664 5283 1720 5336 Cha
1733 5281 1813 5333 cede·

1011 5360 1055 5410 nis
1067 5359 1197 5425 penuria,
1211 5361 1286 5411 mille
1299 5373 1429 5428 passuum
1450 5359 1536 5415 medii
1546 5353 1732 5410 interfluentis
1742 5351 1815 5402 euri·

1011 5429 1050 5495 pi.
1072 5428 1262 5496 opperiuntur
1273 5440 1366 5483 autem
1377 5428 1521 5495 Aquilonis
1531 5429 1637 5481 aarum,
1648 5426 1680 5468 ¹⁸⁸
1691 5419 1815 5471 ⁸001¹¹¹d⁰

1011 5496 1096 5550 doctr·
1110 5508 1209 5528 cmc·
1221 5516 1236 5528 ἰ
1249 5499 1347 5560 '’¹¹¹tlo,
1363 5514 1413 5549 nec
1424 5498 1477 5548 nisi
1488 5499 1622 5548 intranttfl
1634 5492 1748 5548 P‘ll’lum
1760 5490 1815 5556 By·

1012 5583 1044 5619 ae
1330 5568 1420 5617 'mma
1430 5580 1484 5617 nnn
1498 5566 1645 5632 vagantur}
1656 5554 1817 5626 ubicunque

1012 5638 1026 5672 τ’
1386 5634 1551 5694 ¹¹inoctium,
1562 5626 1600 5680 ini
1614 5617 1777 5679 inhereant.
1785 5629 1820 5681 ll·
