4374 6014
345 322 412 390 392
486 322 520 382 C.
550 316 696 381 introit
723 312 931 377 SECUNDI
959 309 1133 373 NATU—R.
1162 308 1352 373 iiisTOR.
1387 307 1469 369 bia.
1492 304 1645 370 XXXV.
1668 309 1761 372 CAP.
1785 316 1866 376 3·8.

1182 536 1190 545 ἢ
1203 478 1284 533 quem
1294 408 1382 516 tradit
1392 458 1539 515 Cornelius
1549 459 1643 528 Nepos
1653 468 1781 517 nnumin
1791 466 1821 518 in
1832 467 1944 522 ltaliam
1956 468 2010 525 be·

346 477 423 530 milis
444 469 678 526 oausahlessnlac
699 468 758 519 seni
778 462 916 536 expressit
930 463 1073 517 volumina
1092 463 1149 528 ilia,

348 561 419 616 qnae
431 544 465 595 de
476 541 589 594 familiis
600 538 742 598 condidit,
765 551 825 587 cum
839 535 978 602 Scipionis
987 533 1150 601 Pomponia-

349 619 378 667 ni
400 613 544 665 transisset
567 609 678 671 atrium,
696 605 868 673 vidissetque
889 604 1041 672 adoptione
1061 609 1149 655 testa·

348 682 488 737 mentaria
498 676 736 744 Salutiones,(hoc
748 676 859 727 enimsi
872 675 963 727 iuerat
973 675 1151 742 cognomen)

349 754 540 807 Africanorum
552 747 688 801 dedecore
703 747 855 812 irrepentes
867 745 1025 812 Scipionum
1037 743 1150 794 nomini.

350 822 404 876 Sed
426 834 492 886 pace
510 818 693 870 Messalarum
706 816 812 868 dixisse
824 816 917 876 liceat,
939 816 1024 866 etiam
1039 811 1151 864 mentiri

350 893 488 945 clarorum
508 889 661 955 imagines,
688 891 750 938 erat
779 886 879 951 aliquis
901 886 1034 935 virtutum
1057 898 1150 934 numm

349 959 491 1023 inultoque
502 956 656 1018 honestius,
679 970 761 1023 quam
778 955 889 1017 mereri,
909 970 943 1007 ne
956 954 1018 1022 quis
1029 967 1094 1004 suas
1104 967 1151 1005 es·

368 1034 465 1082 uteret.

348 1045 366 1098 p
383 1098 446 1150 Non
459 1101 502 1148 est
512 1092 744 1164 praetereundum
756 1098 786 1145 et
796 1093 931 1145 noritium
944 1093 1094 1144 inventum.
1110 1089 1153 1144 Sl·

349 1166 461 1237 quidem
474 1180 529 1217 non
546 1163 635 1215 solum
651 1180 686 1215 ex
703 1178 770 1214 auro
789 1171 950 1231 argentove,
972 1170 1019 1214 aut
1030 1169 1106 1214 certe
1117 1175 1152 1214 ex

349 1253 419 1291 aere
440 1236 466 1288 in
483 1233 663 1287 bibliothecis
678 1233 865 1295 dicanturiili,
886 1247 1001 1301 quorum
1012 1234 1153 1284 immorta-

300 1327 304 1335 ’
348 1308 390 1359 les
403 1306 512 1357 rirdmae
532 1306 561 1355 in
583 1302 653 1355 locis
674 1303 772 1355 iisdem
794 1303 959 1371 loquuntur:
981 1303 1152 1370 quinimmo

350 1378 434 1430 οίίοοι
448 1390 519 1442 quae
530 1389 584 1424 non
596 1378 670 1436 sant,
691 1373 840 1440 finguntur,
862 1373 1030 1440 pariuntque
1042 1371 1151 1424 deside·

349 1447 394 1499 ria
404 1462 458 1497 non
471 1442 567 1495 traditi
578 1442 680 1505 vultus,
690 1444 762 1494 sicut
774 1444 801 1495 in
815 1443 939 1495 Homero
951 1443 1054 1495 evenit.
1091 1443 1153 1505 quo

348 1516 440 1570 malus
463 1519 506 1578 (ut
519 1511 646 1579 equidem
658 1513 791 1577 arbitror)
813 1512 926 1564 nullum·
941 1521 984 1565 est
1007 1511 1153 1565 felicitatis

349 1588 499 1656 specimen,
518 1598 724 1652 quamsempcr
743 1584 920 1635 omnesscire
932 1598 1042 1650 cupere,
1063 1582 1153 1650 qualis

349 1656 439 1711 luerit
461 1654 571 1723 aliquis.
607 1656 694 1706 Asinii
715 1654 849 1707 Pollionis
871 1651 924 1705 hoc
936 1653 1040 1706 Romae
1062 1653 1155 1703 inven-

349 1736 418 1790 tum,
440 1725 487 1794 qui
498 1724 600 1793 primus
619 1722 818 1778 bibliothecam
830 1722 957 1786 dicando,
979 1722 1092 1791 ingenia
1103 1720 1153 1774 ho·

349 1797 454 1850 minum
475 1810 533 1847 rem
555 1793 692 1860 publicam
706 1794 780 1846 iecit.
817 1796 858 1846 An
881 1794 990 1861 priores
1011 1791 1155 1859 coeperint

349 1864 538 1919 Alexandriae
548 1869 578 1915 et
588 1862 715 1931 Pergami
727 1879 816 1932 reges,
831 1864 878 1983 pui
895 1861 1083 1914 bibliothecas
1095 1874 1153 1912 ma-

349 1934 567 2004 gnocertumine
583 1936 745 1996 instituere,
766 1949 820 1985 non
844 1932 1050 1986 acilediserim.
1085 1931 1155 1982 lma·

351 2005 448 2072 ςίοοιο
460 2017 555 2055 aurore
567 2000 700 2069 flagrasse
712 2002 851 2070 quondam
869 2008 954 2054 testes
966 2007 1032 2054 sunt
1044 2005 1072 2052 et
1083 2000 1154 2051 Atti·

351 2088 399 2124 eus
410 2071 459 2124 ille
471 2072 625 2132 Ciceronis,
645 2072 721 2123 edito
732 2070 767 2122 de
780 2071 821 2121 his
832 2070 980 2132 volumine,
1002 2074 1031 2121 et
1041 2069 1154 2122 Marcus

335 2141 442 2193 ·Varro
452 2139 651 2205 benignissimo
663 2139 901 2201 invento,insertis
910 2139 1082 2189 voluminum
1094 2154 1156 2189 suo·

349 2226 411 2264 rum
423 2207 617 2270 foecunditati,
645 2223 700 2259 non
712 2207 867 2260 nominibus
878 2213 987 2259 tantem
998 2207 1157 2277 septingen-

351 2287 443 2332 torum
459 2277 621 2339 illustrium,
643 2278 691 2330 sed
703 2284 732 2330 et
751 2277 843 2345 aliquo
864 2276 947 2329 modo
968 2279 1154 2348 imaginibus:

352 2366 408 2403 non
419 2363 519 2416 passus
530 2346 699 2401 intercidere
716 2348 833 2417 figuras,
854 2354 902 2400 aut
914 2354 1081 2402 vetustatem
1094 2348 1154 2400 aeri

352 2426 450 2471 econtra
461 2415 585 2470 homines
597 2418 707 2479 calere,
735 2418 864 2472 inventor
875 2420 997 2472 muneris
1006 2419 1090 2471 etiam
1101 2417 1155 2469 dtis

352 2489 502 2552 invidiosi,
523 2487 631 2555 quando
648 2487 888 2540 immortalitatem
902 2503 955 2540 non
966 2490 1056 2541 solum
1068 2488 1154 2550 dedit,

353 2573 449 2612 rerum
460 2560 545 2611 ctiam
557 2560 585 2609 in
597 2573 692 2609 onsrres
702 2563 792 2611 terras
804 2559 888 2623 misit,
898 2566 929 2610 ut
939 2567 1101 2627 praesentes
1114 2573 1155 2610 es·

351 2645 382 2682 se
393 2630 504 2697 ubique,
516 2634 544 2680 et
556 2627 648 2680 claudi
659 2634 780 2695 possent.

304 2740 308 2745 .
373 2698 433 2751 ιΙΙΙ.
453 2700 490 2750 Et
501 2697 555 2748 hoe
564 2696 675 2765 quidem
686 2698 785 2751 alienis
797 2698 845 2750 ille
857 2697 1005 2766 praestitit.
1036 2696 1153 2751 Suorum

351 2781 419 2819 vero
438 2767 553 2833 clypeos
570 2768 598 2817 in
612 2783 694 2819 sacro
711 2768 756 2820 rel
779 2769 890 2830 publico
906 2770 1037 2837 privatim
1059 2769 1154 2821 dicare

352 2836 458 2905 primus
478 2834 603 2885 instituit
624 2838 668 2894 (ut
688 2833 812 2899 reperio)
823 2839 929 2912 Appius
941 2838 1084 2893 Claudius,
1107 2834 1154 2899 qui

352 2903 450 2957 consul
463 2918 523 2954 cum
536 2902 656 2954 Servilio
669 2901 721 2951 luit
733 2916 805 2952 anrro
817 2899 897 2951 Urbis
911 2901 1027 2952 CCLlX.
1058 2899 1156 2952 Posuit

352 2974 426 3027 enim
438 2973 467 3023 in
478 2971 613 3023 Bellonae
625 2971 695 3023 aede
713 2971 832 3025 maiores
848 2984 915 3020 suos
927 3004 934 3031 ,
955 2969 1116 3037 placuitque
1126 2972 1155 3021 in

352 3043 465 3095 excelso
477 3041 608 3106 spectari,
630 3046 659 3091 et
678 3039 778 3091 titulos
794 3038 930 3093 honorum
942 3039 1007 3107 legi.
1045 3036 1155 3093 Decora

298 3136 301 3141 ·
351 3127 408 3174 res,
428 3109 523 3176 utique
535 3111 559 3161 si
571 3109 722 3160 liberorum
737 3108 860 3173 parvulis
874 3108 1040 3175 imaginibus
1051 3124 1101 3162 ceu
1113 3109 1153 3160 ni-

353 3182 418 3232 dum
429 3177 551 3245 aliquem
570 3177 676 3229 sobolis
693 3178 800 3243 pariter
818 3176 967 3229 ostendatr
986 3177 1082 3244 quales
1093 3179 1154 3247 cly-

350 3265 419 3318 peos
430 3262 511 3300 nerrro
522 3262 577 3298 non
587 3247 713 3315 gaudens
726 3246 876 3313 ferensque
887 3246 1017 3314 adspicit.

386 3321 434 3374 lV.
454 3318 521 3370 Post
539 3333 602 3369 cum
621 3315 815 3379 rasennam,
838 3316 948 3383 collega
964 3319 993 3368 in
1008 3318 1155 3370 consulatu

350 3388 451 3452 Quinti
467 3388 591 3450 Lutatii,
611 3402 665 3439 non
682 3388 710 3439 in
728 3386 849 3439 basilica
863 3386 946 3439 modo
961 3386 1090 3452 Aemilia,
1111 3405 1156 3442 ve·

350 3473 410 3510 rum
423 3465 451 3508 et
463 3456 537 3508 donri
549 3471 616 3507 suae
628 3457 729 3521 posuit,
738 3456 766 3506 id
779 3473 889 3524 quoque
900 3458 1005 3509 Martio
1017 3459 1155 3524 exemplo.

350 3527 444 3579 Sentis
452 3525 536 3587 enim,
556 3524 683 3592 qualibus
693 3526 766 3592 apud
778 3527 893 3580 Troiam
905 3534 1067 3595 pugnatum,
1090 3542 1155 3579 con·

351 3597 514 3648 tinebaatur
535 3593 687 3662 imapn'nes:
708 3596 782 3647 unde
802 3603 942 3648 etnonren
956 3596 1077 3648 habuere
1099 3596 1156 3664 cly-

350 3678 484 3735 peorum3
502 3678 557 3714 non
568 3672 599 3714 ut
610 3679 740 3731 perversa
757 3668 1002 3731 grammaticorum
1014 3664 1155 3718 subtilitas

350 3735 452 3796 noluit,
463 3749 480 3784 a
491 3730 617 3785 eluendo.
654 3733 742 3802 Origo
756 3733 838 3799 plena
848 3736 969 3799 virtutis,
981 3734 1080 3788 iaciens
1093 3733 1155 3786 red·

352 3805 382 3858 di
393 3805 423 3856 in
434 3810 515 3855 scuto
527 3803 678 3868 cuiusque,
699 3803 747 3869 qui
757 3802 844 3853 tuerit
854 3819 917 3855 usus
929 3803 989 3855 ilio.
1023 3802 1110 3855 Poeni
1121 3818 1156 3856 ex

352 3890 422 3927 auro
443 3871 606 3925 factitavere
617 3878 645 3924 et
659 3871 782 3943 clypeos,
803 3880 831 3924 et
842 3872 985 3940 imagines,
1007 3887 1154 3941 secumque

349 3945 378 3997 in
392 3943 490 3996 castris
502 3941 600 3993 tulere.
649 3942 731 3993 Certe
742 3940 832 4007 captis
844 3942 885 3993 eis
896 3941 981 3994 talem
991 3941 1155 3997 Asdrubalis

350 4013 458 4067 invenit
470 4012 600 4070 Marcius,
611 4008 773 4079 Scipionum
783 4011 812 4061 in
825 4011 963 4079 Hispania
974 4011 1062 4063 ultor:
1075 4012 1154 4081 isque

351 4084 468 4152 clypeus
479 4095 565 4148 supra
582 4080 658 4133 iores
674 4080 847 4147 Capitolinae
862 4080 939 4132 aedis
956 4097 1042 4149 usque
1064 4082 1099 4134 ad
1112 4085 1154 4135 ia·

312 4210 318 4215 ,
352 4154 479 4206 cendium
492 4151 609 4218 primurn
622 4150 684 4202 luit.
720 4150 860 4202 Maiarum
873 4149 982 4219 quidem
995 4157 1155 4206 nostrorum

350 4231 433 4277 tanta
443 4221 582 4275 securitas
594 4220 623 4270 ia
634 4236 667 4272 ca
680 4235 710 4272 re
721 4220 883 4283 adnotatur,
894 4229 926 4272 ut
936 4220 969 4273 1..
981 4220 1099 4287 Manlio,
1120 4223 1153 4286 Q.

259 4296 265 4309 '
350 4292 452 4345 Fulvio
464 4293 541 4344 Coss.
553 4305 627 4341 anno
640 4290 723 4343 Urbis
739 4289 878 4353 ooxw,
900 4274 938 4343 ni.
950 4286 1073 4344 Aufidius
1085 4299 1155 4345 tute-

350 4361 397 4414 lae
413 4360 548 4427 Capitolii
563 4357 715 4423 redemtor,
736 4360 863 4413 docuerit
878 4368 981 4429 patres,
1002 4369 1153 4430 argenteos

353 4444 414 4483 esse
426 4430 549 4497 clypeos,
570 4429 617 4496 qui
634 4445 684 4497 pro
702 4430 792 4509 aereis
810 4445 860 4498 per
872 4432 979 4500 aliquot
995 4432 1052 4484 iarn
1065 4432 1154 4484 lustru

351 4498 573 4565 assignabantur.

388 4566 422 4619 V.
441 4567 482 4619 De
494 4568 617 4636 picturae
627 4567 718 4620 initiis
729 4568 846 4632 incerta,
866 4585 916 4623 nec
926 4570 1051 4623 instituti
1062 4570 1153 4638 operis

353 4636 481 4703 quaestio
493 4643 544 4689 est.
580 4638 713 4705 Aegyptii
727 4654 777 4691 sex
793 4639 917 4692 millibus
932 4655 1070 4693 annorum
1080 4640 1153 4706 apud

352 4708 429 4771 ipsos
448 4705 599 4769 inventam,
622 4710 783 4775 priusquam
803 4707 831 4759 in
843 4708 988 4762 Graeciam
1010 4712 1152 4772 transiret,

352 4773 502 4836 affirmant,
514 4789 586 4827 rana
596 4778 815 4842 praedicatione,
825 4783 858 4827 nt
869 4778 961 4845 palam
971 4786 1024 4832 est.
1053 4779 1153 4832 Graeci

352 4850 445 4896 autem
456 4841 504 4897 aiii
520 4842 651 4911 Sicyone,
671 4848 722 4899 alii
738 4846 811 4914 apud
827 4847 989 4902 Corinthios
1005 4856 1153 4918 repertam,

353 4928 450 4966 omnes
470 4912 568 4964 umbra
588 4910 707 4967 hominis
719 4915 801 4967 lineis
822 4918 1021 4973 circumducta.
1056 4920 1154 4988 ltaque

351 4981 437 5035 talem
456 4982 572 5050 primam
584 4980 684 5037 sunsei
715 4985 864 5039 secundam
876 4989 996 5055 singulis
1007 4987 1154 5054 coloribus,

353 5061 383 5105 et
399 5049 647 5105 monochromaton
659 5054 781 5118 dictam,
801 5064 948 5125 postquam
960 5059 1104 5126 operosior
1113 5061 1155 5112 in·

354 5130 440 5175 renta
456 5127 536 5174 erat:
557 5118 694 5190 duratque
709 5126 774 5177 talis
790 5129 876 5179 etiam
893 5144 975 5180 nunc.
1010 5128 1153 5182 lnrentam

352 5191 487 5244 linearem
509 5189 607 5242 dicunt
625 5192 933 5265 aPhiiocleAegyptio‚
953 5197 998 5250 rel
1020 5197 1153 5254 Cleanthe

353 5261 509 5313 Corinthio.
546 5258 634 5313 Primi
648 5276 798 5318 exercuere
810 5266 923 5319 Ardiees
934 5267 1106 5332 Corinthius,
1125 5275 1153 5321 et

354 5328 529 5398 Telephanes
545 5328 703 5397 Sicyonius,
724 5333 785 5386 sine
803 5334 861 5388 ulio
877 5337 1028 5389 etiamnum
1048 5337 1153 5400 colore,

352 5398 410 5450 iam
430 5409 525 5453 tamen
535 5408 698 5467 spargentes
716 5401 805 5455 linens
825 5404 911 5457 intus.
947 5404 1015 5457 ideo
1037 5412 1065 5460 et
1082 5421 1152 5475 quos

351 5471 517 5535 pingerent,
537 5470 698 5523 adscribere
717 5470 883 5525 institutum.
919 5471 1029 5526 Primus
1048 5475 1154 5528 invenit

351 5552 399 5588 aas
409 5539 546 5603 colorare,
558 5547 631 5594 testa
641 5546 685 5605 (nt
696 5540 799 5605 ierunt)
812 5543 888 5605 trita,
902 5541 1089 5608 Cleophantus
1100 5546 1153 5598 Co·

349 5604 477 5658 rinthius.
513 5608 605 5674 Hunc,
625 5614 674 5664 aut
695 5609 792 5664 eodem
813 5609 1152 5677 commendantium,

1203 540 1351 596 reseratum,
1372 531 1520 600 Tarquinii
1543 531 1631 582 Prisci
1653 532 1772 586 Romani
1791 540 1869 606 regis
1892 548 2011 607 patrem,

1202 603 1355 725 {lugientem
1368 599 1530 655 aCorintho
1540 600 1656 653 isiuriss
1667 603 1779 672 Cypseli
1791 604 1924 675 tyranni,
1945 623 2011 664 mox

1223 674 1373 726 ocabimus.

1237 743 1285 798 vi.
1304 743 1362 794 lam
1375 741 1448 794 enin
1464 739 1597 794 absoluta
1611 745 1673 792 erat
1684 742 1793 808 pictura
1808 748 1892 797 etiarn
1912 747 1941 799 ln
1951 748 2011 801 lta·

1203 813 1250 866 lia
1286 812 1408 864 Exstant
1417 818 1493 865 certe
1504 810 1644 878 hodieque
1656 812 1825 879 antiquiores
1836 816 1910 868 Urbe
1919 818 2014 885 picta·

1204 898 1253 936 rae
1265 884 1373 936 Ardeae
1390 880 1551 934 insedibus
1566 882 1664 945 sacris,
1686 883 1784 948 quibus
1801 884 1929 951 equidem
1949 887 2014 940 nul·

1203 954 1247 1006 las
1259 968 1348 1022 aeque
1358 950 1481 1005 demiror
1493 956 1550 1002 tarn
1562 948 1648 1019 longo
1668 965 1737 1004 aero
1749 952 1881 1006 durantes
1892 955 1920 1005 in
1934 956 2012 1010 orbi·

1205 1029 1266 1076 tate
1278 1024 1356 1085 tecti,
1375 1022 1613 1075 relutirecentes.
1651 1018 1790 1075 Similiter
1812 1022 1942 1087 Lanurii,
1963 1027 2011 1079 ubl

1205 1094 1338 1145 Atalanta
1358 1097 1387 1143 et
1397 1092 1506 1144 Helena
1527 1090 1654 1143 cominus
1679 1091 1773 1158 pictae
1788 1099 1852 1144 sunt
1867 1090 1957 1147 nudae
1975 1095 2011 1149 ab

1206 1162 1305 1216 eodem
1318 1161 1436 1225 artitiee,
1458 1168 1576 1227 utreque
1587 1160 1829 1214 excellentissima
1839 1162 1939 1227 forma,
1959 1164 2024 1218 sed‘

1206 1232 1441 1298 alterautrirgo:
1463 1247 1498 1284 ne
1508 1231 1596 1282 ruinis
1614 1231 1727 1298 quidem
1740 1234 2010 1301 templiconcussae.

1206 1303 1289 1354 Caius
1301 1305 1428 1370 princeps
1446 1314 1493 1353 eas
1511 1299 1613 1353 tollere
1629 1308 1748 1354 conatus
1764 1309 1816 1365 est,
1837 1303 1956 1357 libidine
1966 1320 2010 1358 ac·

1207 1388 1315 1435 census,
1335 1371 1358 1423 si
1379 1371 1491 1424 tectorii
1512 1376 1612 1421 natare
1632 1372 1813 1437 permisisset
1849 1371 1961 1425 Durast
1980 1382 2010 1427 et

1206 1443 1303 1505 Caere,
1315 1441 1488 1508 antiquiores
1499 1445 1528 1493 et
1538 1440 1626 1506 ipsae.
1663 1441 1874 1511 Fatebiturque,
1887 1443 2010 1513 quisquis

1206 1526 1255 1565 eas
1266 1512 1414 1580 diligenter
1424 1508 1636 1575 aestimaverit,
1661 1510 1767 1564 nullam
1777 1515 1881 1566 artium
1892 1513 2009 1567 celerius

1207 1586 1435 1644 consummatam,
1457 1595 1519 1634 cunr
1540 1580 1635 1634 iliacis
1654 1582 1826 1649 temporibus
1845 1597 1902 1635 non
1923 1583 2009 1636 luisse

1208 1669 1271 1706 eam
1282 1658 1425 1720 appareat.

1242 1721 1303 1775 vn.
1320 1722 1400 1789 Apud
1417 1720 1557 1772 Romanos
1579 1734 1689 1789 quoque
1710 1718 1799 1773 honos
1817 1726 1927 1775 mature
1944 1721 2008 1776 huic

1207 1794 1262 1844 arti
1274 1793 1402 1860 contigit.
1439 1789 1580 1857 Siquidem
1593 1791 1761 1859 cognomina
1778 1807 1812 1845 ex
1825 1808 1859 1845 ea
1869 1792 2010 1845 Pictorum
2099 1834 2104 1839 .

1208 1870 1355 1914 traxerunt
1364 1861 1444 1913 Fabii
1455 1860 1627 1913 clarissimae
1637 1861 1737 1928 gentis,
1749 1864 1929 1931 princepsque
1940 1865 2010 1924 eius,

1209 1933 1380 2000 cognominis
1394 1931 1464 1996 ipse,
1486 1930 1583 1983 aedem
1604 1929 1711 1983 Salutis
1734 1933 1822 2000 pinsit
1841 1948 1912 1983 anno
1927 1932 2010 1983 Urbis

1209 2001 1340 2054 eorrditse
1352 1999 1464 2053 cccci.
1475 2036 1483 2063 ,
1504 2014 1575 2068 quae
1596 2000 1706 2068 pictura
1717 2001 1827 2054 durant
1838 2001 1872 2053 ad
1884 2007 2010 2052 nostram

1209 2073 1380 2133 memoriam,
1394 2070 1465 2123 aede
1477 2069 1586 2120 Claudii
1599 2071 1756 2137 principatu
1768 2078 1874 2123 exusta.
1909 2069 2008 2121 Praxi·

1208 2155 1252 2192 me
1264 2140 1407 2192 celebrata
1417 2144 1468 2201 est,
1478 2138 1508 2189 ln
1519 2140 1595 2191 Foro
1614 2139 1711 2191 boario
1725 2140 1794 2192 aede
1805 2139 1945 2201 Herculis,
1956 2136 2009 2190 Pa·

1208 2209 1281 2262 curii
1293 2215 1395 2276 poetae
1406 2206 1523 2274 pictura.
1560 2208 1643 2259 Ennii
1652 2224 1750 2261 sorore
1761 2209 1873 2276 genitus
1885 2208 1930 2260 hic
1941 2208 2008 2260 tuit:

1209 2278 1412 2345 clarioremque
1424 2291 1484 2328 eam
1504 2283 1592 2329 artem
1606 2279 1709 2330 Romae
1719 2277 1787 2330 iecit
1796 2277 1891 2344 gioria
1902 2292 2010 2330 scenae.

1207 2347 1309 2401 Postea
1320 2365 1375 2400 non
1388 2353 1430 2399 est
1440 2353 1565 2414 spectata
1576 2345 1699 2399 honestis
1714 2347 1854 2398 manibus:
1866 2347 1922 2399 nisi
1935 2347 2011 2401 forte

1208 2421 1268 2487 quis
1279 2417 1435 2486 Turpilium
1445 2416 1565 2484 equitem
1577 2416 1726 2468 Romanum
1738 2432 1753 2469 e
1764 2417 1884 2472 Venetia
1894 2424 2013 2471 nostrae

1208 2488 1312 2542 aetatis
1323 2488 1392 2539 velit
1402 2485 1517 2549 reterre,
1526 2485 1661 2556 hodieque
1671 2484 1793 2554 pulchris
1804 2486 1865 2538 eius
1876 2487 2012 2554 operibus

1207 2560 1338 2612 Veronae
1352 2557 1538 2610 exstantibus.
1574 2557 1667 2611 Laeva
1682 2558 1708 2609 is
1719 2572 1799 2608 manu
1813 2556 1913 2622 pinxit,
1934 2555 2009 2622 quod

1208 2626 1243 2681 de
1255 2628 1333 2680 nullo
1344 2633 1408 2681 ante
1419 2632 1602 2679 memoratur.
1631 2627 1728 2680 Parsis
1738 2625 1914 2693 gloriabatur
1926 2626 2010 2678 tabel-

1207 2698 1253 2760 lis,
1274 2699 1426 2750 exstinctus
1437 2711 1526 2765 nuper
1535 2696 1562 2747 in
1573 2696 1656 2764 longa
1667 2703 1789 2758 senecta,
1809 2695 1946 2747 Antistius
1956 2695 2009 2746 La·

1207 2769 1262 2819 beo
1273 2768 1440 2834 praetorius,
1461 2767 1547 2818 etiam
1560 2767 1757 2832 proconsulatu
1770 2765 1931 2833 prorinciae
1941 2763 2008 2816 Nar·

1207 2831 1341 2884 bonensis
1353 2830 1471 2883 iunctus.
1509 2834 1565 2883 Sed
1579 2850 1612 2883 es
1629 2850 1674 2886 res
1683 2838 1712 2886 in
1733 2837 1790 2886 risu
1802 2841 1831 2887 et
1842 2833 2009 2885 contumelia

1209 2907 1279 2954 erat.
1314 2898 1381 2951 Fuit
1396 2906 1426 2952 et
1444 2899 1600 2966 principum
1619 2903 1739 2955 virorum
1756 2919 1809 2956 non
1826 2901 2008 2956 omittendum

1209 2971 1244 3024 de
1262 2970 1374 3038 pictura
1389 2967 1501 3022 celebre
1519 2969 1677 3021 consilium.
1715 2971 1767 3033 Qu.
1783 2972 1901 3035 Pedius,
1923 2986 2008 3038 nepos

1209 3042 1261 3105 iia.
1274 3037 1350 3091 Pedii
1372 3038 1526 3090 consularis
1543 3036 1784 3107 triumphalisque,
1804 3057 1823 3093 a
1834 3041 1949 3094 Caesare
1967 3040 2008 3091 dl·

1209 3116 1320 3162 ctatore
1332 3107 1477 3161 coheredis
1488 3111 1614 3175 Augusto
1631 3107 1689 3160 dati
1702 3145 1711 3171 ,
1732 3126 1794 3162 cum
1806 3118 1905 3163 natura
1916 3116 2008 3162 mutus

1209 3186 1292 3241 esset,
1314 3193 1379 3231 eum
1392 3176 1515 3231 Messala
1532 3183 1648 3239 orator,
1669 3194 1704 3230 ex
1720 3179 1798 3230 cuius
1813 3181 1920 3233 inutilia
1931 3178 2009 3247 pueri

1209 3251 1273 3302 aria
1284 3255 1352 3310 erat,
1373 3249 1507 3314 picturam
1525 3245 1679 3299 docendum
1692 3250 1810 3312 censuit,
1831 3252 1913 3320 idque
1924 3250 2009 3303 etiam

1208 3318 1296 3370 Diras
1306 3320 1445 3386 Augustus
1457 3315 1657 3383 comprobarit.
1682 3317 1755 3371 Puer
1765 3321 1856 3387 niagni
1869 3319 2010 3387 proiectus

1208 3388 1238 3440 in
1250 3394 1354 3441 esarte
1370 3387 1448 3440 obiit.
1485 3386 1618 3455 Dignatio
1633 3395 1725 3441 autem
1743 3392 1891 3456 praecipua
1905 3390 2010 3444 Romae

1208 3459 1327 3511 increvit
1348 3461 1390 3522 (ut
1412 3458 1555 3518 existimo)
1577 3472 1594 3508 a
1614 3456 1654 3509 Μ.
1664 3459 1780 3512 Valerio
1793 3460 1869 3512 Max.
1879 3461 2011 3524 Messala,

1209 3529 1256 3595 qui
1268 3529 1395 3594 princeps
1408 3527 1532 3581 tabulam
1544 3527 1671 3593 picturae
1681 3528 1849 3596 proeliique
1862 3527 2010 3596 Carthagi·

1209 3596 1320 3648 aienses
1332 3602 1360 3648 et
1370 3597 1522 3659 Hieronem
1533 3596 1565 3647 in
1582 3595 1680 3650 Sicilia
1701 3597 1851 3661 devicerat,
1863 3598 2010 3666 proposuit

1208 3666 1238 3718 in
1259 3664 1347 3718 latere
1368 3665 1469 3717 Curiae
1491 3666 1641 3729 Hostiliae,
1661 3682 1733 3719 anno
1753 3667 1788 3719 ab
1810 3668 1882 3720 Urbe
1898 3667 2012 3722 condita

1209 3735 1354 3787 CCCCXC.
1389 3734 1468 3787 Fecit
1479 3732 1531 3788 hoc
1540 3735 1612 3789 idem
1624 3744 1652 3790 et
1666 3737 1697 3787 L.
1710 3735 1812 3801 Scipio,
1829 3733 2024 3805 tabulamque'

1208 3804 1343 3855 victoriae
1359 3820 1427 3857 suae
1442 3804 1580 3856 Asiaticae
1597 3806 1624 3856 in
1636 3804 1772 3871 Capitolio
1793 3805 1900 3870 posuit:
1923 3805 2012 3874 idque

1209 3889 1294 3943 aegre
1307 3873 1406 3937 tulisse
1422 3873 1538 3926 fratrem
1555 3872 1711 3926 Africanum
1728 3872 1850 3935 tradunt,
1871 3873 1948 3927 haud
1960 3877 2012 3928 im·

1208 3945 1325 4007 nterito,
1344 3942 1454 4009 quando
1467 3943 1542 3996 lilius
1553 3944 1613 3995 eius
1623 3943 1650 3993 in
1661 3943 1709 3993 illo
1722 3943 1828 4009 proelio
1840 3951 1938 4010 captus
1953 3944 2013 3999 lue·

1208 4020 1262 4067 rat.
1298 4012 1362 4065 Non
1373 4013 1538 4066 dissimilem
1555 4013 1735 4064 offensionem
1750 4019 1778 4064 et
1789 4014 1936 4066 Aemiliani
1946 4014 2011 4067 sub·

1208 4085 1243 4136 iit
1252 4082 1356 4135 Lucius
1366 4083 1506 4135 Hostilius
1516 4083 1671 4147 Mancinus,
1692 4082 1740 4150 qui
1752 4081 1856 4150 primus
1868 4082 2013 4152 Carthagi·

1207 4169 1272 4209 seru
1290 4155 1439 4222 irruperat,
1461 4153 1546 4205 situm
1562 4152 1622 4206 eius
1637 4151 1915 4222 expugnationesque
1934 4153 2010 4221 depi-

1208 4232 1267 4277 ctas
1283 4221 1464 4290 proponendo
1480 4223 1509 4274 in
1525 4221 1548 4273 F
1550 4239 1616 4284 oro,
1637 4224 1736 4290 etipse
1755 4224 1890 4276 assistens
1907 4221 2010 4290 popule

1206 4296 1344 4362 spectanti
1356 4292 1465 4361 singula
1475 4293 1646 4345 enarrandos
1668 4307 1724 4363 qua
1735 4293 1867 4348 comitate
1879 4292 2013 4360 proximis
2038 4342 2055 4361 „

1207 4363 1328 4415 comitiis
1349 4363 1523 4414 consolatum
1545 4362 1664 4430 adeptus
1685 4374 1736 4416 est.
1773 4363 1880 4417 Habuit
1891 4370 1919 4416 et
1928 4377 2012 4415 scena

1206 4433 1282 4485 ludis
1294 4432 1403 4484 Claudii
1413 4430 1526 4484 Pulchri
1538 4446 1676 4499 ,magnam
1696 4433 1908 4487 admirationem
1924 4436 2011 4501 picta·

1206 4518 1264 4586 rae,
1275 4517 1336 4554 cum
1355 4501 1389 4553 ad
1407 4502 1567 4571 tegularum
1580 4501 1794 4556 similitudinem
1812 4505 1890 4557 eorri
1899 4500 2011 4569 decepti

1205 4571 1547 4695 mssiiie'lahlbhilffiiem
1559 4644 1683 4695 extensis
1696 4640 1893 4694 auctoritatem
1905 4639 2011 4694 Romae

1206 4711 1317 4779 publice
1327 4709 1396 4764 lecit
1406 4713 1512 4832 primus
1523 4714 1646 4765 omnium
1660 4711 1764 4763 Lucius
1776 4710 1947 4774 Mummius,
1967 4711 2011 4761 cai

1206 4796 1359 4849 cognomen
1371 4783 1409 4833 Ac
1429 4781 1482 4833 aiei
1503 4782 1624 4834 victoris
1645 4778 1732 4831 dedit.
1767 4776 1892 4843 Namque
1908 4778 2009 4830 cumis

1206 4851 1313 4919 praeda
1323 4850 1467 4902 vendenda
1482 4865 1532 4902 rex
1543 4850 1653 4901 Attalus
1668 4846 1759 4900 sexies
1771 4853 1842 4896 cent.
1852 4849 2011 4901 sestertium

1205 4919 1402 4972 millemisset
1423 4919 1547 4971 tabulam
1569 4918 1716 4977 Aristidae,
1738 4913 1873 4969 Liberum
1893 4928 2011 4986 patrem,

1206 4987 1323 5058 pretium
1341 4986 1467 5050 miratus,
1485 4987 1696 5055 suspicatusque
1713 4985 1822 5053 aliquid
1840 4986 1869 5037 in
1882 5002 1916 5040 ea
1927 4989 2013 5040 virtu·

1206 5061 1253 5122 tis,
1271 5056 1345 5125 quod
1368 5056 1429 5124 ipse
1444 5059 1575 5120 nesciret,
1595 5057 1738 5109 rerocarit
1758 5055 1895 5120 tabulam,
1916 5055 2012 5109 Attalo

1205 5128 1325 5183 muitum
1335 5135 1477 5194 querente,
1486 5135 1514 5180 et
1525 5128 1552 5178 in
1562 5128 1671 5179 Cereris
1680 5124 1796 5179 delubro
1809 5128 1916 5194 posuitr
1928 5140 2011 5193 qoam

1206 5202 1322 5267 primam
1334 5197 1457 5249 arbitror
1467 5196 1602 5262 picturam
1614 5201 1757 5247 externum
1769 5196 1876 5249 Romae
1889 5196 2011 5262 publica·

1207 5276 1275 5320 tam.
1310 5267 1420 5319 Deinde
1431 5264 1512 5317 rideo
1530 5271 1558 5316 et
1576 5268 1605 5317 in
1618 5266 1694 5318 Foro
1706 5268 1814 5332 positas
1825 5266 1917 5331 vulgo.
1938 5265 2011 5315 Hinc

1206 5339 1278 5389 eninr
1289 5336 1337 5388 ille
1347 5334 1439 5387 Crassi
1451 5336 1572 5387 oratoris
1583 5335 1663 5402 lepus
1674 5336 1783 5403 agentis
1795 5336 1845 5386 sub
1854 5332 2012 5396 Veteribus,
2078 5376 2090 5387 .

1207 5421 1267 5457 cum
1284 5405 1363 5458 testis
1378 5404 1561 5472 compellatus
1577 5407 1711 5458 instaret:
1733 5404 1789 5457 Dic
1803 5418 1880 5470 ergo,
1900 5407 2011 5462 Crasse,

1206 5476 1313 5543 qualem
1326 5490 1369 5527 sne
1380 5474 1468 5526 rerisi
1496 5475 1606 5538 Talem,
1616 5475 1719 5543 iuquit,
1731 5473 1879 5527 ostendens
1890 5474 1918 5529 in
1930 5472 2011 5523 ubu-

1206 5546 1235 5597 la
1245 5544 1348 5611 pictum
1359 5543 1550 5598 inficetissime
1563 5546 1675 5599 Gallum
1692 5550 1867 5598 exserentem
1878 5542 1917 5597 lin
1956 5555 2012 5593 am.

1205 5614 1237 5671 ln
1248 5613 1324 5668 Foro
1334 5610 1389 5666 luit
1399 5619 1428 5668 et
1437 5613 1489 5667 illa
1498 5616 1621 5683 pastoris
1631 5612 1707 5669 senis
1717 5628 1779 5668 cum
1790 5610 1900 5677 aemio,
1930 5627 1945 5665 e
1956 5624 2014 5679 qna
