4330 6014
271 334 304 394 e
348 328 502 394 carun
545 330 757 395 succan:
799 296 967 398 aaaron.
1011 340 1200 403 nrsroa
1243 337 1393 400 1.ra.1r.
1437 339 1531 401 car.
1558 341 1693 403 ru-so.
1777 348 1819 410 a:

159 490 218 543 bar.
240 483 365 551 Diraque
375 489 518 551 comperta
528 481 694 553 Aethiopum
704 489 733 536 ct
743 483 866 552 Aegypti
879 498 965 552 popu·

158 558 200 620 lis,
209 555 255 607 cui
265 569 365 607 nomen
375 558 437 609 aevi
448 555 507 606 cius
517 568 567 606 rex
578 553 655 608 dedit
665 550 797 621 Typhon,
810 556 893 622 ignca
902 569 964 623 spe·

156 628 209 697 vcie,
227 641 261 677 ac
273 627 368 692 spirae
377 623 461 676 modo
472 624 588 688 intorta,
608 625 670 676 visu
681 637 791 692 quoque
804 631 893 687 torvo,
913 638 965 675 nec

161 695 242 748 stella
254 696 357 755 verius,
367 707 448 761 quam
461 693 574 760 quidam
583 694 681 763 igneus
693 696 792 746 nodus.
823 692 962 761 Spargan-

160 772 204 817 tur
222 761 375 828 aliquando
396 769 425 813 et
443 763 602 816 errantibus
621 764 720 826 stellis,
742 764 896 830 ceterisque
909 762 962 814 cri·

161 850 215 887 nes.
245 833 299 885 Sed
312 838 436 884 cometes
448 848 585 901 nunquam
603 833 632 883 ia
652 847 786 886 occasura
804 839 883 900 parte
895 832 963 884 caeli

160 910 214 958 est:
232 902 385 956 terrificum
398 916 499 969 magna
510 917 544 954 ex
555 909 634 969 perte
645 903 733 967 sidus,
754 918 787 955 ac
798 917 854 954 aon
865 900 964 955 leniter

178 974 275 1035 iatum,
296 978 329 1023 ut
349 972 426 1023 civili
438 979 514 1023 nrotu
526 971 643 1024 Octavio
654 973 783 1034 Consule,
805 975 963 1039 iterumque

160 989 284 1112 i'ompeii
296 1048 324 1093 et
335 1042 462 1094 Caesari:
473 1041 554 1093 bello.
596 1043 627 1093 ln
637 1048 732 1094 nostro
753 1056 820 1094 vero
832 1055 900 1093 aevo
912 1040 965 1092 cir·

160 1129 191 1166 ea
207 1111 380 1174 venalicium,
399 1126 453 1178 quo
466 1110 598 1163 Claudius
609 1113 711 1163 Caesar
731 1112 877 1178 imperium
897 1110 963 1163 reli·

160 1183 217 1305 quit
228 1183 356 1235 Domitio
367 1180 479 1242 Neroni,
490 1196 522 1232 ac
532 1179 633 1234 deinde
643 1181 800 1248 principatu
811 1182 882 1242 eius,
892 1179 963 1235 sesi-

179 1268 242 1305 uuar
252 1266 340 1319 prope
353 1265 385 1303 ac
395 1265 518 1303 merum.
539 1248 655 1303 Referre
662 1250 843 1312 arbitrantur,
854 1249 882 1300 in
893 1263 964 1317 quas

160 1330 253 1391 partes
263 1337 326 1374 sese
336 1320 482 1382 iaculetur,
490 1327 538 1373 aut
550 1322 628 1372 cuius
638 1320 737 1372 stellae
748 1320 822 1373 vires
834 1319 964 1385 accipiat,

160 1407 282 1461 quasque
294 1390 493 1443 similitudines
505 1390 614 1451 reddat,
630 1396 658 1442 et
667 1389 765 1457 quibus
777 1392 804 1440 in
816 1390 886 1441 locis
896 1389 964 1442 erni·

161 1470 213 1515 cet.
231 1462 375 1514 'tibiarum
387 1461 489 1527 specie,
510 1459 634 1512 musicae
649 1460 704 1509 arti
715 1458 896 1526 portendere:
915 1457 963 1510 ob·

160 1531 270 1586 senonis
288 1537 379 1583 autom
391 1530 524 1593 moribus,
544 1532 572 1581 in
583 1527 710 1582 verendis
732 1529 962 1596 partibussigno·

159 1616 237 1655 rum:
257 1600 376 1669 ingeniis
390 1605 420 1652 et
441 1599 605 1663 eruditioni,
627 1598 827 1667 nitriquetram
846 1598 963 1667 liguram

160 1671 358 1741 quadratamve
375 1669 487 1737 paribus
496 1670 607 1738 angulis
623 1668 659 1720 ad
679 1669 787 1736 aliquos
800 1668 963 1735 perennium

159 1742 305 1794 stellarum
317 1741 387 1791 situs
398 1739 494 1791 edant:
507 1756 613 1805 venena
623 1738 755 1800 fundere,
769 1738 798 1789 in
811 1738 903 1804 capite
921 1752 964 1790 se·

158 1809 365 1880 ptemtrionalis
375 1809 551 1862 austrinaeve
559 1811 706 1877 serpentis.
731 1811 858 1861 Cometes
870 1808 898 1859 in
910 1821 963 1859 uno

157 1882 245 1935 totius
262 1881 340 1932 orbis
362 1880 424 1931 loco
445 1880 583 1931 coliturin
606 1880 711 1946 templo
730 1878 846 1940 Romae,
867 1874 962 1928 admo·

157 1951 222 2003 dum
236 1950 345 2003 faustus
355 1948 426 2000 ilino
437 1950 563 2016 Augusto
573 1949 713 2001 iudicatus
724 1947 758 1998 ab
770 1950 844 2015 ipso:
864 1948 913 2014 qui
925 1948 964 1997 in·

155 2021 278 2088 cipiente
288 2036 332 2082 ec,
353 2018 481 2086 apparuit
491 2018 564 2071 ludis
575 2034 645 2087 qnos
660 2017 782 2070 iaciebat
796 2016 896 2069 Veneri
908 2015 963 2068 Ge·

157 2090 268 2153 netrici,
289 2107 343 2142 nun
356 2090 443 2140 multo
463 2096 527 2155 post
548 2091 654 2141 obitum
677 2089 765 2155 patris
777 2087 916 2149 Caesaris,
935 2084 964 2136 io

157 2160 279 2227 collegio
299 2160 334 2210 ab
345 2172 378 2210 eo
388 2158 528 2210 instituto.
559 2159 685 2225 Namque
697 2156 739 2219 his
750 2158 841 2209 verbis
852 2157 880 2208 id
897 2170 964 2222 gau·

156 2229 235 2281 dium
247 2227 385 2296 prodidit:
406 2227 446 2280 ii:
456 2227 524 2296 ipsi:
538 2229 661 2283 ludorum
679 2244 797 2280 nieorum
810 2226 910 2289 diebus,
928 2224 965 2277 :i-

156 2299 204 2352 re:
227 2299 359 2352 crinitum
375 2306 538 2366 pereeptem
557 2298 614 2350 die:
625 2297 655 2350 in
674 2297 874 2367 regionecaeli,
895 2312 964 2363 quae

155 2369 203 2422 cul
224 2366 459 2437 septemtrionibus
479 2376 529 2431 est,
556 2377 737 2435 conopeorum.
768 2366 802 2419 id
821 2365 963 2418 oriebatur

153 2440 231 2492 cirea
243 2438 410 2492 undecimam
421 2436 517 2489 loram
526 2437 590 2499 diei,
606 2440 763 2504 clarumque
780 2445 807 2488 et
818 2434 938 2487 cornibus
950 2452 964 2487 c

153 2508 240 2562 terrie
261 2525 323 2562 con:
347 2508 433 2561 'mum
446 2506 517 2578 fuit.
540 2504 848 2575 Eoridercaignificari
868 2506 964 2573 vulgus

154 2579 288 2642 credidit,
311 2524 439 2629 viviamo
460 2575 579 2628 animam
599 2576 672 2627 inter
682 2573 803 2626 Deorum
819 2574 962 2624 immorta-

152 2649 224 2701 lium
247 2646 359 2701 numina
370 2652 522 2710 receptam:
543 2662 595 2712 quo
605 2643 712 2696 nomine
722 2642 752 2694 id
763 2641 871 2709 inrigare
880 2642 963 2692 :inru-

152 2719 234 2770 lacro
259 2712 435 2781 capitiarius,
455 2712 527 2778 quod
546 2711 725 2793 ororinsoro
745 2709 966 2771 contemnimur,

151 2786 300 2838 adiectum
312 2790 362 2833 cst.
393 2781 471 2832 Haec
481 2780 528 2832 ille
548 2781 575 2831 in
586 2781 735 2847 publicum,
757 2779 890 2835 interiore
901 2792 967 2844 gau·

142 2855 208 2906 'clio
221 2851 277 2904 sibi
287 2850 366 2902 illum
377 2856 481 2911 natum,
501 2863 585 2916 seque
596 2852 625 2902 in
634 2865 668 2903 eo
679 2848 755 2900 nasci
767 2849 967 2914 interpretatas

153 2929 217 2977 est:
239 2927 276 2984 ct,
297 2920 433 2970 siveram
458 2918 589 2981 latemur,
611 2920 733 2972 salutare
753 2918 782 2969 ld
799 2917 882 2969 terris
903 2915 966 2968 fuit.

122 2996 129 3013 ⁸
155 2992 242 3046 Sunt·
252 2989 301 3056 qui
312 2994 341 3039 et
350 2985 418 3040 haec
435 2986 529 3039 sidera
541 2996 674 3066 perpetua
685 3002 746 3039 esse
757 2986 880 3049 credant,
901 3002 966 3039 suo·

158 3076 213 3129 que
234 3058 343 3110 ambitu
363 3057 412 3118 ire,
432 3056 481 3107 sed
505 3070 559 3107 non
580 3059 634 3109 nisi
650 3057 751 3109 relicta
766 3055 861 3108 aSolc
881 3057 966 3108 cerni.

157 3132 210 3183 lilii
227 3143 307 3190 vern,
327 3129 371 3194 qui
393 3128 469 3177 nesci
487 3122 602 3180 hunrore
622 3127 758 3188 fortuito,
780 3132 809 3177 et
828 3125 912 3193 ignea
929 3128 967 3189 vi,

157 3196 372 3265 ideoquesolvi.

191 3266 295 3322 XXlV.
324 3266 401 3318 idem
417 3263 613 3333 Hipparchus,
632 3259 772 3331 nunquam
789 3264 859 3316 satis
870 3263 966 3316 lauda·

157 3350 214 3401 tus,
237 3345 427 3404 utquoaemo
447 3338 536 3402 magis
557 3335 753 3401 approbaverit
769 3335 966 3402 cognationem

159 3423 219 3461 cum
229 3406 343 3459 homine
354 3403 485 3467 siderum,
496 3405 656 3469 aoinrasque
667 3411 776 3455 nostras
787 3410 894 3470 partem
906 3417 968 3456 osse

158 3477 240 3540 caeli,
259 3489 360 3528 novum
378 3474 488 3527 stellam
500 3481 529 3525 et
539 3473 623 3524 aliam
633 3474 662 3525 in
684 3487 753 3526 aevo
774 3487 825 3524 sno
844 3473 967 3541 genitam

161 3544 359 3616 deprehendit:
382 3545 496 3612 eiusque
508 3550 594 3604 nictu,
614 3543 721 3610 quadie
732 3541 821 3604 fulsit,
842 3542 877 3594 ad
888 3542 968 3594 dubi-

158 3619 295 3670 tationem
312 3621 354 3668 est
365 3613 511 3675 adductus,
536 3628 606 3664 anno
617 3611 670 3664 hoc
681 3611 791 3678 saepius
803 3612 890 3675 lieret,
911 3627 968 3665 mo·

160 3693 347 3753 recenterque
359 3689 388 3735 et
399 3697 457 3743 eae,
481 3697 549 3749 quas
561 3687 690 3748 putamus
701 3680 807 3734 niliaca.
835 3682 968 3749 idemque

160 3772 255 3820 ausus,
269 3770 328 3807 rem
340 3753 423 3806 etiam
435 3752 496 3804 Deo
508 3752 670 3818 improbam,
683 3764 866 3806 annumerare
877 3759 982 3819 poste·v

158 3830 196 3879 ris
213 3823 323 3887 stellas,
343 3837 376 3874 ac
385 3821 480 3874 sidera
489 3821 523 3873 ad
534 3836 634 3873 nomen
654 3835 832 3889 expungere:
853 3821 967 3889 organis

159 3896 339 3963 excogitatis,
359 3907 409 3960 por
419 3907 491 3960 quae
506 3890 677 3958 singularum
689 3893 753 3944 loca
764 3896 848 3958 atque
859 3891 966 3958 magni·

161 3966 272 4017 tudine:
292 3964 432 4030 signaret:
453 3970 484 4013 ut
505 3960 590 4013 facile
613 3961 733 4013 discerni
754 3967 851 4028 posset
869 3976 904 4015 ex
922 3975 966 4023 eo,

161 4051 216 4088 non
228 4032 329 4096 modo,
345 4048 381 4084 an
393 4032 514 4093 obirent,
532 4037 760 4094 nascerenturve,
771 4030 820 4084 sed
830 4046 865 4083 an
878 4034 966 4084 omni·

162 4119 198 4157 ao
212 4104 307 4172 aliqua
318 4101 480 4163 transirent,
493 4108 721 4154 moverentarve:
734 4102 801 4152 item
813 4116 847 4153 an
859 4117 966 4155 cresce·

162 4181 241 4236 rent,
259 4175 513 4238 minuerenturque,
534 4170 612 4224 caelo
633 4174 660 4223 in
681 4169 838 4224 hereditate
858 4172 967 4224 cunctis

165 4244 279 4305 relicto,
292 4244 316 4294 si
327 4244 470 4309 quisquam
481 4277 489 4303 ,
500 4239 545 4308 qui
557 4240 710 4295 cretionem
721 4255 783 4293 earn
794 4249 915 4309 caperet,
925 4244 968 4294 in·

167 4318 267 4363 ventus
277 4320 359 4362 esset.

204 4378 293 4432 XXV.
314 4382 439 4432 limitent
461 4377 586 4442 etlaces,
609 4393 664 4430 non
685 4379 741 4431 nisi
752 4394 814 4430 curn
835 4379 969 4433 decidant

166 4450 260 4500 visae:
282 4448 371 4516 qualis
381 4449 545 4502 Germanico
558 4450 678 4501 Caeam
698 4448 887 4515 gladiatorum
905 4466 967 4518 spo·

164 4519 303 4571 clnculum
313 4519 528 4587 cdcnlepraeter
549 4533 600 4571 ora
612 4517 869 4585 populimerldiano
880 4526 968 4572 trans·

164 4589 296 4641 cucurrit.
321 4589 385 4640 Duo
401 4603 624 4658 gencraearum:
647 4587 789 4654 lampades
801 4596 901 4640 vocent
913 4590 970 4658 pla·

163 4674 198 4712 ne
209 4660 298 4722 iaces,
325 4659 445 4712 alterum
460 4658 579 4720 bolides,
600 4659 682 4728 quale
693 4659 899 4712 Mutinensibus
912 4676 968 4712 nra·

162 4728 198 4780 lis
208 4729 299 4780 visnm
311 4736 363 4780 est.
376 4728 492 4780 Distant
502 4728 578 4796 quod
595 4727 670 4780 iaces
681 4729 805 4795 vestigia
826 4730 912 4797 longa
926 4731 968 4783 ia·

165 4800 251 4862 ciunt,
269 4799 363 4867 priore
374 4800 491 4852 ardente
503 4806 594 4867 parto:
615 4798 687 4850 bolis
699 4814 766 4851 vero
779 4812 914 4867 perpetua
924 4816 969 4854 ar·

165 4868 240 4930 derra,
252 4869 410 4937 longiorem
421 4869 510 4920 trahit
521 4868 647 4922 limitem.

197 4937 299 4992 XXVI.
321 4938 450 4992 Emicant
461 4946 490 4991 et
500 4938 593 4990 trabea
602 4938 686 4990 simili
696 4937 788 5000 modo,
798 4951 867 5004 quas
879 4934 972 4995 discor

166 5016 277 5060 vocant:
301 5009 393 5076 qualis
410 5024 471 5060 cunr
484 5008 698 5061 Lacedaemonii
719 5009 809 5059 classe
818 5007 896 5070 victi,
917 5007 969 5058 in:-

165 5079 271 5144 perium
284 5078 421 5132 Graeciae
432 5079 558 5131 amisere.
589 5079 636 5132 Fit
647 5087 676 5130 et
686 5078 756 5131 caeli
767 5077 854 5146 ipsius
869 5075 971 5141 hiatus,

166 5148 240 5214 quod
250 5156 353 5200 vocant
366 5147 488 5201 chasma.

200 5215 315 5270 xxva.
337 5218 384 5270 Fit
393 5225 422 5272 et
431 5217 584 5285 sanguinea
594 5216 688 5284 specie
698 5211 767 5285 (quo
780 5213 850 5268 nihil
861 5215 972 5269 terribi-

167 5286 223 5338 lius
235 5289 396 5341 mortalium
408 5288 506 5341 timori
518 5291 574 5349 est)
592 5286 758 5350 incendium,
779 5286 815 5338 ad
826 5294 915 5339 terras
926 5300 971 5338 ca·

168 5355 235 5411 (lens
255 5356 335 5411 inde:
361 5361 434 5411 sient
450 5357 625 5427 Olympiadis
647 5357 816 5409 centesimae
835 5357 973 5425 septimae

168 5440 240 5479 anno
252 5428 349 5491 tertio,
361 5443 445 5496 quum
457 5444 505 5483 rex
517 5428 665 5494 Philippus
676 5427 822 5479 Graeciam
835 5432 972 5494 quateret.

166 5498 256 5564 Atque
267 5496 339 5551 haec
347 5512 400 5567 ego
412 5499 494 5550 statis
505 5497 675 5567 temporibus
685 5503 809 5563 naturae,
829 5504 860 5550 ut
872 5504 974 5560 cetera,

165 5566 289 5620 arbitror
299 5571 453 5634 exsistere3
465 5583 528 5629 non,
540 5575 571 5619 ut
581 5567 715 5635 plerique,
730 5568 815 5619 variis
827 5566 862 5620 de
874 5568 974 5630 causis,

166 5648 236 5702 quas
255 5638 434 5709 ingeniorum
454 5653 568 5690 acumen
580 5639 737 5705 excogitem
758 5638 859 5706 quippe
875 5639 973 5708 iagca·

1016 488 1084 540 tium
1106 492 1243 546 malorum
1265 491 1343 544 luere
1363 489 1538 559 praenuntia:
1558 490 1607 542 sed
1620 506 1654 543 ca
1672 492 1820 557 accidisse,

1016 558 1820 695 ilai“lqlrnlilriutll“'lmttultlit‘'

1093 663 1101 690 ,
1486 667 1492 681 .
1808 662 1819 675 .

1016 697 1119 748 cultam
1130 711 1225 749 corum
1237 714 1299 752 esse
1309 701 1456 763 rationem,
1467 699 1587 766 ideoque
1598 714 1653 751 non
1664 735 1672 762 ,
1691 703 1764 754 sicut
1775 718 1820 756 ex·
1875 738 1877 749 ι

1017 774 1096 820 ortus
1105 781 1189 833 supra
1199 765 1305 828 dictos,
1316 767 1495 837 delectusque
1506 776 1535 821 et
1545 770 1632 822 multa
1641 770 1707 834 alia,
1719 774 1806 824 nosci.

1050 834 1180 887 xxviii.
1202 836 1359 888 Coronatur
1369 846 1398 889 et
1419 839 1521 893 stellae
1531 855 1594 892 cum
1607 839 1668 893 sole
1680 841 1748 893 totis
1760 841 1818 894 die-

1016 906 1078 969 bus,
1099 905 1264 974 plerumque
1284 911 1314 955 et
1335 905 1491 960 circasolis
1513 910 1617 975 orbem,
1637 924 1688 965 ceu
1707 912 1820 978 spiceae

1016 989 1149 1028 coronae:
1170 980 1199 1027 et
1214 972 1398 1028 versicolores
1420 976 1538 1043 circili,
1558 981 1677 1046 qualiter
1694 982 1820 1048 Augumo

1018 1048 1137 1098 Caesare
1158 1044 1187 1095 in
1198 1045 1287 1111 prima
1296 1042 1411 1094 iuventa
1420 1043 1521 1097 Urbem
1531 1047 1664 1114 intrante,
1686 1058 1747 1118 post
1759 1051 1818 1102 obi.

1017 1115 1186 1182 tumpatris,
1207 1112 1243 1166 ad
1263 1127 1365 1165 nornen
1382 1114 1479 1179 ingens
1499 1120 1710 1182 capessendum.
1741 1121 1820 1172 Exsi-

1016 1192 1095 1238 stunt
1116 1183 1228 1238 eaedem
1240 1197 1360 1236 coronae
1372 1183 1447 1234 circa
1460 1183 1578 1249 Lunam,
1592 1194 1621 1240 et
1631 1190 1706 1242 circa
1716 1191 1821 1243 nobilia

1017 1263 1103 1323 astra,
1114 1254 1192 1306 caelo
1202 1267 1312 1321 quoque
1322 1251 1504 1305 inhaerentia.

1050 1324 1152 1377 xxix.
1177 1324 1258 1376 Circa
1276 1321 1370 1374 Solem
1392 1336 1473 1375 arcus
1495 1322 1633 1443 apparuit,
1653 1325 1686 1376 L.
1699 1327 1820 1395 Opimio,

1016 1394 1050 1457 Q.
1064 1393 1155 1447 Fabio
1176 1392 1348 1445 consulibus:
1369 1392 1455 1453 orbis,
1476 1392 1509 1443 L.
1553 1392 1637 1454 ertio,
1655 1394 1701 1446 Μ’.
1720 1399 1820 1453 Acilio.

1016 1465 1142 1516 Circulas
1152 1463 1232 1516 rubri
1243 1462 1355 1525 coloris,
1365 1461 1399 1515 1..
1411 1462 1492 1525 lulio,
1503 1459 1533 1512 P.
1543 1460 1650 1512 Rutilio
1661 1476 1735 1516 coss.

1050 1534 1140 1586 XXX.
1169 1532 1255 1584 Fiunt
1275 1531 1435 1600 prodigiosi,
1457 1539 1486 1585 et
1495 1530 1638 1599 longiores
1658 1529 1731 1584 Solis
1744 1534 1819 1587 deie-

1016 1610 1092 1656 ctus:
1111 1602 1204 1671 qualis
1214 1601 1306 1654 occiso
1316 1601 1463 1654 Dimatore
1474 1602 1602 1663 Caesare,
1622 1606 1651 1654 et
1663 1602 1821 1657 Antoniano

1015 1672 1101 1736 bello,
1111 1672 1201 1724 totius
1211 1686 1298 1739 paese
1306 1673 1370 1724 anni
1381 1671 1488 1738 pallore
1500 1669 1643 1724 continuo.

1051 1742 1154 1796 XXXl.
1183 1742 1221 1794 Et
1232 1756 1329 1795 rursus
1350 1741 1446 1809 plures
1457 1740 1537 1794 Soles
1557 1740 1642 1792 simul
1657 1747 1821 1795 cernuntur:

1016 1829 1068 1867 nec
1079 1826 1166 1880 supra
1174 1812 1275 1879 ipsum,
1286 1811 1425 1874 necinira,
1436 1810 1485 1863 sed
1496 1825 1531 1863 ex
1542 1809 1670 1878 obliquo:
1683 1825 1822 1880 nunquam

1017 1886 1104 1945 iuxta,
1115 1896 1166 1934 nec
1178 1888 1278 1934 eontra
1288 1887 1406 1934 terram:
1428 1897 1479 1933 nec
1490 1886 1596 1933 noctu:
1610 1880 1661 1933 sed
1671 1888 1720 1949 aut
1730 1883 1821 1935 orien-

1017 1959 1054 2016 te,
1063 1951 1276 2013 autoecidente.
1292 1950 1384 2004 Semel
1395 1957 1424 2003 et
1434 1950 1550 2003 meridie
1562 1952 1706 2018 conspecti
1715 1953 1742 2003 ia
1754 1952 1823 2004 Bos·

1016 2022 1105 2091 phoro
1125 2021 1300 2089 produntur,
1319 2023 1366 2089 qui
1386 2036 1404 2073 a
1415 2022 1554 2072 matutino
1570 2027 1695 2088 temporo
1706 2021 1822 2075 durave-

1017 2098 1082 2144 runt
1091 2091 1120 2142 in
1131 2106 1268 2143 occmom.
1291 2092 1394 2143 Trinoa
1405 2089 1486 2143 Soles
1502 2092 1611 2157 antiqui
1621 2092 1735 2156 saepius
1745 2091 1822 2143 vide·

1016 2177 1059 2215 re:
1079 2162 1152 2212 sieut
1164 2160 1210 2229 Sp.
1220 2159 1373 2222 Postumio,
1384 2160 1418 2221 (i-
1428 2161 1536 2211 Mucio:
1559 2166 1587 2211 et
1598 2160 1631 2221 Q.
1643 2161 1762 2223 Marcio,
1783 2161 1822 2213 Μ.

1016 2231 1127 2285 Portio:
1154 2231 1371 2292 ethihmonio,
1391 2229 1421 2280 P.
1432 2227 1595 2280 Dolabella:
1617 2238 1645 2280 et
1656 2228 1695 2280 M.
1705 2230 1824 2297 Lepido,

1016 2301 1049 2353 L.
1063 2301 1165 2354 Planco
1181 2314 1256 2353 coss.
1288 2300 1325 2351 iit
1336 2304 1432 2350 nosue
1443 2305 1522 2350 aetas
1533 2297 1604 2351 vidit
1620 2298 1693 2350 Divo
1705 2299 1823 2352 Claudio

1016 2372 1158 2439 principe,
1179 2369 1325 2422 consulatu
1342 2369 1417 2429 eius,
1444 2367 1574 2420 Cornelio
1593 2368 1683 2419 Orfito
1703 2370 1822 2437 collega.

1018 2441 1114 2562 l'luqes
1126 2439 1218 2504 simul,
1238 2453 1319 2506 quara
1329 2445 1397 2501 tres,
1407 2437 1470 2500 visi,
1491 2434 1663 2491 adhocaevi
1684 2453 1823 2507 nunquam

1036 2525 1066 2561 ro
1088 2514 1180 2560 untur.
1798 2537 1799 2541 =

1016 2524 1033 2579 p
1051 2576 1171 2631 ΧΧΧΙΙ.
1192 2576 1289 2627 Lunae
1301 2588 1410 2643 quoquc
1420 2576 1522 2638 trinae,
1535 2579 1566 2625 ut
1578 2575 1627 2626 Cn.
1640 2574 1780 2638 Domitio,
1792 2578 1821 2628 C.

1017 2647 1125 2698 Fannio
1135 2645 1311 2706 Consulibus,
1324 2656 1492 2711 apparuere:
1504 2658 1573 2709 quos
1585 2643 1713 2712 plerique
1725 2645 1820 2712 appel·

1019 2716 1150 2768 laverunt
1160 2714 1240 2765 Soles
1250 2720 1408 2763 nocturnos.

1054 2782 1182 2834 xxxnl.
1206 2781 1313 2833 liumen
1324 2780 1359 2832 de
1367 2778 1448 2832 caelo
1460 2785 1543 2831 noctu
1555 2778 1642 2831 visum
1655 2785 1707 2844 est,
1718 2782 1747 2833 C.
1760 2782 1825 2834 Cae·

1021 2852 1096 2916 cilio,
1107 2854 1155 2904 Cn.
1164 2851 1278 2918 Papirio
1291 2848 1470 2911 Consulibus,
1490 2855 1518 2902 et
1529 2863 1613 2915 saepe
1625 2848 1706 2914 alias,
1726 2859 1758 2902 ut
1768 2851 1825 2904 diei

1019 2924 1126 2990 species
1136 2929 1221 2972 noctu
1232 2921 1347 2972 luceret.

1054 2989 1181 3043 XXXlV.
1205 2988 1327 3056 Clypea:
1339 2987 1440 3039 ardens
1450 2988 1484 3038 ab
1495 3001 1594 3040 occasu
1606 2987 1641 3038 ad
1654 2994 1744 3041 ortum
1755 2990 1824 3041 scin·

1017 3060 1114 3113 tillans
1125 3057 1299 3127 transcurrit,
1309 3056 1385 3110 Solis
1396 3066 1522 3117 occursu,
1540 3057 1574 3109 L.
1587 3054 1711 3121 Valerio,
1724 3060 1754 3109 C.
1765 3059 1825 3111 Ma·

1018 3133 1060 3182 rio
1073 3129 1247 3182 Consulibus.

1053 3197 1168 3252 XXXV.
1191 3195 1349 3249 Scintillam
1361 3210 1376 3247 e
1387 3194 1471 3246 stella
1487 3194 1596 3257 cadere,
1617 3201 1646 3247 et
1658 3196 1754 3264 augeri
1765 3203 1823 3249 tev-

1017 3284 1068 3321 rae
1078 3268 1355 3337 appropinquantem,
1377 3278 1410 3316 ac
1420 3272 1569 3332 postquam
1580 3266 1676 3317 Lunae
1688 3267 1825 3334 magnitu-

1019 3338 1083 3390 dine
1103 3338 1179 3389 iacta
1189 3337 1237 3398 sit,
1259 3335 1387 3387 illuxisse
1398 3349 1449 3387 ceu
1459 3335 1552 3385 nubilo
1562 3332 1623 3396 die:
1645 3333 1709 3385 dein
1723 3350 1783 3386 cam
1794 3337 1824 3388 in

1019 3408 1127 3461 caelum
1140 3424 1170 3458 sc
1191 3407 1337 3472 reciperet,
1359 3402 1516 3470 lampadem
1534 3401 1647 3463 iactam,
1666 3403 1754 3456 cernel
1774 3419 1823 3455 nn·

1038 3493 1101 3528 uam
1111 3476 1245 3543 proditur,
1257 3477 1304 3526 Cn.
1316 3472 1442 3534 Octavio,
1455 3473 1485 3523 C.
1496 3470 1642 3523 Scribonio
1650 3471 1824 3527 Consulibus.

1018 3495 1101 3600 i'idit
1111 3546 1163 3597 hoc
1173 3544 1284 3597 Silanus
1293 3542 1446 3595 Proconsul
1457 3556 1518 3592 cum
1531 3542 1666 3594 comitatu
1679 3557 1738 3594 suo.
1860 3546 1869 3555 “

1053 3612 1181 3668 XXXVI.
1211 3614 1286 3666 Fieri
1306 3612 1437 3665 videntur
1459 3617 1489 3664 et
1510 3609 1652 3664 discursus
1678 3612 1824 3666 stellarum

1019 3700 1156 3753 nonquam
1177 3689 1292 3747 temere,
1312 3688 1345 3734 ut
1361 3695 1415 3734 aon
1433 3695 1468 3734 ex
1487 3696 1520 3737 ea
1535 3688 1617 3750 parte
1637 3689 1729 3736 truces
1749 3683 1824 3736 reati

1021 3759 1189 3809 coorientur.

1053 3822 1193 3876 XXXVH.
1213 3822 1361 3874 Exsistunt
1381 3820 1482 3876 stellae
1503 3829 1532 3876 et
1546 3821 1659 3875 inmari
1676 3819 1823 3887 terrisque.
1846 3817 1850 3823 ’

1019 3894 1087 3947 Vidi
1098 3893 1242 3945 nocturnis
1261 3893 1382 3944 militurn
1402 3894 1430 3944 ri
1451 3892 1517 3955 'liis,
1537 3890 1684 3944 inhaerere
1697 3889 1760 3957 pilis
1772 3903 1823 3956 pro
1904 3948 1912 3958 ι

1019 3964 1095 4017 vallo
1107 3963 1246 4033 fulgorem
1258 3961 1349 4033 effigie
1361 3976 1402 4014 ea.
1448 3963 1471 4014 't
1482 3962 1612 4016 antennis
1623 3960 1824 4025 navigantium,

1019 4035 1136 4101 aliisque
1169 4032 1278 4084 naviam
1290 4033 1428 4100 partibus,
1448 4048 1499 4084 ceu
1510 4032 1603 4084 vocali
1621 4030 1741 4099 quodam
1753 4040 1823 4077 sono

1019 4104 1159 4165 insistunt,
1175 4109 1207 4155 ut
1218 4103 1346 4156 volucres
1357 4101 1450 4153 sedern
1463 4117 1496 4154 ca
1508 4102 1576 4154 sede
1588 4105 1742 4150 mutantes:
1763 4108 1825 4162 gra·

1020 4191 1078 4237 ves,
1089 4190 1149 4225 cum
1162 4172 1306 4224 solitariae
1318 4184 1426 4232 venere,
1436 4174 1648 4238 mergentesque
1660 4163 1785 4244 naqigia:
1796 4170 1825 4216 ot

1020 4245 1044 4296 si
1056 4245 1085 4295 in
1098 4244 1208 4295 carinas
1218 4244 1275 4293 ima
1286 4240 1450 4299 deciderint,
1462 4241 1624 4289 exurentes:
1641 4247 1768 4301 geminae
1779 4248 1826 4285 au·

1020 4321 1076 4366 ten:
1088 4313 1235 4371 salutares,
1253 4317 1283 4360 et
1294 4306 1421 4374 prosperi
1431 4320 1526 4357 cursus
1537 4304 1736 4371 praenuntiae:
1758 4318 1824 4372 qua·

1021 4398 1082 4435 rum
1093 4383 1213 4435 adventu
1224 4376 1319 4443 iugari
1332 4373 1420 4426 diram
1432 4372 1510 4424 illam
1522 4389 1555 4425 ac
1566 4373 1711 4437 minacem,
1732 4373 1826 4441 appel·

1021 4452 1107 4503 latam
1129 4467 1163 4502 ue
1175 4448 1319 4506 Helenam,
1339 4442 1442 4494 ierunt.
1470 4443 1507 4495 Et
1518 4445 1554 4497 ob
1565 4441 1595 4495 id
1616 4443 1725 4497 Polluci
1736 4450 1764 4496 et
1776 4446 1826 4497 Ca·

1021 4521 1093 4572 stori
1103 4468 1130 4572 ii
1145 4531 1245 4569 cumen
1258 4512 1415 4580 assignant:
1434 4526 1536 4583 eosque
1545 4515 1575 4566 ia
1588 4514 1658 4566 mari
1668 4514 1737 4567 deos
1747 4513 1825 4567 invo-

1022 4595 1096 4642 cant.
1132 4586 1284 4639 Hominum
1306 4597 1415 4650 quoque
1434 4586 1527 4653 capita
1547 4585 1716 4654 vespertinis
1739 4582 1825 4645 horis,

1022 4672 1124 4726 magno
1136 4654 1286 4725 praesagio
1297 4650 1520 4725 circumfulgent.
1549 4655 1652 4709 Omnia
1662 4655 1770 4707 incerta
1779 4668 1824 4707 ra·

1022 4729 1110 4790 tione,
1122 4734 1150 4780 et
1161 4724 1189 4777 in
1202 4730 1318 4778 naturae
1328 4724 1474 4779 maiestate
1485 4726 1591 4781 abdita.

1057 4795 1210 4851 xxxviii.
1230 4795 1372 4849 Hactenus
1384 4795 1418 4849 de
1429 4798 1532 4850 mundo
1543 4798 1614 4865 ipso,
1624 4794 1826 4864 sideribusque.

1023 4868 1102 4931 Nunc
1113 4867 1221 4934 reliqua
1232 4864 1302 4919 caeli
1312 4867 1513 4921 memorabilia.
1524 4867 1653 4933 Namque
1663 4871 1692 4918 et
1702 4862 1756 4917 hoc
1766 4874 1826 4918 eae·

1024 4940 1083 4992 lum
1104 4936 1281 5006 appellavere
1291 4937 1421 5000 maiores,
1444 4936 1518 5005 qnod
1539 4936 1595 4988 alio
1613 4935 1724 4987 nomiae
1744 4935 1825 4985 aira:

1024 5025 1106 5064 omne
1141 5006 1196 5059 uod
1207 5007 1282 5058 inani
1294 5006 1396 5068 simile,
1415 5006 1529 5059 sitalem
1540 5003 1613 5056 hunc
1622 5005 1751 5072 spirltum
1762 5001 1825 5054 iun·

1025 5080 1075 5131 dit.
1096 5025 1290 5131 iniraLunam
1301 5076 1369 5129 haec
1379 5073 1470 5137 sedes,
1490 5072 1771 5155 multoqueinierior‚
1783 5074 1828 5134 (ut

1026 5148 1217 5203 animadverto
1228 5143 1428 5215 propemodum
1436 5147 1576 5205 constare)
1588 5144 1727 5195 inlinitum
1739 5154 1774 5192 ox
1783 5151 1828 5189 sa·

1025 5215 1339 5288 periorenaturaae'ris,
1359 5211 1496 5264 inlinitum
1509 5217 1537 5263 ct
1547 5213 1654 5264 terreni
1664 5209 1768 5264 halitus
1778 5203 1829 5284 mi·

1025 5304 1112 5353 scens,
1124 5296 1240 5353 utraque
1249 5290 1326 5335 sorte
1338 5278 1527 5332 contunditur.
1548 5277 1625 5331 Hinc
1635 5278 1742 5334 nubila,
1751 5278 1827 5324 tons·

1025 5366 1098 5423 trun,
1110 5353 1342 5412 etalialuimina.
1371 5343 1614 5412 Hincgrandinea,
1635 5349 1757 5416 pruinae,
1777 5339 1831 5390 im·

1024 5429 1098 5493 brea,
1117 5424 1268 5496 procellae,
1279 5416 1415 5470 turbines.
1444 5412 1520 5461 Hinc
1534 5409 1665 5475 plurime
1673 5405 1834 5460 mortalium
1856 5474 1861 5481 Ι

1025 5497 1108 5561 mala,
1127 5494 1260 5550 etcertum
1280 5490 1400 5559 naturae
1419 5490 1513 5558 pourna
1533 5486 1647 5527 secum.
1672 5475 1840 5609 Teqtrxqqpqqq

1026 5569 1133 5621 caelum
1149 5559 1297 5617 tendentia
1316 5550 1432 5613 deprimi

1736 5610 1844 5664 haiim.

1026 5655 1096 5709 luae
1107 5638 1206 5705 secate
1217 5640 1273 5680 noa
1284 5617 1371 5672 auls
