4374 6014
281 330 313 392 c.
340 329 496 392 rainu
525 326 740 391 secunus
767 329 940 393 aaran
967 329 1161 394 aranon
1187 286 1275 392 aaa.
1296 332 1489 398 xxxvii.
1523 336 1617 397 cnr.
1640 338 1722 402 r-o.
1765 342 1828 403 ara

180 487 346 553 Amymone,
356 482 471 535 iussisse
483 484 637 536 numerari:
666 484 766 535 etcum
780 482 835 537 dno
846 484 925 539 relati
939 501 981 539 es·

181 563 254 616 sent,
273 553 418 604 imminuto
431 555 531 619 pretio,
551 553 624 604 male
643 551 767 606 hercules
784 565 919 618 curatum,
941 555 980 607 di-

180 625 275 675 sisse:
298 621 413 672 multam
432 622 503 672 enim
522 620 679 674 detractum
700 638 827 690 genistae
838 623 978 693 dignitati.

179 693 236 745 Hic
246 689 356 743 ridetur
367 691 538 752 instituisse,
560 696 591 741 ut
606 706 701 745 oannes
713 693 835 745 musicae
848 695 916 745 artis
928 694 979 746 hac

181 774 289 829 quoque
300 759 489 812 ostentatione
500 768 687 823 censerentur,
707 761 793 813 veluti
802 763 980 832 Dionysodo-

180 845 229 882 rus
239 829 365 896 nequalia
376 829 438 881 eius
448 835 476 881 et
489 830 621 891 aemulus,
633 838 665 881 ut
675 831 716 880 sic
727 846 834 900 qaoque
845 848 894 900 par
907 832 980 884 ride·

179 905 266 953 retur.
303 899 424 960 Tertius,
436 897 484 964 qui
496 897 592 950 codem
609 905 735 966 temporo
747 901 802 952 tuit
813 904 886 954 inter
896 902 979 952 nrusi·

180 984 238 1032 cos,
258 966 451 1028 Nicomachus,
461 967 563 1017 multas
574 982 698 1035 geminas
710 968 838 1023 habuisse
850 972 979 1036 traditur,

180 1038 230 1090 sed
242 1035 319 1087 nulla
330 1035 432 1101 peritia
444 1036 560 1087 electas:
574 1045 650 1088 sorte
662 1039 778 1105 quadam
790 1039 833 1091 his
844 1040 979 1107 esearplis

180 1107 262 1165 initio
273 1104 420 1155 voluminis
431 1104 532 1156 oblatis
544 1104 761 1169 strenuitates,
784 1111 829 1175 qai
842 1109 895 1160 sibi
909 1109 979 1162 hauc

180 1174 396 1228 ostentationem
407 1182 553 1242 arrogant,
575 1180 606 1227 ut
622 1177 715 1244 palam
726 1179 765 1229 sit
778 1195 826 1232 eos
838 1179 980 1231 tibicinum

180 1244 273 1312 gloria
283 1251 397 1296 tumere.

215 1314 263 1367 lV.
282 1312 438 1380 Polycratis
460 1328 582 1382 gemma,
602 1330 672 1384 quae
690 1316 905 1381 demonstratur,
925 1318 981 1370 illi·

180 1385 248 1436 bata
267 1383 427 1450 intactaque
444 1388 497 1435 est.
533 1383 668 1439 Ismeniae
688 1394 783 1439 aetate
803 1388 906 1439 multos
919 1395 981 1455 post

180 1465 276 1515 annos,
296 1458 414 1518 apparet
424 1452 512 1520 scalpi
524 1457 607 1507 etiam
619 1457 779 1524 smaragdos
790 1457 899 1509 solitos.
912 1459 981 1507 Con·

180 1522 274 1573 Manat
294 1520 364 1575 hanc
383 1522 498 1574 eandem
519 1526 678 1591 opinionem
699 1527 820 1577 edictum
831 1526 981 1577 Alexandri

178 1590 288 1658 Magni,
309 1605 365 1659 qao
376 1593 465 1644 vetuit
476 1593 502 1643 ln
514 1609 623 1660 gemma
635 1611 665 1646 se
676 1594 710 1644 ab
723 1595 780 1646 alio
792 1596 888 1662 scalpi,
900 1610 980 1662 quam

179 1675 198 1712 a
209 1660 380 1728 Pyrgotele,
400 1677 455 1713 non
468 1661 551 1714 dubie
563 1664 718 1715 clarissimo
731 1664 798 1715 artis
810 1666 877 1716 eius.
914 1665 981 1716 vost

179 1745 242 1783 eum
254 1728 433 1795 Apollonides
445 1736 473 1783 et
485 1732 603 1784 Cronius
620 1734 648 1783 in
661 1734 751 1800 gioria
762 1733 858 1785 tuere:
879 1733 979 1799 quique

177 1798 246 1852 Diri
255 1800 372 1866 Augusti
384 1799 531 1867 imaginem
542 1801 659 1853 similem
672 1804 819 1869 expressit,
839 1817 893 1867 qua
905 1807 979 1867 post·

179 1883 215 1921 eu
225 1868 363 1937 principes
372 1868 529 1935 signabant,
538 1869 730 1922 Dioscorides.
767 1871 847 1923 Sulla
859 1871 981 1919 timiam

177 1937 332 1989 traditione
355 1936 505 2004 lugurthae
525 1954 636 2006 semper
656 1940 790 2005 signarit.
835 1936 886 1985 Est
908 1932 980 1999 apud

179 2012 319 2067 auctores,
333 2012 362 2057 et
374 2006 603 2059 latercatiensem
615 2008 703 2067 illum,
715 2007 793 2057 cuius
807 2012 912 2070 patrem
924 2002 980 2054 Sci·

178 2074 408 2142 piermilianus
420 2089 454 2126 ex
466 2077 664 2142 provocatione
674 2074 980 2140 interiecerat,pugnae

178 2148 242 2198 eius
262 2143 354 2208 effigie
376 2144 515 2207 signasse:
540 2144 655 2210 vulgata
679 2143 793 2195 Stilonis
816 2142 980 2195 Praeconini

178 2213 249 2274 sale,
270 2210 399 2278 quidnam
417 2208 503 2261 tuisse
518 2208 659 2262 iacturum
672 2228 744 2275 eum,
764 2213 788 2264 si
800 2210 893 2279 Scipio
905 2227 922 2262 a
934 2226 981 2277 pa·

178 2289 224 2335 tre
235 2281 293 2333 eius
305 2280 467 2330 interemtus
479 2285 562 2331 esset.
599 2278 687 2330 Divus
697 2282 839 2348 Augustus
850 2285 921 2332 inter
931 2281 981 2331 ini-

178 2352 224 2403 tia
234 2348 355 2417 Sphinge
365 2348 494 2414 signavit.
531 2347 609 2399 Dans
619 2348 648 2399 in
661 2351 759 2400 matris
770 2349 860 2401 anulis
871 2350 926 2400 iam
938 2350 979 2399 in·

179 2421 321 2473 discretae
336 2416 529 2469 similitudinis
546 2417 698 2469 invenerat.
734 2417 829 2470 Altera
846 2433 895 2484 per
906 2418 982 2469 bella

165 2500 168 2504 “
180 2488 286 2553 civilia,
297 2488 413 2539 absente
423 2501 472 2550 eo,
492 2488 571 2538 amici
584 2487 729 2555 signavere
740 2486 871 2552 epistolas
883 2493 911 2538 et
923 2485 980 2538 edi·

180 2565 241 2622 ctu,
264 2571 334 2624 quae
345 2558 418 2608 ratio
430 2564 587 2621 temporam
598 2556 709 2609 nomiae
722 2556 781 2608 eius
792 2555 871 2607 reddi
884 2564 979 2622 postu·

178 2627 269 2688 labat,
289 2641 344 2677 non
355 2624 476 2677 infaceto
489 2626 583 2692 lepore
598 2625 802 2693 accipientiam,
823 2626 981 2693 aenigmata

180 2695 285 2748 afferre
303 2709 364 2746 eam
380 2693 532 2762 sphingem.
568 2695 641 2755 Quin
661 2697 743 2746 edam
756 2693 929 2747 Maecenatis
940 2708 981 2744 ra·

179 2781 228 2827 na,
251 2780 301 2831 per
316 2764 494 2815 collationem
513 2766 690 2830 pecuniarum
709 2766 738 2816 in
754 2779 855 2833 magno
872 2772 980 2817 terrore

180 2841 254 2887 erat.
302 2835 440 2900 Augustus
452 2838 550 2900 postea
561 2832 596 2884 ad
607 2834 737 2885 evitanda
756 2834 881 2887 convicia
891 2831 981 2900 sphin-

178 2904 234 2973 gis,
255 2901 406 2954 Alexandri
416 2902 513 2969 Magni
523 2901 646 2970 imagine
657 2903 786 2970 signarit.

217 2971 250 3024 V.
268 2971 398 3024 Geminas
412 2972 520 3038 plures,
541 2971 614 3038 quod
626 2974 770 3040 peregrine
782 2972 921 3038 appellant
930 2985 980 3023 no·

177 3043 256 3094 mine
267 3040 510 3108 dactyliothecam,
520 3043 626 3108 primus
637 3042 757 3093 omnium
770 3039 866 3093 habuit
878 3042 981 3093 Romae

178 3113 324 3180 privignus
341 3108 435 3164 Sullae
447 3111 575 3164 Scaurus.
613 3111 725 3178 Diuque
745 3111 822 3161 nulla
843 3111 900 3163 alia
918 3108 981 3172 tuit,

178 3181 273 3233 donec
282 3178 559 3249 PonrpeiusMagnas
571 3196 632 3233 eam
644 3196 715 3247 qnae
725 3179 895 3232 Mithridatis
906 3181 982 3246 regis

177 3250 285 3310 tuerat,
305 3249 379 3300 inter
388 3249 461 3301 dona
470 3250 498 3299 in
511 3250 653 3318 Capitolio
665 3250 779 3312 dicaret,
801 3257 831 3300 ut
841 3250 880 3301 M.
892 3248 980 3301 Varro

177 3319 287 3384 aliique
305 3316 429 3373 eiusdem
447 3324 547 3369 aetatis
567 3326 696 3371 auctores
714 3320 887 3381 confirmant,
909 3317 979 3369 mal·

178 3398 243 3440 tum
254 3386 411 3453 praelatam
419 3385 525 3439 Scauri.
561 3389 627 3439 Hoc
640 3388 767 3452 exemplo
780 3392 882 3440 caesar
893 3387 979 3438 dicta·

175 3463 228 3510 tor
247 3470 295 3507 sor
316 3454 537 3522 dactyliothecas
558 3456 586 3507 in
608 3456 677 3509 aede
689 3459 804 3510 Veneris
826 3456 981 3509 Genetricis

178 3526 372 3578 consecrarit:
402 3525 553 3577 Marcellus
564 3526 683 3578 Octauia
693 3526 803 3593 genitus
813 3527 842 3578 in
853 3526 982 3579 Palatina

140 3656 148 3663 Α
174 3593 319 3662 Apollinis
330 3593 401 3645 ceila
418 3610 510 3646 unam.

214 3663 265 3715 Vl.
284 3661 411 3715 Victoria
423 3670 515 3716 tamen
528 3663 579 3716 illa
589 3663 714 3730 Pompeii
734 3666 852 3730 primum
865 3664 983 3718 admar-

174 3733 289 3803 garitas
308 3747 486 3801 gemmasque
504 3748 595 3785 arares
612 3735 771 3786 inclinarit:
793 3739 864 3787 sicut
881 3735 913 3785 1..
925 3733 982 3786 Sci·

174 3802 283 3871 pionis,
304 3810 333 3853 et
345 3804 392 3853 Cn.
406 3802 505 3853 Manlii
517 3802 551 3853 ad
564 3803 702 3854 caelatum
714 3811 869 3870 argentum,
897 3810 925 3854 et
937 3819 981 3855 re·

175 3880 239 3924 stas
251 3872 400 3932 Attalicas,
419 3878 447 3923 et
465 3872 707 3925 tricliniaaecata:
727 3876 799 3924 sicat
812 3874 843 3925 1..
854 3873 980 3924 Mummii

126 3974 135 3983 -
175 3941 215 3994 ad
228 3940 373 3992 Corinthia
382 3945 410 3991 ot
422 3941 531 3992 tabulas
544 3943 640 4007 pictas.
670 3942 699 3994 ld
710 3944 751 3993 uti
765 3943 872 4008 planius
884 3955 980 3994 nosca-

174 4018 235 4071 tur,
255 4009 383 4060 rerbaex
393 4009 460 4073 ipsis
474 4009 599 4075 Ponrpeii
617 4002 904 4076 trinniphorunflacris
915 4009 980 4061 sub·

173 4079 284 4131 liciam.
305 4077 380 4141 Ergo
392 4077 476 4127 tertio
490 4075 639 4142 triumpho,
651 4092 731 4143 quern
743 4080 776 4129 de
789 4080 895 4145 piratis,
907 4080 981 4139 Asia,

173 4150 283 4206 Ponto,
304 4144 487 4211 gentibusque
498 4152 525 4195 et
536 4147 648 4209 regibus
658 4147 687 4195 in
698 4147 817 4211 septimo
830 4148 925 4213 operis
933 4147 982 4197 hu·

171 4219 224 4270 ins
239 4212 376 4264 rolunrine
388 4214 528 4273 indicatis,
547 4213 586 4262 M.
609 4212 721 4275 l'lsonc,
737 4214 777 4264 M.
788 4215 981 4266 Messalaean-

174 4283 300 4342 utilibus,
321 4281 410 4348 pridie
427 4280 546 4333 Kalend.
565 4281 662 4332 Octob.
679 4282 724 4333 die
743 4284 845 4335 natalis
860 4285 903 4335 sai
916 4286 981 4351 egit,

173 4350 327 4408 transtulit
344 4351 451 4402 alveum
469 4366 531 4402 cum
547 4354 660 4401 tesseris
679 4352 814 4403 lusorium
831 4369 846 4404 e
864 4352 981 4420 gemmis

173 4422 291 4478 driabus
311 4419 396 4471 latum
421 4419 504 4485 pedes
526 4428 591 4482 tres,
611 4419 724 4486 longum
747 4419 830 4485 pedes
846 4426 980 4488 quatuor:

172 4500 221 4547 (et
233 4505 269 4542 ne
278 4491 338 4555 quis
350 4489 383 4540 de
394 4503 429 4539 ea
440 4503 470 4539 re
479 4488 687 4549 dubitet,nulla
699 4503 867 4553 gemmarum
880 4491 982 4555 magni·

172 4560 282 4615 tudine
296 4557 379 4608 hodie
390 4571 475 4623 prope
487 4558 521 4608 ad
539 4555 608 4608 hanc
626 4557 836 4627 amplitudinem
848 4558 980 4610 acceden-

172 4640 223 4691 te,
245 4631 273 4680 ia
284 4642 318 4679 ea
327 4626 380 4677 fuit
391 4626 471 4677 Luna
482 4641 567 4678 aurea
585 4625 676 4692 ponde
695 4626 786 4687 XXX)
797 4626 885 4678 lectos
897 4626 982 4678 tricli-

173 4701 275 4753 niares
287 4704 365 4749 trees
380 4709 491 4747 rasaex
507 4709 574 4747 auro
595 4703 624 4746 ot
644 4698 760 4762 gemmis
771 4695 918 4747 abacorum
931 4711 981 4746 no·

173 4782 259 4820 vem:
277 4768 355 4833 signa
367 4779 453 4816 aurea
464 4765 528 4825 tria,
551 4765 702 4827 Minervae,
722 4765 823 4816 Martis
835 4771 863 4817 et
873 4765 980 4831 Apolli-

174 4839 240 4890 nis:
260 4848 378 4886 coronas
398 4849 432 4884 cx
451 4834 611 4902 margaritis
628 4836 747 4900 triginta
767 4841 840 4885 tres:
860 4840 981 4886 montem

175 4919 298 4959 aureum
310 4904 475 4970 quadratum
489 4919 550 4955 cum
562 4903 649 4955 cercis
662 4910 690 4953 ct
702 4903 841 4962 leonibus,
853 4910 881 4954 et
892 4906 981 4970 pomis

174 4973 274 5027 omnis
292 4974 418 5039 generis,
438 4972 608 5024 circumdata
619 4974 674 5022 rite
691 4987 789 5023 aurea:
809 4972 936 5025 Muscam
947 4987 981 5024 ex

173 5044 352 5108 margaritis,
364 5043 393 5092 in
405 5043 482 5094 caius
495 5043 608 5108 fastigio
619 5040 794 5108 horologium
808 5050 876 5094 erat.
914 5042 982 5092 lara·

173 5131 217 5184 go
230 5114 279 5162 Cn.
292 5110 416 5177 Pompeii
429 5127 443 5163 e
456 5113 631 5179 margaritis,
654 5110 704 5163 illa
715 5112 791 5178 regio
804 5110 910 5163 honore
919 5126 981 5178 gra-

173 5193 218 5246 ta,
239 5180 318 5232 illias
335 5179 416 5245 probi
432 5181 489 5231 oris
506 5179 709 5247 venerandique
727 5196 777 5247 per
792 5177 981 5247 cunctasgeri·

172 5262 234 5314 tes,
258 5249 318 5309 illa,
332 5250 453 5313 inquam,
465 5264 499 5301 ex
511 5250 679 5316 margaritis,
689 5250 841 5302 sereritato
852 5252 932 5310 ricta,
952 5254 981 5300 et

172 5320 294 5375 rariore
309 5316 437 5368 luxuriae
451 5318 602 5384 triumpho.
640 5317 769 5370 Proiecto
787 5319 860 5368 inter
881 5318 980 5369 molles

171 5391 260 5443 viros
275 5388 404 5437 durasset
421 5398 571 5450 cognomen
587 5388 640 5437 M,
884 5388 886 5399 '
908 5388 981 5438 toria

170 5452 442 5518 sictriumpbasses.
479 5454 616 5519 Enrarga·
948 5454 980 5504 q,

172 5543 214 5597 gn
230 5539 272 5581 rc,
283 5530 311 5575 et
322 5521 432 5573 sentinis
443 5528 564 5585 reperta,
577 5536 601 5576 (ιι

170 5598 244 5649 hinc
256 5591 317 5645 fleri
329 5598 390 5643 tuos
401 5588 514 5640 vulturi
524 5590 566 5642 sic

1033 500 1068 538 ne
1078 483 1129 536 illa
1139 483 1260 537 similior
1271 486 1311 538 tui
1323 491 1366 540 est
1382 486 1492 556 imago,
1513 502 1595 555 qaam
1606 487 1745 557 Pyrenaei
1754 490 1829 559 iugis

1032 553 1211 622 imposuistil
1246 554 1339 608 Grave
1359 556 1488 623 proiecto
1507 556 1675 626 laedamque
1697 560 1829 626 probrum

1032 631 1095 678 erat
1106 661 1115 687 ,
1136 623 1164 675 ni
1175 623 1267 675 verius
1277 626 1338 677 irae
1350 628 1463 678 deorum
1481 633 1619 678 ostentum
1632 627 1708 680 credi
1719 639 1829 697 oporte·

1032 702 1086 755 ret,
1107 693 1238 761 clareque
1248 695 1371 762 intelligi
1391 702 1495 762 posset,
1515 697 1570 747 iarn
1584 704 1641 747 tum
1652 698 1722 750 illud
1734 706 1828 767 caput,

1032 763 1155 815 Orientis
1177 762 1275 829 opibus
1297 766 1357 815 sine
1382 766 1490 832 reliquo
1512 780 1628 831 corpore
1649 772 1828 821 ostentatum.

1032 834 1133 885 Cetera
1151 831 1289 899 triumphi
1304 832 1426 886 eiusdem
1443 849 1525 902 quarn
1541 834 1647 885 virilia!
1684 835 1826 903 Reipubli-

1032 916 1083 954 cae
1098 908 1126 954 et
1145 902 1357 968 quaestoribus,
1379 906 1425 971 qui
1442 919 1519 955 oram
1532 905 1617 956 maris
1629 902 1828 969 defendissent,

1032 969 1127 1023 datum
1138 971 1213 1023 mille
1229 971 1379 1023 talentum:
1398 972 1536 1025 militibus
1550 973 1668 1041 singulis
1687 989 1754 1025 sena
1766 975 1828 1026 mil·

1031 1040 1069 1093 lia
1078 1040 1247 1092 sestertium.
1284 1041 1517 1094 'l‘olerabiliorem
1535 1050 1627 1095 tamen
1639 1042 1705 1095 lecit
1717 1058 1830 1095 causam

1032 1110 1091 1161 Caii
1102 1109 1244 1176 principis,
1269 1112 1316 1177 qui
1332 1126 1417 1179 super
1428 1112 1522 1162 omnia
1532 1112 1686 1174 muliebria,
1700 1113 1829 1164 socculos

1031 1179 1169 1231 induebat
1186 1195 1201 1232 a
1221 1182 1398 1248 margaritis:
1419 1189 1448 1233 et
1468 1181 1585 1233 Neronis
1605 1181 1757 1248 principis,
1782 1181 1829 1249 qui

1031 1257 1141 1315 sceptra
1153 1253 1180 1300 et
1191 1262 1322 1314 personas
1334 1248 1497 1302 histrionum
1509 1286 1517 1313 ,
1539 1257 1567 1302 et
1576 1250 1681 1302 cubilia
1689 1251 1829 1303 amatoria

1031 1317 1178 1369 unionibus
1193 1321 1381 1371 construebat.
1417 1320 1490 1383 Quin
1505 1321 1589 1373 inimo
1606 1321 1689 1371 etiam
1700 1320 1744 1371 ius
1754 1321 1829 1373 ride·

1032 1401 1095 1438 mur
1105 1386 1260 1453 perdidisse
1271 1388 1439 1456 corripiendi
1450 1396 1590 1456 gemmata
1601 1391 1721 1457 potoria,
1743 1397 1771 1441 et
1781 1404 1828 1441 ra-

1031 1457 1075 1508 aia
1084 1456 1272 1522 supellectilis
1282 1473 1403 1526 genera,
1419 1460 1517 1521 anulos
1528 1465 1713 1511 transeuntes.
1749 1461 1829 1522 Quae

1032 1528 1105 1579 enim
1117 1541 1170 1576 non
1182 1526 1294 1578 luxuria
1305 1529 1482 1579 innocentior
1493 1529 1648 1579 existimari
1660 1528 1768 1595 possiti

1067 1593 1128 1646 vn.
1146 1596 1250 1646 Eadem
1263 1597 1383 1648 victoria
1399 1598 1517 1663 primum
1533 1600 1561 1647 in
1574 1598 1673 1647 Urbem
1686 1596 1830 1648 nrurrhina

1032 1663 1149 1715 inrerit:
1169 1665 1326 1731 primusque
1340 1665 1486 1733 Pompeius
1504 1664 1613 1733 lapides
1631 1671 1659 1717 et
1675 1664 1777 1731 pocula
1794 1681 1829 1719 ex

1033 1749 1066 1785 eo
1079 1732 1218 1799 triumpho
1231 1734 1390 1801 Capitolino
1404 1736 1458 1787 lari
1471 1736 1587 1786 dicarit:
1620 1749 1690 1801 quae
1701 1735 1828 1801 protinus

1033 1800 1067 1853 ad
1080 1799 1219 1852 boniirmm
1232 1819 1310 1848 usum
1328 1808 1481 1865 transiere,
1499 1804 1594 1856 abacis
1607 1806 1690 1855 etiam
1702 1803 1830 1855 escariis·

1033 1867 1170 1931 queraris
1186 1866 1249 1917 inde
1266 1871 1405 1933 expetitis.
1442 1873 1642 1940 lixcrescitque
1657 1873 1684 1919 in
1701 1871 1760 1921 dies
1771 1873 1830 1923 eius

1032 1933 1072 1984 rei
1086 1934 1173 1995 lusus,
1196 1933 1338 1987 nrurrhino
1351 1936 1428 1989 Lxx
1441 1939 1553 1991 talentis
1566 1947 1651 2003 emto,
1662 1940 1758 2005 capaci
1770 1939 1829 2006 pla·

1032 2018 1066 2054 no
1078 2002 1112 2053 ad
1124 2005 1263 2054 sextarios
1279 2012 1336 2056 tres
1349 2006 1444 2057 calice.
1481 2007 1591 2059 Potarit
1610 2023 1644 2059 cx
1659 2024 1692 2060 eo
1704 2015 1767 2058 aate
1779 2006 1831 2057 hos

1032 2087 1119 2125 aanor
1132 2073 1303 2135 consularis,
1325 2073 1360 2125 ob
1373 2089 1494 2126 amorem
1508 2078 1610 2128 abraso
1622 2077 1681 2128 eius
1694 2077 1830 2143 margine,

1032 2149 1164 2194 attamen
1177 2142 1281 2192 iniuria
1291 2142 1341 2193 illa
1352 2144 1470 2210 pretium
1482 2151 1610 2211 augeret:
1630 2152 1771 2211 nequeant
1783 2145 1831 2196 ho·

1032 2213 1078 2263 die
1089 2209 1224 2262 marchisi
1234 2212 1349 2263 alterius
1360 2214 1549 2279 praestantior
1559 2214 1724 2265 indicatura.
1754 2214 1831 2265 ideas

1031 2281 1061 2332 in
1073 2280 1187 2347 reliquis
1197 2280 1304 2346 generis
1315 2283 1375 2333 eius
1385 2290 1518 2349 quantum
1529 2285 1679 2345 roraverit,
1691 2283 1757 2334 licet
1769 2284 1828 2334 exi·

1032 2350 1147 2400 stimare
1160 2363 1193 2399 ex
1205 2349 1393 2412 multitudine,
1415 2367 1485 2419 quae
1496 2359 1574 2404 tanta
1584 2353 1647 2416 fuit,
1662 2359 1693 2404 ut
1703 2351 1830 2404 auferen-

1032 2425 1060 2469 te
1072 2418 1167 2469 liber·is
1179 2417 1240 2469 cius
1250 2418 1362 2470 Nerone
1373 2419 1515 2483 Domitio,
1535 2419 1672 2472 theatrum
1688 2421 1829 2486 peculiare

1033 2493 1110 2538 trans
1127 2486 1251 2537 Tiberim
1266 2483 1355 2538 hortis
1371 2490 1501 2555 exposita
1518 2495 1698 2555 occuparent:
1718 2487 1790 2554 quod
1812 2502 1830 2539 a

1032 2554 1134 2623 populo
1146 2553 1258 2620 impleri
1268 2562 1383 2607 canente
1395 2573 1443 2618 se,
1464 2556 1527 2607 dum
1541 2557 1710 2622 Pompeiano
1722 2555 1830 2622 praelu-

1033 2625 1083 2688 dit,
1095 2627 1179 2677 eriam
1192 2623 1294 2675 Neroni
1305 2625 1375 2675 satis
1387 2632 1461 2677 erat:
1481 2627 1526 2691 qui
1538 2625 1609 2676 ridit
1621 2632 1686 2677 tunc
1696 2640 1828 2677 annume-

1031 2696 1089 2746 rari
1103 2694 1183 2744 unius
1193 2691 1290 2759 scyphi
1303 2692 1391 2746 fracta
1406 2695 1530 2745 membra
1543 2728 1551 2755 ,
1572 2708 1642 2761 quae
1653 2693 1682 2743 ia
1694 2693 1829 2756 dolorem,

1033 2762 1415 2831 credo,seculi‚inridiamque
1426 2762 1564 2825 fortunae,
1572 2770 1701 2830 tanquam
1713 2762 1830 2814 Alexan·

1033 2833 1075 2884 dri
1086 2832 1182 2900 Magni
1194 2841 1306 2898 carpat,
1323 2835 1351 2884 in
1363 2832 1518 2885 conditorio
1530 2834 1647 2894 serrari,
1667 2838 1698 2882 ut
1709 2838 1830 2882 ostenta·

1032 2909 1143 2963 rentur,
1184 2900 1303 2954 lacebat.
1340 2903 1373 2952 T.
1384 2901 1533 2968 Petgpnhsg
1548 2902 1702 2955 consularis
1714 2901 1864 2955 moritu-<l

1033 2987 1087 3033 rus,
1098 2916 1205 3022 inuidia
1215 2971 1334 3022 Neronia
1346 2957 1486 3038 pffihcipis,
1498 2980 1529 3023 at
1541 2987 1663 3024 mensam
1676 2972 1735 3022 eiua
1747 2970 1829 3022 exhe-

1032 3040 1150 3102 redaret,
1171 3039 1284 3092 trullam
1303 3041 1473 3093 marchisam
1494 3044 1627 3093 trecentis
1644 3040 1760 3092 talentis
1773 3054 1829 3090 ern·

1033 3115 1089 3162 tam
1102 3110 1195 3178 fregit.
1232 3108 1287 3163 Sed
1297 3110 1381 3172 Nero,
1403 3120 1434 3163 ut
1448 3126 1498 3177 par
1508 3118 1568 3163 erat
1580 3110 1741 3177 principem,
1761 3108 1831 3159 vicit

1034 3195 1137 3243 omnes,
1159 3179 1291 3231 trecentis
1308 3178 1424 3231 talentis
1446 3181 1570 3245 capidem
1590 3194 1673 3239 anam
1694 3175 1828 3244 parando.

1034 3248 1216 3301 Memoranda
1230 3264 1284 3311 res,
1302 3251 1374 3302 tanti
1387 3250 1586 3315 imperatorem
1597 3255 1762 3315 patremque
1780 3260 1829 3312 pa·

1033 3318 1228 3369 triaebibisse.

1069 3386 1140 3438 Vlll.
1158 3387 1260 3438 Oriens
1274 3386 1415 3440 murrlrina
1432 3391 1528 3440 mittit.
1563 3385 1829 3439 inveniuntareaim

1032 3456 1073 3508 ibi
1083 3456 1111 3505 in
1123 3456 1247 3523 pluribus
1260 3456 1339 3519 locis,
1350 3473 1402 3510 neo
1411 3458 1581 3526 insignibus,
1592 3452 1830 3509 maximel'nrthi·

1034 3526 1057 3577 ci
1070 3528 1160 3593 regni:
1183 3525 1329 3593 praecipue
1339 3530 1432 3580 tamen
1445 3529 1470 3578 in
1482 3526 1641 3578 Carmania.
1677 3525 1830 3574 llunrorear

1034 3602 1133 3663 putant
1143 3595 1193 3646 sub
1213 3603 1288 3647 terra
1300 3595 1393 3648 calore
1409 3596 1526 3648 densari.
1564 3593 1754 3661 Amplitudine
1765 3606 1816 3641 nus

1034 3679 1115 3732 quarn
1136 3678 1234 3731 parvos
1254 3666 1390 3718 excedant
1409 3668 1527 3718 abacos:
1553 3663 1736 3717 crassitudine
1755 3672 1829 3720 raro,

1034 3740 1138 3800 quanta
1152 3734 1255 3784 dictum
1273 3742 1315 3785 est
1326 3733 1387 3787 rasi
1405 3739 1524 3803 potorio.
1562 3729 1698 3798 Splendor
1713 3726 1829 3779 bissina

1033 3804 1146 3862 risibus,
1157 3803 1286 3869 nitorque
1297 3805 1398 3865 rarius,
1410 3821 1490 3872 quam
1503 3800 1644 3867 splendor.
1663 3797 1717 3850 Sed
1729 3798 1756 3848 in
1769 3811 1830 3862 pre·

1034 3873 1073 3923 tio
1083 3873 1203 3924 varietas
1215 3872 1340 3923 colorum
1351 3867 1724 3935 subindecircumagentibus
1735 3881 1764 3916 se
1776 3880 1830 3916 ma·

1035 3940 1102 3992 culis
1113 3942 1141 3992 ia
1154 3955 1302 4008 purpuram
1314 3942 1523 4007 candoremque,
1547 3945 1576 3989 et
1586 3938 1697 3989 tertium
1711 3948 1743 3983 ss
1755 3945 1831 3983 atro·

1034 4009 1291 4085 quejgaescentcm,
1311 4009 1457 4074 celeripes
1474 4008 1621 4060 transitum
1633 4002 1743 4080 coloris,
1764 4015 1829 4080 pur-

1034 4093 1110 4144 pura,
1131 4087 1178 4130 aut
1198 4079 1362 4129 rubescente
1381 4078 1481 4127 lacteo.
1519 4075 1590 4126 Sunt
1605 4073 1650 4137 qui
1665 4082 1785 4118 nitrariae
1803 4082 1829 4115 ¹¹¹

1034 4147 1068 4196 iis
1080 4145 1193 4197 laudent
1203 4145 1404 4205 extremitates,
1417 4153 1444 4194 et
1457 4144 1589 4210 quosdam
1601 4139 1725 4191 colorum
1739 4149 1831 4199 reper-

1035 4228 1139 4273 cussus,
1160 4212 1255 4282 quales
1265 4212 1292 4262 in
1305 4214 1420 4265 caelesti
1429 4226 1494 4262 arcu
1506 4213 1675 4276 spectantur.
1711 4202 1763 4251 llis
1775 4217 1831 4253 aaa·

1035 4283 1118 4334 culae
1129 4282 1245 4346 pingues
1262 4281 1386 4346 placcat:
1410 4279 1581 4331 translucere
1598 4274 1761 4342 quidquam,
1781 4277 1831 4322 Μ

1035 4349 1148 4419 pallere,
1168 4349 1268 4399 ritium
1289 4356 1339 4400 est.
1377 4352 1443 4401 ltem
1458 4349 1543 4409 sales,
1562 4354 1750 4406 verrucaeque
1771 4355 1831 4391 non

1035 4419 1206 4479 eminentes,
1229 4417 1277 4470 sed
1288 4425 1319 4469 ut
1329 4419 1357 4469 ia
1370 4432 1485 4484 corpore
1505 4417 1587 4468 etiam
1600 4412 1759 4478 plerumque
1769 4424 1830 4464 scs·

1034 4491 1110 4541 siles.
1146 4488 1247 4554 Aliqua
1257 4495 1285 4539 et
1296 4486 1323 4538 in
1342 4487 1428 4539 odore
1441 4480 1645 4537 commendatio
1657 4485 1720 4561 est..

1070 4558 1117 4609 tx,
1137 4558 1285 4609 Contraria
1301 4556 1366 4608 huic
1383 4571 1468 4608 eausa
1486 4549 1649 4619 crystallum
1667 4547 1745 4611 taen,
1763 4549 1831 4617 gelu

1035 4626 1239 4679 uehementiore
1249 4631 1387 4678 concreto.
1424 4624 1484 4676 Noa
1495 4621 1582 4672 aliubi
1595 4625 1670 4671 certe
1680 4620 1830 4684 reperitur,

1020 4711 1116 4765 ιιῃιιιιιιι
1135 4696 1182 4747 ubi
1200 4696 1319 4748 marimo
1338 4694 1472 4747 hibernae
1483 4694 1559 4742 nires
1571 4690 1675 4756 rigent:
1695 4687 1828 4754 glaciem·

1035 4781 1087 4832 que
1100 4780 1160 4818 esse
1174 4770 1278 4815 certum
1291 4770 1345 4816 est:
1369 4761 1484 4813 undeet
1497 4775 1595 4812 aenaea
1608 4759 1705 4809 Graeci
1717 4756 1831 4808 dedere.

1035 4836 1134 4886 Oriens
1145 4841 1172 4884 ct
1183 4832 1252 4885 hanc
1262 4833 1366 4892 mittit,
1388 4832 1517 4898 quoniam
1535 4828 1646 4879 ladieae
1663 4826 1739 4877 nulla
1751 4840 1828 4892 prae·

1034 4904 1131 4956 lertnr.
1166 4903 1295 4954 Nascitur
1305 4909 1334 4953 et
1344 4902 1371 4952 in
1385 4902 1460 4963 Asia,
1479 4899 1614 4950 vilissima
1625 4896 1698 4948 cirea
1709 4896 1827 4948 Alaban·

1034 4973 1077 5034 da,
1088 4978 1116 5024 et
1128 4969 1294 5032 Orthosiam,
1305 4970 1483 5036 linitimisqae
1495 4967 1642 5028 arantibus,
1655 4966 1719 5016 item
1734 4967 1759 5015 in
1773 4966 1830 5028 Cy·⁴

1034 5056 1098 5108 pre.v
1127 5037 1181 5091 Sed
1197 5038 1310 5090 laudata
1326 5040 1355 5089 in
1367 5040 1497 5106 Europae
1516 5037 1621 5103 Alpium
1639 5035 1721 5102 iugis.
1759 5031 1826 5082 laba

1033 5114 1130 5163 auctor
1146 5114 1208 5169 est,
1230 5114 1257 5160 et
1273 5109 1300 5158 in
1318 5108 1442 5175 quadam
1453 5102 1546 5159 insirla
1561 5106 1647 5157 liubri
1664 5106 1747 5155 araris
1763 5104 1827 5149 ante

1033 5178 1159 5232 Arabiam
1176 5178 1231 5228 sita
1246 5176 1334 5238 nasci,
1357 5192 1427 5244 quae
1438 5179 1546 5229 Necron
1564 5180 1686 5232 vocetur,
1706 5179 1734 5221 et
1746 5169 1774 5218 in
1786 5182 1828 5226 ea,

1033 5263 1104 5314 quae
1115 5248 1335 5313 iuxtagemmam
1343 5249 1471 5313 topasion
1479 5246 1564 5305 ierat,
1572 5242 1776 5303 cubitalemque
1788 5235 1827 5287 es·

1033 5318 1135 5369 iossam
1147 5330 1164 5364 a
1175 5313 1336 5382 Pythagora
1347 5316 1497 5368 Ptolemaei
1511 5315 1583 5380 regis
1596 5307 1746 5378 praelecto.
1757 5306 1829 5387 ‘Cor-

1032 5387 1121 5438 nelias
1132 5384 1257 5437 Bocchus
1269 5391 1299 5436 et
1308 5386 1335 5435 in
1343 5384 1488 5436 Lusitania
1499 5384 1572 5435 nasci
1586 5390 1716 5446 perquam
1728 5389 1829 5455 narran-

1033 5455 1062 5505 di
1073 5453 1201 5521 ponderis
1213 5455 1419 5514 Ammainsibus
1431 5453 1520 5519 iugis,
1543 5446 1680 5514 depressis
1693 5443 1728 5494 ad
1738 5443 1826 5496 irbru·

1032 5531 1152 5574 mentum
1170 5537 1257 5590 aquae
1275 5523 1375 5590 puteis.
1411 5522 1512 5571 Mirum
1530 5524 1558 5568 et
1569 5513 1642 5582 quod
1657 5512 1828 5565 Xenocrates

1062 5592 1119 5645 adit
1141 5592 1286 5660 Ephesius,
1306 5598 1399 5643 aratra
1422 5589 1525 5639 inAsia
1546 5584 1680 5649 etcypro
1703 5581 1827 5636 excitari.
