4340 6018
102 464 114 483 .-
201 452 207 469 ⁸
306 446 331 487 ἶ

28 496 115 557 23,st
149 496 307 546 ¹:⁰¹2:st

91 580 98 605 i
186 566 203 607 ι’
245 572 251 583 “
290 572 312 611 i.

89 610 164 669 ''il'‘
187 614 219 649 Π
238 603 286 673 ἐμ
309 618 320 649 q

360 314 422 375 134
519 311 550 371 C.
585 309 734 371 PblNll
768 302 980 368 secoro!
1015 297 1182 362 NATUR
1217 297 1412 361 HISTOR.
1447 296 1599 363 mlix.
1633 296 1850 359 canalo.

363 460 536 515 devolavisse
547 461 742 528 iahegyptum
764 452 894 514 tradidit,
915 451 1081 523 Q.Plautio,
1098 450 1161 515 Sex.

361 530 479 596 Papinio
490 533 567 584 coss.
590 530 698 584 Allatus
709 530 752 576 est
763 531 792 575 et
804 524 831 573 in
840 506 1072 583 dissuadendis
1081 516 1162 572 Prin·

362 600 431 668 cipis
441 616 566 662 censura,
577 613 648 649 anno
661 593 847 656 UrbisDCCC,
859 598 888 644 et
898 594 926 641 in
937 594 1049 643 comitio
1060 605 1162 658 propo-

362 669 442 733 situs,
453 670 526 736 quod
538 669 607 719 actis
619 669 750 716 testatum
763 670 825 714 est:
849 661 897 715 sed
909 678 989 731 quem
1001 660 1104 713 falsum
1117 675 1160 712 es-

361 753 393 791 se
404 753 484 790 nenio
495 737 645 788 dubitaret.

398 808 443 858 lll.
455 806 497 855 Ex
508 805 560 865 his,
568 817 636 869 quas
647 801 784 865 norimus,
794 800 904 869 aquilae
915 801 1052 855 maximus
1063 796 1160 862 honos,

362 875 485 927 unanima
505 878 534 925 et
550 872 602 923 ris.
639 870 694 924 Sex
712 886 806 924 earum
822 885 938 938 genera:
959 870 1162 924 Melanaetosa

361 941 476 994 Graecis
487 942 569 1003 dicta,
592 941 743 1006 eademque
754 941 879 1002 Valeria,
900 938 1161 1005 minimamagnitu·

360 1011 431 1072 dine,
441 1010 548 1061 viribus
559 1009 718 1077 praecipua,
730 1008 826 1062 colore
836 1009 990 1076 nigricans:
1011 1009 1074 1061 sola
1085 1008 1162 1075 aqui·

359 1082 447 1133 larum
458 1077 552 1131 foetus
562 1095 628 1131 suos
638 1079 702 1129 alit:
726 1085 847 1142 ceterae,
859 1085 891 1128 ut
899 1080 1034 1142 dicemus,
1046 1079 1160 1146 fugant:

357 1147 491 1202 solariae
503 1149 643 1217 clangore,
662 1148 723 1198 sine
743 1154 972 1203 murmuratione.
1010 1150 1160 1200 Conversa·

357 1226 404 1271 tur
414 1225 506 1271 autem
517 1219 546 1270 in
556 1216 707 1269 montibus.
744 1215 866 1270 Secundi
883 1218 996 1286 generis
1007 1230 1160 1285 pygargus,

356 1289 386 1341 ln
397 1287 507 1355 oppidis
526 1286 661 1339 mansitat
676 1290 705 1336 et
725 1286 755 1337 in
773 1288 889 1352 campis,
909 1287 1051 1339 albicante
1062 1287 1159 1337 cauda.

357 1358 449 1411 Tertii
459 1355 618 1424 morphnos,
638 1370 718 1421 quam
730 1357 870 1408 Homerus
890 1364 918 1408 et
937 1368 1059 1424 percuou
1071 1362 1160 1418 vocat,

356 1427 443 1494 aliqui
455 1433 484 1477 et
517 1427 634 1488 laneum,
647 1430 676 1475 et
687 1425 851 1487 anatoliam,
863 1425 987 1478 secunda
995 1423 1162 1493 magnitudi-

124 1550 131 1561 ,
355 1442 872 1561 neetri=huicqueritacircaiacus.
901 1494 1161 1560 Phemonoahpol-

175 1572 183 1584 ⁸
214 1562 220 1581 ¹
249 1570 283 1577 ”
356 1565 422 1617 linis
433 1564 508 1617 dicta
518 1565 586 1626 lilia,
606 1562 703 1615 dentes
715 1564 811 1616 eiesse
820 1561 954 1631 prodidit,
974 1574 1070 1616 assutae
1080 1564 1161 1625 alias,

358 1636 520 1702 carentique
539 1634 654 1699 lingua:
676 1633 791 1684 eandem
804 1634 960 1701 aquilarum
972 1634 1161 1702 nigerrimam,

356 1704 575 1771 prominentiore
585 1701 684 1754 cauda.
701 1704 847 1757 consentit
858 1703 996 1769 etBoeus.
1017 1703 1160 1771 ingenium

355 1780 399 1827 est
405 1775 440 1837 ei,
452 1774 606 1827 testudines
618 1778 714 1840 raptas
725 1771 856 1840 frangere
867 1768 1003 1827 es'ublimi
1015 1773 1160 1826 iaciendo:

356 1856 498 1911 qaaesors
508 1843 654 1896 interemit
664 1847 777 1909 postam
788 1840 967 1911 Aeschylum,
987 1842 1159 1911 praedictam

356 1912 422 1965 fatis
434 1912 590 1975 (ulferunt)
603 1912 663 1965 eius
671 1910 726 1963 diei
737 1913 847 1962 ruinam
858 1928 957 1965 secura
969 1913 1041 1965 caeli
1053 1912 1106 1963 lide
1117 1927 1161 1964 ca·

355 1987 475 2035 rentem.
512 1981 613 2043 Quarti
634 1980 745 2050 generis
766 1988 809 2032 est
828 1989 1039 2049 percoopterus:
1061 1980 1160 2033 eadem

357 2052 541 2121 oripelargus,
562 2050 706 2101 vulturina
724 2050 826 2118 specie,
846 2051 898 2102 alis
909 2053 1040 2113 minimis,
1051 2051 1161 2117 reliqua

357 2120 547 2189 magnitudine
559 2120 738 2184 antecellens,
755 2119 804 2170 sed
816 2120 939 2173 imbellis
949 2130 978 2173 et
988 2121 1117 2189 degener,
1131 2126 1161 2171 ut

376 2205 439 2242 uam
459 2191 587 2242 verberet
601 2204 709 2241 corvus.
744 2188 849 2242 lisdem
860 2192 970 2244 ieiunae
982 2205 1094 2257 semper
1105 2190 1162 2242 avi-

357 2209 465 2322 ditatis,
477 2266 505 2311 et
514 2259 648 2326 querulae
659 2260 896 2312 murmurationis.
926 2261 994 2313 Sola
1004 2259 1160 2327 aquilarum

357 2331 487 2383 exanima
498 2327 556 2381 fert
566 2342 696 2395 corpora:
718 2337 838 2391 ceterae,
850 2345 912 2381 cum
924 2331 1063 2393 occidere,
1074 2328 1162 2381 consi-

356 2399 434 2451 dunt.
463 2399 541 2449 Haec
552 2397 630 2461 facit,
641 2404 673 2448 ut
684 2397 810 2463 quintum
820 2414 907 2467 genus
918 2396 1024 2464 γνήσιον
1035 2406 1161 2461 nocetur,

356 2467 433 2519 velut
443 2481 549 2529 rerum,
567 2466 713 2529 saltimque
727 2467 907 2528 incorruptae
924 2467 1048 2530 originis,
1068 2468 1161 2516 media

358 2534 558 2603 magnitudine,
570 2533 664 2585 coloro
673 2530 823 2594 subrutilo,
831 2547 924 2584 rorum
935 2537 1096 2598 conspectu.
1112 2532 1161 2585 Su·

357 2612 451 2673 porest
461 2602 626 2665 haliaeetus,
649 2600 804 2652 clarissima
816 2602 961 2653 oculorum
974 2602 1043 2664 acie,
1055 2601 1161 2653 librans

357 2691 392 2729 ex
403 2673 463 2726 alto
474 2689 548 2727 sese:
564 2673 679 2740 visoque
691 2672 719 2721 in
732 2672 804 2723 mari
816 2673 902 2737 pisce,
913 2685 1046 2738 praeceps
1057 2673 1086 2723 in
1098 2686 1160 2723 aum

357 2760 450 2806 ruens,
461 2749 490 2796 et
500 2742 633 2795 discussis
643 2746 758 2807 pectore
768 2741 848 2807 aquis
857 2744 978 2808 rapiens.
1007 2738 1069 2805 llla,
1079 2756 1160 2808 quam

357 2815 470 2867 tertiam
482 2812 607 2873 lecimus,
627 2810 701 2862 circa
711 2815 812 2878 stagna
823 2813 966 2878 aquaticas
979 2826 1043 2863 ares
1053 2811 1161 2878 appetit

356 2889 513 2952 mergentes
525 2897 556 2933 se
568 2879 697 2941 subinde,
717 2878 807 2932 donec
816 2882 924 2948 sopitas
934 2883 1110 2949 lassatasque
1118 2896 1161 2932 ro·

356 2954 424 3020 plat.
462 2950 620 3018 Spectanda
632 2948 785 3011 dimicatio,
795 2965 847 3002 are
859 2952 894 3003 ad
908 2952 1038 3018 perfugia
1048 2951 1160 3001 litorum

312 3069 324 3081 ,
358 3020 499 3082 tendente,
511 3018 633 3069 mamma
644 3018 670 3067 si
680 3015 822 3071 condensa
832 3022 941 3072 arundo
951 3025 1002 3072 sit:
1015 3019 1111 3086 aquila
1121 3035 1161 3069 m·

358 3089 394 3142 de
404 3090 463 3139 ictu
476 3089 604 3155 abigente
615 3086 687 3150 alae,
697 3093 727 3139 et
738 3102 800 3139 cuns
812 3091 965 3158 appetitio
976 3090 1052 3141 lacus
1063 3087 1161 3140 caden-

357 3164 399 3210 te:
421 3158 600 3223 umbramque
617 3172 695 3210 suam
706 3160 786 3212 nanti
800 3161 852 3211 sub
866 3175 936 3227 aqua
946 3174 963 3209 a
974 3158 1059 3209 litore
1070 3162 1160 3208 osten·

358 3227 457 3279 dente:
479 3240 578 3278 rursus
588 3241 639 3279 are
649 3228 678 3278 in
689 3227 810 3294 diverso,
830 3237 859 3281 et
880 3228 928 3280 uhi
939 3227 1051 3279 minime
1061 3241 1092 3277 se
1104 3239 1160 3276 cre·

358 3294 408 3348 dat
428 3297 594 3363 exspectari,
616 3305 782 3367 emergente.
818 3298 900 3350 Haec
913 3311 998 3349 causa
1019 3295 1158 3363 gregatim

359 3366 456 3421 aribus
475 3367 599 3430 natandi,
618 3368 684 3437 quia
704 3369 800 3437 piures
820 3367 905 3419 simul
916 3381 970 3418 non
981 3366 1159 3426 infestantur,

358 3449 487 3502 respersu
507 3450 659 3503 pennarum
675 3437 783 3491 bostem
805 3437 999 3489 obcaecantes.
1025 3434 1113 3500 Saepe
1132 3440 1160 3485 et

358 3505 468 3573 aquilae
486 3505 563 3572 ipsae
583 3522 638 3559 noa
655 3506 810 3559 tolerantes
831 3506 939 3573 pondus
949 3503 1162 3571 apprehensum,

358 3588 414 3649 unp
424 3581 595 3643 merguntur.
614 3577 778 3629 Haliaeetus
789 3582 898 3627 tantum
910 3575 1058 3640 implumes
1067 3573 1162 3624 etiam-

358 3659 421 3695 num
433 3645 527 3711 pullos
539 3660 603 3697 suos
616 3646 782 3711 percutiens,
804 3643 920 3697 subinde
937 3645 1013 3710 cogit
1030 3642 1162 3693 adversos

357 3715 462 3765 intueri
473 3713 546 3767 Solis
556 3713 658 3775 radios,
670 3716 733 3765 etsi
745 3712 936 3765 conniventem
944 3710 1161 3763 humectantem·

357 3799 411 3851 que
423 3782 627 3842 animadvertit,
639 3781 833 3849 praecipitate
844 3783 920 3843 nido,
941 3782 1018 3833 relut
1028 3779 1161 3831 adulteri·

356 3866 421 3903 num
432 3857 515 3919 atque
529 3853 708 3917 degenerem:
732 3849 814 3900 illum
826 3851 905 3901 cuius
916 3851 989 3902 acies
1001 3851 1082 3903 firma
1093 3864 1158 3901 cou-

356 3928 402 3974 tra
412 3921 501 3981 stetit,
507 3917 615 3971 educat.
634 3919 779 3970 Haliaeeti
789 3934 870 3970 suum
882 3935 969 3987 genus
979 3934 1033 3971 non
1045 3918 1160 3981 habent,

356 3990 405 4045 sed
427 4004 463 4041 ex
481 3988 592 4041 diverso
609 3988 764 4055 aquilarum
776 3987 852 4041 coitu
864 3995 1022 4041 nascuntur.
1056 3988 1090 4040 ld
1102 3989 1160 4055 qui·

354 4063 417 4115 dem
430 4058 506 4128 quod
518 4073 552 4111 ex
561 4058 598 4109 iia
607 4063 704 4108 natum
716 4062 767 4120 est,
777 4058 805 4109 io
814 4058 961 4126 ossifragis
970 4073 1057 4126 genus
1068 4057 1160 4122 habet,

356 4131 482 4198 equibus
494 4128 619 4180 vultures
639 4134 859 4195 progenerantur
879 4129 1018 4180 minores:
1041 4127 1159 4180 etesiis

334 4246 344 4265 ,
356 4199 461 4267 magni,
473 4201 519 4268 qui
531 4197 643 4251 omnino
654 4211 712 4249 non
721 4204 864 4265 generant.
891 4195 1010 4259 Quidam
1023 4197 1160 4249 adiiciunt

355 4284 443 4336 genus
453 4271 571 4337 aquilae,
593 4282 674 4336 quam
690 4267 837 4320 barbatam
851 4273 965 4318 vocant:
986 4266 1073 4318 Tusci
1091 4281 1158 4319 vero

359 4336 535 4404 ossifragam.

393 4404 439 4455 lV.
458 4407 560 4459 Tribus
571 4408 676 4474 primis,
698 4412 728 4460 et
738 4409 834 4475 quinto
847 4407 1000 4474 aquilarum
1012 4405 1108 4473 generi
1120 4407 1159 4456 in-

357 4470 1159 4544 aedificaturnidolapisaetites,quennaliquidiaeregan·

357 4542 457 4608 gitemr
467 4540 501 4592 ad
514 4543 603 4594 multa
616 4546 738 4600 remedia
748 4545 912 4607 utilis,nihil
923 4548 988 4614 igne
995 4544 1158 4610 deperdens.

356 4611 410 4661 Est
421 4615 515 4661 autem
533 4610 606 4676 lapis
622 4614 675 4665 late
690 4630 860 4685 praegnans,
880 4616 955 4667 intus
967 4629 1029 4666 cum
1041 4614 1159 4680 quatias,

357 4679 416 4732 alio
427 4678 503 4730 velut
515 4678 542 4729 in
555 4687 636 4731 utero
646 4691 772 4735 sonante.
800 4685 856 4737 Sed
869 4686 911 4736 vis
923 4685 974 4735 illa
985 4682 1095 4735 medica
1103 4697 1158 4732 non

357 4748 411 4799 nisi
424 4747 491 4799 nido
506 4746 632 4811 direptis.
660 4748 811 4804 Nididcant
820 4757 848 4804 in
859 4756 946 4819 petris
957 4759 987 4805 et
997 4750 1157 4804 arboribus:

359 4818 471 4884 pariunt
492 4824 520 4868 et
539 4831 591 4866 ova
611 4822 704 4869 terna:
724 4819 877 4873 excludunt
887 4823 980 4889 pullos
990 4821 1084 4873 binos:
1105 4820 1160 4871 visi

358 4892 425 4937 sunt
444 4892 473 4937 et
494 4890 552 4937 tres
573 4884 737 4953 aliquando.
771 4888 895 4941 Alterum
908 4891 1052 4958 expellunt
1063 4888 1158 4942 taedio

358 4953 508 5007 nutriendi.
545 4953 652 5021 Quippe
661 4971 696 5008 eo
715 4960 842 5022 ternpore
858 4960 926 5025 ipsis
944 4960 1159 5026 cibumnegarit

359 5034 468 5085 natura,
487 5023 658 5090 prospiciens
668 5039 702 5077 ne
713 5025 835 5078 omnium
845 5026 965 5080 ferarum
976 5028 1069 5081 foetus
1081 5043 1159 5095 rape-

359 5100 465 5147 rentur.
500 5094 610 5161 llngues
629 5108 738 5161 quoque
758 5109 853 5147 earum
874 5096 1158 5150 invertuntur-diebus

257 5166 261 5171 ’
357 5163 403 5226 iis,
425 5163 569 5215 albescunt
580 5162 674 5213 inedia
686 5178 804 5229 pennae,
825 5169 856 5215 ut
869 5167 970 5218 merito
986 5176 1158 5233 partussuos

359 5231 479 5286 oderint.
507 5230 562 5285 Sed
574 5233 678 5284 eiectos
689 5233 724 5284 ab
736 5231 780 5285 his
791 5240 938 5301 cognatum
967 5251 1035 5288 enus
1048 5235 1160 5288 naufra-

358 5316 412 5372 gae
423 5300 573 5367 excipiunt,
584 5308 612 5352 et
624 5300 743 5353 educant
754 5316 816 5353 cum
827 5304 894 5355 suis.
957 5318 1035 5357 erum
1046 5305 1158 5358 adultos

358 5385 467 5440 quoque
478 5370 653 5438 persequitur
664 5384 772 5437 parens,
792 5372 914 5439 erlongo
925 5374 1013 5443 lugat,
1033 5374 1158 5426 aemulos

358 5441 468 5495 scilicet
486 5441 609 5507 rapinae.
646 5440 684 5491 Et
699 5440 806 5508 alioqui
829 5455 913 5492 unum
929 5457 982 5508 par
1002 5444 1156 5510 aquilarum

355 5509 1157 5649 cataractae,acerrume

475 5595 504 5631 sn
560 5595 577 5633 e
801 5595 830 5632 sa
1114 5598 1156 5634 ur.

1214 453 1307 521 Rapta
1317 467 1372 505 non
1383 454 1511 520 protinus
1522 450 1625 512 ferunt,
1635 446 1685 500 sed
1695 446 1787 515 primo
1798 447 1952 518 deponunt:
1969 466 2019 505 ex-

1214 530 1364 592 pertaeque
1379 521 1502 590 pondus,
1521 527 1589 571 tunc
1603 518 1714 571 demum
1730 519 1842 571 abeunt.
1877 521 2020 588 oppetunt

1214 609 1269 645 uon
1279 594 1370 657 senio,
1392 606 1441 644 aec
1452 588 1638 657 aegritudine,
1657 586 1706 639 sed
1719 586 1802 651 lame,
1812 589 1841 641 in
1853 596 1963 643 tantum
1972 607 2018 643 su·

1215 664 1511 731 periore'accrescente
1522 663 1627 721 rostro,
1647 665 1679 710 ut
1690 656 1838 711 aduncitas
1850 660 1953 728 aperiri
1965 675 2021 712 non

1215 741 1308 799 queat.
1344 729 1533 784 Ameridiano
1554 733 1648 779 autem
1669 735 1972 798 temporeoperantur,
1992 736 2021 783 st

1214 802 1324 855 rolant:
1342 800 1480 869 prioribus
1491 797 1566 850 horis
1579 797 1645 860 diei,
1656 797 1745 852 donec
1756 800 1923 866 impleantur
1933 797 2019 851 homi·

1214 888 1277 925 aum
1290 878 1425 924 conventu
1438 869 1509 932 fora,
1518 869 1637 936 ignarae
1648 868 1755 921 sedeat.
1778 871 1941 936 Aquilonum
1954 885 2018 936 pen-

1213 956 1265 995 nae
1276 942 1377 994 mixtas
1386 940 1555 1008 reliquarum
1567 937 1666 989 alitum
1678 953 1783 1004 pennas
1794 938 1938 992 devorant.
1970 940 2018 991 Ne·

1214 1018 1283 1077 gant
1302 1025 1421 1077 unquam
1438 1008 1526 1059 solam
1542 1007 1613 1059 hanc
1631 1008 1726 1059 alitem
1742 1007 1859 1061 fulmine
1882 1009 2018 1061 exanima·

1214 1089 1284 1133 tans:
1295 1080 1359 1131 ideo
1372 1079 1540 1146 armigeram
1551 1078 1625 1129 loris
1637 1077 1809 1130 consuetudo
1821 1079 1967 1131 iudicavit.

1249 1148 1283 1200 V.
1302 1150 1435 1201 Romanis
1446 1161 1507 1200 eam
1520 1145 1677 1215 legionibus
1688 1149 1717 1199 C.
1730 1148 1839 1200 Marius
1856 1147 2018 1200 insecundo

1214 1219 1362 1271 consulatu
1373 1231 1424 1269 suo
1437 1219 1550 1284 proprie
1566 1215 1679 1268 dicarit.
1716 1217 1786 1269 Erat
1797 1225 1825 1269 et
1837 1227 1920 1270 antea
1931 1217 2019 1284 prima

1214 1304 1276 1342 cum
1298 1294 1418 1356 quatuor
1433 1286 1510 1338 aliis:
1530 1286 1598 1352 lupi,
1616 1286 1778 1349 minotauri,
1797 1289 1872 1354 equi,
1892 1287 2018 1354 aprique,

1214 1357 1344 1427 singulos
1354 1357 1468 1409 ordines
1478 1357 1629 1407 anteibant.
1667 1356 1767 1409 Paucis
1789 1364 1855 1409 ante
1866 1356 1945 1409 annis
1955 1355 2018 1407 sola

1214 1428 1242 1478 in
1254 1430 1341 1479 aciem
1352 1429 1459 1495 portari
1471 1431 1571 1492 coepta
1582 1431 1656 1477 erat:
1669 1427 1780 1493 reliqua
1790 1429 1815 1477 in
1827 1426 1927 1479 eastris
1935 1425 2019 1478 relia-

1214 1500 1377 1564 quabantur.
1397 1497 1505 1548 Marius
1514 1495 1541 1546 in
1553 1500 1643 1546 totum
1655 1510 1689 1547 ea
1701 1496 1851 1548 abdicavit.
1872 1501 1913 1549 lix
1925 1511 1958 1548 eo
1971 1510 2019 1547 no·

1212 1572 1320 1628 tatum,
1340 1582 1395 1617 noa
1406 1565 1465 1617 fere
1482 1564 1601 1630 legionis
1612 1580 1732 1631 unquam
1745 1565 1907 1618 hibernasse
1917 1572 2019 1626 castra,

1213 1636 1262 1688 ubi
1273 1635 1428 1702 aquilarum
1441 1651 1496 1686 non
1507 1634 1546 1684 sit
1556 1634 1660 1701 iugum.

1248 1705 1342 1758 Primo
1353 1711 1382 1758 et
1393 1705 1513 1756 secundo
1526 1703 1621 1769 generi
1634 1716 1687 1754 non
1696 1704 1829 1755 minorum
1838 1711 2019 1772 tantumque-

1214 1775 1369 1842 drupedum
1382 1773 1544 1840 rapina‚sed
1555 1774 1639 1825 etiam
1652 1774 1807 1826 cumcerris
1819 1773 1934 1840 proelia.
1946 1773 2020 1824 Mul·

1213 1851 1273 1895 tum
1284 1843 1425 1911 pulverem
1436 1844 1563 1895 volutatu
1574 1843 1732 1905 collectum,
1752 1843 1874 1896 insidens
1886 1843 2020 1895 cornibus

1214 1915 1321 1967 excutit
1331 1916 1359 1964 in
1371 1913 1477 1976 oculos,
1498 1911 1596 1980 pennis
1608 1926 1658 1963 ora
1670 1913 1829 1976 verberans,
1840 1913 1929 1965 donec
1939 1926 2020 1978 prae·

1213 1984 1312 2051 cipitet
1324 1986 1352 2035 in
1363 1998 1455 2049 rupes.
1472 1983 1529 2034 Nec
1540 1997 1611 2033 unus
1621 1979 1711 2032 hostis
1723 1982 1766 2033 illi
1778 1984 1848 2033 satis
1859 1990 1915 2034 cst:
1928 1983 2020 2033 acrior

1215 2059 1259 2106 est
1279 2068 1340 2105 cum
1362 2052 1483 2104 dracone
1504 2067 1609 2119 pugna,
1631 2051 1775 2118 multoque
1798 2053 1888 2121 magis
1908 2066 2017 2119 anceps,

1214 2123 1326 2176 etiamsi
1336 2124 1363 2173 in
1374 2124 1448 2174 aere.
1468 2122 1527 2173 Ova
1539 2120 1583 2173 hic
1593 2128 1771 2172 consectatur
1780 2122 1891 2188 aquilae
1903 2120 2019 2173 avidita-

1213 2199 1242 2246 te
1259 2192 1399 2244 malelica:
1420 2199 1449 2242 at
1466 2190 1517 2242 illa
1534 2190 1570 2241 ob
1586 2189 1639 2241 hoc
1653 2192 1728 2257 rapit
1745 2190 1900 2259 ubicunque
1920 2191 2017 2242 nisum.

1214 2262 1265 2315 ille
1278 2261 1425 2328 multiplici
1437 2276 1509 2313 nexu
1522 2259 1582 2313 alas
1593 2259 1673 2328 ligat,
1683 2260 1723 2311 ita
1733 2275 1764 2313 se
1773 2260 1930 2329 implicans,
1940 2267 1972 2311 ut
1983 2257 2020 2310 si·

1214 2333 1272 2385 mul
1283 2331 1402 2383 decidat.

1248 2403 1296 2455 Vl.
1316 2403 1367 2453 Est
1386 2399 1555 2467 percelebris
1576 2399 1648 2464 nprnd
1666 2399 1767 2453 Seston
1789 2402 1885 2454 urbem
1907 2398 2019 2469 aquilae

1213 2471 1318 2535 gloria:
1340 2471 1484 2520 ediscatam
1505 2481 1523 2518 a
1542 2466 1649 2534 virgine
1666 2470 1794 2521 retulisse
1810 2474 1936 2538 gratiam,
1955 2483 2019 2521 ares

1215 2539 1316 2603 primo,
1336 2551 1401 2589 mox
1414 2535 1514 2589 deinde
1525 2543 1642 2588 venatus
1655 2547 1840 2606 aggerentem.
1876 2538 2019 2591 Defuncta

1214 2612 1367 2672 postremo,
1387 2607 1417 2658 in
1427 2621 1526 2673 rogum
1538 2620 1682 2659 accensum
1695 2610 1755 2660 eius
1764 2608 1891 2662 iniecisse
1901 2623 1971 2671 sese,
1988 2613 2019 2660 et

1214 2676 1297 2728 simul
1308 2674 1504 2744 conflagrasse.
1542 2674 1632 2737 onan
1645 2677 1681 2728 ob
1692 2692 1803 2732 causam
1815 2679 1930 2741 incolae,
1941 2676 2017 2745 quod

1213 2753 1316 2798 nocant
1327 2748 1460 2808 Heroum,
1480 2745 1507 2794 in
1519 2760 1552 2797 eo
1564 2746 1628 2800 loco
1641 2745 1742 2811 fecere,
1761 2748 1932 2814 appellatum
1942 2747 2016 2799 loris

1213 2821 1242 2867 ct
1253 2816 1377 2883 virginis,
1388 2817 1516 2882 quoniam
1527 2815 1571 2866 illi
1581 2816 1634 2870 deo
1647 2817 1705 2869 ales
1716 2819 1890 2869 adscribitur.

1249 2886 1308 2938 Vll.
1328 2884 1475 2938 vulturum
1488 2887 1651 2949 praevalent
1661 2888 1742 2953 nigri.
1763 2886 1850 2938 Nidus
1861 2899 1942 2939 nemo
1952 2882 2018 2936 atti·

1212 2954 1266 3020 git:
1287 2953 1351 3003 idco
1363 2954 1446 3004 etiam
1459 2952 1550 3015 fuere,
1571 2956 1617 3020 qui
1630 2962 1758 3018 putarent
1775 2955 1839 3005 illos
1852 2970 1886 3006 ex
1899 2955 2017 3008 adverso

1212 3022 1281 3073 orbe
1294 3020 1435 3082 advolare,
1446 3020 1532 3070 falso:
1544 3022 1686 3072 nidificant
1697 3023 1769 3072 enim
1781 3022 1809 3072 in
1820 3023 2018 3075 excelsissimis

1211 3090 1335 3155 rupibus.
1370 3090 1474 3140 Foetus
1485 3088 1595 3153 quidem
1607 3104 1690 3155 saepe
1701 3099 1857 3151 cernuntur,
1875 3089 1936 3142 lere
1947 3092 2017 3145 bini.

1211 3158 1366 3209 Umbricius
1385 3157 1547 3224 hruspicunr
1567 3158 1596 3208 in
1615 3166 1710 3210 nostro
1730 3174 1798 3212 aero
1819 3158 2018 3225 peritissimus,

1213 3241 1310 3296 parere
1330 3225 1417 3278 tradit
1433 3241 1486 3278 ora
1502 3226 1650 3280 tredecim:
1673 3242 1727 3279 uno
1743 3244 1778 3280 ex
1797 3229 1831 3279 iis
1844 3228 1952 3297 reliqua
1964 3244 2017 3282 ora

1214 3297 1366 3364 nidumque
1377 3295 1508 3359 lustrare,
1519 3311 1583 3348 mox
1595 3297 1724 3350 abiicere.
1746 3297 1853 3351 Triduo
1867 3306 1961 3351 autem
1968 3313 2017 3351 aa·

1213 3373 1261 3419 tea
1270 3366 1365 3418 volare
1376 3380 1434 3429 eos,
1445 3367 1493 3418 ubi
1503 3366 1637 3419 cadavera
1649 3366 1744 3419 lutura
1754 3373 1827 3420 sunt.

1247 3435 1317 3488 Vlll.
1337 3435 1502 3502 Sanqualern
1515 3452 1603 3498 arem,
1614 3444 1697 3504 atque
1709 3436 1910 3498 inrarussulum,
1925 3438 2016 3504 Augu·

1212 3519 1258 3558 res
1269 3506 1387 3556 Romani
1398 3506 1427 3556 in
1438 3520 1539 3573 magna
1551 3508 1714 3573 quaestione
1726 3506 1836 3557 habent.
1868 3506 2017 3557 immussu-

1212 3576 1269 3627 lum
1279 3574 1365 3640 aliqui
1376 3573 1494 3626 vulturis
1505 3575 1611 3641 pullum
1630 3577 1804 3627 arbitrantur
1814 3590 1889 3637 esse,
1912 3581 1940 3627 et
1951 3589 2016 3626 san·

1213 3644 1322 3710 qualem
1333 3642 1499 3710 ossifragae.
1512 3645 1667 3695 Massurius
1675 3645 1836 3711 sanqualem
1846 3642 2014 3711 ossifragus:

1212 3727 1273 3765 esse
1284 3711 1361 3771 dicit,
1373 3712 1563 3763 immussulum
1575 3720 1666 3763 autern
1679 3713 1783 3779 pullum
1795 3713 1916 3780 aquilae,
1928 3713 2015 3779 prius·

1211 3796 1292 3849 quam
1303 3779 1404 3832 albicet
1412 3781 1509 3832 cauda.
1542 3781 1659 3843 Quidam
1672 3790 1734 3848 post
1743 3783 1862 3834 Matium
1873 3783 2016 3849 Augurem

1210 3851 1287 3901 risos
1302 3864 1355 3900 non
1372 3865 1434 3901 esse
1444 3851 1549 3903 Romae
1563 3851 1772 3904 confirmarem:
1791 3866 1843 3919 ego
1859 3851 1944 3918 (quod
1954 3850 2015 3902 reri

1210 3920 1343 3981 similius)
1362 3917 1391 3969 ia
1419 3916 1527 3971 desidia
1551 3934 1644 3973 rerum
1670 3925 1792 3973 omnium
1813 3937 1868 3974 aon
1890 3921 2015 3974 arbitror

1211 4006 1228 4041 a
1249 3990 1335 4043 tritos.

1229 4006 1292 4111 ἕΙΧ.
1311 4058 1481 4127 accipitrum
1491 4075 1593 4130 genera
1602 4061 1724 4114 sedecim
1734 4060 1900 4115 invenimus.
1927 4059 2014 4112 liniis

1210 4128 1354 4198 aegithum
1366 4129 1494 4181 claudum
1511 4131 1600 4183 altero
1619 4130 1691 4198 pede
1707 4132 1887 4198 prosperrimi
1902 4129 2014 4197 augurii

1210 4199 1382 4266 nuptialibus
1394 4201 1514 4267 negotiis
1524 4208 1553 4253 et
1575 4203 1723 4267 pecuariae
1735 4202 1784 4257 rei.
1820 4199 1983 4253 Triorchem
1996 4214 2014 4251 a

1210 4283 1326 4320 numero
1346 4269 1468 4329 testium,
1490 4270 1533 4320 cui
1555 4271 1741 4338 principatum
1757 4273 1784 4322 iu
1801 4270 1924 4341 auguriis
1943 4267 2012 4321 Phe·

1211 4341 1312 4390 monoli
1324 4338 1415 4389 dedit:
1437 4340 1583 4393 buteonem
1596 4339 1669 4392 hunc
1679 4341 1823 4408 appellant
1835 4340 1959 4399 Romani,
1975 4337 2015 4389 fa·

1210 4408 1288 4460 milia
1298 4407 1383 4460 etiam
1396 4423 1429 4460 ex
1444 4425 1477 4461 eo
1488 4415 1693 4476 cognominata,
1707 4425 1769 4463 cum
1782 4424 1916 4476 prospero
1925 4407 2015 4475 auspi·

1210 4478 1253 4530 cio
1274 4479 1302 4528 in
1319 4478 1397 4529 ducis
1415 4479 1478 4530 nari
1494 4481 1622 4532 sedisset.
1659 4480 1785 4546 Epileum
1797 4478 2015 4537 Graecivocant,

1209 4547 1256 4614 qui
1266 4547 1424 4599 solusomni
1435 4554 1694 4615 temporeapparet:
1707 4547 1792 4601 ceteri
1804 4543 2013 4598 hiemeabeunt.

1210 4617 1363 4668 Distinctio
1379 4632 1511 4684 generum
1529 4633 1564 4669 ex
1578 4617 1724 4668 ariditate.
1759 4612 1816 4664 atii
1831 4625 1887 4661 non
1908 4613 1962 4663 nisi
1979 4629 2013 4667 et

1210 4693 1286 4737 terra
1296 4688 1407 4753 rapiunt
1418 4701 1511 4736 arem:
1533 4685 1581 4736 alil
1592 4700 1645 4735 non
1666 4685 1718 4733 uisi
1731 4685 1804 4733 circa
1815 4679 1932 4733 arbores
1942 4684 2013 4734 soli.

1210 4762 1329 4807 tantem:
1341 4754 1390 4804 alii
1400 4753 1543 4806 sedentem
1556 4754 1583 4803 in
1594 4753 1720 4804 sublimi:
1735 4751 1821 4817 aliqui
1831 4749 1973 4803 volantem
1984 4753 2014 4807 in

1209 4830 1316 4890 aperto.
1355 4824 1450 4888 ltaque
1468 4828 1497 4873 et
1514 4822 1658 4873 columbae
1674 4835 1822 4873 novercas
1833 4820 1869 4871 iis
1880 4821 2013 4887 pericula,

1209 4893 1323 4958 visoque
1344 4891 1502 4951 considunt,
1524 4891 1569 4943 rel
1589 4890 1745 4953 subvolant,
1766 4896 1865 4943 contra
1885 4896 2012 4942 naturam

1209 4964 1268 5012 eius
1280 4959 1449 5012 auxiliantes
1460 4960 1523 5013 sibi.
1536 4961 1565 5012 ln
1576 4958 1784 5012 insularlh‘icae
1797 4960 1886 5011 Cerne
1896 4958 1926 5010 in
1934 4973 2013 5011 ocea-

1209 5044 1245 5081 no
1266 5029 1411 5095 accipitres
1433 5033 1520 5081 totius
1542 5029 1731 5096 Masaesyliae
1752 5028 1829 5082 humi
1844 5028 2013 5083 laetificant:

1209 5114 1259 5150 nec
1271 5098 1339 5150 alibi
1352 5105 1512 5160 nascuntur,
1524 5098 1581 5150 illis
1590 5100 1698 5151 assueti
1708 5099 1846 5167 gentibus.

1245 5169 1279 5220 x.
1299 5169 1329 5220 lu
1340 5167 1477 5220 Thraciae
1493 5173 1571 5233 parts
1586 5183 1669 5235 super
1683 5168 1870 5236 Amphipolim
1883 5167 2012 5225 homines

1210 5243 1295 5305 atque
1311 5237 1458 5303 accipitres
1473 5239 1607 5289 societate
1624 5237 1743 5304 quadam
1754 5243 1936 5305 aucupantur.
1972 5236 2012 5288 iil

1209 5306 1335 5358 exsiliis
1353 5312 1381 5358 et
1393 5305 1567 5358 aruitdinetis
1584 5308 1707 5359 excitant
1724 5324 1803 5361 ares:
1825 5308 1867 5359 illi
1879 5319 2014 5373 superro-

1209 5376 1300 5428 lantes
1316 5374 1484 5440 deprimunt.
1522 5376 1628 5428 Rursus
1641 5385 1738 5446 captas
1754 5392 1876 5445 aucupes
1887 5374 2015 5427 dividunt

1209 5459 1272 5497 cum
1283 5445 1329 5497 iis.
1366 5444 1514 5496 Traditum
1527 5452 1579 5507 est,
1594 5448 1694 5499 missas
1705 5448 1733 5500 ia
1743 5448 1863 5500 sublime
1872 5445 1926 5497 sibi
1935 5444 2012 5497 exci·

1209 5529 1346 5582 peresos:
1369 5519 1399 5565 et
1419 5528 1481 5566 cum
1497 5520 1606 5582 tempos
1622 5516 1660 5569 sit
1672 5525 1816 5585 capturae,
1837 5514 2014 5580 clangerent

1207 5584 1320 5637 volatus
1329 5597 1433 5652 genere
1444 5584 1564 5638 invitare
1575 5586 1610 5638 ad
1621 5592 1805 5640 occasionem.
1820 5582 1916 5636 Simile
1928 5581 2012 5649 quid·
