4374 6014
353 297 417 359 350
466 294 497 354 C.
533 289 684 351 PLlNIl
719 285 923 348 SECUNDl
962 278 1134 344 aarum
1170 281 1357 353 lllSTOR.
1396 280 1484 341 alu:
1518 279 1634 340 XXX.
1668 280 1759 340 CAP.
1790 284 1908 345 13-19.

354 440 520 511 praecidunt
533 445 626 506 caput,
647 445 675 490 et
693 451 752 488 cum
766 444 869 489 terras
884 436 968 502 talpis
980 432 1103 486 exultata
1113 439 1156 485 ta·

354 528 414 563 sum
427 511 555 577 digerunt
566 511 595 577 in
608 506 745 573 pastillos,
756 506 860 573 pyxide
870 514 994 566 stannea,
1004 511 1033 555 et
1041 510 1156 554 utuntur

355 581 391 633 ad
403 580 494 630 omnia
505 591 574 644 quae
584 578 780 637 intumescunt,
802 582 831 627 et
842 589 912 640 quae
923 579 1099 640 apostemata
1110 587 1156 623 vo·

355 656 429 709 eant,
449 661 573 716 quaeque
588 647 616 695 in
631 645 739 695 corrice
759 646 828 694 sint:
849 645 974 709 vescique
990 642 1075 693 suilla
1091 649 1156 692 tunc

355 724 468 769 vetant.¹
496 715 585 766 Tauri
595 718 729 764 vocantur
739 713 880 764 scarabaei
893 718 1049 773 terrestres,
1068 711 1155 761 ricino

357 787 478 841 similes:
499 798 601 835 nomen
625 781 768 834 cornicula
790 781 899 832 dedere.
936 780 988 832 Alii
1010 778 1156 848 pediculos

355 866 450 908 terrae
461 860 570 904 roeant.
607 852 645 903 Ab
661 850 704 901 his
718 864 827 917 quoque
844 856 946 901 terram
960 855 1083 916 egestam
1101 847 1156 898 illi·

357 931 428 977 nunt
439 922 561 982 strumis,
581 927 610 972 et
621 920 760 971 similibus
772 920 855 981 vitiis,
877 926 906 970 et
917 919 1055 985 podagris.
1091 915 1155 969 Tri·

359 996 414 1045 duo
427 1004 482 1043 non
494 991 624 1041 abluunt:
648 989 815 1055 prodestque
833 986 902 1040 haec
916 988 1055 1039 medicina
1070 985 1098 1036 in
1110 1000 1156 1036 aa·

357 1077 433 1114 num.
471 1056 679 1125 Omniaquehis
689 1057 857 1119 adscribunt,
873 1071 944 1124 quae
955 1070 1005 1108 nos
1015 1057 1042 1106 in
1055 1054 1155 1122 gryllis

356 1131 513 1185 retulimus.
550 1127 666 1189 Quidam
689 1135 717 1178 et
736 1143 753 1178 a
775 1125 899 1177 formicis
915 1133 989 1178 terra
1000 1131 1097 1193 egesta
1113 1126 1154 1176 sic

355 1206 481 1253 utuntur.
517 1197 571 1248 Alii
591 1211 697 1248 vermes
718 1203 844 1247 terrenos
865 1194 990 1256 totidem,
1011 1200 1079 1261 quat
1100 1193 1157 1244 sint

356 1279 496 1328 strumae,
518 1265 682 1332 adalligant,
703 1266 861 1333 pariterque
879 1280 939 1317 cum
957 1262 1002 1315 his
1017 1268 1156 1316 arescunt.

356 1339 413 1392 Alii
425 1339 549 1403 viperam
562 1335 636 1385 circa
647 1334 730 1385 Canis
740 1341 830 1385 ortum
843 1332 1054 1395 circumcidunt,
1070 1338 1102 1383 ut
1115 1331 1156 1383 di·

355 1409 456 1467 ximus,
477 1405 539 1456 dein
552 1402 670 1454 mediam
687 1405 861 1465 comburunt,
882 1403 945 1456 dein
962 1403 1083 1455 cinerem
1094 1417 1155 1453 eum

356 1479 425 1528 dant
434 1473 580 1526 bibendum
592 1478 636 1522 ter
645 1474 767 1540 septenis
780 1472 886 1535 diebus,
898 1481 1029 1540 quantum
1041 1469 1157 1540 prehen.

357 1548 434 1598 ditur
449 1544 535 1594 ternis
551 1541 663 1608 digitis:
685 1544 726 1595 sie
745 1544 859 1594 strumis
876 1542 1030 1595 medentur.
1066 1540 1156 1609 Aliqui

280 1652 283 1657 .
356 1629 424 1665 vern
436 1610 628 1677 circumligant
642 1625 689 1662 eas
701 1611 768 1673 lino,
790 1625 844 1678 quo
862 1612 1018 1680 praeligata
1029 1609 1105 1662 infra
1113 1625 1157 1662 oa·

377 1688 407 1734 ut
416 1681 513 1747 vipera
522 1681 692 1747 pependerit,
704 1679 793 1734 donee
802 1682 1018 1733 exanimaretur.
1049 1681 1086 1732 Et
1098 1678 1156 1731 mil·

355 1698 464 1819 fepedis
482 1754 604 1811 utuntur,
626 1750 722 1801 addita
738 1754 847 1804 resinae
862 1747 1065 1804 terebinthinae
1076 1755 1155 1814 parte

274 1816 283 1829 “
356 1827 469 1888 quarta:
494 1832 548 1886 quo
559 1817 762 1872 medicamento
773 1823 868 1872 omnia
879 1824 1055 1888 apostemata
1064 1816 1156 1870 curari

354 1890 461 1941 iubent.
1130 1932 1136 1943 .

391 1959 465 2010 ΧΙΙΙ.
486 1958 604 2009 ilumeri
624 1956 768 2010 doloribus
783 1955 918 2009 crustelae
934 1956 1003 2008 cinis
1020 1969 1081 2008 cum
1092 1968 1156 2006 cera

356 2027 492 2078 medetur.
529 2025 571 2078 Ne
588 2026 644 2076 sint
663 2027 725 2078 alae
746 2026 879 2087 hirsutae,
901 2026 1081 2076 formicarum
1104 2037 1156 2074 era

354 2096 450 2163 pueris
460 2092 590 2146 infricata
601 2102 750 2161 praestant.
789 2095 856 2145 ltem
869 2095 1059 2162 mangonibus,
1072 2098 1104 2143 ut
1115 2092 1156 2144 la·

356 2177 431 2229 nugo
443 2160 552 2213 tardior
562 2162 600 2214 sit
614 2162 831 2229 pubescentium,
852 2166 964 2229 sanguis
983 2178 998 2214 e
1016 2161 1154 2214 testiculis

355 2247 500 2301 agnorum,
521 2231 570 2298 qui
589 2238 759 2282 castrantur:
780 2231 826 2297 qui
837 2232 939 2284 evulsis
949 2231 1116 2299 pilisillitua
1128 2236 1156 2282 et

357 2310 455 2354 contra
468 2301 544 2351 virus
555 2301 674 2367 prollcit.

392 2369 465 2420 xlv.
485 2369 650 2421 Praecordin
662 2383 792 2421 vocamus
803 2386 860 2421 uno
871 2372 983 2422 nomine
992 2377 1059 2423 esta
1069 2371 1097 2422 in
1109 2369 1157 2421 ho·

354 2440 444 2491 minei
469 2452 584 2504 quorum
595 2439 623 2489 in
636 2439 735 2490 dolore
747 2439 935 2505 cuiuscunque
948 2440 1054 2507 partis,
1076 2442 1100 2490 si
1114 2454 1156 2491 ca·

355 2509 433 2560 tulus
446 2507 551 2558 lactens
563 2506 759 2568 admoveatur,
780 2509 1005 2576 opprimaturque
1017 2506 1060 2560 his
1072 2509 1157 2574 parti·

355 2578 417 2638 bus,
428 2576 549 2628 transire
560 2578 588 2628 in
599 2591 660 2627 eum
672 2576 784 2627 morbus
795 2576 905 2628 dieitur.
944 2578 1026 2644 idque
1036 2580 1064 2630 in
1076 2593 1157 2631 exen-

354 2653 461 2709 terato,
475 2644 646 2711 perfusoque
658 2644 723 2694 rino
742 2644 919 2710 deprehendi,
941 2648 1040 2698 vitiato
1051 2648 1157 2698 viscere

356 2714 409 2766 illo
420 2715 494 2782 quod
505 2713 627 2765 doluerit
639 2712 770 2763 hominis:
782 2719 810 2764 et
821 2715 901 2764 obrui
911 2714 983 2767 tales
995 2716 1094 2782 religio
1106 2723 1157 2766 est.

355 2783 395 2835 lli
407 2800 524 2852 qaoque,
534 2797 603 2850 quos
614 2782 764 2833 Melitaeos
777 2797 916 2845 vocamus,
928 2783 1065 2835 stomachi
1077 2783 1155 2833 dolo·

354 2868 414 2905 rem
426 2853 526 2904 sedant
543 2851 675 2919 applicati
693 2853 813 2917 saepius.
848 2852 1034 2918 Transireque
1045 2852 1157 2903 morbos

355 2922 532 2990 aegritudine
543 2937 639 2973 eurum
649 2919 827 2988 intelligitur,
845 2920 1006 2988 plerumque
1017 2930 1046 2973 et
1056 2928 1156 2972 morte.

354 2990 501 3042 Pulmonis
513 3004 621 3058 quoque
632 2990 710 3041 vitiis
725 2988 867 3040 medentur
878 2998 907 3041 et
920 3005 1020 3051 mures,
1039 2990 1157 3040 maxime

355 3059 488 3119 Africani,
500 3060 627 3111 detracta
638 3067 701 3111 cute
711 3057 739 3108 in
751 3057 813 3119 olco
826 3066 854 3109 et
864 3058 923 3109 sale
933 3058 1053 3119 decocti,
1075 3066 1157 3125 atque

353 3131 384 3178 in
396 3129 458 3178 cibi)
469 3128 564 3178 sumti.
601 3127 705 3178 Eadem
719 3142 763 3179 res
775 3134 802 3177 et
812 3128 968 3193 purulentis
979 3126 1023 3179 vel
1036 3130 1157 3180 eruentis

356 3195 596 3248 exscreationibus
607 3196 741 3247 medetur.

395 3265 451 3316 XV.
481 3265 632 3331 Praecipue
642 3280 709 3318 vero
722 3264 897 3318 cochlearum
908 3268 988 3318 cibus
999 3264 1156 3318 stomachor

355 3336 386 3387 in
398 3350 469 3402 aqua
479 3334 719 3391 eussubferreferi
730 3336 837 3388 intacto
849 3350 965 3404 corpore
975 3351 1068 3389 earum
1077 3351 1157 3402 opor·

355 3412 407 3465 tet,
418 3421 483 3457 nior
494 3413 522 3457 et
533 3405 559 3455 iu
571 3419 659 3472 pruna
668 3406 781 3470 torreri,
796 3406 883 3458 nihilo
895 3407 1003 3468 addito,
1024 3413 1105 3473 atque
1116 3407 1157 3458 ita

356 3491 372 3524 e
389 3477 452 3524 vino
469 3487 592 3542 garoque
609 3476 691 3536 sumi,
714 3477 860 3542 praecipue
876 3476 1031 3528 Africanas.
1064 3475 1157 3542 Nuper

354 3543 411 3594 hac
431 3552 598 3609 errrnpertum
622 3543 751 3608 plurimis
767 3545 907 3613 prodesse.
944 3546 974 3596 ld
986 3559 1094 3611 quoque
1111 3546 1157 3596 eh·

354 3620 478 3670 serrant,
499 3619 530 3659 ut
542 3626 656 3662 numero
668 3614 766 3679 impari
777 3620 932 3667 sumantur.
969 3613 1053 3665 Virus
1063 3620 1155 3664 tamen

355 3693 450 3728 narrrrn
463 3680 629 3744 gravitatem
641 3680 746 3732 halitus
758 3681 835 3734 facit.
872 3684 991 3734 Prosunt
1007 3691 1036 3736 et
1045 3684 1156 3747 sangui-

354 3762 419 3796 nem
432 3746 649 3807 esseronotibus,
660 3749 754 3802 demta
764 3752 933 3803 testatritae
943 3753 970 3801 in
981 3767 1069 3819 aquae
1080 3758 1156 3818 potu.

354 3815 579 3869 laudatissimae
590 3821 683 3868 autem
695 3825 759 3869 sunt
770 3819 931 3870 Africanae:
951 3834 986 3871 ex
997 3821 1041 3871 his
1053 3819 1156 3871 Solita·

355 3900 426 3935 nae:
448 3882 670 3950 Astypalaeicae,
691 3893 720 3937 et
738 3886 848 3940 Siculae
866 3888 1003 3950 modicae,
1025 3890 1155 3955 quoniam

354 3952 521 4022 magnitudo
543 3951 627 4003 duras
649 3953 719 4007 facit
737 3962 766 4007 et
785 3955 844 4009 sine
866 3971 964 4009 succe:
984 3956 1156 4020 Balearicae,

354 4039 425 4093 quas
438 4025 576 4075 cavaticas
588 4030 697 4085 vocant,
708 4026 837 4091 quoniam
850 4027 878 4077 in
889 4026 1028 4092 speluncis
1039 4042 1154 4077 nascun-

354 4107 411 4147 tur.
448 4092 592 4145 baudatae
615 4101 643 4144 et
665 4109 699 4147 ex
710 4095 825 4157 insulis,
845 4097 1022 4163 Caprearum.
1057 4095 1156 4148 Nullae

354 4172 449 4216 autern
468 4163 535 4215 cibis
553 4168 659 4229 gratae,
679 4178 766 4232 neque
778 4173 895 4228 veteres,
918 4179 1006 4232 neque
1021 4172 1155 4218 recentes.

354 4233 518 4287 Flavianus
530 4238 558 4284 et
570 4232 649 4285 albae
660 4233 737 4284 virus
748 4232 863 4286 habent:
884 4250 934 4287 nec
945 4235 1087 4288 silvestres
1098 4242 1156 4287 ste·

355 4302 455 4354 macho
468 4302 561 4362 utiles,
581 4302 673 4353 alvum
684 4304 802 4356 solvunt.
838 4306 905 4355 ltem
917 4319 1012 4355 oannes
1024 4305 1155 4356 minutae.

357 4371 461 4422 eontra
480 4372 604 4423 marinae
624 4369 768 4424 stomacho
785 4373 925 4424 utiliores:
947 4373 1156 4425 efficacissimae

355 4443 450 4487 tamen
465 4439 494 4489 in
509 4438 608 4492 dolore
624 4439 771 4493 stomachi.
807 4442 993 4495 Laudatiores
1007 4443 1157 4495 traduntur

357 4518 537 4572 quaecunque
547 4510 626 4561 nerse
644 4524 705 4561 eam
716 4516 797 4563 aceto
808 4511 969 4571 devoratae,
1005 4511 1156 4566 Praeterea

356 4579 422 4623 sunt
432 4586 502 4638 quae
513 4585 641 4629 aceretae
651 4586 792 4641 vocantur,
808 4579 893 4644 latae,
915 4581 1096 4635 multifariam
1108 4598 1155 4635 na·

356 4647 475 4700 scentes,
495 4642 529 4694 de
550 4658 664 4710 quarum
684 4662 737 4699 usu
747 4647 803 4699 suis
814 4649 937 4703 dicemus
951 4651 1030 4704 loeis.
1067 4652 1156 4703 Galli-

356 4722 505 4790 naeeemm
515 4715 619 4765 ventris
639 4718 800 4769 membrana
814 4721 973 4772 inveterata
988 4726 1016 4773 et
1028 4721 1156 4787 inspersa

356 4777 474 4844 ponant,
496 4777 692 4836 distillationes
707 4785 827 4853 pectoris
844 4796 873 4840 ct
890 4788 1031 4841 humidam
1047 4792 1154 4852 tussim,

356 4847 398 4899 rel
410 4860 507 4897 reeens
525 4852 600 4901 tosta
614 4851 690 4904 lenit
726 4853 863 4909 cochleae
879 4858 980 4911 crudae
995 4858 1079 4911 tritae
1092 4874 1154 4912 cum

355 4927 447 4983 aquae
464 4914 576 4997 tepidae
592 4920 699 4985 cyathis
715 4924 804 4975 tribus
820 4926 845 4976 si
860 4926 1033 4986 sorbeantur,
1054 4928 1153 4979 tussim

355 4983 463 5036 sedant.
498 4983 703 5041 Drstrllationes
723 4993 804 5044 sedat
826 5000 855 5046 et
871 4996 968 5047 canina
982 4995 1054 5048 cutis
1075 4996 1155 5047 cuill-

288 5096 304 5107 ,
355 5056 406 5177 Ιῖιὲι
420 5051 514 5173 gfff?
537 5051 714 5111 circumdata.
748 5062 810 5114 lure
828 5065 970 5130 perdicum
995 5064 1153 5117 stomachus

391 5138 413 5172 rt
467 5138 508 5171 i.

392 5190 461 5243 XVl
484 5189 618 5243 locineris
634 5191 777 5247 doloribus
790 5199 917 5253 medetur
935 5202 1056 5255 mustela
1071 5202 1154 5255 silre·

356 5260 422 5310 stris
431 5259 459 5309 in
472 5260 533 5309 cibo
544 5265 644 5320 sumta,
665 5261 710 5312 vel
722 5264 846 5318 loclnera
857 5272 925 5323 eius.
960 5271 1030 5324 ltem
1042 5272 1153 5324 viverra

354 5328 472 5394 porcelli
484 5327 566 5379 modo
577 5328 709 5380 inassata.
745 5332 910 5399 suspiriosis
922 5339 1100 5408 multipedae,
1112 5344 1154 5392 ita

353 5406 386 5447 ut
396 5402 439 5447 ter
450 5406 581 5463 septenae
592 5397 619 5447 in
631 5397 721 5449 Attico
732 5400 813 5453 melle
821 5402 1004 5469 diluantur,et
1015 5425 1064 5475 per
1072 5424 1152 5462 arun·

353 5465 444 5516 dinem
462 5466 601 5539 bibantur.
637 5467 725 5520 Omne
744 5470 816 5521 enim
840 5486 887 5523 ras
903 5489 998 5527 earum
1017 5480 1152 5545 nigrescit

353 5541 491 5586 contactu.
528 5535 645 5601 eordan
658 5544 767 5592 torrent
779 5554 813 5591 ex
825 5538 866 5593 his
877 5544 1027 5596 sextarium
1041 5551 1067 5597 in
1078 5550 1150 5613 pati·

1205 448 1251 495 aa,
1261 432 1350 486 donec
1361 430 1496 485 candidae
1508 431 1588 483 flant:
1613 437 1680 483 tunc
1692 432 1776 485 melle
1788 433 1914 488 miscent.
1951 435 2010 490 Alii

1206 502 1380 569 centipedam
1392 507 1536 562 vocasset
1547 515 1580 553 ex
1593 514 1664 566 aqua
1674 501 1736 552 dari
1746 502 1849 555 iubent.
1868 503 2006 560 cochleae

1206 573 1233 622 in
1243 572 1321 623 eibos
1331 570 1375 622 his
1383 585 1455 637 qnos
1466 570 1565 635 linquit
1576 571 1693 632 animus,
1709 577 1757 621 aut
1768 587 1886 639 quorum
1899 573 2004 628 aliena·

1206 648 1252 693 tur
1263 655 1350 701 mens,
1371 638 1530 707 autquibus
1547 638 1700 705 vertigines
1710 639 1787 702 liunt,
1809 656 1844 694 ex
1854 644 1929 710 passi
1940 659 2005 711 cya-

1206 709 1261 761 this
1272 709 1363 761 tribus
1374 707 1500 776 singulae
1518 708 1656 760 contritae
1676 723 1738 760 cam
1749 725 1799 761 sua
1808 718 1881 764 testa
1893 719 1921 763 et
1933 714 2007 765 cale·

1207 778 1309 840 iactae,
1324 778 1351 829 in
1363 784 1429 845 potu
1442 777 1526 828 datae
1537 776 1634 828 diebus
1646 777 1793 845 plurimum
1805 796 1913 833 norem.
1949 782 2007 833 Ali·
2022 778 2027 785 ’

1208 847 1390 916 quisingulas
1402 847 1491 913 prime
1503 845 1548 897 die
1560 845 1672 908 dedere,
1683 848 1807 914 sequenti
1817 850 1906 912 binas,
1917 851 2006 903 tertio

1207 924 1312 980 ternas,
1333 922 1433 984 quarto
1450 914 1527 977 duas,
1548 915 1747 982 quintounsm.
1782 916 1827 968 Sic
1844 924 1872 969 et
1883 920 2009 985 suspiria

1208 986 1355 1039 emendant
1366 992 1395 1039 et
1405 985 1535 1035 vomicas.
1572 986 1641 1036 Esse
1657 985 1761 1037 animal
1779 985 1903 1039 locustae
1913 989 2007 1041 simile

1207 1058 1267 1107 sine
1277 1055 1384 1122 pennis,
1398 1052 1471 1123 quod
1483 1053 1601 1106 trosulis
1612 1053 1721 1108 Graece
1733 1062 1855 1119 vocetur,
1877 1056 2005 1108 Latinum

1207 1140 1306 1177 nomen
1315 1139 1369 1176 non
1381 1121 1491 1183 habeat,
1502 1122 1589 1189 aliqui
1600 1123 1785 1175 arbitrantur:
1807 1140 1857 1177 nec
1868 1127 1949 1191 pauci
1959 1140 2005 1178 au.

1208 1201 1299 1247 stores
1314 1191 1367 1243 hoc
1382 1207 1443 1245 esse
1458 1191 1531 1260 quod
1547 1191 1655 1260 gryllus
1669 1200 1794 1245 vocetur.
1838 1195 1880 1245 Es
1895 1192 1938 1246 his
1952 1195 2004 1247 AX

1208 1263 1309 1316 torreri
1319 1262 1422 1323 iubent,
1444 1277 1477 1313 ac
1488 1261 1545 1312 bibi
1561 1262 1677 1314 emulso
1695 1270 1793 1314 conus
1808 1260 2004 1332 orthopnoeas,

1207 1334 1423 1402 sanguinemque
1438 1331 1645 1398 exspuentibus.
1682 1331 1733 1383 Est
1751 1332 1798 1399 qui
1810 1331 1931 1386 cochleis
1942 1334 2005 1386 illo·

1209 1403 1246 1455 tis
1257 1408 1416 1469 protropum
1428 1399 1564 1462 infundat,
1580 1399 1623 1451 vel
1634 1401 1768 1453 marinam
1780 1416 1888 1470 aquam,
1907 1404 1948 1456 ita
1959 1403 2003 1457 de·

1208 1478 1323 1540 eoquat,
1346 1477 1376 1523 et
1389 1471 1418 1521 in
1436 1470 1496 1523 cibe
1510 1475 1616 1522 sumat:
1639 1476 1686 1521 aut
1703 1472 1727 1521 si
1745 1473 1830 1524 tritae
1847 1487 1906 1523 cum
1925 1474 2002 1525 testis

1208 1542 1265 1594 suis
1274 1546 1419 1592 sumantur
1430 1555 1489 1591 cum
1503 1546 1648 1608 protropo:
1677 1539 1718 1590 sio
1728 1545 1757 1591 et
1770 1540 1839 1591 tussi
1851 1541 2002 1595 medentur.

1208 1611 1337 1663 vomicas
1349 1610 1475 1677 priuatim
1485 1616 1567 1660 sanat
1579 1607 1634 1661 mel
1644 1606 1671 1659 in
1684 1622 1739 1677 quo
1750 1623 1816 1675 apes
1828 1611 1884 1661 sint
1893 1610 2001 1663 demor-

1207 1688 1280 1732 tuae.
1329 1679 1497 1747 Sanguinem
1517 1676 1710 1730 reiicientibus
1730 1678 1824 1744 pulmo
1845 1679 2001 1731 vulturinus

1208 1751 1351 1816 vitigineis
1362 1749 1445 1816 lignis
1458 1747 1629 1808 combustus,
1645 1744 1753 1798 adiecto
1765 1745 1834 1800 flore
1846 1747 1911 1799 mali
1922 1750 2003 1801 Puni·

1208 1821 1232 1870 ci
1250 1835 1285 1871 ex
1303 1826 1384 1886 parta
1401 1816 1526 1879 dimidia,
1546 1816 1613 1868 item
1634 1820 1812 1868 cotoneorum
1830 1817 2002 1886 liliorumque

1207 1889 1305 1939 iisdem
1317 1887 1489 1954 portionibus
1500 1894 1670 1953 potusmaue
1681 1893 1765 1953 atque
1776 1889 1883 1956 vesperi
1894 1888 1921 1939 ia
1932 1889 2002 1950 vine,

1207 1960 1229 2008 si
1241 1958 1331 2009 febres
1343 1957 1443 2008 absint.
1478 1956 1621 2018 siminus,
1644 1971 1679 2008 ex
1691 1971 1763 2023 aqua
1779 1957 1874 2025 inqua
1888 1965 2003 2009 cotonea

1208 2027 1322 2078 decocta
1331 2027 1395 2077 sint.
1793 2016 1801 2041 ⁴

1241 2096 1329 2148 llvll.
1347 2094 1464 2148 Pecudis
1483 2095 1539 2148 lien
1559 2110 1655 2147 recens
1668 2096 1784 2162 magieis
1794 2095 1950 2164 praeceptis
1961 2111 2004 2147 su·

1208 2179 1257 2232 per
1266 2166 1404 2216 dolentem
1420 2165 1518 2217 lienem
1538 2166 1703 2227 extenditur,
1724 2165 1833 2218 dicente
1849 2180 1883 2217 eo
1894 2165 1939 2233 qui
1951 2180 2005 2217 me·

1209 2235 1327 2299 deatur,
1347 2234 1414 2286 lieni
1428 2248 1458 2286 se
1469 2233 1618 2286 remedium
1631 2235 1730 2286 facere.
1769 2235 1834 2287 Post
1845 2234 1897 2286 hoc
1908 2234 2006 2287 iubent

1207 2319 1269 2355 enm
1281 2306 1310 2355 in
1330 2306 1436 2371 pariete
1454 2303 1611 2354 dormitorii
1627 2307 1686 2355 eius
1703 2305 1822 2354 tectorio
1839 2303 1954 2364 includi,
1976 2308 2005 2354 et

1209 2374 1350 2440 obsignari
1360 2373 1452 2433 anulo,
1463 2379 1561 2440 terque
1571 2374 1664 2424 novies
1674 2386 1781 2423 carmen
1793 2372 1857 2423 dici.
1881 2371 2005 2423 cnutum

1208 2444 1233 2494 si
1243 2443 1345 2495 virenti
1359 2445 1506 2505 eximatur,
1512 2449 1541 2493 et
1551 2443 1578 2493 in
1593 2443 1653 2499 cibo
1665 2448 1796 2503 animatur,
1809 2441 1909 2493 liberat
1921 2455 1954 2491 eo
1966 2441 2006 2491 ri·

1208 2514 1258 2564 tio.
1296 2512 1414 2576 Quidam
1436 2518 1575 2565 recentem
1596 2509 1802 2577 superalligant.
1841 2509 1896 2561 Alii
1919 2508 2005 2560 dudm

1209 2581 1316 2633 dicrum
1328 2581 1412 2634 catuli
1428 2596 1461 2634 ex
1473 2587 1552 2633 aceto
1564 2580 1693 2634 scillitieo
1705 2578 1772 2630 dant
1783 2579 1940 2647 ignoranti,
1961 2578 2006 2631 rel

1209 2649 1349 2704 herinacei
1372 2651 1481 2703 lienem.
1517 2652 1587 2704 ltem
1609 2648 1781 2702 cochlearum
1803 2651 1920 2700 cinerem
1942 2661 2003 2698 curn

1208 2721 1314 2773 semine
1327 2721 1376 2772 lini
1388 2726 1417 2772 et
1428 2720 1534 2773 urticae
1544 2719 1643 2771 addito
1654 2718 1750 2780 melle,
1770 2718 1856 2769 donee
1868 2722 2003 2783 persanat.

1210 2792 1249 2840 Eo
1262 2789 1363 2840 liberat
1373 2795 1402 2842 et
1411 2789 1518 2841 lacerta
1527 2788 1633 2849 viridis,
1644 2789 1707 2840 riva
1718 2790 1744 2837 in
1756 2787 1813 2838 olla
1824 2792 1888 2838 aute
1898 2784 2005 2836 cubicu-

1209 2859 1266 2909 lum
1284 2858 1478 2911 dormitorium
1496 2859 1564 2921 eius,
1584 2859 1629 2908 cui
1640 2857 1792 2919 medeatur,
1812 2870 1954 2922 suspensa,
1974 2860 2004 2904 ut

1209 2927 1353 2996 egrediens
1363 2934 1559 2993 revertensque
1570 2926 1689 2991 attingat
1701 2940 1796 2977 manu:
1807 2924 1877 2976 cinis
1888 2938 1903 2976 e
1914 2926 2003 2990 capita

1209 2997 1325 3050 bubonis
1342 3011 1402 3047 curn
1414 3004 1567 3062 unguento:
1588 2994 1643 3045 mel
1662 2994 1690 3044 in
1712 3010 1766 3062 quo
1787 3008 1853 3062 spes
1869 2995 2003 3046 sintmor·

1209 3073 1288 3117 tuae:
1308 3078 1435 3125 araneus,
1447 3070 1475 3115 et
1485 3064 1605 3115 niaxime
1616 3065 1661 3130 qui
1673 3063 1752 3130 lycos
1764 3071 1886 3116 vocatur.

1245 3134 1342 3188 xvttl.
1361 3132 1472 3202 Upupae
1490 3147 1540 3183 eur
1551 3133 1580 3183 in
1599 3131 1696 3183 lateris
1708 3132 1855 3186 doloribus
1866 3132 2003 3191 laudatur,

1209 3209 1239 3254 et
1250 3202 1426 3254 cochlearum
1439 3202 1508 3254 cinis
1520 3202 1548 3253 in
1559 3200 1671 3268 ptisana
1681 3202 1872 3265 decoctarum,
1895 3217 1963 3269 quae
1975 3206 2003 3253 et

1209 3286 1259 3337 per
1280 3288 1311 3324 se
1322 3272 1476 3323 illinuntur.
1513 3273 1594 3323 canis
1605 3269 1710 3323 rabiosi
1721 3271 1860 3324 calcariae
1870 3272 1937 3324 cinis
1956 3286 2005 3339 po·

1209 3340 1281 3392 tioni
1293 3340 1472 3408 inspergitur.
1507 3338 1678 3391 Lumborum
1694 3339 1785 3392 dolori
1804 3341 1899 3394 stellio
1916 3347 2005 3392 trans·

1209 3411 1334 3461 marinus
1345 3411 1436 3475 capite
1447 3408 1542 3460 ablato
1553 3418 1581 3461 et
1592 3409 1743 3472 intestinis,
1761 3410 1892 3463 decoetus
1904 3410 1930 3460 in
1942 3410 2003 3459 rino

1209 3494 1269 3532 cum
1282 3481 1427 3545 papaveris
1438 3478 1508 3544 nigri
1520 3477 1628 3529 denarii
1636 3478 1757 3544 pondere
1768 3480 1893 3540 dimidio,
1904 3493 1937 3529 eo
1947 3492 2006 3528 suo

1209 3566 1242 3601 eo
1256 3550 1367 3601 bibitur.
1404 3547 1541 3599 Lacertae
1552 3547 1654 3598 rirides
1672 3546 1773 3598 decisis
1793 3548 1907 3614 pedi-bus
1918 3552 1947 3596 et
1960 3560 2004 3595 aa·

1209 3618 1275 3687 pite,
1286 3619 1313 3667 in
1325 3618 1388 3668 cibo
1398 3627 1551 3669 sunmntur.
1582 3614 1718 3668 Cochleae
1728 3625 1784 3667 tres
1795 3615 1929 3666 contritae
1943 3630 2005 3664 cum

1209 3689 1288 3739 testis
1299 3688 1363 3747 suis,
1374 3692 1456 3752 atque
1466 3686 1494 3737 in
1505 3687 1568 3735 rino
1579 3686 1710 3738 decoctae
1722 3700 1781 3736 cum
1793 3683 1896 3751 piperis
1903 3684 2005 3802 ¹granis

1208 3755 1268 3806 XV.
1304 3755 1420 3822 Aquilae
1432 3755 1516 3820 pedes
1527 3754 1649 3806 evellunt
1664 3756 1823 3805 inmersum
1837 3767 1854 3803 a
1869 3767 1901 3801 su
1926 3752 2004 3819 ragi-

1209 3840 1250 3885 ne,
1262 3825 1303 3875 ita
1315 3829 1346 3874 ut
1358 3822 1455 3874 dexter
1474 3822 1605 3876 dexterae
1623 3826 1706 3889 partis
1717 3820 1859 3873 doloribus
1871 3820 2006 3887 adallige-

1208 3900 1269 3954 tur,
1291 3893 1403 3943 sinister
1419 3892 1524 3944 laevae.
1560 3891 1713 3959 Multipeda
1724 3906 1841 3958 quoque,
1853 3904 1935 3958 quam
1948 3891 2005 3940 oni·

1207 3959 1491 4027 sconappellarimus‚
1508 3962 1635 4015 medetur
1644 3962 1748 4015 denarii
1760 3960 1883 4027 pondere
1894 3974 1927 4012 ex
1940 3960 2004 4009 rino

1210 4029 1319 4099 cyathis
1332 4030 1439 4082 duobus
1453 4038 1528 4098 pota.
1563 4033 1691 4084 vermem
1708 4038 1845 4084 terrenum
1863 4028 1958 4082 catillo
1973 4029 2005 4079 li·

1208 4115 1279 4169 gneo
1290 4108 1355 4152 ante
1365 4100 1432 4151 fisso
1452 4108 1480 4152 et
1495 4100 1571 4153 terro
1582 4103 1675 4153 vincto
1690 4100 1859 4170 impositum,
1878 4114 1947 4167 aqua
1958 4111 2006 4147 ex·

1208 4178 1289 4239 cepta
1298 4170 1473 4236 perfundere,
1484 4178 1512 4222 et
1523 4168 1664 4234 defodere,
1684 4173 1755 4225 vinde
1769 4170 1908 4230 effoderis,
1927 4166 2004 4233 Magi

1206 4242 1312 4302 iubent,
1333 4255 1397 4291 rnox
1409 4254 1508 4309 nquam
1520 4239 1616 4293 hibere
1626 4241 1733 4305 catillo,
1755 4245 1822 4293 mire
1833 4239 1861 4292 id
1873 4237 2004 4307 prodesse

1207 4308 1368 4362 ischiadicis
1380 4309 1558 4362 affirmantes.

1242 4379 1318 4432 xlx.
1335 4379 1535 4447 Dysentericos
1551 4387 1678 4432 recreant
1695 4378 1797 4433 femina
1813 4374 1944 4446 pecudum
1956 4372 2002 4424 de·

1208 4455 1291 4501 cocta
1306 4462 1367 4500 cum
1388 4449 1439 4500 lini
1459 4449 1563 4501 murina
1585 4457 1743 4516 aquaputa.
1780 4450 1883 4500 Caseus
1904 4442 2004 4495 ovillus

1207 4522 1295 4579 vetus,
1307 4532 1401 4568 sevum
1413 4520 1503 4569 orium
1517 4517 1661 4569 decoctum
1673 4519 1701 4569 in
1716 4520 1779 4570 vino
1789 4525 1909 4568 aristero.
1943 4513 2007 4564 Hoc

1208 4593 1236 4637 et
1247 4588 1304 4639 ileo
1316 4588 1462 4649 medetur,
1481 4595 1510 4639 et
1521 4589 1590 4639 tussi
1602 4590 1699 4640 reteri.
1739 4584 1929 4653 Dysentericis
1941 4580 2007 4633 stel-

1208 4656 1247 4707 lio
1259 4657 1458 4708 traosmarinus
1470 4657 1572 4708 shlatis
1583 4657 1719 4707 intestinis
1731 4662 1760 4705 et
1770 4656 1868 4717 capite,
1880 4651 2006 4717 pedibus·

1207 4719 2007 4795 queaecute,deeoetusaequeetiocibosumtus.Cochleae

1205 4795 1280 4847 duae
1291 4810 1351 4845 cum
1364 4810 1425 4853 oro,
1446 4799 1563 4858 utraque
1580 4807 1641 4843 rum
1658 4790 1797 4856 putamine
1815 4786 1948 4850 contrita,
1968 4794 2007 4839 at·

1207 4877 1260 4930 que
1271 4863 1298 4913 in
1309 4877 1373 4912 rane
1386 4877 1455 4911 novo
1468 4860 1562 4911 addito
1571 4861 1630 4912 sale
1642 4867 1671 4913 et
1681 4858 1755 4924 passi
1768 4854 1878 4923 cyathis
1890 4854 2008 4919 duobus,

1207 4938 1255 4983 aut
1266 4929 1418 4996 palnrarurn
1431 4944 1514 4980 succo
1530 4937 1558 4980 et
1575 4943 1664 4996 aquae
1674 4924 1782 4993 cyathis
1793 4925 1886 4976 tribus
1897 4925 2006 4979 subfer-

1194 4999 1324 5051 ·refactis
1334 5004 1363 5048 ot
1374 4997 1402 5047 ia
1433 5003 1481 5048 otu
1493 4996 1577 5049 datis.
1612 4996 1732 5047 Prosunt
1742 5002 1772 5047 et
1781 4995 1953 5054 combustae,
1973 5002 2005 5045 ut

1206 5070 1276 5119 cinis
1287 5081 1381 5117 earum
1391 5066 1504 5118 bibatur
1513 5067 1542 5117 in
1553 5069 1616 5117 vino
1624 5064 1720 5117 addito
1731 5064 1841 5117 resinae
1851 5072 2005 5117 momento.

1207 5131 1344 5188 Cochleae
1354 5134 1454 5197 nudae,
1465 5134 1499 5186 de
1510 5136 1608 5202 quibus
1619 5134 1751 5197 diximus,
1772 5134 1802 5185 in
1813 5134 1907 5187 Africa
1917 5133 2006 5185 maxi·

1205 5219 1249 5256 nte
1272 5203 1468 5266 inveniuntur,
1492 5204 1655 5257 utilissimae
1676 5203 1883 5271 dysentericis,
1904 5202 2006 5270 quinae

1206 5274 1365 5325 combustae
1375 5287 1435 5325 cum
1447 5272 1553 5325 denarii
1567 5272 1688 5341 pondere
1698 5273 1806 5326 dimidii
1819 5271 1947 5327 acaciae:
1959 5287 2006 5324 ex·

1205 5357 1259 5411 que
1271 5358 1304 5394 eo
1317 5345 1409 5394 cinere
1420 5342 1521 5394 dantur
1533 5341 1691 5395 cochlearia
1710 5342 1777 5395 bina
1787 5344 1815 5395 in
1826 5344 1891 5396 rino
1904 5343 2005 5407 myrti-

1204 5419 1243 5473 te,
1255 5418 1304 5463 aut
1315 5411 1440 5480 quolibet
1451 5419 1563 5463 austero
1576 5427 1638 5464 cum
1651 5412 1713 5480 pari
1724 5412 1918 5464 modoenldae.
1938 5410 2005 5472 Qui·

1205 5481 1268 5533 dam
1292 5481 1417 5532 omnibus
1436 5475 1575 5533 Africanis
1596 5482 1636 5534 ita
1651 5489 1778 5533 utuntur.
1813 5481 1866 5533 Alii
1888 5476 2004 5531 totidem

1204 5549 1361 5612 Africanas,
1381 5549 1423 5602 vel
1437 5548 1508 5601 latas
1525 5550 1674 5603 infundunt
1691 5554 1793 5619 potius.
1830 5550 1865 5601 lit
1881 5548 1903 5601 si
1915 5548 2006 5600 maior

1886 5666 1903 5693 s
