4356 6014
297 291 328 354 C.
361 287 513 351 Pthil
547 284 759 350 SECUNDI
791 282 962 350 Nerua
993 286 1189 351 HISTOR.
1226 288 1310 350 alli.
1332 286 1451 351 XVII.
1481 290 1571 354 CAP.
1597 295 1714 357 19-24.
1771 300 1833 361 207

179 452 232 502 est.
267 440 445 511 iuglandium
456 437 577 508 quidem,
588 436 785 522 pinorumque,
795 436 984 521 etpieearum,
1036 439 1194 509 virgiliana
1213 440 1324 510 quaerit
1341 441 1433 497 sinum
1448 442 1477 497 in
1492 443 1567 499 nodo
1582 459 1709 514 gemmae
1726 450 1837 517 expulsi

178 513 332 579 etabietls,
353 524 533 583 quaecunque
542 513 673 578 attigere,
685 523 743 561 non
752 507 837 563 dubie
847 524 983 565 renonum
1036 510 1158 573 corticis,
1179 526 1370 581 gemmamque
1391 529 1426 567 ex
1443 516 1501 568 ulia
1519 515 1620 571 arbore
1633 516 1762 571 includit.
1797 519 1836 573 Et

178 591 290 708 “iiix
308 649 451 705 salundu
460 649 554 703 brevis
564 646 691 701 definitio
702 652 755 703 asi.
773 647 902 701 Omnium
911 660 983 714 quac
1070 646 1172 701 xxiv,
1183 650 1343 705 insitionem
1355 660 1446 706 nutem
1460 668 1550 717 casus,
1567 656 1702 722 magister
1712 657 1794 721 nlius,
1807 665 1837 712 et

178 724 309 794 proiectu
328 720 438 775 frondis
457 721 501 772 ita
519 718 717 782 defenduntur,
733 723 767 770 ut
782 732 832 785 per
843 719 918 784 ipsas
927 732 984 769 non
1035 732 1124 840 farne
1133 721 1318 783 numerosior,
1328 721 1363 772 ad
1374 721 1446 774 bunc
1455 722 1578 775 modum.
1611 726 1745 792 Agricola
1753 728 1836 781 sedu-

1035 577 1169 633 hactenus
1181 586 1281 634 natura
1291 584 1352 650 ipsa
1363 581 1465 636 docuit.

179 791 304 848 defluant
312 792 426 874 imbres,
436 790 514 873 stilla
523 804 610 842 saeva
619 793 671 840 est.
681 788 771 870 'Ergo
781 788 929 855 plurimum
940 789 983 869 irs·
1048 802 1080 839 us
1091 801 1184 841 casam
1195 788 1272 855 sepis
1287 790 1455 846 munimento
1471 795 1597 860 cingens,
1617 807 1672 859 quo
1685 798 1773 848 minus
1785 813 1835 864 pu·

178 864 280 918 tenerit
298 859 352 914 hac
371 867 563 926 inquisitione,
582 865 660 911 terra
679 872 710 909 ιιι
728 872 784 927 qua
800 871 934 920 seramus,
954 871 982 908 ιιι
1036 864 1190 911 trescercnt
1201 858 1294 921 sudes,
1312 857 1400 911 limen
1415 862 1538 914 subdidit
1548 878 1583 914 ex
1593 861 1686 914 edera.
1722 865 1836 919 ntillae

179 938 312 1002 quantum
329 932 445 983 arbores
462 942 587 998 quasque
609 926 676 979 alat.
721 928 780 979 lam
792 940 842 992 per
852 942 883 978 se
895 927 982 979 colles

178 1002 289 1063 minora
302 997 607 1067 quaeruntinterralla.
636 994 851 1049 Ventosislocis
861 996 983 1049 crebrio-

178 1086 226 1125 res
246 1072 302 1122 neri
319 1067 460 1122 conducit.
496 1068 566 1119 Olea
581 1072 675 1117 tamen
689 1064 812 1116 niaximo
823 1064 983 1127 intervallo,

179 1141 215 1193 de
225 1154 282 1207 qua
293 1139 409 1191 Catonis
421 1135 523 1189 italica
536 1135 680 1189 sententia
698 1141 756 1190 ests
776 1133 805 1184 iu
815 1133 894 1189 XXV
904 1134 983 1201 peni·

178 1210 232 1262 bus
243 1209 400 1271 minimum,
411 1205 560 1274 plurimum
570 1204 651 1256 XXX
662 1205 727 1257 seri.
763 1202 818 1255 Sed
829 1202 882 1255 lroc
894 1203 983 1255 naria·

179 1278 361 1333 turlocorum
373 1284 484 1330 natura.
520 1274 583 1327 Non
599 1273 656 1325 alia
665 1274 758 1326 maior
767 1272 796 1323 in
808 1272 925 1326 Baetica
936 1288 981 1326 ar·

178 1349 241 1401 bor.
277 1347 309 1399 ln
320 1347 414 1399 Africa
423 1360 490 1399 vero
502 1344 585 1415 (fides
596 1357 681 1410 penes
691 1351 825 1395 auctores
834 1343 902 1406 erit)
918 1342 981 1413 :nih

178 1417 276 1470 liarias
294 1417 393 1469 uocari
407 1416 511 1469 multas
530 1419 644 1466 narrant
655 1428 672 1465 a
684 1412 809 1479 pondere
822 1413 888 1475 olei,
908 1411 982 1480 quod

179 1479 274 1541 fe'rant
283 1500 375 1540 annuo
386 1492 530 1553 proventu.
553 1482 619 1536 ideo
629 1479 736 1535 LXXV
746 1479 833 1548 pedes
842 1482 928 1550 Mago
938 1482 981 1533 in·

179 1559 301 1611 terrnllo
314 1555 393 1609 dedit
403 1554 537 1622 undiquc:
558 1554 645 1605 autin
656 1551 838 1610 marmonio,
858 1565 891 1603 ac
902 1550 982 1613 duro,

179 1636 266 1697 atque
285 1632 412 1687 ventoso,
434 1639 496 1677 cum
515 1623 658 1675 minimum
670 1618 757 1672 XLV.
794 1619 983 1688 Baeticuqui·

180 1699 245 1753 dens
257 1696 412 1750 uberrimas
422 1708 526 1747 messes
543 1694 618 1745 inter
631 1692 708 1743 oleas
719 1689 807 1742 metit.
845 1689 926 1742 lllnn:
943 1691 983 1741 iu·

179 1767 327 1821 senentiam
340 1764 496 1832 pudendam
509 1777 570 1814 esse
588 1761 749 1820 conveniet,
773 1755 886 1810 adultas
896 1761 982 1812 iuter·

178 1837 275 1890 lucare
294 1836 370 1887 iusto
386 1832 463 1900 plus,
484 1840 513 1883 et
522 1832 552 1882 in
561 1835 704 1884 senectam
716 1829 914 1896 praecipitum,
933 1833 984 1882 aut

180 1912 194 1972 (
196 1908 358 1975 plenumque
368 1904 451 1969 ipsis,
462 1901 506 1968 qai
518 1914 646 1968 posuere,
668 1900 886 1967 coarguentibus
896 1900 984 1967 impe·

178 1978 275 2029 ritinm
287 1976 376 2035 suant)
390 1979 465 2024 totas
476 1972 612 2024 excidere.
642 1966 722 2021 Nihil
733 1974 777 2021 est
786 1968 898 2033 foedius
911 1971 983 2037 agri·

181 2044 261 2107 colis,
268 2057 350 2110 quam
360 2049 458 2109 gestae
469 2040 508 2093 rei
520 2039 700 2108 poenitentia,
705 2038 793 2093 musico
801 2038 860 2092 inm
870 2046 984 2106 utprac·

180 2120 237 2167 stet
250 2112 369 2165 laxitate
378 2110 551 2178 delinquere.

216 2182 278 2235 XX.
298 2181 441 2243 Quondam
458 2186 552 2233 nutem
563 2183 665 2231 natura
674 2177 755 2230 tarde
765 2183 903 2239 crescunt,
917 2183 946 2231 et
955 2177 984 2229 is

182 2251 278 2321 primis
289 2251 395 2304 semine
405 2256 515 2302 tantum
527 2251 686 2310 nascentia,
707 2254 737 2300 ot
751 2248 836 2315 longo
851 2263 922 2300 aero
935 2248 984 2299 du·

181 2322 285 2374 nantia.
321 2321 357 2373 At
377 2335 447 2388 quae
469 2318 525 2371 cito
546 2316 686 2380 occidunt,
707 2316 817 2368 velocia
826 2322 901 2377 suut,
911 2321 944 2368 ut
954 2315 985 2365 n-

183 2407 241 2452 ens,
249 2390 365 2452 Punica,
377 2404 491 2456 prunus,
503 2387 602 2449 molus,
613 2387 699 2454 pirus,
709 2392 830 2453 myrtus,
851 2385 935 2437 salix:
955 2391 985 2438 ct

183 2469 278 2513 mosen
289 2459 459 2513 antecedunt
469 2457 586 2510 diuitiis.
604 2457 634 2508 ln
646 2455 761 2506 trimatu
771 2456 846 2508 euim
858 2452 934 2507 ferre
944 2454 985 2506 in·

183 2532 299 2597 cipiunt,
315 2529 494 2581 ostendentes
506 2532 535 2578 et
546 2530 621 2576 ante.
657 2525 700 2577 his
715 2522 758 2575 his
775 2523 932 2577 lentissima
942 2522 983 2591 pi·

182 2614 241 2651 rus.
267 2598 403 2649 Ocissima
413 2596 536 2646 omnium
549 2607 658 2660 cypron,
668 2599 696 2643 et
707 2591 919 2658 pseudocyprus
930 2592 986 2644 fm-

182 2675 241 2722 tex.
259 2666 394 2719 Protinus
406 2664 479 2715 enim
488 2663 581 2723 floret,
591 2675 740 2726 semenque
750 2659 867 2726 profert.
886 2660 986 2712 Omnia

181 2749 251 2789 vero
266 2732 387 2785 celerius
407 2731 572 2784 adolescunt
592 2728 749 2781 stolonibus
760 2728 874 2792 ablatis,
890 2744 985 2782 unam·

183 2819 238 2872 que
247 2803 275 2853 iu
286 2800 402 2868 stirpem
414 2801 537 2854 redactis
546 2798 697 2851 alimentis.

217 2873 295 2926 XXI.
314 2869 422 2923 Eadem
432 2875 534 2921 natura
550 2874 579 2920 ct
594 2868 761 2934 propagines
773 2865 877 2918 docuit.
913 2863 987 2917 Rubi

182 2956 302 3010 namque
318 2940 425 2992 curs-uti
445 2938 604 3004 gracilitate
619 2944 648 2987 et
669 2935 753 2987 simul
763 2934 932 3001 proceritate
943 2935 986 2987 nl·

184 3012 251 3070 min,
261 3008 491 3075 defiguntrursus
502 3009 642 3057 interram
655 3004 757 3070 capitu,
772 3005 928 3071 iterumque
938 3019 987 3056 na.

185 3086 301 3134 mustus
308 3082 342 3131 ei
353 3092 428 3128 sese:
439 3074 577 3140 repleturi
585 3073 688 3134 omnia,
698 3074 726 3122 ni
735 3072 851 3125 resistat
862 3073 985 3123 cultura:

185 3163 301 3218 prorsus
309 3154 342 3198 ut
351 3145 463 3212 possint
472 3142 561 3197 uideri
572 3140 699 3195 homines
710 3146 805 3194 terrae
818 3155 902 3193 causa
911 3143 987 3210 geni·

185 3219 223 3271 ti:
245 3219 287 3270 ita
297 3217 417 3284 pessima
423 3220 507 3281 atque
516 3210 689 3267 exsecranda
698 3225 744 3264 res
755 3213 934 3279 propaginem
945 3218 987 3263 ta·

1036 927 1127 980 vivaci
1137 940 1232 1003 morsu
1245 924 1443 994 apprehensae,
1454 946 1576 984 suamet
1586 931 1679 985 aliena
1691 930 1785 989 fecero
1793 939 1834 988 ri·

1036 1003 1106 1061 tom,
1117 997 1302 1064 apparuitque
1312 1002 1438 1049 mancum
1450 1014 1511 1052 esse
1522 1015 1573 1065 pro
1584 1007 1669 1054 terra
1701 1003 1836 1058 Aufertur

1036 1080 1105 1133 ergo
1120 1079 1198 1118 serra
1219 1065 1375 1133 aequaliter
1391 1068 1566 1133 superficies:
1586 1069 1743 1139 laevigatur
1761 1072 1836 1129 falae

1036 1142 1159 1187 nunnus.
1195 1135 1280 1187 Ratio
1295 1141 1396 1202 postea
1414 1136 1528 1202 duplex:
1550 1140 1835 1206 etprimnintercor-

1036 1207 1120 1257 tieem
1136 1200 1296 1271 lignumque
1316 1204 1466 1258 inserendi.
1503 1208 1834 1278 Timebantpriscitrun·

1036 1289 1100 1326 cum
1108 1272 1229 1328 findere:
1248 1288 1314 1327 mox
1331 1274 1468 1342 impera·
1482 1277 1544 1328 ausi
1562 1279 1668 1332 medio:
1686 1282 1793 1349 ipsique
1804 1285 1835 1337 in
1925 1330 1934 1337 .

1035 1342 1219 1397 eomedullae
1239 1344 1377 1396 calamum
1396 1346 1600 1412 inspr'unebant,
1620 1351 1835 1405 unuminseren·

1036 1418 1088 1475 tes,
1109 1412 1279 1480 nequeenim
1291 1413 1384 1480 plures
1396 1415 1523 1481 capiebat
1533 1416 1662 1469 medulla
1697 1417 1836 1474 Subtilior

1035 1483 1271 1550 postestatiorel
1289 1498 1371 1535 senos
1387 1483 1492 1547 adiicit,
1511 1485 1678 1538 mortalitati
1698 1502 1794 1543 eorum
1806 1498 1836 1544 et

1035 1566 1152 1603 numero
1167 1567 1328 1605 succurrere
1338 1567 1481 1619 persuasa,
1497 1557 1649 1621 permedia
1660 1563 1756 1611 tmnco
1767 1561 1836 1612 leni·

1035 1622 1166 1686 carbaso,
1185 1636 1328 1689 cuneoque
1341 1624 1419 1675 tenui
1434 1625 1561 1676 fissuram
1581 1625 1767 1691 custodiente,
1787 1628 1835 1682 do·

1036 1706 1088 1744 nec
1099 1691 1263 1758 cuspidatim
1273 1692 1386 1743 deciam
1395 1692 1543 1746 descendat
1552 1693 1581 1745 in
1593 1695 1694 1747 rimam
1704 1696 1837 1751 calamus.

1071 1760 1164 1812 Multa
1173 1761 1201 1811 in
1210 1758 1263 1813 hoc
1273 1763 1419 1815 servandus
1434 1762 1557 1814 Primum
1569 1764 1700 1829 omnium,
1709 1780 1781 1833 quae
1790 1783 1838 1834 pa·

1036 1830 1125 1882 tiator
1135 1832 1240 1882 coitum
1251 1830 1336 1883 talem
1347 1831 1448 1894 orbor,
1458 1839 1488 1885 et
1498 1832 1576 1884 cuius
1586 1834 1695 1885 arboris
1705 1834 1837 1889 calamus.
1868 1867 1871 1873 ⁴

1036 1898 1121 1954 Varie
1137 1914 1245 1968 quoque
1256 1907 1284 1952 et
1295 1915 1350 1952 non
1360 1900 1459 1953 iisdem
1469 1903 1498 1953 in
1509 1901 1637 1969 partibus
1646 1904 1838 1959 subestomni·

1035 1970 1087 2021 bus
1098 1984 1206 2021 succus.
1226 1967 1339 2021 vitibus
1350 1971 1464 2036 ficisque
1471 1971 1564 2022 media
1573 1970 1837 2035 sicciormetesum·

1034 2055 1082 2093 ma
1101 2045 1184 2106 parte
1209 2046 1374 2105 conceptus,
1396 2040 1460 2092 ideo
1480 2039 1559 2092 illiue
1574 2041 1678 2093 surculi
1695 2051 1837 2109 petuntur.

1035 2109 1115 2161 Oleis
1126 2107 1201 2160 circa
1211 2108 1304 2161 media
1313 2124 1424 2161 succus:
1440 2109 1505 2162 inde
1516 2115 1545 2162 et
1554 2110 1672 2163 surculi:
1693 2116 1838 2167 cacumina

1036 2178 1144 2231 sitiunt.
1166 2176 1314 2230 Facillime
1325 2179 1495 2242 coalescunt,
1507 2180 1606 2247 quibus
1616 2179 1712 2234 eadem
1724 2184 1838 2237 corticis

1037 2254 1147 2327 natura,
1153 2260 1278 2316 quaeque
1288 2247 1393 2313 pariter
1403 2249 1533 2302 florentia
1542 2250 1667 2302 eiusdem
1678 2249 1764 2306 horae
1776 2270 1839 2320 ger·

1038 2317 1217 2369 minationem
1229 2331 1429 2384 succorumque
1439 2319 1601 2371 societatem
1614 2317 1724 2373 habent.
1745 2321 1838 2376 Lentu

1037 2389 1110 2439 enim
1120 2401 1167 2438 rcs
1179 2394 1234 2448 est,
1247 2385 1357 2453 quoties
1367 2385 1485 2439 humidis
1497 2395 1652 2455 repugnant
1663 2391 1748 2454 sicca,
1767 2396 1836 2446 mol·

1037 2456 1110 2507 libus
1123 2455 1258 2506 corticum
1271 2454 1342 2506 duri
1379 2455 1498 2522 Reliqua
1510 2457 1680 2521 observatio,
1692 2476 1726 2512 nc
1737 2461 1840 2514 fissura

1036 2522 1228 2577 innodabat:
1250 2522 1379 2590 repudiat
1398 2524 1501 2590 quippe
1513 2524 1645 2578 advenam
1658 2526 1838 2596 inhospitalis
1908 2540 1912 2545 “

1038 2592 1150 2645 duritia.
1186 2593 1223 2642 Ut
1244 2593 1271 2641 in
1293 2597 1372 2658 parte
1384 2592 1562 2655 nitidissima,
1581 2595 1837 2664 nelongiormulto

1038 2662 1128 2714 tribus
1140 2660 1247 2725 digitis,
1259 2674 1294 2725 ne
1304 2658 1426 2725 obliqua,
1436 2676 1470 2712 ne
1481 2663 1665 2714 translucens.
1701 2665 1838 2733 Virgilius

1038 2745 1073 2783 ex
1082 2730 1223 2781 cacumine
1235 2728 1321 2781 inseri
1332 2733 1420 2781 vetut.
1456 2728 1624 2798 Certumque
1636 2736 1687 2794 est,
1697 2734 1733 2786 ab
1744 2734 1839 2789 hume·

1038 2800 1079 2852 ris
1088 2797 1219 2849 arborum
1233 2795 1369 2849 orientem
1391 2797 1528 2849 ceodrum
1540 2801 1730 2866 spectantibus
1740 2819 1837 2857 surcu.

1037 2868 1082 2920 los
1100 2864 1246 2933 petendos,
1268 2870 1297 2916 et
1313 2878 1328 2916 e
1339 2863 1493 2928 feracibus,
1512 2874 1542 2921 et
1553 2884 1569 2920 e
1580 2870 1703 2935 germine
1714 2874 1837 2938 novello,

1038 2936 1093 2988 uisi
1103 2941 1235 2988 uetustae
1244 2934 1338 2988 arbori
1348 2934 1520 2989 inserantur:
1540 2937 1563 2989 ii
1578 2940 1651 2991 euim
1666 2942 1837 2997 robustiores

1039 3020 1099 3059 esse
1110 3006 1221 3057 debent.
1240 3004 1393 3057 Praeterea
1403 3013 1434 3057 ut
1445 3013 1640 3075 praegnantes,
1651 3007 1766 3076 honest,
1778 3028 1839 3080 ger·

1038 3074 1192 3127 sanatione
1206 3081 1363 3140 tingentes,
1380 3077 1468 3142 etqui
1485 3090 1582 3141 parere
1601 3078 1652 3129 illu
1664 3085 1839 3146 sperauerint

1038 3159 1121 3196 anno.
1155 3142 1230 3194 Blmi
1251 3144 1356 3210 utique,
1378 3158 1431 3196 nec
1450 3148 1593 3199 tenuiores
1613 3146 1838 3215 digitominimo.

1037 3215 1201 3265 inserantur
1211 3218 1305 3264 autern
1316 3218 1345 3264 et
1355 3212 1465 3274 inversi,
1477 3229 1538 3266 cuns
1547 3214 1577 3267 tu
1588 3216 1692 3284 agitur,
1703 3224 1735 3270 ut
1746 3221 1839 3272 minor

185 3302 251 3340 men
261 3285 365 3348 docuit,
374 3300 407 3338 nc
413 3282 598 3335 viviradicem.
609 3280 717 3333 Eadem
728 3288 821 3334 autem
832 3287 933 3333 natura
942 3288 987 3332 est
1039 3281 1161 3335 altitudo
1173 3282 1202 3332 in
1211 3280 1390 3335 latitudinem
1401 3296 1432 3332 se
1442 3282 1549 3336 fundat.
1577 3286 1649 3337 Ante
1660 3288 1753 3339 omnia
1763 3304 1838 3356 gens·

186 3356 286 3410 ederis.
297 3350 735 3421 Cutopropagaripractcrritem
744 3351 987 3414 traditilnunrmlc·
1039 3357 1148 3404 montes
1168 3349 1259 3403 nitere
1273 3351 1431 3413 conveniet,
1449 3350 1519 3403 nibil
1533 3367 1650 3418 usquam
1661 3354 1838 3410 buloerosum

185 3423 525 3488 am,Punicam,malorum
533 3421 986 3491 geaeraomcis,luurum,prunus,
1040 3425 1165 3489 esse,aut
1176 3419 1354 3472 retorridum.
1372 3418 1439 3487 Spei
1446 3419 1523 3473 foret
1530 3422 1838 3480 medullacalasnicom·

186 3490 986 3632 ii'ii‘slii‘tti'ititt.‘litteratorium
1039 3488 1778 3625 iniisti,nitilirinitt‘i‘liin
1806 3496 1839 3547 Μ

578 3580 585 3613 ι
1473 3578 1481 3611 ι
1576 3578 1644 3613 narr.
1696 3579 1713 3614 a
1743 3580 1782 3616 nu
1809 3581 1838 3616 r·

185 3637 216 3689 in
226 3583 353 3691 scrrffbem
363 3641 484 3702 quatuor
493 3632 594 3700 pedum
603 3636 760 3697 quoquo,et
771 3634 834 3695 post
845 3628 986 3680 biennium
1039 3630 1134 3682 acutia
1145 3627 1295 3680 medullam
1306 3641 1341 3679 ne
1351 3627 1446 3680 nudet.
1481 3576 1675 3683 Tenuiltumes
1686 3581 1837 3688 fistularis·

186 3713 334 3775 amputato
344 3703 428 3766 flexu,
449 3702 600 3770 plantaque
609 3699 748 3751 translata
758 3699 987 3764 posttrimatum:
1039 3706 1126 3766 tegat,
1147 3704 1180 3749 ut
1198 3696 1343 3765 instigatio
1364 3696 1437 3749 laevi
1466 3699 1617 3752 descendat
1633 3716 1728 3766 cuneo,
1748 3703 1838 3756 tribus

186 3792 258 3845 quas
270 3776 295 3827 si
305 3774 416 3841 longius
427 3771 500 3824 ferre
510 3770 607 3831 libeat,
621 3770 652 3820 io
662 3767 754 3835 qualis
764 3767 869 3829 statim,
880 3773 930 3819 aut
938 3782 987 3818 va·
1040 3784 1095 3820 non
1106 3766 1241 3834 ampliore
1252 3765 1359 3833 digitis.
1388 3766 1469 3829 Quod
1481 3766 1617 3823 facillime
1627 3771 1772 3840 contingit,
1783 3777 1838 3825 tin·

187 3846 228 3896 sis
239 3843 373 3896 fictilibus
389 3840 522 3893 defodere
537 3839 706 3906 propagines
717 3838 901 3903 aptissimum,
918 3842 949 3888 ut
960 3836 988 3887 in
1040 3847 1115 3890 ctum
1132 3851 1205 3903 aqua
1223 3835 1397 3888 radentibus.
1431 3836 1840 3902 Neexacuaturinrento,uec

186 3914 225 3965 iis
235 3911 451 3966 transferantur.
485 3909 611 3963 Alterum
622 3907 899 3975 genuslusuriosius,
915 3905 989 3959 radi·
1040 3904 1380 3973 cortexalignudecedst
1392 3905 1532 3961 altemtri
1568 3909 1697 3961 Calamus
1706 3911 1742 3963 ad
1753 3911 1838 3963 corti·

187 3997 234 4034 ces
245 3981 344 4049 inipso
353 3977 769 4043 arboresolicitando,traiectls
781 3992 830 4044 per
840 3991 908 4028 vasa
919 3976 989 4028 ficti·
1040 3991 1198 4043 nemusque
1213 3990 1295 4027 suurn
1311 3976 1489 4042 deprimatur.
1526 3976 1569 4028 Ne
1578 3976 1703 4041 laxetur,
1713 3978 1776 4029 dum
1790 3978 1838 4031 de·

186 4050 396 4119 liavelqualos
408 4049 504 4113 ramis,
525 4055 659 4114 terraque
681 4045 882 4099 circumfertis:
903 4053 989 4115 atqua
1040 4048 1183 4113 primitur:
1204 4060 1274 4097 nere
1286 4046 1688 4114 cortanepliceturinrugas.
1716 4045 1782 4097 ideo
1794 4046 1838 4098 la-

186 4120 244 4173 hoc
258 4120 448 4174 blandimento
462 4118 619 4185 impetratis
639 4116 793 4179 radicibus,
811 4119 886 4169 inter
905 4130 989 4182 ponsa
1041 4117 1190 4167 crimontes
1210 4115 1334 4168 onlamos
1354 4114 1638 4181 inseriuonoportet‚
1660 4110 1839 4166 nonhercule

185 4191 442 4258 lpsnetcacumina
462 4187 502 4248 (in
522 4200 632 4237 summa
651 4185 753 4236 etenim
774 4184 920 4237 cacumina
936 4184 989 4237 boc
1041 4183 1139 4250 magis,
1160 4198 1243 4250 mam
1264 4183 1371 4236 aridos:
1391 4183 1458 4248 quia
1475 4183 1525 4235 illo
1541 4183 1624 4235 modo
1636 4185 1712 4235 labat
1722 4179 1838 4235 humore

184 4259 272 4312 nsodo
284 4258 428 4325 petuntur)
438 4254 538 4306 audaci
547 4253 659 4319 ingenio
670 4253 799 4304 arborem
809 4252 894 4305 aliam
905 4252 988 4318 longe
1040 4252 1126 4305 nimfo
1137 4257 1248 4304 cortex:
1269 4251 1331 4314 hoc,
1346 4251 1428 4302 vitali
1439 4251 1551 4304 defectu
1561 4266 1616 4303 non
1626 4250 1772 4311 humescit,
1793 4267 1839 4304 ne·

185 4328 318 4382 atellure
328 4323 459 4383 faciendi,
480 4321 588 4380 eodem,
606 4335 764 4387 quosupra,
783 4321 988 4387 hicnniispatin
1041 4327 1328 4389 queconcorporatur.
1364 4317 1397 4369 ld
1410 4319 1653 4387 ctiamreligiouis
1663 4326 1786 4384 serrant,
1808 4331 1839 4374 ut

185 4399 315 4453 abscisso
325 4391 490 4459 propagine,
509 4396 610 4443 etcum
622 4388 712 4454 qualis
727 4389 868 4441 illissata.
885 4389 989 4455 §abina
1041 4391 1123 4442 ιιιιιιιι
1143 4394 1303 4450 crescente,
1324 4393 1358 4439 ut
1377 4387 1504 4440 calamus
1522 4394 1644 4456 utraque
1663 4388 1838 4457 deprimatur

137 4472 166 4527 4
185 4467 275 4521 herba
285 4461 441 4530 propagine
458 4459 563 4531 seritur
573 4465 600 4507 et
611 4458 762 4527 avulsione.
790 4459 918 4513 Tradunt
927 4458 986 4513 fae·
1039 4473 1132 4511 nunu.
1165 4458 1204 4510 iit
1223 4457 1329 4525 alioqui
1347 4458 1376 4510 in
1397 4455 1450 4508 boc
1469 4457 1838 4523 opereduaesiarulmsnus

186 4530 219 4590 ce
228 4534 298 4596 uini,
309 4537 359 4584 aut
369 4547 384 4583 e
396 4524 649 4596 parietibuslaiere
661 4532 725 4580 tuso
738 4528 807 4579 mire
815 4528 862 4581 ali.
886 4527 986 4581 lisdem
1040 4531 1131 4583 minus
1142 4527 1278 4590 nituntur,
1289 4528 1446 4580 necessario
1457 4532 1685 4595 temperamento.
1708 4529 1841 4583 validius

185 4606 279 4658 modis
288 4601 475 4663 rosmaripum
487 4599 597 4657 seritur,
609 4602 637 4648 et
651 4610 742 4660 ramo,
754 4599 883 4664 quoniam
895 4599 989 4653 neutri
1041 4600 1113 4654 enim
1126 4597 1238 4650 demmsi
1250 4597 1357 4649 tardius
1367 4596 1469 4658 ferunt,
1480 4596 1584 4649 fortius
1595 4598 1707 4650 durant:
1726 4607 1838 4653 contra·

185 4689 292 4729 semen.
329 4667 563 4730 libododendron,
573 4666 728 4734 propagine
739 4674 769 4719 et
778 4669 892 4721 semina.
1040 4670 1086 4732 rii,
1098 4683 1132 4721 ex
1143 4666 1264 4720 diverso.
1298 4666 1339 4719 Ne
1349 4665 1440 4719 hiscat
1450 4666 1563 4719 nimium
1575 4668 1655 4732 nora,
1665 4668 1839 4736 laxequeca·

222 4741 310 4796 xxti.
328 4739 440 4793 Semina
450 4752 558 4805 quoque
574 4736 698 4790 inserere
710 4743 811 4789 natura
821 4737 925 4801 ducah,
943 4751 987 4790 rn-
1041 4741 1113 4807 piat,
1132 4744 1182 4791 aut
1193 4752 1351 4806 neparum:
1373 4745 1404 4790 et
1424 4736 1571 4803 exprimat,
1591 4744 1640 4790 aut
1650 4754 1838 4806 compressum

184 4816 259 4883 prim
271 4811 361 4863 avium
372 4809 448 4862 fame
457 4807 601 4869 devorato,
613 4806 768 4874 solidoque,
787 4808 988 4874 ctalritspore
1040 4814 1131 4862 neceb
1166 4807 1228 4859 lion
1248 4808 1369 4859 manime
1387 4807 1616 4875 praecavendum,
1635 4814 1668 4860 ut
1677 4809 1840 4875 praevalide

184 4880 309 4943 madido,
329 4895 391 4933 cum
410 4877 545 4931 foecundo
568 4876 819 4930 liminsedieamine
838 4876 990 4931 abiectoin
1041 4877 1205 4944 accipientis
1216 4877 1754 4947 truncoinmediatlssurarclinquatur.
1773 4880 1840 4944 Qui·
1907 4934 1912 4943 ,

184 4948 319 5005 mollibus
334 4949 464 5002 arborum
482 4948 599 5009 lecticis,
619 4952 647 4999 et
658 4946 747 4998 sentis
758 4947 990 5012 saepetraaslata
1040 4948 1103 5000 dam
1115 4945 1236 5013 vestigio
1256 4948 1373 4998 fissurae
1384 4946 1456 5000 falce
1472 4948 1500 4999 in
1518 4950 1623 5001 truncis
1643 4949 1729 5012 facto,
1750 4950 1839 5002 salica

184 5025 214 5073 in
222 5020 337 5088 aliquas
345 5019 478 5072 corticum
490 5020 590 5069 rimas:
606 5014 679 5069 unde
691 5016 812 5068 vidimus
823 5031 948 5069 cerasum
959 5020 990 5067 in
1040 5015 1200 5085 praeligant
1209 5018 1364 5083 nsmginem
1381 5016 1480 5083 ipsum.
1516 5016 1617 5070 Postea
1628 5034 1732 5072 cuneos
1743 5020 1841 5086 figunt,

184 5090 285 5152 salica,
304 5089 447 5156 platanum
457 5087 487 5138 in
498 5087 587 5147 lauro,
605 5085 714 5137 laurum
727 5087 799 5137 inec
848 5085 988 5151 o,etbac·
1040 5087 1203 5138 contincnto
1212 5084 1323 5138 vinculo
1334 5086 1493 5138 libertatem
1505 5086 1676 5140 dehiscendi.
1694 5089 1839 5152 Quaedam

186 5175 234 5213 nas
249 5158 334 5212 simul
353 5157 516 5211 discolores.
551 5154 815 5209 'tradunteemone
837 5155 986 5208 ulamcon·
1040 5154 1698 5223 inplantarioinnitaeudemdietransferuntur.
1725 5157 1840 5209 Sicras·

187 5227 301 5282 dentem
318 5228 425 5281 semina
443 5226 474 5278 in
484 5225 633 5280 thesauros
654 5238 845 5288 cavernarum,
862 5226 987 5278 eiusdem
1040 5228 1098 5277 sior
1114 5230 1228 5277 truncus
1248 5225 1398 5286 inseratur,
1418 5228 1492 5278 inter
1501 5227 1635 5281 corticem
1646 5236 1675 5279 et
1686 5225 1790 5294 lignum
1801 5227 1839 5275 in·

186 5299 492 5365 rsipraebereoausna
1040 5294 1097 5347 seri
1109 5293 1217 5357 melisa,
1239 5308 1328 5348 cuneo
1338 5295 1443 5361 optime
1453 5310 1545 5357 amco,
1564 5312 1600 5349 ne
1610 5296 1716 5347 cortice
1726 5307 1838 5357 rumpo·

220 5368 323 5423 xxiii
340 5356 663 5427 nuenarianam,
674 5364 803 5419 sutoriae
813 5362 899 5417 siniti
910 5362 988 5415 osta
1039 5363 1201 5416 turlaxato.
1237 5365 1333 5417 Gerasi
1348 5365 1422 5418 libra
1431 5365 1686 5419 demtoiinduntnr.
1721 5362 1784 5412 liae
1795 5376 1839 5411 so-

182 5437 215 5491 la
224 5438 369 5507 aperiendi
379 5440 408 5489 in
418 5435 519 5487 arbore
528 5433 643 5488 oculum
653 5435 759 5487 cortice
769 5433 873 5495 exciso,
881 5447 987 5485 sensn-
1039 5433 1120 5487 laer‘
1347 5435 1515 5487 ‘merantur
1540 5426 1839 5486 Demtolibrolsabent

223 5504 411 5562 eincludsndi
431 5503 637 5559 eademiistula
657 5501 920 5558 sublatumeaalia.
955 5501 988 5555 ln
1039 5502 1083 5557 rel
1380 5504 1424 5555 *si
1435 5519 1496 5556 com
1516 5500 1645 5554 rehendit
1655 5496 1781 5560 insitum,
1791 5512 1840 5564 pu·

178 5522 245 5629 32„
264 5585 360 5631 autem
381 5583 410 5631 et
428 5574 511 5627 usalis
530 5572 598 5629 hacc
617 5571 670 5627 fuit
689 5574 846 5629 mornatio
864 5574 986 5643 nunqua.
1040 5579 1072 5629 tr
1421 5588 1450 5621 vs
1471 5517 1601 5623 adactum
1623 5565 1771 5618 utilissime
1788 5567 1837 5619 ad·
