4340 6018
358 326 416 387 iss
485 325 520 387 c.
565 322 712 387 rursu
753 317 956 382 saeuum
999 314 1163 377 nsrua
1207 315 1394 377 arsroa
1438 314 1586 375 mss.
1631 314 1878 379 cnr.44-s1.
1958 282 1966 304 ‘

356 474 512 545 quindecim
524 473 652 543 garrulus
662 472 721 524 sine
731 467 892 522 intermissu
902 472 1009 530 mutos,
1023 466 1156 519 densante

356 562 387 599 se
398 544 537 598 frondidm
549 545 687 612 germine,
707 552 762 591 non
777 538 806 588 in
823 537 1001 588 novissimum
1012 534 1098 602 digna
1107 535 1156 586 mi-

356 622 422 669 rata
433 631 492 668 are.
520 613 641 666 Primum
654 614 733 660 tanta
741 621 795 659 ros
805 614 863 658 tam
875 621 960 674 parre
972 606 1000 656 in
1011 619 1157 672 corpuscu-

311 686 318 697 '
356 685 400 747 lo,
420 690 477 737 tam
494 685 623 750 pertinax
639 677 764 743 spiritus.
801 676 908 728 Deinde
924 677 951 726 in
964 674 1157 741 unnperfecta

356 754 479 811 musicae
497 751 613 802 scientia
633 745 791 798 modulatus
812 746 906 797 editur
920 758 1017 794 sunus:
1040 750 1069 796 et
1086 758 1157 794 nunc

357 824 489 879 continuo
508 818 608 885 spiritu
625 814 745 869 trahitur
759 816 788 866 in
799 814 928 882 longum,
948 827 1022 863 nunc
1032 814 1157 865 variatur

354 894 465 954 inflexo,
476 902 547 940 nunc
558 885 740 953 distinguitur
749 884 869 944 conciso,
877 881 1026 948 copulatur
1036 882 1156 933 intorto:

354 960 530 1030 promittitur
539 959 681 1015 resecato,
691 952 848 1004 infuscatur
859 966 893 1003 es
903 952 1062 1019 inopinato:
1074 954 1157 1002 inter·

355 1031 419 1083 dum
431 1034 460 1081 et
470 1042 563 1080 seeum
574 1028 633 1092 ipse
644 1027 809 1076 murmurat:
820 1021 927 1088 plenus,
938 1021 1039 1088 manis,
1050 1027 1157 1082 acutus,

355 1101 460 1160 creber,
481 1103 622 1149 extentus:
646 1092 856 1155 ubivisumest,
878 1090 1004 1151 vibrans,
1025 1098 1157 1150 summus,

355 1167 477 1229 medius,
498 1169 579 1219 imus.
615 1161 796 1228 Breviterque
815 1160 908 1209 omnia
922 1167 978 1208 tam
994 1156 1116 1223 parvulis
1128 1157 1157 1207 in

354 1237 495 1300 faucibus,
512 1249 581 1300 quae
592 1229 739 1298 exquisitis
749 1227 881 1278 tibiarum
893 1226 1040 1277 tormentis
1052 1241 1098 1277 ars
1109 1224 1157 1277 ho-

353 1307 460 1357 minum
471 1301 655 1368 excogitauit:
670 1301 702 1346 ut
713 1309 766 1347 non
779 1295 816 1347 sit
827 1295 941 1347 dubium
952 1293 1023 1346 hanc
1035 1296 1157 1347 suavita·

278 1377 286 1388 '
353 1381 412 1427 tem
433 1372 680 1439 praemonstratam
703 1364 807 1417 efficaci
829 1366 962 1433 auspicio,
983 1379 1044 1416 cnm
1059 1367 1088 1416 in
1108 1379 1158 1417 ore

354 1441 507 1497 Stesichori
519 1437 620 1489 cecinit
630 1434 755 1486 infantis.
789 1435 830 1487 Ae
841 1450 877 1486 ne
893 1438 955 1502 quis
968 1435 1077 1487 dubitet
1088 1437 1157 1486 artis

354 1527 425 1574 esse,
437 1509 528 1575 plures
538 1505 658 1574 singulis
669 1510 733 1555 sunt
742 1509 848 1566 cantus,
859 1505 1002 1557 neeiidem
1016 1505 1156 1569 omnibus,

354 1581 403 1634 sed
414 1579 458 1629 sui
468 1577 573 1642 auique.
610 1576 724 1627 certant
734 1576 806 1625 inter
816 1589 855 1635 se,
872 1573 1021 1641 palamque
1032 1574 1158 1625 animosa

271 1687 274 1695 .
354 1647 493 1701 eontentio
505 1650 556 1697 est.
585 1643 670 1697 Victa
679 1650 769 1695 murm
781 1644 841 1694 linit
853 1657 938 1710 saepe
947 1645 1042 1706 ritem,
1055 1644 1157 1711 spiritu

353 1718 429 1785 prius
440 1714 602 1779 deficiente,
623 1728 705 1781 quam
717 1718 809 1766 cautu.
846 1712 1023 1765 Meditantur
1033 1713 1107 1766 aliae
1118 1712 1158 1763 iu·

352 1788 463 1846 niores,
484 1798 636 1851 remusque
646 1797 715 1850 quos
732 1780 880 1834 imitentur
889 1783 1037 1848 accipiunt.
1072 1782 1158 1835 nunu

354 1854 491 1923 discipula
500 1852 654 1905 intentione
666 1866 776 1920 magna,
788 1858 818 1903 et
828 1851 932 1903 reddit:
945 1852 1105 1919 vicibusque
1116 1866 1158 1902 re·

352 1924 448 1977 tieent.
484 1922 655 1989 intelligitur
674 1921 836 1973 emendatae
854 1921 1001 1983 correctio,
1023 1929 1051 1972 et
1067 1922 1095 1971 in
1107 1919 1156 1971 du·

354 1999 435 2047 cente
445 1992 581 2059 quaedam
592 1989 781 2057 reprehensio.
792 1991 867 2057 Ergo
878 2004 1023 2042 serrorum
1034 1989 1091 2040 illis
1099 2003 1158 2056 pre·

353 2064 394 2115 tia
403 2066 480 2113 suut:
501 2061 651 2127 etquidem
663 2060 808 2127 ampliora,
827 2074 910 2126 quam
922 2058 1020 2127 quibus
1034 2059 1102 2109 olim
1111 2073 1157 2109 ar·

354 2130 454 2200 migeti
472 2131 653 2198 parabantur.
690 2127 754 2182 Seio
773 2130 910 2181 sestertiis
929 2142 992 2189 sex,
1011 2128 1158 2180 candidam

353 2201 486 2268 alioquin,
510 2201 582 2268 quod
594 2207 637 2251 est
649 2198 924 2266 propeiuusitatum,
946 2197 1064 2261 uenisse,
1084 2212 1155 2264 quae

353 2270 523 2339 Agrippinae
536 2269 645 2321 Claudii
665 2267 800 2336 principis
816 2268 929 2338 coniugi
947 2265 1158 2320 denudaretur.

353 2340 450 2393 Visum
471 2341 528 2391 iam
547 2353 640 2404 saepe,
660 2338 751 2390 iussas
773 2352 872 2390 canem
891 2339 1025 2404 coepisse,
1047 2345 1076 2389 et
1096 2352 1157 2389 cum

354 2408 524 2479 symphonia
534 2409 701 2460 alternasse:
724 2406 1088 2473 sicuthominesrepertes,
1110 2408 1158 2473 qui

354 2492 453 2531 sonum
465 2492 570 2539 earum,
586 2477 682 2529 addita
691 2476 720 2527 in
730 2482 907 2528 transversas
918 2476 1067 2529 arundines
1079 2490 1158 2543 aqua,

352 2547 481 2600 foramen
492 2547 670 2613 inspirantes,
691 2545 860 2615 linguaeque
870 2561 956 2614 parra
965 2545 1059 2613 aliqua
1070 2560 1156 2614 oppo-

353 2617 411 2668 sita
420 2629 508 2678 mora,
518 2615 671 2667 indiscreta
681 2615 832 2668 redderent
842 2612 1032 2667 similitudine.
1044 2614 1099 2668 Sed
1109 2629 1158 2667 eae

353 2690 449 2736 mutae
469 2690 581 2751 tamque
592 2686 715 2735 artifices
726 2685 853 2749 argutiae
864 2685 1049 2751 aquindecim
1060 2686 1158 2737 diebus

352 2753 490 2824 paulatim
501 2753 637 2814 desinunt,
648 2767 699 2805 nec
707 2756 739 2803 ut
749 2750 884 2820 fatigatas
896 2755 986 2818 possis
997 2755 1099 2813 dicere,
1111 2760 1159 2805 aut

353 2824 481 2876 satiatas.
516 2824 583 2875 Mox
598 2828 676 2873 aestu
687 2827 768 2873 auctu
780 2821 909 2871 intutum
921 2821 1093 2883 aliaroxlit,
1107 2837 1158 2873 nec

353 2892 506 2955 modulata,
526 2898 574 2943 aut
585 2892 673 2943 varia.
709 2889 838 2942 ltlutatur
849 2896 877 2942 ct
889 2890 974 2942 color.
1012 2890 1157 2942 Postremo

352 2960 444 3015 hieme
455 2962 517 3027 ipsa
526 2975 583 3011 nun
594 2959 725 3011 cernitur.
738 2958 854 3028 Linguis
868 2973 963 3009 earum
974 2960 1096 3010 tenuitas
1107 2958 1158 3011 illa

351 3033 444 3103 prima
455 3045 509 3082 non
522 3035 573 3089 est,
584 3043 656 3094 quae
667 3028 768 3080 ceteris
779 3029 884 3099 aribus.
895 3026 1013 3080 Pariunt
1025 3043 1091 3080 rere
1102 3029 1158 3097 pri·

352 3114 399 3156 mo
410 3117 472 3154 cum
484 3097 631 3168 plurimum
644 3112 711 3149 sena
722 3112 783 3149 ora.

387 3171 488 3225 xulv.
506 3169 570 3220 Alia
589 3168 663 3220 ratio
686 3166 827 3218 ficedulis:
850 3180 914 3216 nam
933 3164 1053 3217 formam
1070 3163 1156 3215 simui

354 3241 529 3307 coloremque
540 3244 658 3289 mutant.
695 3237 759 3287 iloc
770 3250 870 3286 nomeu
881 3240 1029 3286 autumno:
1042 3247 1097 3284 non
1110 3231 1157 3284 ha-

353 3313 421 3364 bent
432 3316 543 3379 postea:
557 3303 766 3374 melancoryphi
778 3310 923 3355 vocantur.
959 3302 1006 3355 Sic
1017 3306 1045 3355 ct
1057 3299 1158 3354 eritha-

354 3397 402 3433 cus
414 3380 514 3443 hieme,
525 3379 598 3432 idem
611 3378 795 3447 phoenicurus
807 3379 926 3426 aestate.
947 3374 1040 3425 Mutat
1051 3379 1080 3424 et
1090 3387 1157 3439 upu-

354 3465 398 3517 pa,
417 3446 711 3514 uttradithcsehylus
724 3451 820 3513 poeta,
842 3442 1155 3508 obscoenaaliaspastu

353 3519 422 3579 avis,
443 3519 527 3569 crista
535 3516 651 3567 visenda
662 3515 792 3583 plicatili,
802 3511 978 3571 ‚contrahens
990 3527 1052 3564 eam
1064 3512 1155 3563 suhri·

353 3600 475 3653 gensque
484 3598 536 3700 per
545 3584 752 3650 longitudinem
764 3582 873 3649 capitis.

388 3652 473 3704 XLV.
510 3651 628 3702 enanthe
638 3651 748 3718 quidem
760 3652 844 3702 etiam
856 3656 947 3703 statos
957 3649 1085 3702 latebrae
1096 3648 1157 3702 dies

352 3719 446 3780 habet,
467 3719 610 3770 exoriente
620 3718 694 3771 Sirio
707 3720 858 3782 occultata,
874 3723 909 3773 ah
921 3734 1021 3772 occasu
1033 3718 1156 3771 eiusdem

353 3786 462 3856 prodit:
474 3787 549 3853 quod
562 3784 702 3850 miremur,
714 3788 783 3854 ipsis
797 3788 896 3839 diebus
908 3795 1063 3855 utrumque.
1076 3787 1157 3839 Chlo·

353 3857 551 3923 riunquoque,
574 3858 708 3923 quitotus
727 3856 885 3918 estluieus,
904 3856 994 3909 hieme
1008 3862 1158 3921 nunrisus,

352 3928 427 3980 circa
438 3925 562 3977 solstitia
572 3925 705 3991 procedit.
736 3924 865 3976 Merulae
877 3928 952 3977 eirca
962 3926 1097 3994 cyllenen
1108 3929 1157 3979 Ar·

352 3995 458 4058 cadiae,
470 4010 522 4047 nec
532 4010 647 4062 usquam
660 3994 757 4058 aliubi,
769 3993 904 4048 candidae
917 4003 1075 4048 nascuntur.
1101 3995 1157 4047 lhis

352 4067 426 4117 circa
437 4064 577 4185 Pplpsium
590 4072 696 4117 tantum
707 4067 789 4135 nigra
799 4070 851 4128 est,
863 4066 964 4118 ceteris
975 4064 1104 4118 omnibus
1116 4066 1158 4119 lu·

352 4137 455 4188 eiscan
476 4136 485 4186 i
508 4150 533 4188 a.

387 4204 484 4256 XLVl.
503 4204 627 4266 oscines,
639 4212 749 4269 praeter
760 4208 901 4272 exceptas,
912 4218 967 4256 nou
979 4209 1084 4258 temere
1094 4204 1155 4257 foe·

352 4283 398 4327 tus
410 4275 514 4327 faciunt
525 4282 590 4326 ante
600 4274 807 4341 aequinoctium
824 4289 953 4340 vernum,
974 4281 1024 4327 aut
1034 4281 1099 4342 post
1110 4291 1158 4326 au·

352 4344 492 4395 tumnsle:
512 4350 577 4396 ante
588 4344 739 4397 solstitium
751 4350 845 4398 autem
859 4343 967 4409 dubios,
987 4353 1051 4414 post
1061 4344 1155 4398 solsti-

352 4414 423 4463 tium
434 4411 540 4463 vitales.

384 4478 497 4529 xcvii.
517 4479 559 4531 Eo
570 4482 691 4536 maxime
702 4488 766 4536 sunt
776 4484 898 4554 insignes
909 4484 1070 4554 halcyoues.
1087 4485 1156 4537 Dies

354 4562 447 4602 aarum
461 4555 558 4614 partas
570 4553 666 4612 maria,
682 4554 781 4620 quique
793 4556 934 4623 navigant,
946 4569 1057 4607 novere.
1094 4555 1158 4620 lpsa

353 4618 412 4671 aris
433 4615 515 4683 poulo
535 4618 654 4684 amplior
666 4634 786 4686 passere,
807 4625 903 4677 colore
914 4638 1021 4691 cyaneo
1032 4638 1067 4674 ex
1078 4628 1157 4690 parte

353 4687 475 4748 maioma
494 4692 601 4735 tantum
614 4692 759 4753 purpureis
771 4700 800 4743 et
810 4694 935 4745 candidis
946 4693 1080 4745 admixtis
1092 4706 1156 4759 pen·

355 4757 407 4815 nis,
418 4754 491 4806 eollo
503 4754 604 4821 gracili
614 4770 647 4806 ae
658 4768 783 4819 procero.
818 4762 943 4814 Alterum
959 4777 1048 4830 genus
1059 4776 1155 4813 earum

354 4822 545 4890 magnitudine
557 4822 736 4889 distinguitur·
747 4832 776 4877 et
787 4837 876 4881 cantu.
897 4831 1023 4883 Minores
1035 4832 1064 4883 in
1076 4846 1153 4881 arun·

354 4891 459 4942 dinetis
471 4898 582 4944 canunt.
622 4893 795 4961 Halcyonem
806 4897 901 4949 ridere
917 4900 1090 4951 rarissimum
1103 4906 1156 4961 est,

354 4975 406 5013 nec
416 4963 470 5013 nisi
482 4962 670 5029 Vergiliarum
692 4978 807 5026 οοοοοο,
828 4972 856 5017 et
871 4958 946 5019 eirca
957 4970 1081 5021 solstitia
1092 4968 1157 5020 bru-

355 5044 471 5093 msmre,
483 5045 553 5082 nave
565 5031 713 5098 aliquando
725 5034 927 5088 circumvelata
936 5038 1032 5090 statim
1045 5040 1073 5089 in
1085 5038 1155 5091 late·

352 5099 418 5152 bras
428 5100 584 5151 abeuntem.
619 5102 784 5154 i'uetilieaot
794 5104 902 5167 bruma,
913 5109 961 5171 qui
971 5107 1031 5159 dies
1042 5105 1155 5174 halcyo-

353 5168 432 5222 nides
440 5168 703 5234 vocantur‚piacido
713 5172 783 5224 nrari
794 5187 897 5240 pereos
908 5180 937 5225 et
947 5176 1105 5244 navigabili,
1117 5178 1156 5229 Si·

353 5238 418 5291 culo
429 5241 557 5291 maximo.
595 5237 712 5290 Faciunt
723 5248 815 5293 autem
833 5248 940 5308 septem
952 5251 1016 5299 ante
1029 5248 1155 5299 brumam

353 5308 450 5361 diebus
462 5308 550 5368 nidos,
571 5313 600 5359 et
611 5308 727 5361 totidem
741 5312 920 5380 sequentibus
931 5315 1051 5380 pariunt.
1088 5316 1157 5368 Nidi

353 5392 448 5430 earum
467 5376 678 5430 admirationem
701 5375 807 5431 habent
826 5381 900 5447 pilae
922 5384 1021 5453 ligura,
1044 5386 1155 5452 paulum

353 5448 495 5508 eminenti,
516 5462 565 5500 ore
576 5462 707 5515 perquam
719 5455 848 5517 angusto,
865 5450 1011 5520 granffium
1024 5457 1155 5524 spongia·

353 5529 413 5566 rum
426 5516 620 5569 similitudine:
641 5515 716 5570 ferro
727 5519 857 5571 intercidi
874 5534 931 5572 nun
943 5531 1061 5603 queunt,
1082 5526 1156 5577 fran-

353 5591 458 5653 gnntm
467 5588 523 5637 leta
535 5586 640 5652 relide,
652 5594 683 5641 ut
694 5602 793 5659 spuma
802 5589 883 5647 arida
892 5604 985 5644 matrs.
1012 5592 1073 5646 Nec
1082 5595 1156 5649 uude

1209 464 1571 535 confingantur,inrenitur.
1607 461 2014 532 Putantexspiuisaeuleatiss

1209 536 1331 603 piscibus
1343 535 1418 588 enim
1428 534 1532 586 virunt.
1554 530 1680 585 Suheuot
1691 540 1719 586 et
1730 533 1758 586 ia
1768 548 1872 588 aarum.
1898 535 2016 590 Pariunt

1209 620 1368 726 orpprpplrp
1389 672 1494 726 Gariae
1514 671 1545 724 in
1565 671 1653 739 petris
1664 671 1821 724 nidificant:
1844 674 1933 742 mergi
1943 682 1973 727 et
1982 676 2013 727 in

1209 745 1366 797 arboribus.
1394 741 1511 794 Pariunt
1525 742 1673 808 plurimum
1685 748 1778 795 terna:
1799 741 1848 795 sed
1859 748 1958 812 gaviae
1968 760 2014 799 aa·

1210 821 1292 877 state,
1305 813 1393 880 mergi
1404 812 1555 879 incipiente
1565 826 1640 864 rere.

1244 882 1343 934 deX.
1362 881 1542 948 Halcyonum
1564 880 1624 933 nidi
1644 880 1748 948 ligtrra,
1767 878 1937 948 reliquarum
1948 895 2014 947 quo·

1210 966 1263 1020 que
1284 950 1417 1004 solertiae
1438 951 1582 1001 admonet:
1613 963 1702 1018 neque
1723 948 1781 1002 alia
1789 958 1884 1071 parte
1899 949 2015 1018 ingenia

1210 1020 1301 1073 arium
1313 1022 1401 1086 magis
1412 1017 1576 1070 admiranda
1585 1023 1660 1070 sunt.
1695 1019 1786 1070 llis-un
1809 1022 1867 1071 'nes
1880 1019 1939 1071 luto
1951 1036 2015 1073 cun·

1209 1093 1336 1150 struunt,
1354 1094 1509 1141 stramento
1520 1086 1663 1139 roborant.
1699 1085 1729 1140 si
1743 1088 1854 1156 quaudo
1867 1088 1962 1157 inopia
1972 1099 2015 1144 est

1210 1160 1272 1220 luti,
1293 1157 1466 1209 madefactae
1483 1156 1572 1209 insulta
1583 1171 1655 1224 aqua
1676 1157 1774 1222 pennis
1786 1159 1925 1225 puluerem
1938 1174 2014 1227 spar-

1210 1232 1288 1299 gunt.
1319 1228 1413 1294 ipsum
1423 1241 1490 1278 reru
1504 1227 1598 1278 nidum
1610 1225 1740 1278 mollibus
1752 1228 1854 1293 plumis
1864 1227 2014 1311 floccisque

1210 1302 1392 1348 consternunt
1402 1295 1602 1364 tepefaciendis
1614 1295 1771 1360 oris,simul
1783 1313 1819 1349 ne
1830 1297 1915 1348 durus
1926 1298 2012 1349 sitm·

1209 1365 1332 1418 lantibus
1343 1365 1437 1432 pullis.
1469 1365 1499 1416 ln
1511 1364 1589 1417 foetu
1600 1380 1708 1416 summa
1720 1367 1862 1434 aequitate
1872 1366 2015 1419 alternant

1211 1436 1311 1487 cibum.
1348 1433 1474 1487 Notabili
1483 1433 1621 1486 mariditia
1633 1443 1750 1502 egerunt
1767 1444 1944 1489 excrementa
1954 1437 2014 1504 pul·

1210 1505 1314 1561 lorumr
1335 1503 1544 1572 adultioresque
1554 1503 1707 1573 circumagi
1717 1503 1831 1570 docent,
1853 1512 1881 1557 et
1891 1504 1960 1558 foris
1970 1522 2014 1557 sa·

1210 1575 1357 1626 turitatem
1370 1575 1506 1627 emittere.
1542 1572 1667 1626 Alterum
1684 1589 1771 1643 genus
1782 1573 1959 1627 hirundinum
1971 1582 2013 1629 est

1210 1644 1376 1695 rusticarum
1389 1650 1417 1695 et
1428 1643 1596 1712 agrestium,
1619 1658 1689 1711 quae
1700 1659 1762 1695 raro
1773 1644 1800 1695 in
1812 1643 1955 1707 domibus,
1974 1644 2013 1696 di·

1210 1729 1305 1764 versos
1315 1712 1413 1780 ligura,
1433 1712 1483 1763 aed
1496 1713 1592 1763 eadem
1604 1714 1733 1777 materia,
1753 1715 1914 1782 confingunt
1924 1713 2014 1776 nidos,

1212 1790 1288 1835 totos
1298 1783 1420 1849 supinos,
1431 1780 1559 1832 faucibus
1571 1782 1707 1848 porrectis
1716 1781 1744 1832 iu
1756 1797 1789 1834 an
1841 1790 1911 1845 tum,
1932 1790 2013 1836 utero

1211 1853 1319 1919 capaci:
1332 1851 1432 1902 mirum
1444 1865 1498 1917 qua
1510 1851 1611 1918 peritia
1623 1857 1651 1903 et
1662 1851 1789 1903 occultas
1810 1852 2015 1920 ishabilespul·

1211 1922 1256 1983 lis,
1268 1929 1295 1973 et
1305 1920 1513 1973 substernendis
1523 1919 1632 1971 molles.
1642 1919 1672 1970 ln
1685 1922 1805 1989 Aegypti
1815 1920 2013 1975 Heracleotico

1212 1994 1283 2042 ustio
1303 1989 1405 2041 molem
1426 1989 1636 2043 continuatione
1656 1991 1784 2042 nidorum
1804 1990 1932 2060 eroganti
1948 1990 2014 2043 Nilo

1211 2059 1454 2126 inexpugnabilem
1479 2065 1622 2127 opponunt
1641 2060 1725 2113 stadii
1742 2059 1802 2113 fere
1813 2061 1895 2112 unlus
1907 2062 2013 2129 spatio:

1211 2129 1283 2198 quod
1295 2129 1414 2180 humano
1427 2144 1512 2196 opere
1525 2130 1620 2198 perlici
1631 2145 1685 2182 non
1696 2137 1799 2197 posset.
1812 2130 1943 2183 lneadem
1956 2132 2012 2181 iux·

1210 2206 1240 2250 ta
1252 2199 1382 2267 oppidum
1394 2202 1502 2266 Copton
1519 2199 1613 2251 insula
1628 2205 1670 2251 est
1685 2215 1765 2252 saera
1781 2200 1861 2263 laidi,
1882 2214 1963 2267 quam
1979 2214 2014 2250 ne

1211 2269 1318 2321 laceret
1340 2270 1427 2320 amnis
1445 2268 1533 2332 idem,
1553 2270 1681 2321 muniunt
1701 2285 1797 2336 opere,
1818 2267 2014 2336 incipientibus

1210 2339 1301 2390 vernis
1323 2336 1434 2402 diebus,
1456 2338 1537 2405 palea
1554 2347 1583 2391 et
1599 2345 1753 2392 stramento
1765 2345 1887 2392 restrum
1900 2339 1959 2391 eius
1970 2339 2015 2388 lir-

1211 2415 1326 2470 mantes,
1348 2407 1520 2461 continuatis
1540 2424 1590 2475 per
1601 2409 1724 2461 triduum
1738 2409 1867 2461 noctibus
1880 2414 1959 2460 tauto
1971 2406 2011 2457 ia·

1209 2479 1287 2540 bore,
1298 2484 1328 2529 ut
1338 2479 1441 2531 multas
1454 2481 1481 2530 in
1494 2494 1578 2546 opere
1589 2479 1676 2531 sorori
1687 2486 1806 2532 constet.
1837 2480 1930 2545 anue
1942 2477 2013 2541 mili·

1212 2552 1252 2599 tia
1263 2548 1319 2599 illis
1331 2564 1391 2600 curn
1405 2563 1479 2601 anno
1491 2548 1566 2601 redit
1576 2564 1694 2618 scurper.
1723 2549 1850 2602 Tertium
1863 2554 1905 2600 est
1917 2561 2013 2597 earum

1211 2634 1305 2737 gpnus,
1316 2632 1386 2685 quae
1397 2619 1473 2685 ripas
1485 2626 1629 2675 excavant,
1640 2627 1723 2686 atque
1735 2621 1776 2671 ita
1787 2615 2013 2670 internidilicant.

1240 2703 1318 2739 arum
1331 2688 1400 2753 pulli
1413 2689 1448 2739 ad
1459 2688 1577 2742 cinerem
1588 2690 1718 2752 ambusti,
1735 2688 1879 2741 mortifero
1890 2684 2012 2737 faucium

1211 2757 1295 2817 malo,
1315 2757 1465 2821 multisque
1485 2757 1550 2805 aliis
1570 2758 1676 2808 morbis
1696 2757 1809 2809 humaui
1827 2758 2014 2823 corporisme·

1211 2822 1321 2873 dentur.
1358 2822 1419 2873 Non
1431 2823 1538 2874 faciunt
1550 2822 1601 2876 hae
1614 2826 1708 2886 nidos,
1731 2828 1907 2895 migrantque
1920 2822 2014 2875 multis

1210 2891 1308 2943 diebus
1318 2897 1393 2953 ante,
1410 2891 1435 2941 si
1443 2891 1566 2942 futurum
1580 2900 1662 2944 estut
1674 2900 1771 2946 auctus
1783 2895 1873 2946 amnis
1883 2896 2014 2959 attingat.

1246 2961 1279 3012 1..
1297 2958 1328 3008 lu
1339 2966 1440 3025 genere
1451 2960 1646 3024 vitiparrarum
1659 2968 1710 3023 est,
1726 2963 1770 3012 eui
1782 2962 1862 3013 nidus
1920 2976 2015 3014 musco

1210 3028 1290 3078 arido
1300 3027 1342 3076 ita
1353 3027 1483 3077 absoluta
1493 3030 1634 3091 perficitur
1647 3029 1714 3094 pila,
1722 3037 1752 3079 ut
1763 3029 1881 3080 inveniri
1892 3048 1946 3082 nou
1955 3047 2017 3098 pos·

1209 3097 1247 3147 sit
1257 3094 1358 3147 aditus.
1394 3094 1568 3161 acanthyllis
1580 3098 1752 3162 appellatur,
1771 3097 1867 3149 eadem
1879 3099 1969 3166 figura
1980 3116 2018 3153 ex

1210 3165 1267 3216 lino
1278 3165 1414 3214 intexens.
1449 3161 1579 3215 Pieorum
1601 3165 1685 3217 alicui
1705 3166 1887 3232 suspenditur
1903 3168 2016 3219 surculo

1210 3232 1305 3300 primis
1316 3232 1345 3281 in
1358 3231 1443 3283 ramis
1455 3231 1550 3303 cyathi
1562 3234 1691 3298 credaut
1702 3235 1779 3288 nulla
1789 3235 1945 3305 quadrupes
1954 3254 2016 3305 pos·

1209 3302 1246 3354 sit
1257 3300 1399 3354 accedere.
1411 3301 1546 3371 Galgulos
1557 3303 1668 3371 quidem
1680 3305 1756 3374 ipsus
1769 3304 1960 3372 dependentes
1968 3323 2016 3375 pe·

1209 3373 1291 3424 dibus
1302 3386 1428 3423 sumnum
1450 3376 1549 3440 capere
1566 3376 1747 3439 confirmant,
1767 3375 1832 3443 quia
1843 3376 1962 3427 tutiores
1972 3378 2016 3428 ita

1209 3458 1240 3494 se
1252 3448 1372 3510 spereut.
1403 3441 1459 3493 lam
1472 3443 1611 3511 publicum
1623 3445 1732 3511 quidem
1745 3445 1866 3497 omnium
1880 3452 1922 3497 est
1934 3447 2012 3498 tabu·

1209 3512 1270 3565 lata
1280 3526 1419 3563 ramorum
1430 3512 1593 3566 sustinendo
1612 3515 1678 3566 nido
1698 3515 1814 3582 provide
1827 3515 1944 3583 eligere,
1967 3532 2012 3567 ca-

1210 3597 1318 3635 merare
1328 3583 1362 3633 ah
1374 3581 1523 3646 irnhri,eut
1533 3582 1634 3636 fronde
1646 3592 1793 3656 protegere
1805 3585 1900 3640 densa.
1914 3589 1942 3639 ln
1950 3588 2012 3640 dra«

1209 3651 1474 3717 biacinnamulugos
1495 3652 1555 3704 aris
1575 3655 1745 3720 appellatur:
1766 3658 1885 3710 cinnami
1896 3657 2014 3709 surculis

1210 3720 1342 3773 nidificat.
1355 3719 1509 3773 Plumhatis
1521 3738 1570 3775 eos
1581 3725 1694 3793 sagittis
1706 3725 1851 3779 decutiunt
1859 3727 2014 3796 indigenae,

1210 3791 1308 3841 nrercis
1326 3791 1426 3856 gratia.
1463 3791 1493 3841 lu
1510 3790 1623 3859 Scythis
1640 3795 1700 3846 aris
1717 3798 1907 3865 magnitudine
1920 3796 2014 3858 otidis,

1209 3860 1290 3912 binos
1302 3859 1385 3926 parit,
1405 3859 1433 3909 in
1444 3860 1570 3928 leporina
1581 3863 1655 3929 pelle
1665 3881 1774 3933 semper
1784 3867 1811 3917 in
1825 3866 2012 3919 cacuminibus

1211 3943 1349 3981 ramorum
1361 3943 1504 3995 suspensa
1536 3931 1617 3985 l'icae
1629 3949 1690 3986 cum
1703 3935 1866 4003 diligentius
1877 3939 1964 3987 risum
1976 3936 2016 3997 ab,

1210 3997 1321 4050 homine
1333 3997 1425 4049 nidum
1437 4015 1559 4064 sensere,
1570 4019 1623 4054 ura
1634 4003 1805 4057 transierunt
1817 4007 1882 4058 alio.
1911 4006 1972 4057 Huc
1982 4006 2011 4054 in

1209 4067 1253 4120 his
1265 4068 1370 4131 aribus,
1382 4083 1496 4135 quarum
1507 4070 1592 4138 digiti
1603 4074 2012 4127 nonsuntaccommodatieom·

1209 4137 1362 4259 plectendis
1378 4139 1632 4210 transferendisque
1648 4144 1723 4206 oris,
1743 4145 1815 4196 miro
1826 4143 1946 4196 traditur
1957 4159 2012 4194 mu·

1230 4224 1256 4259 u.
1277 4206 1404 4274 Namque
1414 4210 1526 4261 surculo
1536 4226 1621 4277 super
1632 4212 1699 4281 bina
1711 4229 1764 4265 ora
1773 4214 1905 4282 imposito
1916 4229 1947 4265 ac
1960 4213 2013 4264 ier·

1208 4277 1348 4328 ruminate
1361 4277 1416 4328 alri
1428 4280 1546 4344 glutino,
1569 4281 1681 4335 subdita
1691 4282 1797 4336 cervice
1810 4284 1910 4348 medio,
1924 4298 2013 4349 sequa

1204 4347 1340 4415 ‘utrinque
1351 4346 1423 4398 libra
1434 4347 1581 4415 deportant
1593 4352 1658 4404 aliu.

1149 4444 1155 4453 ι
1243 4416 1289 4469 Ll.
1309 4417 1367 4469 Nee
1376 4433 1443 4468 reru
1454 4418 1488 4469 iis
1501 4421 1590 4472 minor
1602 4422 1734 4485 solertia,
1755 4438 1825 4489 quae
1836 4421 1974 4473 cunabula
1984 4422 2012 4472 in

1208 4485 1415 4549 terrefaciuot‚
1437 4492 1561 4555 corporis
1571 4493 1711 4558 gravitate
1726 4491 1882 4556 prohibitae
1892 4491 2013 4544 sublime

1208 4563 1312 4623 petere.
1351 4559 1463 4623 Merops
1475 4566 1599 4622 vocatur,
1621 4560 1763 4625 genitores
1773 4574 1838 4611 suos
1848 4556 2014 4612 reconditos

1210 4640 1334 4692 pascens,
1346 4626 1453 4692 pallido
1464 4627 1540 4678 intus
1551 4628 1642 4679 colore
1655 4639 2012 4694 pennarum,superneeya-

1208 4710 1271 4757 neo,
1282 4695 1397 4762 primori
1411 4695 1559 4746 subrutilo.
1570 4695 1704 4747 Nidilieat
1714 4695 1743 4745 iu
1753 4700 1837 4760 specu
1846 4708 1899 4747 sex
1909 4695 2011 4763 pedum

1208 4763 1490 4816 defossaaltitudine.

1243 4833 1371 4886 Perdices
1383 4831 1463 4898 spina
1472 4829 1606 4884 etfrutice
1615 4831 1789 4884 siemuniunt
1795 4834 2012 4899 receptaculum,

1208 4911 1239 4956 ut
1260 4910 1357 4953 contra
1373 4899 1448 4953 feras
1464 4900 1574 4953 abunde
1592 4901 1738 4954 salientur.
1775 4902 1843 4955 Oris
1854 4903 2011 4971 stragulum

1208 4971 1293 5024 molle
1304 4971 1417 5036 pulvere
1429 4971 1628 5033 contumulant,
1649 4971 1741 5023 necin
1752 4987 1808 5039 quo
1821 4972 1884 5025 loco
1896 4988 2010 5040 pepere-

1207 5056 1237 5093 re
1249 5043 1394 5092 incubant:
1409 5055 1476 5091 neve
1488 5040 1533 5090 cui
1544 5038 1717 5107 frequentior
1729 5042 1904 5095 conversatio
1916 5045 1954 5095 sit
1964 5059 2011 5095 su·

1208 5114 1313 5176 specta,
1324 5108 1495 5161 transferunt
1503 5109 1566 5160 alio.
1577 5109 1644 5162 lllae
1657 5111 1806 5178 quidemst
1817 5113 1935 5165 maritos
1945 5128 2012 5163 snos

1208 5178 1326 5243 fallunt,
1349 5181 1478 5246 quoniam
1500 5179 1714 5246 intemperantia
1735 5181 1860 5235 lrbrdsms
1880 5182 2012 5249 frangunt

1209 5262 1306 5301 earum
1318 5264 1379 5310 ova,
1389 5263 1423 5299 ne
1435 5248 1591 5300 incubando
1604 5249 1790 5304 detineantur.
1802 5254 1882 5305 Tunc
1894 5253 2010 5304 intense

1209 5317 1341 5370 dimicant
1353 5332 1443 5369 mares
1455 5316 1592 5370 desiderio
1617 5319 1794 5373 feminarum:
1815 5322 1919 5374 rictum
1931 5322 2012 5372 aiunt

1208 5389 1345 5440 Venerem
1358 5386 1426 5453 pati
1464 5386 1494 5437 ld
1525 5387 1617 5441 uidem
1630 5397 1658 5441 et
1669 5391 1825 5444 coturnices
1837 5392 1961 5457 irogus,
1982 5396 2012 5441 et

1208 5457 1380 5524 gallinaceos
1391 5403 1554 5538 aliquando:
1566 5460 1690 5526 perdices
1701 5476 1766 5514 vero
1779 5477 1796 5515 a
1807 5459 2012 5520 donitissercs,

1208 5536 1237 5580 et
1248 5543 1343 5588 noros,
1353 5533 1401 5579 aut
1411 5533 1508 5588 rictus,
1519 5526 1585 5581 iniri
1595 5530 1759 5596 promiscue.
1767 5531 1933 5597 -Capiuntur
1944 5543 2012 5595 quo·

1208 5612 1262 5664 que
1273 5599 1453 5663 pugnacitate
1463 5596 1584 5651 eiusdem
1596 5600 1836 5664 libidinis,cuntra
1846 5596 1959 5664 aucupis
1969 5597 2011 5649 iu·
