4340 6018
362 314 423 371 ue
517 312 550 370 c.
587 310 735 372 rainu
768 284 973 369 saccum
1008 302 1173 365 aaron.
1208 304 1395 367 ursana
1431 304 1513 366 nra.
1537 303 1604 365 rx.
1638 304 1728 365 cnr.
1751 305 1874 365 m-aa.

359 462 422 514 dem
443 475 528 530 saepo
548 461 659 530 navigia
680 459 749 512 veiis
770 456 867 510 euntia
885 455 1066 517 comitantes,
1089 454 1162 505 mira

359 526 481 599 quadam
502 530 649 584 dulcedine
671 543 720 596 per
739 526 850 593 aliquot
871 524 1003 578 horarum
1023 524 1117 592 spatia
1132 530 1161 575 et

359 617 490 669 passuum
501 602 588 653 miliia
598 616 615 651 s
624 596 817 667 gubernaculis
828 601 999 661 spectantur,
1014 610 1048 645 ne
1057 592 1162 645 triden-

358 671 508 738 tequidem
520 672 548 721 in
559 684 607 721 cos
628 668 738 733 saepius
750 668 824 717 iacto
835 665 937 717 territi.
973 663 1092 726 Quidam
1103 677 1162 723 sos,

358 742 408 807 qni
419 741 471 792 hoc
481 756 497 790 e
508 739 619 805 thynnis
629 734 745 798 iaciant,
756 735 894 801 pompilos
906 741 1016 785 vocant.
1038 731 1162 782 diuitiis

358 808 529 877 Propontide
540 805 691 857 aestivant:
703 803 821 857 Pontum
832 819 887 854 non
899 805 1012 854 intrant.
1037 802 1106 854 item
1118 817 1162 853 so·

357 881 428 941 lcae,
449 890 510 928 cum
522 873 629 927 rhombi
640 875 757 925 intrent:
777 888 829 924 nec
838 873 919 940 sepia
931 880 984 934 cst,
1000 886 1061 923 earm
1073 871 1161 937 loligo

359 946 524 1013 reperiatur.
535 941 816 1005 Saxatiiium,turdus
826 948 855 995 et
867 942 973 994 interula
981 941 1095 994 desunt:
1108 942 1161 993 sia·

357 1029 387 1068 ut
399 1013 561 1081 conchylia,
581 1029 642 1065 com
654 1020 763 1065 ostreae
774 1011 925 1064 abundent.
956 1011 1056 1063 Omnia
1068 1016 1161 1062 autem

354 1086 500 1137 hibernant
511 1084 538 1134 in
549 1084 669 1152 Aegaeo.
679 1082 844 1132 intrantium
856 1082 976 1133 Pontum
987 1081 1040 1133 soii
1052 1094 1107 1131 non
1119 1094 1162 1131 re·

356 1162 450 1207 meant
463 1152 590 1205 trichiae.
627 1151 743 1203 Graecis
754 1153 826 1202 eninr
848 1153 875 1201 in
889 1151 1032 1218 plerisque
1042 1149 1160 1200 nomini-

355 1228 405 1276 bos
418 1223 461 1274 uti
472 1239 523 1290 par
534 1223 602 1282 erit,
623 1219 730 1287 quando
743 1220 807 1270 aliis
819 1227 904 1287 atque
916 1221 983 1271 aliis
994 1218 1106 1270 eosdem
1119 1218 1161 1269 di-

355 1295 429 1348 versi
440 1292 617 1360 appellavere
626 1296 741 1341 tractus.
761 1288 815 1342 Sed
829 1287 858 1339 hi
869 1289 922 1342 soii
934 1289 1037 1340 istrum
1051 1302 1162 1340 amnem

355 1365 488 1419 subeunt:
499 1375 533 1413 ex
545 1376 578 1412 eo
589 1359 779 1411 subterraneis
790 1361 851 1411 cios
862 1360 940 1411 venis
950 1359 979 1409 in
989 1357 1162 1411 Adriaticum

356 1449 432 1486 usare
442 1431 578 1484 deiiuunt:
601 1429 695 1495 itaque
706 1436 735 1481 et
747 1429 804 1480 illic
815 1429 1028 1490 descendentes,
1051 1442 1101 1478 nec
1110 1441 1161 1479 un·

354 1517 438 1570 quam
449 1501 625 1552 subeunteso
638 1500 706 1549 orari
719 1498 853 1550 visuntur.
868 1497 1049 1566 'i'hynnorunr
1061 1504 1158 1565 captu-

294 1574 297 1577 ’
354 1588 387 1625 ra
398 1582 441 1624 est
452 1568 662 1636 aVcrgiiiaram
675 1576 775 1620 exortu
786 1569 821 1620 ad
832 1569 944 1619 Arcturi
957 1583 1102 1620 occasum=
1121 1582 1163 1618 re·

353 1643 430 1708 liquo
440 1648 568 1705 tempore
578 1636 693 1690 hiberno
705 1638 794 1689 latent
804 1640 831 1687 in
843 1638 1005 1705 gurgitibus
1016 1635 1162 1700 imis,'nisi

354 1720 451 1776 tepore
459 1708 587 1777 aliquoes
595 1709 680 1766 ocuti,
691 1714 739 1759 aut
751 1708 923 1774 pleniluniis.
934 1709 1120 1776 Pinguescunt
1128 1711 1157 1758 et

353 1782 514 1841 intantum,
526 1783 557 1829 ut
567 1776 720 1830 dehiscant.
734 1778 799 1830 Vita
808 1777 974 1843 longissima
984 1776 1027 1829 his
1038 1776 1160 1828 biennio.

386 1849 462 1901 xxi.
479 1848 588 1899 Animal
596 1855 639 1900 est
648 1861 774 1916 parvum,
784 1849 940 1914 scorpionis
951 1846 1051 1913 effigie,
1062 1846 1156 1899 aranei

353 1917 555 1988 magnitudine.
572 1917 635 1970 lioc
646 1933 677 1970 se
689 1925 717 1969 et
728 1915 835 1984 thynno
848 1924 876 1968 et
887 1918 923 1980 ei,
934 1919 982 1984 qui
992 1916 1103 1984 gladius
1113 1930 1161 1965 vo·

354 1996 443 2052 catur,
461 1988 559 2041 crebro
572 1986 699 2054 delphini
710 1986 932 2054 magnitudinem
944 1985 1098 2047 excedenti,
1109 1984 1161 2036 sub

353 2057 540 2128 pinnaaihgit
551 2058 664 2110 aculeo:
688 2063 822 2123 tarttoque
833 2057 948 2109 infestat
959 2054 1071 2119 dolore,
1091 2054 1162 2106 utin

355 2146 441 2182 stares
452 2142 653 2193 saepenumero
664 2126 803 2178 exsiliant.
838 2127 920 2190 Quod
931 2131 960 2178 et
971 2126 1043 2178 alias
1055 2125 1163 2176 iaciunt

354 2201 476 2253 oliorum
488 2199 544 2250 rim
555 2198 696 2260 timentes,
717 2196 834 2263 mugiles
846 2198 974 2261 niaxime,
988 2203 1044 2248 tam
1055 2194 1161 2262 pracci-

356 2286 427 2337 puae
438 2268 606 2330 velocitatis,
628 2272 660 2319 ut
682 2273 843 2320 transversa
862 2267 977 2336 navigio
995 2267 1107 2320 interim
1118 2280 1163 2317 su·

365 2341 522 2393 vcriactent.
1127 2358 1129 2363 ’

355 2356 365 2407 ¹
390 2411 478 2463 xxii.
498 2407 569 2461 Sunt
581 2416 609 2460 et
621 2408 649 2460 in
660 2406 712 2459 hac
724 2415 803 2474 parte
813 2415 929 2462 naturae
945 2409 1079 2477 auguria,
1099 2412 1163 2459 sunt

354 2490 383 2532 et
392 2479 516 2547 piscibus
526 2480 675 2544 praescita.
710 2477 806 2530 Sicula
825 2478 900 2531 beiio
917 2479 1080 2530 ambulante
1091 2478 1119 2528 in
1130 2477 1163 2529 ii·

354 2558 415 2600 torc
435 2551 571 2616 Angusto,
595 2547 680 2615 piscis
702 2548 805 2599 amari
826 2548 862 2599 ad
874 2548 960 2615 pedes
971 2548 1031 2601 eius
1042 2546 1162 2601 exsiliit:

354 2624 584 2686 qnoargomento
602 2623 677 2669 vates
687 2616 866 2683 respondere,
885 2618 1041 2684 Neptunum
1054 2623 1161 2684 patrem

353 2688 507 2755 adoptante
519 2695 576 2737 tum
589 2685 643 2737 sibi
654 2685 718 2737 Sex.
730 2686 861 2752 Pompeia
881 2692 973 2749 (tauta
983 2694 1045 2739 erat
1055 2686 1162 2739 natalis

353 2759 394 2810 rei
405 2759 509 2827 gloria)
525 2756 576 2808 snb
595 2754 711 2824 pedibus
723 2756 852 2807 Caesaris
867 2754 993 2821 futuros,
1013 2755 1061 2825 qui
1071 2756 1163 2808 maria

354 2826 542 2894 temporeilio
555 2830 691 2879 tenerent.
1149 2848 1154 2857 »

388 2898 490 2949 xxiii.
508 2895 633 2948 Piscium
644 2894 767 2947 feminae
778 2894 907 2955 maiores,
919 2908 1001 2960 quam
1013 2908 1113 2946 mares.
1131 2896 1161 2946 in

354 2966 474 3035 quodam
486 2980 589 3033 genere
601 2964 713 3015 omnino
724 2978 778 3014 non
790 2971 856 3015 sunt
866 2978 967 3027 mares,
979 2963 1053 3014 sicut
1064 2962 1161 3030 inery·

353 3037 441 3088 thinis
452 3042 480 3086 et
491 3033 593 3084 chunis.
630 3033 731 3084 Omnes
743 3033 815 3084 enim
826 3037 885 3086 oris
905 3033 1037 3100 gravidae
1047 3032 1160 3099 capiun-

354 3116 408 3155 tur.
428 3105 578 3169 Vagantor
590 3102 726 3168 gregatim
738 3100 797 3155 iere
808 3103 942 3170 cuiusque
953 3100 1067 3169 generis
1077 3115 1159 3167 squa-

354 3171 434 3225 mosi.
472 3171 627 3238 Cupiuntur
636 3179 701 3225 ante
712 3170 787 3224 Solis
799 3181 906 3224 ortum:
919 3177 977 3222 turn
989 3168 1109 3220 maxime
1123 3168 1161 3234 pi·

354 3245 444 3293 scium
457 3240 566 3293 daiiitur
576 3244 661 3292 risus.
698 3241 845 3304 Noctibus,
856 3239 950 3308 quies:
964 3247 993 3292 et
1003 3236 1161 3290 illustribus

354 3327 451 3381 aeque,
472 3326 553 3377 qoam
566 3311 619 3374 dir,
637 3319 763 3364 cernunt.
799 3312 924 3363 diuntet
945 3310 1161 3375 siteraturgur·

352 3398 411 3452 ges,
422 3383 558 3434 interesse
570 3388 715 3449 capturae:
727 3383 822 3448 itaque
834 3381 928 3449 plures
938 3378 1160 3432 seeundotractu

353 3453 425 3519 capi,
436 3466 519 3519 quam
532 3452 631 3518 primo.
657 3452 748 3504 Gustu
759 3450 815 3504 oiei
827 3452 955 3514 unanime,
967 3449 1032 3501 dein
1043 3446 1160 3499 modicis

351 3522 487 3574 imbribus
498 3521 629 3589 gaudent,
639 3521 815 3588 alunturque.
839 3521 948 3588 Quippe
958 3526 987 3571 et
998 3517 1160 3580 arundines,

353 3594 476 3659 quamtis
487 3592 514 3642 in
526 3589 625 3658 palade
637 3596 806 3657 prognatae,
827 3606 881 3642 non
895 3597 988 3641 tamen
999 3588 1059 3640 sinc
1069 3587 1159 3640 imbre

352 3662 530 3715 adolescunt:
544 3669 573 3713 ct
584 3659 655 3710 alias
665 3659 824 3726 ubicunque
835 3661 925 3726 pisces
936 3660 965 3710 in
977 3656 1072 3711 eadem
1086 3671 1159 3725 aqua

353 3733 467 3793 assidui,
478 3732 503 3783 si
515 3746 569 3782 non
581 3729 685 3791 most,
701 3729 903 3782 exanimantur.

390 3800 491 3853 XXiV.
511 3798 707 3867 Praegeiidam
719 3795 836 3850 hiemem
850 3814 944 3851 omnes
955 3797 1089 3859 sentiunt,
1109 3794 1158 3850 sed

353 3871 530 3936 unanimoqui
551 3868 672 3936 lapidem
692 3869 720 3917 ia
738 3867 831 3934 capite
842 3865 943 3921 habere
954 3868 1159 3931 existimantur,

353 3948 385 3993 ut
394 3942 461 4008 iupi,
472 3939 607 4001 chronica,
617 3938 756 3999 sciaenae,
770 3937 858 4005 pagri.
896 3938 963 3990 Cum
975 3951 1092 4004 asperae
1103 3935 1159 3989 hie·

352 4028 412 4065 ntes
424 4008 598 4073 iuere,multi
609 4008 685 4059 caeci
695 4008 848 4074 capiuntur.
860 4006 956 4075 itaque
967 4005 1010 4060 his
1017 4008 1159 4061 mensibus

351 4086 444 4135 iacent
456 4078 594 4148 speluncis
607 4075 731 4140 conditi,
752 4076 824 4129 sicut
833 4078 860 4128 in
873 4079 1048 4130 terrestrium
1057 4092 1159 4147 genere

351 4153 507 4206 retulimus.
520 4147 642 4201 itiaxime
655 4145 789 4214 hippurus
801 4155 830 4200 et
840 4148 988 4200 coracinus
999 4146 1091 4200 hieme
1103 4163 1158 4199 non

353 4222 438 4289 capti,
459 4227 655 4289 praeterquam
677 4218 760 4271 statis
780 4217 877 4270 diebus
894 4219 999 4284 paucis,
1018 4217 1158 4270 etiisdem

352 4306 471 4357 semper:
484 4305 619 4343 muraena
629 4294 658 4342 et
669 4286 781 4354 orpbus,
791 4302 902 4356 conger,
914 4302 1023 4356 percae,
1035 4294 1063 4339 et
1074 4302 1158 4340 saxa-

352 4359 418 4412 tiles
428 4373 533 4411 omnes.
561 4361 650 4412 'i'erra
660 4358 782 4425 quidem,
794 4356 848 4409 hoc
860 4366 914 4422 est,
925 4357 998 4410 rado
1010 4357 1096 4410 maris
1109 4372 1157 4409 ex·

352 4434 452 4479 cavato
475 4429 556 4480 condi
577 4444 625 4496 per
646 4427 750 4483 hiemes
764 4427 947 4496 torpedinem,
965 4435 1095 4494 psettam,
1115 4443 1157 4479 so·

351 4497 625 4561 inaniquerradnnt:

389 4564 476 4617 XXV.
496 4566 613 4627 eridam
626 4581 731 4629 rursus,
743 4577 838 4622 aestus
849 4568 1035 4636 impatientia,
1056 4567 1157 4620 mediis

353 4633 508 4687 terroribus
518 4636 666 4701 sexagenis
677 4638 777 4690 diebus
787 4639 885 4698 latent,
906 4645 937 4689 ut
948 4637 1076 4707 glaucus,
1087 4637 1157 4689 asei-

352 4704 383 4763 ii,
394 4711 517 4756 auratae.
537 4702 727 4755 Fiuviatilium
739 4706 840 4760 silurus
849 4708 996 4761 Caniculae
1007 4714 1107 4761 exortu
1118 4707 1155 4758 si·

355 4774 478 4834 deratur,
499 4778 528 4823 et
538 4770 608 4823 alias
620 4786 729 4838 semper
740 4772 852 4843 fulgure
862 4792 894 4829 so
914 4778 979 4829 itur.
1015 4778 1078 4828 iioc
1089 4783 1116 4828 et
1128 4777 1158 4828 in

354 4844 426 4895 mari
437 4841 565 4895 accidere
578 4840 696 4922 cyprino
708 4848 814 4908 putant.
829 4846 867 4897 Et
878 4793 983 4914 ahoqui
995 4851 1085 4898 toturn
1097 4860 1156 4898 ma·

355 4928 386 4965 re
397 4915 483 4966 sentit
493 4917 622 4964 exortum
633 4924 693 4960 erus
704 4909 818 4965 sideris:
835 4914 908 4979 quod
919 4917 1040 4969 maxime
1050 4916 1078 4967 in
1089 4915 1156 4966 Bos·

354 4983 444 5049 phora
456 4989 580 5049 apparet.
616 4979 688 5048 Aiga
698 4980 771 5033 enim
791 4988 820 5035 et
834 4985 924 5049 pisces
935 4984 1157 5054 superferuntur,

355 5053 504 5121 amarisque
515 5051 549 5103 ab
559 5052 615 5102 imo
626 5064 716 5103 versa.

389 5123 490 5176 xxvi.
502 5121 639 5190 Mugiium
650 5120 872 5185 saturaridctur,
881 5126 908 5175 in
916 5124 1157 5192 metucapiteabs-

355 5191 478 5253 condito,
497 5197 575 5243 totos
592 5207 623 5245 se
639 5192 773 5245 occultari
786 5191 965 5245 credentium.
1002 5195 1105 5248 lisdem
1117 5202 1157 5246 ts·

356 5279 418 5316 ιιιιιιι
439 5267 518 5314 tanta
537 5261 678 5323 salacitas,
698 5268 730 5313 ut
750 5263 778 5314 in
795 5260 933 5316 Phaenica
948 5264 1159 5319 etNarbonensi

354 5332 498 5401 provincia
508 5331 598 5383 coitus
608 5338 733 5399 tempore
744 5348 759 5386 e
770 5332 883 5383 vivariis
894 5348 999 5386 marem
1011 5336 1083 5388 bnea
1094 5335 1154 5387 ino·

352 5404 458 5472 ginqua
480 5416 529 5468 per
540 5417 571 5454 os
583 5401 619 5454 ad
631 5401 779 5454 branchias
790 5402 908 5470 religata
919 5404 1050 5456 emissum
1061 5408 1089 5457 in
1102 5420 1159 5458 ma·

354 5490 399 5536 re,
420 5471 572 5539 eademque
594 5472 670 5524 iinea
684 5478 849 5531 retractum,
872 5471 992 5525 feminae
1006 5483 1159 5542 sequantur

334 5560 337 5565 ¹
354 5543 388 5594 rid
401 5543 477 5603 litus,
492 5558 642 5611 rursusque
653 5542 784 5596 seminam
797 5555 887 5593 mares
898 5551 995 5609 partus
1006 5550 1141 5611 tempore.

390 5611 502 5665 xxvii.
522 5613 599 5681 dpud
621 5614 751 5682 antiquos
774 5611 891 5681 piscium
908 5611 1100 5666 nobilissimus
1111 5613 1159 5667 ho·

1214 456 1290 510 bitus
1301 455 1456 524 acipenser,
1476 468 1546 509 unus
1558 455 1681 508 omnium
1701 453 1825 520 squamis
1835 453 1872 507 ad
1883 467 1915 506 os
1925 455 2024 519 versis,

1215 533 1315 578 contra
1335 542 1418 595 quam
1437 525 1467 576 in
1488 525 1581 577 nando
1598 530 1700 586 areant,
1722 522 2023 577 uuiloinhoaorecst:

1215 595 1288 663 quod
1301 597 1411 662 quidem
1423 595 1517 658 miror,
1528 609 1589 646 cunr
1600 595 1639 646 sit
1649 608 1728 645 rarus
1738 593 1862 647 inventu.
1901 594 2022 657 Quidam

1215 681 1278 719 eum
1290 666 1398 732 elopem
1408 671 1516 717 nocant.

1249 733 1499 788 tricliniarches
1518 736 1693 801 praecipuam
1719 733 1915 785 auctoritatem
1936 731 2023 786 fuisse

1214 804 1291 872 lupo,
1310 814 1338 857 et
1347 804 1452 866 asellis,
1464 804 1610 856 Cornelius
1620 803 1723 869 Nepos,
1742 809 1772 854 et
1781 801 1929 865 Laberius,
1939 811 2024 870 poeta

1215 875 1371 936 mimorum,
1385 872 1536 926 tradidere.
1554 872 1695 939 Luporum
1706 870 1903 933 laudatissimi,
1913 874 1960 940 qui
1972 887 2021 940 ap-

1215 945 1355 1011 pellantur
1365 944 1463 1005 ianati‚
1474 958 1492 995 a
1503 942 1624 994 candore
1635 940 1810 1008 mollitiaque
1823 943 1923 993 carnis.
1941 943 2021 995 Asel·

1215 1014 1306 1065 iorum
1318 1011 1373 1083 duo
1390 1027 1505 1081 genera:
1523 1011 1655 1064 callositas
1670 1010 1791 1063 minores
1802 1009 1954 1074 etbacchi,
1975 1013 2024 1078 qui

1215 1098 1271 1135 non
1291 1083 1346 1134 nisi
1366 1086 1395 1134 in
1415 1082 1474 1135 aito
1492 1083 1645 1149 capiuntur,
1666 1080 1730 1132 ideo
1741 1080 1863 1147 praelati
1873 1081 2020 1150 prioribus.

1215 1154 1250 1204 dt
1259 1153 1288 1203 in
1299 1152 1372 1220 iupis
1384 1153 1413 1203 in
1424 1167 1505 1204 anina
1514 1152 1590 1218 capti
1602 1149 1806 1217 praeferuntur.

1251 1222 1351 1277 xiiia.
1372 1223 1452 1274 Nunc
1471 1236 1552 1272 scaro
1574 1221 1657 1272 datur
1676 1219 1857 1286 principatus,
1877 1221 1923 1286 qui
1943 1219 2021 1273 solus

1216 1291 1334 1358 piscium
1346 1290 1449 1343 dicitnr
1460 1291 1610 1352 ruminare,
1627 1286 1776 1355 herbisque
1786 1289 1870 1351 vesci,
1890 1303 1945 1342 nan
1956 1289 2021 1342 aliis

1216 1361 1347 1429 piscibus,
1359 1365 1428 1413 nrari
1441 1358 1592 1428 Carpathio
1605 1361 1723 1411 niaxims
1735 1358 1876 1427 frequens.
1888 1358 2022 1413 Promon-

1216 1432 1320 1482 torium
1329 1429 1562 1483 'i'roadisLecton
1573 1435 1671 1496 sponte
1684 1443 1825 1497 uunquam
1832 1429 1941 1481 transit.
1954 1429 2021 1483 inde

1217 1498 2021 1567 adrectos'i‘iberioClaudioprincipe,Optatusliiipcrtius

1216 1568 2020 1637 praefectusciassis,inter0stionsemetCampsniaeoram

1216 1654 1329 1706 sparsos
1341 1639 1541 1693 disseminavit.
1567 1638 1762 1707 Quinquennis
1772 1638 1831 1690 iere
1843 1654 1912 1692 cura
1921 1646 1965 1692 est
1975 1639 2022 1691 ad·

1216 1707 1314 1772 hibita,
1325 1716 1356 1761 ut
1368 1710 1444 1778 capti
1454 1709 1638 1763 redderentur
1648 1709 1728 1760 nrari.
1747 1708 1847 1761 Postea
1858 1708 2021 1776 frequentes

1218 1780 1397 1833 inveniuntur
1408 1780 1507 1833 italiae
1517 1782 1544 1831 in
1556 1779 1649 1841 litore,
1662 1793 1716 1830 non
1726 1787 1810 1831 antea
1820 1778 1858 1829 ibi
1870 1779 1954 1845 capti.
1970 1779 2022 1831 dd·

1217 1850 1359 1917 movitque
1369 1851 1425 1903 sibi
1436 1852 1505 1917 gula
1515 1864 1631 1916 sapores
1643 1849 1765 1916 piscibus
1774 1848 1857 1910 satis,
1876 1855 1904 1900 et
1916 1862 2020 1899 novum

1215 1920 1336 1972 incolam
1348 1922 1419 1972 mari
1433 1919 1525 1984 dedit,
1546 1936 1581 1974 ne
1592 1921 1653 1987 quis
1666 1919 1827 1986 peregrinas
1838 1934 1902 1972 arcs
1914 1918 2020 1976 Romae

1214 2005 1314 2057 parere
1326 1991 1448 2044 miretur.

1251 2059 1384 2113 Proxima
1398 2068 1442 2113 est
1456 2075 1553 2113 mensa
1567 2061 1655 2113 iecori
1675 2060 1822 2112 dumtaxat
1833 2058 2021 2118 mustelarum,

1217 2146 1284 2197 quos
1301 2131 1411 2195 (ndrurn
1427 2130 1515 2190 dictu)
1531 2132 1605 2182 iuter
1616 2130 1699 2195 dipes
1717 2144 1828 2197 quoque
1842 2129 1920 2182 lacus
1930 2127 2020 2181 ilhae·

1214 2200 1274 2254 tiae
1284 2202 1466 2271 Brigantinus
1477 2202 1600 2254 aemulas
1610 2200 1722 2253 marinis
1731 2206 1855 2267 generat.

1250 2289 1338 2341 xxx.
1360 2288 1403 2343 Ex
1412 2288 1522 2355 reliqua
1534 2287 1691 2350 nobilitate,
1702 2294 1731 2339 et
1741 2287 1835 2355 gratia
1846 2286 1968 2338 maxims
1978 2289 2021 2334 est

1216 2365 1246 2411 et
1257 2360 1339 2426 copia
1349 2358 1543 2420 nruilis,'sicut
1554 2359 1718 2425 magnitudo
1740 2356 1863 2408 modies:
1887 2355 2022 2420 binasque

1216 2428 1303 2481 libras
1324 2424 1457 2496 ponderis
1479 2444 1544 2481 raro
1564 2428 1714 2480 admodum
1732 2433 1910 2492 exsuperant,
1931 2425 2021 2476 necin

1215 2499 1332 2550 vivariis
1344 2500 1513 2566 piscinisque
1532 2506 1670 2551 crescunt.
1707 2493 1949 2564 septemtrionalis
1961 2500 2021 2545 tan·

1215 2574 1273 2620 tum
1284 2567 1343 2630 hos,
1362 2575 1391 2620 ct
1401 2571 1529 2637 proxima
1540 2568 1693 2621 occidentis
1704 2574 1783 2635 parte
1793 2567 1881 2634 gignit
1891 2577 2020 2617 oceanus.

1216 2640 1317 2690 Cetera
1329 2653 1422 2690 eorum
1435 2654 1537 2707 genera
1547 2638 1636 2706 plura.
1668 2638 1738 2690 Nam
1749 2648 1778 2688 et
1788 2637 1854 2705 alga
1862 2639 2020 2693 vescuntur,

1216 2716 1244 2759 et
1256 2694 1366 2771 ostreis,
1387 2717 1415 2761 et
1427 2710 1502 2771 iimo,
1522 2717 1551 2761 et
1562 2709 1681 2761 aliorum
1694 2708 1810 2774 piscium
1823 2720 1916 2757 carne:
1932 2702 2019 2755 barba

1215 2778 1326 2845 gentina
1338 2779 1526 2846 insigniuntur
1537 2778 1663 2830 interiori
1674 2776 1762 2828 inbro.
1786 2776 1928 2827 lutarium
1940 2786 1973 2823 ex
1983 2772 2020 2821 iis

1215 2847 1343 2899 uilissimi
1356 2849 1466 2916 generis
1477 2847 1629 2914 appeliant.
1656 2848 1737 2897 Hunc
1747 2861 1858 2911 semper
1871 2846 2020 2895 comitatur

1214 2932 1313 2983 sargus
1335 2920 1446 2966 trontius
1467 2917 1539 2966 uiius
1560 2915 1654 2981 piscis,
1674 2923 1827 2965 etcocnmn
1850 2913 2019 2965 fodieotcco

1215 2985 1366 3036 cxcitatum
1379 2983 1495 3035 devorat
1506 2982 1646 3047 pabulum.
1676 2982 1735 3033 Nec
1746 2982 1908 3051 litoralibus
1919 2979 2019 3048 gratia

1214 3051 1415 3103 Laudatissimi
1426 3050 1604 3116 conchylium
1616 3050 1736 3116 sapiunt.
1759 3050 1864 3100 Nomen
1878 3048 1922 3100 his
1934 3050 2022 3102 Fene·

1213 3119 1298 3172 steila
1317 3136 1333 3170 a
1355 3119 1449 3170 colore
1470 3118 1637 3169 mulleorum
1660 3117 1904 3169 calciamentorum
1922 3117 2022 3168 datam

1214 3195 1302 3257 putat.
1338 3187 1453 3238 Pariunt
1472 3194 1515 3239 ter
1535 3202 1615 3239 anno.
1653 3188 1705 3239 iiic
1719 3195 1796 3239 certe
1810 3185 2022 3239 totiesfoeturs

1214 3263 1338 3324 apparet.
1355 3256 1474 3308 iliuilum
1487 3257 1674 3325 exspirantem
1685 3256 1847 3308 versicolori
1859 3254 1979 3323 quadam
1991 3263 2022 3308 st

1214 3342 1362 3381 numerosa
1372 3327 1510 3380 varietate
1519 3330 1650 3394 spectari,
1661 3342 1792 3395 proceres
1804 3327 2020 3394 gulaenurrant,

1213 3398 1370 3450 rubentium
1383 3412 1560 3466 squamarum
1583 3398 1732 3465 multipiici
1751 3398 1908 3449 mutatione
1929 3394 2018 3461 palio·

1214 3475 1348 3531 stentem,
1359 3469 1455 3537 utique
1466 3468 1490 3519 si
1502 3471 1573 3520 uitro
1584 3475 1727 3537 spectetur
1736 3467 1868 3519 inclusus.
1904 3465 1943 3516 nt.
1953 3465 2019 3531 ripi-

1202 3539 1281 3609 Ιιίιιι,
1291 3539 1327 3590 ad
1340 3555 1420 3591 omne
1432 3539 1513 3590 luxus
1524 3539 1664 3606 ingenium
1676 3538 1771 3599 mirus,
1781 3539 1810 3593 in
1821 3536 1960 3589 sociorum
1971 3548 2020 3602 ga·

1214 3625 1245 3661 ro
1256 3616 1331 3671 (nam
1345 3625 1379 3662 ea
1391 3623 1500 3676 qnoque
1511 3623 1555 3659 res
1567 3622 1720 3675 cognomen
1731 3607 1850 3669 invenit)
1863 3605 1956 3659 necati
1968 3618 2018 3655 eos

1214 3679 1384 3748 praecellens
1397 3678 1513 3746 putarit,
1524 3684 1608 3746 atque
1619 3693 1635 3729 e
1645 3677 1739 3728 iecore
1748 3691 1845 3728 eorum
1857 3676 1961 3729 aiacem
1971 3687 2019 3724 ex·

1213 3750 1338 3816 cogitare
1345 3747 1517 3815 provocavit:
1527 3747 1556 3798 id
1567 3746 1638 3800 cnim
1645 3754 1688 3799 est
1696 3744 1809 3799 facilius
1819 3745 2020 3810 dixissequam

1212 3820 1274 3886 quis
1284 3819 1390 3871 uicerit.

1247 3905 1347 3958 XXXI.
1358 3905 1468 3958 Asinius
1479 3905 1560 3957 Celer
1570 3919 1586 3956 e
1597 3902 1860 3964 consularibus,hoc
1870 3902 1946 3970 pisce
1956 3914 2020 3966 pro·

1212 3974 1303 4045 digus,
1326 3976 1393 4029 Caio
1416 3976 1539 4042 principe
1559 3988 1642 4025 unum
1656 3983 1795 4027 mercatus
1818 3980 1882 4025 octo
1895 3970 2019 4023 millibus

1211 4050 1365 4099 nomnium:
1386 4060 1457 4113 qnae
1476 4045 1617 4112 reputatio
1639 4044 1731 4095 aufert
1752 4052 1941 4096 transversum
1959 4041 2020 4091 ani·

1211 4132 1286 4170 ιιιιιιιι
1300 4115 1336 4169 ad
1348 4114 1609 4183 contemplationem
1622 4129 1729 4177 eorunr,
1745 4113 1829 4181 quiin
1842 4112 2018 4179 conquestio·

1211 4203 1246 4240 na
1268 4188 1351 4239 luxus
1372 4201 1475 4254 coquos
1487 4187 1541 4238 enti
1561 4184 1688 4251 singulos
1706 4184 1803 4250 pluris,
1820 4197 1902 4252 qnam
1920 4194 2018 4247 equos,

1212 4257 1393 4326 quiritabant.
1429 4255 1553 4308 dt'nunc
1569 4255 1630 4306 coci
1648 4252 1849 4321 triumphorum
1862 4250 1960 4320 pretiis
1972 4263 2019 4315 pa·

1211 4336 1315 4389 rantur,
1335 4333 1364 4379 ct
1384 4339 1537 4394 coquorum
1556 4324 1654 4394 pisces.
1691 4323 1846 4392 Nullusque
1863 4322 2018 4389 propeiam

1212 4399 1339 4450 mortalis
1347 4397 1513 4450 aestimatur
1524 4395 1622 4463 pluris,
1633 4409 1715 4462 quam
1728 4398 1773 4461 qni
1785 4393 2020 4460 peritissimecen·

1210 4484 1270 4520 suna
1283 4468 1387 4520 domini
1401 4469 1511 4534 mergit.
1531 4465 1649 4517 Mullum
1661 4463 1765 4516 LXXX
1776 4464 1908 4514 librarum
1920 4462 1949 4510 in
1961 4475 2019 4510 ma.

1210 4539 1236 4589 ri
1248 4538 1341 4590 iinbro
1352 4546 1461 4604 captum
1473 4536 1600 4589 Licinius
1611 4534 1753 4586 Mutianus
1766 4528 1898 4598 prodidit.
1912 4528 2021 4587 Quanti

1211 4614 1366 4660 mercatura
1382 4607 1583 4670 cuminaria,
1603 4604 1769 4655 suburbanis
1781 4596 1910 4651 litoribus
1919 4596 2018 4650 iuven·

1210 4676 1283 4730 tum!

1245 4761 1359 4816 xxxii.
1379 4761 1431 4812 Est
1453 4768 1482 4812 et
1504 4760 1572 4812 haec
1593 4764 1710 4821 natura,
1729 4762 1760 4807 ut
1774 4752 1826 4808 alii
1840 4750 1908 4803 aiibi
1925 4750 2017 4818 pisces

1211 4833 1392 4899 principatum
1407 4830 1569 4882 obtineant:
1582 4830 1728 4880 coracinus
1740 4826 1767 4878 in
1776 4826 1919 4891 Aegypto:
1940 4837 2018 4885 zeus,

1211 4901 1283 4953 idem
1295 4899 1375 4952 faber
1384 4897 1692 4966 appellatus,Gadibus:
1703 4897 1779 4950 eirca
1789 4895 1911 4946 Ebusum
1923 4892 2016 4959 salpa,

1211 4972 1363 5022 obscoenos
1375 4969 1454 5030 aiibi,
1466 4977 1494 5021 et
1505 4968 1551 5038 qui
1562 4981 1696 5033 nusquam
1708 4965 1838 5035 percoqui
1851 4962 1949 5030 possit,
1962 4960 2017 5012 nisi

1211 5040 1301 5092 serula
1310 5039 1486 5091 verberatus:
1501 5039 1530 5090 in
1543 5037 1692 5106 Aquitania
1702 5037 1792 5090 salmo
1802 5033 1948 5088 fluviatilis
1960 5047 2018 5084 ma·

1210 5110 1279 5163 rinis
1290 5109 1416 5161 omnibus
1428 5106 1593 5175 praefertur.

1245 5194 1373 5249 xxxid.
1396 5193 1520 5248 Piscium
1539 5195 1589 5246 aiii
1610 5194 1757 5247 branchias
1779 5192 1950 5260 multiplices
1970 5187 2019 5241 ha·

1210 5268 1285 5328 beat,
1300 5266 1350 5318 alii
1359 5264 1510 5332 simplices,
1529 5264 1578 5317 aiii
1589 5264 1722 5333 duplices.
1757 5265 1810 5316 iiis
1820 5277 1922 5331 squam
1933 5259 2016 5312 emit·

1211 5343 1276 5389 tunt
1287 5343 1430 5404 acceptam
1442 5349 1500 5388 ore.
1522 5334 1681 5387 Senectutis
1692 5334 1824 5387 iudicium
1836 5343 2016 5400 squamarum

1213 5407 1328 5469 duritia,
1347 5420 1418 5473 quae
1429 5420 1484 5457 non
1494 5410 1559 5457 surrt
1571 5405 1699 5457 omnibns
1711 5406 1825 5458 similes.
1863 5402 1926 5454 Duo
1937 5399 2017 5451 incus

1213 5478 1313 5530 italiae
1322 5477 1349 5527 in
1360 5474 1501 5528 radicibus
1509 5475 1635 5544 Alpium,
1657 5477 1758 5529 inscius
1769 5482 1798 5529 et
1808 5471 1952 5525 Verbanus
1964 5482 2013 5535 ap·

1214 5547 1364 5615 pellantur,
1383 5547 1410 5595 in
1423 5542 1522 5613 quibds
1534 5547 1624 5616 pisces
1644 5548 1772 5599 amnibus
1789 5544 1868 5598 annis
1880 5539 2017 5606 Vergilia·

1212 5632 1272 5669 rum
1284 5623 1347 5669 ortu
1359 5613 1506 5679 exsistunt,
1525 5620 1647 5684 squamis
1660 5615 1802 5686 conspicui
1812 5611 1920 5667 crebris
1929 5616 2017 5675 atqua
