4330 6014
613 863 661 950 o.
719 865 976 953 aarum
1033 846 1381 957 secunus

225 1042 949 1150 NATURALiS

1053 1049 1754 1201 ursaourna

722 1251 1070 1326 LIBER
1170 1255 1264 1328 111.

159 1548 322 1634 Hactenus
341 1578 376 1631 de
397 1580 467 1645 situ,
491 1587 521 1633 et
540 1579 682 1634 miraculis
695 1590 797 1649 terrae,
817 1599 964 1654 aquarum·

161 1663 224 1715 que,
235 1656 264 1703 et
275 1649 407 1713 siderum,
419 1665 452 1701 ac
462 1652 570 1704 ratione
580 1651 780 1717 universitatis,
793 1662 875 1723 atque
885 1673 962 1710 men·

159 1734 233 1772 sura.
251 1719 331 1771 Nunc
344 1720 378 1772 de
388 1720 527 1786 partibus:
541 1736 696 1789 quanquam
706 1723 844 1777 inlinitum
856 1726 885 1778 id
898 1743 963 1796 quo·

155 1789 411 1857 quaesistimatur,
433 1805 484 1842 nec
505 1796 609 1843 temere
626 1791 688 1843 sine
706 1793 801 1860 aliqua
816 1797 963 1862 repreben-

156 1861 236 1912 sione
258 1865 429 1912 tractatum:
448 1858 523 1911 baud
538 1860 597 1912 ulio
609 1861 637 1911 in
659 1876 762 1930 genere
773 1866 854 1917 venia
864 1867 963 1919 iustio-

156 1946 197 1994 re,
217 1930 243 1982 ai
264 1929 349 1982 modo
369 1928 484 1982 minime
494 1929 596 1980 mirum
606 1936 658 1993 est,
678 1929 817 1986 bominem
838 1936 963 2003 genitum

155 2016 211 2052 non
233 2000 327 2052 omnia
340 1998 461 2051 bumana
480 1999 599 2052 novisse.
630 2001 809 2069 Quapropter
820 2011 962 2058 auctorem

155 2070 295 2123 neminem
309 2084 392 2120 unum
403 2083 520 2135 sequar;
539 2068 589 2121 sed
600 2076 630 2122 ut
641 2085 777 2141 quemque
788 2075 962 2126 verissimum

154 2140 186 2191 in
196 2154 305 2207 qunque
313 2145 396 2207 parte
406 2137 574 2190 arbitrabor.
602 2140 739 2203 Quoniam
751 2158 895 2197 commune
907 2145 964 2197 icr-

153 2224 203 2261 me
212 2210 340 2261 omnibus
349 2208 415 2269 init,
436 2215 468 2260 ut
478 2223 529 2261 eos
539 2208 655 2277 quisque
666 2210 880 2278 diligentissime
892 2215 963 2266 situs

153 2280 269 2341 diceret,
284 2280 313 2331 in
324 2279 494 2348 quibusipse
504 2278 661 2345 prodebatr
681 2279 746 2334 ideo
764 2297 815 2334 uec
835 2284 964 2350 culpabo,

152 2355 206 2402 uui
218 2363 367 2417 coarguam
379 2362 544 2416 quenquam.
563 2344 703 2401 Locorum
715 2349 790 2402 auda
800 2354 921 2415 nentina,
935 2360 963 2403 et

151 2425 259 2487 quanta
269 2418 382 2470 dabitur
393 2417 532 2470 brevitate
548 2423 694 2484 ponentur,
714 2420 843 2472 claritate
860 2421 963 2473 causis-

150 2504 209 2556 que
221 2488 316 2539 dilatis
325 2489 355 2539 in
367 2503 432 2539 suas
443 2494 538 2555 partes
551 2504 558 2537 τ
580 2503 652 2538 nunc
663 2490 736 2541 enim
748 2504 840 2541 sermo
853 2490 888 2542 de
902 2496 962 2542 toto

149 2565 206 2610 est.
231 2559 325 2620 Quare
334 2556 377 2607 sie
387 2558 477 2623 accipi
487 2556 582 2617 velim,
593 2565 625 2608 ut
635 2557 660 2606 si
671 2557 756 2609 vidua
765 2557 843 2609 lama
853 2574 905 2609 sun
916 2575 964 2609 ao·

147 2627 238 2689 mina,
260 2625 357 2694 qualia
373 2623 455 2676 iuere
466 2623 621 2691 primordio
633 2632 698 2676 ante
714 2639 759 2676 res
770 2626 844 2677 ullas
857 2634 963 2693 gestas,

146 2701 369 2762 nuncupeatar3
387 2699 418 2745 st
436 2693 475 2743 sit
496 2691 631 2759 quaedam
652 2692 682 2741 in
701 2691 744 2743 bis
755 2696 965 2746 nomenclatura

146 2766 280 2834 quidem,
301 2762 352 2813 sed
362 2760 460 2813 mundi
471 2774 617 2826 rerumque
628 2767 753 2812 naturae.
844 2754 860 2783 ⁶

190 2835 345 2883 Terrarum
356 2830 434 2882 orbis
445 2828 590 2880 uniuersus
601 2830 629 2879 in
642 2834 700 2880 tres
716 2828 852 2881 dividitur
862 2837 964 2897 partes,

146 2905 309 2966 Europam,
322 2900 424 2962 Asiam,
434 2898 566 2950 Africam.
584 2897 671 2965 Origo
684 2899 719 2949 ab
738 2913 836 2952 occasu
850 2898 925 2952 Sulis
937 2909 965 2952 et

146 2968 299 3023 Gaditano
320 2968 404 3031 freto,
424 2982 478 3033 qun
498 2967 654 3033 irrumpens
670 2967 796 3019 Oceanus
806 2969 964 3021 Atlanticus

148 3043 185 3093 iu
197 3039 285 3090 maria
295 3037 432 3089 interiora
444 3034 620 3087 diffunditur.
649 3037 722 3087 ilinc
733 3038 852 3090 intranti
864 3038 964 3092 dextra

150 3107 251 3162 Africa
269 3113 322 3170 est,
343 3105 424 3158 iaera
433 3106 560 3171 Europa:
582 3105 657 3158 inter
672 3104 723 3156 bas
739 3107 867 3159 Asiaest.
896 3111 964 3160 Ter·

151 3177 224 3230 mini
244 3191 349 3237 amaea,
367 3175 483 3237 Tanais,
499 3181 528 3227 et
540 3173 629 3226 Nilus.
659 3174 824 3240 Quindecim
838 3178 876 3227 lii.
888 3192 962 3243 pass.

151 3247 185 3298 ln
205 3245 418 3313 longitudinem,
439 3258 508 3311 quas
530 3242 661 3308 diximus,
681 3246 776 3299 fauces
789 3247 895 3297 Oceani
915 3262 963 3315 pn·

153 3322 225 3379 tent,
238 3316 360 3384 quinque
372 3314 411 3366 Μ.
424 3314 451 3364 in
463 3312 650 3376 latitudinem,
666 3330 684 3367 a
694 3318 757 3368 uico
769 3315 900 3368 Mellaria
910 3316 961 3367 iii·

155 3386 271 3455 spnniae
292 3385 329 3436 ad
349 3384 570 3450 promontorium
585 3384 697 3438 Africae
708 3384 827 3448 tiibum,
847 3391 963 3439 auctore

154 3455 297 3509 'Turranio
310 3453 418 3506 Oraciii
429 3456 509 3505 iuxta
521 3455 626 3518 genito.
653 3455 688 3505 Τ.
699 3454 805 3517 Livius,
825 3468 858 3506 ao
870 3455 962 3522 Nepos

156 3526 303 3587 Cornelius
323 3523 480 3576 latitudinis
501 3522 694 3588 tradiderunt,
714 3524 762 3576 ubi
781 3526 892 3589 minus,
911 3524 962 3576 Vil

155 3595 193 3648 Μ.
207 3610 279 3662 pass.
291 3594 341 3647 nbi
352 3608 417 3646 sero
429 3591 588 3658 plurimum,
609 3591 635 3643 Χ
646 3592 684 3642 Μ.
708 3594 778 3644 Tam
788 3596 901 3646 modico
913 3608 962 3647 ore

155 3674 210 3717 taur
231 3664 366 3716 immensa
376 3675 528 3727 aequorum
541 3659 656 3711 vastitas
668 3661 808 3728 panditur.
828 3663 960 3730 Necpro·

155 3732 372 3786 sundoaltitudo
388 3729 551 3782 miraculum
569 3730 677 3782 minuit.
699 3731 960 3800 Frequentesquip-

155 3819 188 3871 pe
199 3803 312 3861 taeniae
328 3800 501 3855 candicantis
519 3797 583 3850 radi
600 3802 710 3853 carinas
729 3801 871 3853 territant.
900 3801 962 3864 Qua

156 3875 190 3926 de
212 3888 299 3927 causa
318 3873 417 3925 Limen
444 3868 548 3921 interni
570 3870 655 3920 maris
677 3871 758 3922 multi
784 3886 847 3923 curu
868 3871 961 3923 locum

156 3944 343 4011 appellavere.
366 3938 505 3995 Proximis
516 3944 609 3991 autom
619 3938 748 3993 faucibus
765 3941 895 4008 utrinque
911 3944 962 3993 im·

154 4014 239 4081 positi
249 4019 359 4066 rnontes
376 4014 506 4064 coercent
517 4008 656 4061 claustras
677 4009 759 4062 anila
769 4010 887 4074 Africae,
904 4012 960 4064 liu·

154 4098 242 4152 copae
252 4083 347 4151 Calpe,
359 4082 488 4134 laborum
498 4079 627 4132 liercuiis
639 4086 739 4133 metae.
751 4079 840 4142 Quam
851 4083 886 4133 ob
898 4097 960 4133 cau·

156 4170 214 4206 sam
225 4152 374 4221 indigenae
386 4150 530 4202 columnas
550 4150 611 4201 eius
623 4149 676 4202 Dei
698 4157 813 4202 vocant:
834 4151 962 4203 credunt·

157 4236 209 4291 que
220 4220 364 4289 perfossas
375 4221 490 4273 exclusa
504 4225 589 4272 antea
599 4218 746 4274 admisisse
758 4220 855 4285 maria,
876 4228 905 4275 et
916 4236 959 4275 re·

156 4307 219 4344 rum
230 4298 345 4351 naturae
354 4296 476 4343 mutasse
487 4290 597 4343 faciem.

197 4358 221 4410 l.
239 4359 361 4411 Primum
371 4375 436 4428 ergo
448 4358 959 4428 deEuropaaitricesictorisomnium

158 4428 289 4496 gentium
311 4430 424 4496 populi,
444 4429 584 4499 longeque
604 4436 743 4483 terrarum
766 4429 962 4497 pulcherrima,

156 4514 240 4568 quam
252 4499 378 4567 plerique
392 4502 489 4552 merito
501 4514 555 4551 noa
566 4498 679 4552 tertiam
690 4505 846 4567 portionem
859 4500 961 4561 iecere,

155 4585 252 4622 serum
274 4584 408 4637 aequam3
429 4570 458 4621 in
481 4570 550 4621 duas
562 4575 665 4636 partes,
686 4570 721 4620 ab
732 4585 813 4622 amaa
824 4570 915 4621 Tanai
926 4569 961 4622 nd

157 4640 324 4692 Gaditanum
345 4639 457 4701 fretum,
478 4639 608 4691 universo
629 4640 697 4691 orbe
707 4639 807 4691 diviso.
835 4640 961 4693 Occaam

157 4706 210 4761 boc
230 4710 303 4777 quod
314 4710 419 4761 dictum
440 4715 484 4761 est
495 4711 586 4776 spatio
598 4709 769 4761 Atlanticum
781 4723 858 4761 mare
868 4708 961 4761 iniun-

157 4777 232 4841 dem,
253 4792 282 4831 et
293 4780 376 4831 arido
388 4786 484 4832 meatu
495 4787 595 4842 terras,
612 4794 794 4847 quaecunque
803 4783 960 4833 uenientem

157 4862 303 4916 expavere,
323 4848 505 4918 demergens:
526 4849 691 4901 resistentes
707 4865 815 4918 quoque
836 4849 961 4902 ilexuoso

158 4916 268 4970 litorum
281 4918 532 4971 aniractuiambitt
554 4920 695 4986 Europam
715 4919 761 4971 vei
782 4920 902 4972 maxime
919 4935 960 4973 rc·

158 4989 278 5040 cassibus
295 4989 401 5042 crebris
422 5001 577 5052 excavans3
597 4989 646 5040 sed
667 4989 697 5041 in
718 4995 839 5057 quatuor
857 4992 962 5056 praeci·

157 5070 226 5123 paros
248 5061 332 5110 sinus.
353 5058 477 5119 Quorum
489 5057 593 5123 primus
604 5074 621 5109 a
633 5058 716 5128 Calpe
727 5058 883 5126 Hispaniae
893 5059 963 5112 erti-

156 5141 200 5178 nto
214 5133 259 5191 (ut
270 5128 375 5181 dictum
389 5133 443 5189 est)
456 5131 561 5190 monte,
571 5127 678 5179 Locros
692 5135 721 5179 et
732 5128 862 5180 Brutium
874 5144 961 5197 usque

155 5198 379 5264 promontorium
391 5198 527 5249 immenso
538 5197 642 5249 ambitu
658 5197 788 5251 lieetitur.

189 5267 223 5319 ll.
244 5268 275 5319 ln
292 5282 327 5320 eo
349 5266 441 5335 prima
457 5267 594 5334 iiispania
613 5273 751 5319 terrarum
768 5274 820 5330 est,
841 5268 963 5322 ulterior

154 5336 306 5404 appellata,
319 5338 418 5389 eadem
429 5337 554 5389 Baetica.
573 5335 641 5387 Mox
652 5353 669 5388 a
680 5338 734 5388 line
746 5339 882 5406 Urgitano
893 5340 962 5391 cite·

154 5407 221 5467 rior,
234 5406 615 5474 eademqueTarraoonensis
626 5406 661 5458 ad
673 5406 818 5476 Pyrenaea
829 5411 903 5477 iuga.
916 5408 963 5460 ili·

154 5475 282 5529 teriorin
295 5476 374 5538 duas,
393 5491 443 5543 per
454 5474 666 5545 longitudinem,
686 5478 843 5544 provincias
862 5477 962 5529 dividi·

154 5552 208 5597 tur.
236 5544 381 5615 Siquidem
394 5547 525 5598 Baeticae
537 5545 626 5598 latere
646 5546 872 5613 septemtrionali
885 5561 963 5614 prae·

155 5614 281 5668 tenditur
300 5616 462 5679 Lusitania,
481 5630 561 5670 amne
580 5618 640 5670 dna
660 5616 789 5671 discreta.
817 5619 903 5671 Ortus
915 5614 963 5669 bio

1014 1555 1195 1611 Laminitano
1216 1569 1285 1625 agro
1306 1553 1447 1609 citerioris
1466 1552 1636 1622 Hispaniam
1658 1553 1820 1609 etmodose

1014 1627 1044 1678 in
1055 1634 1156 1695 stagna
1165 1622 1296 1689 lundens,
1313 1625 1435 1678 modain
1447 1625 1592 1693 artgustias
1604 1624 1759 1686 resorbens,
1769 1630 1821 1675 aut

1015 1697 1044 1748 in
1055 1705 1147 1748 totum
1157 1696 1291 1748 cuniculis
1301 1696 1430 1760 condens,
1442 1695 1588 1761 etsacpius
1600 1692 1678 1747 nasci
1690 1692 1822 1761 gaudeus,

1014 1766 1044 1817 in
1060 1766 1228 1818 Atlanticum
1250 1766 1390 1818 Oceanum
1412 1764 1574 1817 effunditur.
1601 1762 1822 1816 Tarraconensis

1015 1843 1110 1888 autem
1121 1835 1187 1886 binc
1197 1833 1280 1886 aiiixa
1289 1835 1445 1903 Pyrenaeo,
1464 1841 1581 1901 totoque
1599 1834 1659 1885 cius
1675 1832 1766 1883 latore
1776 1831 1823 1882 de·

1015 1920 1138 1966 currens,
1161 1909 1190 1957 et
1211 1904 1294 1955 simui
1317 1904 1353 1956 ad
1372 1904 1511 1955 Gallicum
1528 1906 1668 1956 Oceanum
1683 1900 1793 1954 iberico
1805 1916 1823 1952 a

1014 1975 1086 2027 mari
1096 1981 1257 2025 transversa
1268 1989 1298 2024 se
1309 1974 1445 2039 pandens,
1465 1971 1575 2025 Solonio
1586 1979 1691 2032 monte,
1712 1977 1741 2021 et
1752 1970 1820 2021 Ore·

1014 2045 1087 2096 tanis
1098 2042 1183 2109 iugis,
1193 2043 1421 2110 Carpetanisque,
1432 2043 1614 2107 etelstanum,
1625 2057 1644 2094 a
1652 2039 1770 2093 Baetica
1779 2044 1823 2091 at·

1014 2128 1067 2181 que
1078 2111 1227 2166 Lusitania
1237 2112 1430 2178 distinguitur.

1048 2182 1096 2234 iil.
1116 2182 1242 2243 Baetica,
1269 2180 1485 2234 ailaminaeam
1506 2180 1626 2233 mediam
1642 2184 1755 2233 aecante
1776 2193 1823 2230 co·

1014 2251 1520 2319 gnominata,cunctasprorinciarum
1533 2250 1706 2311 diciticultu,
1716 2258 1746 2302 et
1756 2263 1823 2316 quo·

1014 2324 1078 2374 dam
1098 2320 1241 2372 iertiiiac
1260 2320 1395 2386 peculiari
1415 2321 1507 2373 nitore
1528 2319 1679 2386 praecedit.
1709 2318 1825 2369 iuridici

1014 2397 1165 2442 conventus
1178 2390 1204 2442 ei
1215 2399 1346 2454 quatuor,
1361 2389 1527 2451 Gaditanus,
1540 2390 1736 2451 Cordubensis,
1753 2388 1824 2441 bsti-

1013 2461 1134 2529 gitanus‚
1145 2460 1329 2526 Hispalensis.
1348 2459 1458 2525 Oppida
1468 2461 1683 2511 onrnianumero
1689 2455 1824 2508 CLXXV.

1015 2528 1089 2580 iniis
1102 2529 1229 2581 coioniae
1246 2529 1296 2591 lx,
1316 2528 1579 2595 municipiaxi'lll.
1603 2528 1689 2580 Latio
1701 2526 1822 2591 untiqui-

1014 2604 1060 2647 tus
1071 2596 1176 2648 donata
1193 2597 1295 2659 xxix,
1305 2597 1436 2650 libertate
1449 2598 1500 2659 vl,
1521 2595 1635 2650 foedere
1651 2597 1704 2658 lll,
1720 2596 1824 2661 stipen-

1016 2665 1107 2716 diaria
1121 2665 1204 2717 CXX.
1232 2666 1275 2716 Ex
1296 2666 1337 2715 bis
1358 2667 1443 2732 digna
1464 2675 1628 2728 memoratu,
1648 2673 1698 2718 aut
1717 2662 1825 2716 Latiaii

1016 2747 1144 2784 sermone
1157 2732 1234 2783 dictu
1246 2733 1351 2797 incilia,
1370 2750 1388 2785 a
1398 2733 1512 2787 ilumine
1522 2737 1591 2798 Ana,
1611 2735 1697 2786 litore
1708 2733 1823 2794 Oceani,

1017 2801 1148 2869 oppidum
1161 2802 1268 2862 Onoba,
1279 2803 1427 2854 Aestuaria
1438 2806 1680 2870 cognominatumr
1696 2801 1824 2855 interilu-

1017 2881 1105 2933 entes,
1116 2870 1216 2933 Luxia,
1228 2880 1257 2922 et
1269 2871 1377 2923 Urium:
1399 2874 1506 2924 lircrrae
1518 2881 1626 2926 montes
1638 2891 1645 2924 ε
1666 2870 1761 2925 Baetis
1771 2872 1823 2925 iia·

1016 2941 1095 2991 rius:
1116 2940 1199 2991 Litus
1210 2941 1333 2992 Coreuae
1352 2939 1455 2993 inileuo
1466 2944 1527 2995 sinu
1539 2960 1546 3007 ;
1568 2943 1647 2995 cuius
1659 2954 1693 2994 ex
1704 2941 1824 2994 adseren

1017 3010 1120 3071 Gades,
1142 3011 1214 3062 inter
1226 3009 1331 3061 insulas
1343 3011 1485 3065 dicendae.
1503 3011 1728 3065 Promontorium
1738 3012 1821 3063 iuno·

1016 3079 1071 3140 nis,
1084 3079 1339 3146 portusiiaeaippo.
1358 3082 1400 3148 Op
1421 3082 1479 3133 ida:
1499 3082 1597 3146 Beion,
1607 3082 1752 3135 Mellaria:
1769 3081 1824 3134 ire·

1016 3154 1075 3199 tum
1088 3163 1123 3200 ex
1134 3147 1275 3201 Atlantico
1287 3149 1366 3200 arari.
1409 3153 1507 3215 arteia,
1516 3153 1667 3205 Tartessos
1678 3166 1695 3203 a
1706 3150 1823 3203 Graecis

1017 3217 1100 3269 dicta.
1129 3218 1213 3268 Mons
1233 3218 1326 3284 Calpe.
1353 3218 1426 3272 Dein
1448 3220 1533 3273 litore
1555 3223 1666 3275 interna
1686 3219 1822 3288 oppidum

1014 3286 1170 3339 Barbesula
1180 3302 1240 3338 cum
1253 3285 1346 3338 fluvio.
1364 3289 1432 3341 item
1444 3288 1579 3342 Salduba:
1597 3289 1728 3357 oppidum
1741 3288 1822 3342 Suel:

1014 3355 1126 3408 Malaca
1146 3371 1207 3408 cum
1223 3355 1317 3416 ilario,
1338 3355 1557 3409 foederatorum.
1588 3359 1660 3410 Dein
1682 3357 1825 3410 Maenoba

1015 3441 1078 3477 cum
1087 3424 1184 3477 liuvio.
1195 3424 1273 3476 Sexti
1283 3424 1406 3475 Firmum
1419 3427 1583 3493 cognomine
1593 3426 1707 3488 lulium,
1718 3426 1823 3477 Selam-

1015 3495 1091 3558 bina,
1101 3493 1220 3547 Abdera.
1239 3494 1349 3559 Murgis
1360 3494 1492 3548 Baeticae
1504 3496 1575 3548 linis.
1595 3497 1678 3548 Onam
1691 3511 1752 3549 eum
1763 3498 1826 3549 uui·

1015 3579 1123 3616 versam
1147 3563 1265 3630 originis
1287 3562 1444 3617 Poenorum
1460 3566 1631 3618 existimavit
1642 3566 1682 3617 M.
1692 3565 1822 3635 Agrippa.

1014 3633 1055 3685 db
1066 3635 1128 3685 Ana
1138 3641 1231 3684 autem
1239 3633 1381 3685 Atlantico
1389 3634 1501 3688 Oceano
1514 3635 1822 3689 obuersaBastuiorum

1015 3703 1259 3769 Turdulorumque
1280 3709 1332 3754 est.
1366 3704 1395 3755 in
1417 3706 1574 3757 uniuersam
1597 3708 1763 3774 Hispaniam
1781 3706 1821 3758 M.

1015 3773 1106 3825 Varro
1117 3773 1275 3840 pervenisse
1286 3773 1381 3826 iberos
1392 3773 1536 3838 etl'ersas‚
1548 3781 1576 3827 et
1587 3775 1750 3839 Phoenicas,
1761 3776 1823 3828 Cei·

1016 3847 1126 3909 tasque,
1141 3847 1170 3894 et
1182 3840 1291 3894 Poenos
1303 3843 1396 3895 tradit.
1416 3843 1521 3897 Lusum
1533 3845 1605 3898 enim
1616 3846 1711 3898 Liberi
1722 3847 1822 3913 patris,

1015 3917 1064 3964 aut
1074 3910 1179 3978 Lysam
1195 3926 1255 3963 cum
1273 3928 1306 3965 eo
1317 3911 1496 3968 bacchantem
1508 3930 1608 3968 nomen
1619 3916 1731 3968 dedisse
1741 3914 1821 3965 Lusi-

1014 3980 1118 4043 taniae,
1139 3986 1168 4033 et
1183 3981 1261 4033 Pana
1280 3983 1449 4049 praefectum
1460 3986 1520 4039 eius
1531 3985 1684 4038 universae.
1702 3987 1737 4037 At
1752 3998 1823 4049 quae

1015 4050 1050 4103 de
1060 4051 1185 4104 Hercule
1195 4066 1229 4104 ac
1238 4050 1356 4119 Pyrene,
1375 4053 1552 4109 veiSaturao
1564 4054 1723 4115 traduntur,
1740 4050 1821 4103 iabu-

1014 4122 1078 4175 iosu
1088 4122 1116 4173 in
1129 4120 1226 4190 primis
1237 4122 1369 4177 arbitror.

1049 4208 1146 4262 Baetis
1159 4212 1186 4260 in
1197 4211 1417 4264 Tarraconensis
1429 4209 1601 4277 provinciae,
1622 4220 1678 4257 non
1690 4212 1721 4255 ut
1732 4202 1822 4270 aliqui

1016 4277 1123 4341 dixere,
1143 4281 1271 4333 Mentesa
1280 4279 1392 4346 oppido,
1413 4280 1462 4330 sed
1474 4277 1607 4343 Tugiensi
1624 4274 1752 4326 exoriens
1763 4273 1819 4326 sai·

1014 4355 1056 4410 tu,
1076 4349 1158 4400 iuxta
1178 4363 1258 4415 quem
1270 4347 1484 4407 Taderiluvius,
1504 4346 1550 4411 qui
1562 4343 1821 4412 Carthaginiensem

1015 4431 1113 4484 agrum
1125 4418 1209 4485 rigat,
1225 4417 1306 4469 ilorci
1318 4414 1424 4482 reiugit
1435 4414 1572 4481 Scipionis
1583 4431 1695 4485 rogum:
1711 4430 1821 4467 versus·

1016 4501 1069 4605 lii
1089 4485 1821 4608 {uitii'‘alitiliai'tlldudulim

1014 4570 1733 4704 :urricapagqui’busipseissmamiaquasqueauiert.
1752 4626 1822 4677 Bae·

1014 4696 1090 4747 ticae
1107 4708 1226 4761 primum
1248 4695 1282 4746 ab
1294 4695 1467 4763 Ossigitania
1477 4696 1594 4759 infusae,
1613 4695 1820 4748 amoenobian·
1855 4734 1862 4751 .

1014 4765 1067 4818 dus
1078 4764 1162 4816 alveo
1181 4764 1286 4817 crebris
1298 4764 1399 4819 dextra
1412 4766 1548 4834 laevaque
1557 4766 1694 4818 accolitur
1704 4764 1821 4833 oppidis.

1050 4850 1237 4905 celeberrima
1254 4852 1331 4905 inter
1350 4851 1422 4905 bunc
1438 4859 1466 4905 ct
1477 4853 1584 4909 Oceani
1598 4866 1676 4905 oram
1693 4851 1721 4902 in
1732 4850 1820 4904 medi·

1017 4927 1146 4973 terraneo
1159 4920 1275 4988 Segeda,
1289 4938 1360 4991 quae
1372 4925 1511 4992 Augurina
1529 4922 1756 4991 cognominatur:
1778 4925 1822 4975 iu·

1015 4992 1061 5053 iia,
1072 5004 1144 5057 quae
1154 4988 1299 5043 Fidentia:
1321 4993 1424 5059 Urgao,
1445 5008 1515 5060 qnae
1526 4992 1596 5043 Alba
1609 5011 1615 5043 :
1638 4993 1739 5054 Ebura,
1751 5006 1821 5060 quae

1015 5059 1156 5113 Cerealise
1169 5059 1272 5121 iliberi,
1284 5063 1356 5129 qnod
1368 5062 1507 5114 Liberini:
1523 5061 1635 5128 llipula‚
1646 5076 1717 5129 quae
1727 5060 1820 5113 Laus:

1015 5129 1115 5196 Astigi,
1125 5128 1197 5196 quod
1209 5130 1362 5184 iulienses:
1376 5131 1467 5192 Vesci,
1480 5131 1554 5198 quod
1563 5132 1713 5184 Faventia:
1725 5130 1820 5198 Singi-

1015 5199 1047 5262 li,
1059 5202 1187 5267 dttegua,
1198 5200 1387 5263 Arialdunum,
1399 5201 1470 5268 Agla
1481 5202 1580 5263 minor,
1591 5202 1820 5267 asennaeum

1014 5268 1141 5331 vinaria,
1161 5269 1346 5337 Episibrium:
1367 5270 1460 5338 lilppo
1479 5286 1553 5329 acra
1564 5307 1573 5333 ‚
1592 5270 1717 5336 iiiurco,
1738 5270 1820 5326 Osca,

1015 5338 1116 5402 Escna,
1137 5337 1275 5402 Succubo,
1296 5338 1476 5401 Nuditanum,
1496 5341 1583 5392 Tuati
1603 5350 1704 5401 retus3
1725 5336 1821 5388 omnis

1014 5407 1192 5460 Bastitaniae
1206 5409 1347 5476 vergentis
1359 5408 1395 5462 ad
1406 5423 1492 5473 marc,
1513 5416 1666 5462 conventus
1675 5419 1741 5456 vero
1755 5406 1822 5454 Cor·

1017 5477 1156 5532 dubeusis.
1183 5476 1486 5546 Oirealiunrenipsum,
1507 5480 1570 5532 Ossi
1592 5479 1609 5538 i,
1631 5472 1819 5542 quodcogno·

1015 5547 1331 5602 minaturLaconicum:
1351 5548 1488 5617 illiturgi,
1507 5564 1561 5615 quo
1592 5543 1693 5594 Forum
1704 5542 1820 5593 iuliumr

1016 5617 1167 5687 ipasturgi,
1177 5615 1249 5682 quod
1261 5617 1459 5685 Triumphale:
1482 5616 1568 5669 Sitia:
1588 5619 1616 5665 et
1627 5609 1698 5665 xlv
1708 5612 1748 5666 Μ.
1760 5627 1820 5681 pas·
