4368 6008
350 242 412 302 298
476 238 509 299 C.
542 235 692 298 retuli
727 235 932 296 SECUNDI
970 235 1138 297 testula
1175 234 1364 297 isteron.
1401 234 1485 295 LIB.
1523 232 1637 295 XXV.
1670 236 1763 298 CAP.
1790 241 1869 300 3·ὒ.

353 406 408 460 que
419 396 449 442 et
458 388 506 440 diu
518 387 593 440 snlus
604 388 677 437 idem
689 385 737 437 ille
746 382 786 436 M.
798 388 876 449 cato,
887 386 1008 438 omnium
1019 387 1154 438 bonarum

354 462 455 513 artium
468 459 607 524 magister,
614 456 708 521 paucis
719 454 863 507 dumtaxat
870 456 973 522 attigit,
980 458 1063 507 boum
1071 456 1154 507 etiam

355 529 494 583 medicina
507 542 560 576 non
572 525 680 575 omissa.
702 524 770 574 Post
782 540 843 576 eum
858 541 926 575 unus
935 526 1086 577 illustrium
1099 531 1155 577 ten·

356 598 430 651 tacit
440 598 469 647 C.
481 594 598 661 Valgius
609 592 767 645 eruditione
779 594 1096 660 spectatus,imperfccto
1109 611 1155 646 vo·

355 667 460 720 lumine
471 664 506 713 ad
516 665 616 714 Divum
628 663 791 729 Augustum,
809 663 939 715 inchoata
948 667 1032 715 etiarn
1045 662 1154 730 praefa-

356 738 434 789 tione
445 731 587 798 religiosa,
608 738 639 781 ut
651 732 777 782 omnibus
787 733 867 783 malis
878 731 1005 785 humanis
1016 732 1094 784 illius
1106 746 1154 800 po·

358 805 495 856 tissimum
507 800 639 865 principis
649 816 758 868 semper
770 802 926 854 mederetur
935 805 1075 854 maiestas.

392 872 440 924 Ill.
458 871 546 920 Antea
557 869 718 921 condiderat
730 870 806 921 sulus
818 872 891 937 apud
904 886 969 933 nos,
990 870 1064 938 quod
1077 868 1153 936 equi-

357 941 419 993 dem
430 939 529 999 inveni,
541 937 689 1004 Pompeius
701 939 836 1002 Lenaeus,
849 940 945 1007 Magni
957 940 1087 992 libertus:
1099 953 1154 1006 quo

355 1010 474 1079 primum
494 1014 618 1074 tempore
639 1006 710 1059 hanc
725 1010 870 1061 scientiam
886 1009 920 1059 ad
939 1017 1048 1061 nostros
1060 1023 1154 1076 perve-

355 1080 430 1131 nisse
442 1076 534 1128 animo
546 1076 671 1128 adserto.
682 1078 808 1145 Namque
818 1077 1006 1142 Mithridates,
1017 1079 1154 1131 maximus

356 1164 408 1204 sus
417 1153 619 1213 aetateregum,
628 1162 706 1213 quem
714 1147 1155 1215 debellaritPompeius,0nrnium

356 1225 422 1273 ante
432 1232 464 1269 se
474 1215 631 1283 genitorum
645 1216 694 1267 dili
716 1218 876 1269 entissimus
890 1219 966 1271 ritae
978 1218 1063 1270 fuisse
1075 1231 1155 1284 argu·

354 1286 467 1347 meotis,
489 1291 680 1353 praeterquam
691 1232 776 1350 firma,
795 1287 973 1355 intelligitur.
1009 1288 1096 1338 Unici
1106 1301 1154 1338 ex·

357 1357 525 1426 cogitatum,
547 1354 671 1420 quotidie
684 1370 817 1407 venenum
829 1358 923 1409 bibere
934 1358 1101 1423 praesumtio
1115 1370 1156 1406 re·

356 1425 464 1487 mediis,
475 1431 507 1475 ut
519 1424 722 1476 consuetudine
733 1427 795 1491 ipsa
805 1426 948 1477 innoxium
961 1427 1050 1479 tieret.
1061 1425 1154 1477 Primo
1174 1436 1176 1439 ·

355 1497 469 1548 inventa
488 1508 591 1561 genera
601 1493 731 1553 antidoti,
752 1509 785 1544 es
802 1495 900 1560 quibus
919 1510 1002 1546 unum
1015 1496 1098 1547 etiam
1109 1509 1157 1544 no·

228 1596 233 1607 ·
312 1608 318 1618 .
357 1580 421 1617 men
432 1565 494 1615 eius
503 1562 614 1612 retinet.
638 1561 718 1612 illius
729 1564 868 1614 inventum
880 1562 1155 1631 autumant,sangui-

358 1647 420 1685 nem
433 1637 545 1683 arratum
555 1630 730 1682 Ponticarum
743 1631 862 1684 miscere
873 1633 1014 1695 antidotis,
1026 1636 1155 1699 quoniam

357 1716 462 1753 veneno
475 1702 606 1752 viverent.
618 1699 657 1749 Ad
670 1699 749 1750 illum
762 1701 941 1767 Asclepiadis,
952 1701 1081 1754 medendi
1093 1709 1155 1753 arte

357 1770 437 1831 clari,
456 1769 596 1823 volumina
607 1769 763 1834 composita
772 1776 897 1832 exstant,
918 1786 979 1823 cum
990 1771 1156 1825 sollicitatus

357 1854 393 1892 ex
403 1839 472 1891 urbe
485 1840 582 1901 Roma,
594 1844 743 1905 praecepta
752 1852 803 1903 pro
813 1855 846 1891 se
855 1840 989 1893 mitteret.
1019 1840 1098 1892 illurn
1110 1856 1155 1890 so·

355 1908 415 1960 lum
425 1908 590 1959 mortalium
608 1907 705 1974 viginti
727 1907 834 1959 duabus
853 1908 956 1977 linguis
966 1908 1088 1961 locutum
1101 1924 1157 1960 cer·

356 1983 479 2038 tumest,
499 1977 594 2029 necdc
616 1976 750 2029 subiectis
770 1974 899 2045 gentibus
920 1978 1006 2028 ullum
1018 1976 1155 2029 hominem

356 2061 408 2115 per
417 2046 598 2113 interpretem
609 2046 780 2113 appellatum
791 2047 825 2096 ab
836 2062 870 2099 eo
881 2047 961 2098 annis
973 2045 1045 2107 bVl,
1058 2048 1157 2113 quibus

356 2118 493 2183 regnavit.
506 2117 533 2167 ls
544 2129 610 2181 ergo
621 2116 650 2166 in
661 2115 770 2182 reliqua
781 2116 887 2182 ingenii
898 2115 1088 2184 magnitudine
1101 2131 1156 2167 mc·

360 2185 469 2237 dicinae
490 2185 668 2251 peculiariter
679 2187 814 2247 curiosus,
835 2192 864 2237 et
874 2186 908 2237 ab
930 2185 1158 2237 oninibussubie·

359 2255 422 2317 ctis,
443 2255 490 2321 qui
500 2253 579 2306 fuere
588 2270 652 2321 pars
664 2270 764 2323 magna
774 2263 926 2318 terrarum,
944 2256 1055 2321 singula
1066 2255 1159 2322 exqui-

352 2339 432 2388 -rens,
450 2325 582 2377 scrinium
593 2326 855 2376 commentationum
872 2324 968 2376 harunr
980 2330 1008 2376 ct
1020 2324 1158 2391 exempla·

357 2395 411 2457 ria,
423 2393 603 2464 effectusque,
618 2396 648 2446 in
660 2395 768 2446 arcanis
779 2394 837 2446 suis
849 2395 971 2461 reliquit.
1009 2393 1158 2462 Pompeius

360 2469 453 2516 autem
465 2464 539 2516 omni
550 2463 629 2531 regia
646 2463 752 2531 praeda
764 2464 877 2529 potitus,
899 2462 1050 2514 transferre
1060 2478 1093 2514 ea
1103 2477 1159 2514 ser·

360 2548 442 2584 mnne
454 2541 551 2584 nostro
563 2533 692 2584 lihertunr
703 2547 783 2582 sunm
795 2532 943 2592 Lenaeum,
955 2532 1159 2583 Grammaticus

360 2601 538 2663 artiniussit:
549 2602 678 2666 vitaeque
688 2601 731 2651 ita
738 2600 843 2666 profuit
853 2614 908 2652 non
915 2602 1159 2670 minuaquanrret·

360 2671 488 2740 publicae
500 2671 618 2722 victoria
628 2670 687 2722 iila.

396 2737 443 2790 tv.
463 2739 576 2791 Praeter
587 2740 638 2791 hos
651 2739 752 2791 Graeci
762 2744 890 2792 auctores
902 2738 1055 2793 medicinae
1065 2740 1157 2806 prodi·

360 2808 436 2868 dere,
446 2825 515 2875 quos
526 2808 583 2859 suis
595 2810 664 2861 locis
675 2809 804 2860 diximus.
831 2811 873 2860 Ex
883 2806 927 2858 his
939 2811 1080 2871 Crateras,
1092 2809 1159 2861 Dio·

359 2893 377 2929 n
400 2877 467 2938 sius,
478 2878 668 2940 Metrodorus,
680 2878 789 2930 ratione
799 2876 1045 2940 blandissimased
1056 2892 1110 2945 qua
1119 2879 1159 2929 ni·

359 2893 401 2997 hiyl
420 2961 507 3011 paene
529 2946 615 3008 aliud,
634 2960 716 3014 quam
732 2947 773 2998 rei
794 2947 952 3009 difficultas,
974 2948 1158 3015 intelligatur.

359 3014 479 3065 Finxere
501 3030 618 3079 namque
639 3014 744 3080 effigies
761 3014 917 3077 herbarum,
940 3022 1023 3083 atque
1043 3019 1085 3067 ita
1095 3018 1159 3068 sub·

359 3082 499 3147 scripsere
511 3082 633 3134 effectus.
647 3083 746 3134 Verum
758 3092 785 3136 et
797 3087 904 3151 pictura
915 3084 1004 3137 fallax
1016 3092 1066 3147 est,
1078 3092 1158 3137 etco-

359 3149 469 3202 loribus
490 3156 548 3202 tarn
569 3153 732 3214 numerosis,
753 3155 915 3219 praesertim
927 3155 956 3205 in
970 3153 1158 3207 aemulatione

360 3226 489 3283 naturae,
498 3222 613 3272 muitum
625 3223 777 3289 degenerat
790 3224 1030 3275 transcribentium
1042 3239 1103 3274 sors
1113 3237 1159 3273 va·

359 3290 411 3342 ria.
424 3288 575 3342 Praeterea
586 3305 682 3356 parum
693 3296 734 3343 est
746 3292 870 3359 singulas
881 3307 975 3343 earunr
986 3299 1093 3344 aetates
1101 3293 1161 3360 pin·

361 3359 400 3427 gi,
421 3373 483 3413 cunr
495 3359 709 3427 quadripartitis
719 3361 904 3413 r·arietatibus
916 3362 981 3427 anni
990 3360 1091 3414 faciem
1103 3376 1160 3412 mu-

360 3436 431 3481 tent.

396 3498 431 3549 V.
449 3499 544 3560 Quare
556 3499 836 3551 ceterisermoneeas
913 3499 1005 3552 iderer
1025 3498 1112 3565 aliqui
1125 3514 1160 3549 ne

360 3563 454 3631 effigie
464 3566 573 3631 quidem
585 3567 720 3629 indicata,
741 3576 769 3620 et
780 3569 860 3620 nudis
901 3583 1034 3636 eruntque
1046 3569 1161 3620 nomini·

362 3633 416 3685 bus
437 3632 576 3695 defuncti,
597 3638 726 3701 quoniam
746 3639 816 3689 satis
837 3638 985 3688 videbatur
1007 3644 1160 3705 potestates

362 3700 473 3767 vimque
486 3701 675 3756 denronstrare
692 3721 828 3771 quaerere
848 3707 1015 3758 volentibus.
1051 3707 1108 3758 Nee
1119 3710 1161 3756 cst

362 3768 476 3822 difficile
497 3773 618 3837 cognitu.
655 3774 743 3825 Nobis
762 3783 846 3837 certe,
867 3778 991 3841 exceptis
1012 3775 1161 3826 admodum

351 3836 469 3907 ‘perucia
490 3842 607 3908 contigit
620 3843 740 3908 reliquas
754 3844 938 3909 contemplari
951 3843 1161 3895 scientiaAnto·

361 3909 402 3960 nii
412 3911 545 3973 Castoris,
568 3912 611 3961 cui
633 3927 740 3963 summa
760 3915 915 3963 auctoritas
936 3920 996 3963 erat
1018 3913 1161 3963 ineanrte

362 3985 460 4031 nostro
471 3995 555 4042 aevo,
577 3980 690 4032 visendo
704 3982 815 4033 hortulo
831 3983 903 4043 cius,
923 3983 950 4031 in
961 3996 1014 4046 quo
1026 3980 1161 4047 plurimas

363 4048 465 4113 alebat,
476 4049 654 4102 centesimum
666 4052 768 4102 aetatis
779 4066 880 4102 annum
891 4049 1036 4111 excedens,
1055 4049 1162 4100 nullum

364 4120 490 4186 corporis
503 4118 605 4170 malum
618 4127 759 4185 expertus,
782 4136 814 4171 ac
833 4135 868 4170 ne
879 4124 972 4172 aetate
983 4118 1092 4186 quidem
1104 4134 1160 4170 me·

362 4190 454 4240 moria
464 4195 514 4240 aut
526 4189 621 4255 rigore
633 4190 783 4241 concussis.
801 4187 897 4255 Neque
909 4188 983 4240 aliud
994 4190 1096 4238 nstrata
1107 4204 1162 4238 ma-

363 4258 405 4322 gis
416 4257 568 4324 antiquitas
580 4258 744 4323 reperietur.
782 4257 896 4308 inventa
914 4257 1078 4325 iampridem
1091 4258 1162 4307 ratio

363 4331 406 4375 est
435 4326 612 4377 ruennntians
624 4324 714 4387 horas,
726 4341 780 4378 non
792 4326 874 4377 modo
885 4327 944 4378 dies
956 4343 988 4377 ae
999 4332 1104 4388 noctes,
1114 4325 1162 4377 So·

313 4450 317 4457 .
332 4390 337 4403 ⁸
362 4388 401 4439 lis
413 4338 561 4460 {uncaque
572 4393 737 4447 defectuum.
774 4395 864 4446 Durat
875 4401 968 4448 tanrcn
986 4394 1091 4445 tradita
1101 4408 1163 4460 per-

363 4461 457 4510 suasio
479 4461 507 4511 in
527 4477 626 4529 magna
642 4471 720 4530 parte
730 4464 817 4531 tulgi,
835 4465 977 4516 veneficiis
988 4470 1018 4515 et
1029 4461 1122 4513 herbis
1134 4460 1162 4512 id

363 4528 436 4593 cogi,
455 4543 570 4595 eamque
581 4547 643 4583 num
656 4532 822 4585 feminarum
835 4533 981 4583 scientiam
994 4531 1162 4596 praevalere.

364 4597 447 4647 Certe
469 4596 534 4663 quid
560 4615 612 4651 non
635 4602 777 4668 replevere
798 4599 900 4651 fabulis
922 4599 1033 4652 Colchis
1052 4598 1162 4660 Medea,

364 4662 502 4729 aliaeque,
515 4666 542 4714 in
554 4669 648 4731 primis
661 4672 732 4721 itala
743 4672 831 4728 Circe,
844 4669 898 4719 diis
909 4670 992 4720 etiam
1005 4667 1161 4734 adscriptal

363 4731 437 4783 unde
449 4732 570 4783 arbitror
582 4745 686 4801 natum,
697 4735 889 4803 utAeschylus
900 4752 916 4788 e
926 4737 1122 4789 vetustissimis
1133 4737 1162 4788 ln

363 4799 483 4867 poetica,
499 4801 628 4855 refertam
642 4806 750 4860 ltaliam
762 4806 908 4858 herbarum
921 4807 1047 4874 potentia
1059 4807 1158 4873 prode-

363 4874 424 4921 ret:
446 4870 580 4935 multique
591 4873 722 4938 Circeios,
733 4878 780 4928 ubi
793 4877 927 4929 habitarit
938 4877 996 4937 illa,
1007 4891 1106 4943 magno
1117 4891 1161 4928 ιιι·

364 4944 495 5007 gumemc
508 4939 658 4991 etiamnum
668 4944 786 4998 durante
799 4949 825 4997 in
837 4946 938 4998 Marsis
949 4962 966 4998 a
977 4944 1033 4997 lilio
1045 4946 1105 4998 eius
1117 4961 1161 4997 or-

363 5014 498 5075 tegente,
520 5020 589 5072 quos
609 5023 671 5059 esse
689 5012 840 5065 domitores
860 5018 1028 5082 serpentium
1041 5021 1161 5065 constat.

361 5074 506 5147 Homerus
524 5073 635 5142 quidem
657 5079 761 5143 primus
772 5083 960 5136 doctrinarum
974 5092 1002 5135 et
1016 5083 1164 5153 antiquita·

334 5178 342 5187 ·
362 5146 401 5197 tis
414 5160 522 5213 parens,
545 5144 646 5193 multus
663 5142 733 5195 alias
744 5149 770 5196 in
783 5151 967 5205 admiratione
978 5156 1082 5215 Circes,
1102 5152 1162 5219 glo-

364 5216 434 5267 riam
446 5213 593 5266 herbarum
606 5214 731 5280 Aegypto
743 5216 853 5270 tribuit:
866 5236 926 5272 cunr
940 5225 1035 5285 etiam,
1045 5237 1115 5290 quae
1127 5222 1163 5272 ri·

365 5293 457 5349 gatar,
470 5285 611 5350 Aegyptus
623 5280 672 5333 ille
684 5297 737 5333 non
750 5292 831 5343 ΕΜ,
854 5298 951 5352 postea
966 5291 1085 5341 fluminis
1096 5290 1163 5340 limo

363 5352 483 5405 inrecta.
500 5352 609 5405 Herbas
620 5359 697 5403 certe
709 5352 857 5416 Aegyptias
868 5371 884 5404 a
895 5362 968 5422 regis
981 5374 1067 5411 uxore
1078 5359 1162 5410 tradi-

362 5430 407 5470 tas
429 5438 497 5474 suae
515 5423 639 5472 Helenae
663 5421 797 5488 pluriores
819 5430 920 5481 narrat,
942 5428 1160 5479 acnobileillud

363 5490 523 5555 nepenthes,
538 5492 705 5543 oblivionem
718 5488 850 5541 tristitiae
861 5491 1023 5557 seniorisque
1033 5497 1161 5561 afferens,

1206 392 1235 441 et
1246 385 1281 440 nb
1292 386 1402 440 Helena
1420 387 1515 452 utique
1526 384 1654 439 omnibus
1675 386 1844 441 mortalibus
1855 392 2006 459 propinan-

1206 457 1281 508 dum.
1316 456 1427 508 Pdrnus
1439 446 1534 521 autcm'
1542 459 1674 518 omnium,
1695 471 1762 522 quos
1772 461 1910 512 memoria
1922 465 2011 527 norit,

1207 524 1332 599 orph—eus
1353 516 1398 577 dc*
1400 518 1497 576 herbis
1508 524 1644 575 curiosius
1663 524 1757 592 aliqua
1766 529 1903 594 prodidit.
1940 531 2011 584 Post

1207 612 1269 650 eum
1276 595 1408 670 Mfflll
1419 593 1594 646 etliesicdus
1604 593 1700 667 polion
1711 594 1821 648 herbam
1833 598 2009 666 inquantum

1206 665 1303 718 mirati
1312 670 1386 725 sunt,
1397 662 1525 715 diximus.
1554 661 1682 728 Orpheus
1694 668 1724 716 et
1733 665 1874 719 Hesiodus
1885 668 2008 722 sallitis·

1207 750 1255 787 nes
1275 732 1512 785 commendavere.
1548 730 1688 783 Homerus
1710 739 1738 785 et
1753 734 1824 787 alias
1841 739 2010 792 nominatim

1207 802 1307 856 herbas
1319 802 1454 865 celebrat,
1464 816 1534 867 quas
1545 801 1602 852 suis
1612 802 1683 852 locis
1694 802 1826 855 dicemus.
1855 809 1895 859 Ab
1907 823 1941 860 eo
1954 808 2008 877 Py.

1207 871 1340 941 tipagoras
1354 872 1446 922 clarus
1454 870 1601 937 sapientia,
1613 872 1717 937 primus
1727 872 1856 926 volumen
1868 874 1902 939 de
1912 892 2010 941 mum

1208 942 1310 996 effectu
1320 941 1484 1008 composuit,
1494 936 1866 1011 Apollined’escuiaptoqie,
1887 952 1915 999 et
1926 947 1955 997 in
1966 954 2010 999 to·

1207 1021 1267 1066 tum
1279 1012 1333 1063 diis
1342 1010 1547 1063 immortalibus
1557 1009 1718 1062 intentione
1729 1016 1758 1061 et
1770 1012 1878 1078 origine
1888 1017 2010 1083 assigna·

1207 1090 1246 1136 ta.
1258 1080 1420 1146 Composuit
1433 1088 1460 1131 et
1472 1080 1661 1149 Democritus,
1684 1080 1767 1132 ambo
1778 1085 1933 1147 peragratis
1945 1086 2010 1138 Per·

1207 1152 1285 1215 sidis,
1295 1140 1610 1214 Arabiam-'Aethiopiae
1620 1150 1797 1217 Aegyptique
1808 1150 1908 1220 Magis.
1920 1154 2009 1206 Adeo·

1207 1238 1261 1290 que
1281 1218 1317 1271 ad
1336 1216 1405 1271 haec
1416 1218 1539 1271 attonita
1559 1221 1712 1284 antiquitas
1728 1218 1793 1282 fuit,
1814 1225 1847 1270 ut
1858 1221 2008 1276 affirmaret

1207 1292 1293 1344 etiam
1304 1287 1483 1341 incredibilia
1494 1287 1580 1338 dictu.
1617 1286 1745 1341 Xanthus
1765 1290 1945 1344 historiarum
1956 1306 2005 1344 au·

1207 1367 1278 1421 etor,
1289 1359 1318 1409 in
1331 1361 1420 1424 prima
1432 1372 1524 1410 earum
1535 1354 1637 1420 tradit,
1653 1359 1776 1411 occisum
1789 1359 1917 1414 draconis
1928 1368 2003 1414 eatu-

1207 1430 1263 1482 lum
1276 1434 1435 1480 revocatum
1446 1427 1482 1478 ad
1493 1429 1576 1478 vitam
1589 1442 1606 1477 a
1616 1436 1742 1493 parente,
1760 1428 1854 1494 herba,
1865 1433 2003 1498 quambe-

1207 1499 1246 1551 lin
1257 1497 1396 1549 nominat:
1408 1497 1559 1564 eademque
1570 1495 1736 1563 Thylonem,
1747 1513 1828 1564 quem
1840 1499 1923 1551 draco
1935 1502 2005 1552 ccci·

1208 1568 1297 1629 derat,
1309 1570 1469 1618 restitutum
1481 1567 1574 1617 saluti.
1595 1569 1632 1617 Et
1644 1565 1711 1629 luha
1721 1567 1749 1618 in
1759 1569 1862 1620 Arabia
1871 1569 1956 1621 herba
1965 1584 2006 1620 re·

1207 1643 1336 1689 vocatum
1348 1635 1383 1686 ad
1395 1636 1480 1685 vitam
1493 1632 1632 1687 hominem
1644 1637 1739 1688 tradit.
1776 1636 1856 1688 Dixit
1866 1635 2006 1705 Democri·

1208 1714 1261 1767 tus,
1280 1704 1398 1757 credidit
1409 1701 1627 1772 Thermhrastus,
1649 1720 1709 1755 esse
1721 1703 1842 1767 herbam,
1853 1704 1932 1757 cuius
1944 1720 2005 1758 con·

1207 1780 1285 1826 tactu
1296 1763 1439 1823 illatae‘ab
1449 1773 1532 1833 alite,
1554 1787 1635 1838 quam
1648 1773 1801 1837 retulimus,
1822 1775 1949 1827 exsiliret
1963 1790 2004 1825 cu·

1208 1858 1276 1895 neus
1288 1858 1304 1892 a
1316 1842 1473 1907 pastoribus
1485 1840 1580 1892 arbori
1591 1843 1719 1893 adactus:
1741 1858 1811 1907 quae
1830 1844 1942 1894 etiamsi
1952 1843 2005 1895 lide

1209 1918 1321 1973 carent,
1342 1909 1553 1962 admirationem
1575 1918 1667 1962 tamen
1686 1911 1816 1977 implente
1848 1917 2006 1978 coguntque

1210 1979 1350 2041 confiteri,
1370 1980 1486 2031 multum
1500 1980 1645 2045 essequod
1658 1994 1724 2031 sero
1736 1980 1864 2047 supersit.
1901 1981 1968 2034 lnde
1978 1985 2005 2032 et

1209 2050 1355 2117 plerosque
1366 2050 1407 2099 ita
1418 2050 1498 2100 rideo
1519 2049 1692 2112 existimare,
1713 2048 1784 2101 nihil
1794 2065 1848 2101 non
1859 2048 2006 2103 herbarum

1209 2120 1235 2169 ri
1246 2118 1318 2170 ellici
1328 2133 1419 2186 posse,
1429 2118 1478 2169 sed
1490 2118 1669 2184 plurimarum
1683 2119 1757 2171 sires
1769 2136 1829 2172 esse
1838 2120 2006 2187 incognitas:

1209 2202 1326 2255 quorum
1339 2188 1367 2237 in
1379 2202 1491 2238 nurnero
1514 2187 1567 2238 fuit
1580 2186 1747 2257 {herophilus
1758 2189 1849 2239 clarus
1861 2187 2007 2249 medicina,

1209 2272 1290 2323 aquo
1303 2255 1395 2306 ferunt
1407 2256 1520 2318 dictum,
1541 2248 1670 2323 qua‘sdam
1685 2242 1814 2309 fdrtassis
1824 2257 1906 2307 etiam
1918 2256 2006 2307 calea-

1209 2334 1253 2379 tss
1265 2325 1404 2393 prodesse.
1426 2327 1609 2378 Obscrratunr
1623 2332 1696 2377 certe
1708 2334 1757 2389 est,
1770 2326 1934 2377 inflammari
1946 2325 2005 2375 vul·

1210 2411 1277 2448 nera
1287 2411 1320 2446 ac
1331 2395 1443 2447 morbos
1460 2404 1627 2462 superventu
1641 2410 1745 2459 corum,
1766 2397 1811 2462 qui
1823 2393 1942 2461 pedibus
1952 2394 2006 2445 iter

1210 2463 1388 2519 confecerint.

1245 2533 1292 2589 Vl.
1311 2534 1460 2584 Haeserat
1471 2534 1585 2600 antiqua
1595 2532 1743 2597 medicina,
1754 2546 1823 2602 quae
1834 2536 1897 2582 tota
1905 2531 2006 2596 migra·

1209 2604 1261 2657 bat
1271 2603 1298 2653 in
1310 2602 1446 2654 Graeciae
1463 2602 1581 2669 linguas.
1618 2603 1673 2655 Sed
1685 2618 1770 2670 quare
1787 2618 1841 2654 non
1852 2603 1944 2669 plures
1955 2612 2002 2650 no·

1209 2677 1332 2733 scantur,
1352 2686 1436 2723 causa
1447 2678 1509 2734 est,·
1519 2671 1592 2739 quod
1614 2688 1661 2723 eas
1672 2682 1797 2740 agrestes
1810 2674 2006 2735 literarumque

1209 2741 1300 2810 ignari
1311 2741 1534 2807 experiuntur,ut
1546 2741 1592 2807 qui
1603 2742 1659 2792 soli
1667 2743 1810 2794 interillas
1818 2741 1920 2791 vivant:
1932 2751 2006 2804 prae·

1210 2819 1288 2863 terea
1306 2810 1443 2860 securitas
1461 2809 1621 2874 quaerendi,
1645 2810 1727 2862 ebria
1738 2812 1908 2862 medicorum
1919 2806 2006 2858 turbs.

1209 2878 1307 2931 Multis
1317 2881 1402 2927 etiam
1414 2877 1533 2927 invenes
1545 2882 1657 2928 nomina
1667 2879 1856 2941 desunt,sicut
1867 2878 2006 2943 illi,quam

1210 2947 1357 3000 retulimus
1380 2946 1408 2995 in
1428 2944 1538 3012 frugum
1558 2960 1632 3007 eura,
1653 2947 1811 3012 seinrnsque
1829 2947 1968 2997 defossam
1979 2943 2006 2994 in

1210 3012 1319 3084 angulis
1330 3014 1433 3082 segetis
1443 3021 1601 3081 praestare,
1622 3029 1656 3065 ne
1668 3014 1791 3079 quaeles
1808 3014 1904 3064 intret.
1942 3016 2007 3066 'fan

1210 3087 1324 3153 pissima
1335 3098 1419 3137 causa
1440 3083 1574 3144 raritatis,
1594 3082 1760 3150 quodetiam
1774 3083 1820 3148 qui
1840 3083 1942 3146 sciunt,
1961 3080 2006 3133 de·

1210 3160 1365 3207 monstrare
1377 3151 1486 3215 nolunt3
1499 3161 1631 3220 tanquam
1642 3153 1708 3217 ipsis
1720 3152 1874 3218 periturum
1883 3148 2007 3219 sit,quod

1211 3223 1380 3276 tradiderint
1391 3221 1464 3273 aliis.
1499 3220 1614 3273 Accedit
1634 3220 1708 3271 ratio
1720 3222 1889 3273 inventionis
1900 3235 2008 3286 anceps.

1212 3294 1320 3359 Quippe
1342 3293 1425 3344 etiam
1444 3290 1472 3341 in
1486 3290 1612 3356 repertis,
1633 3288 1704 3341 alias
1714 3290 1820 3343 incenit
1831 3304 1920 3352 casus,
1939 3289 2009 3341 allas

1211 3358 1257 3432 (ut
1270 3377 1332 3413 vere
1343 3357 1473 3421 dixerim)
1485 3359 1562 3412 deus.

1246 3430 1405 3483 insanabile
1424 3430 1462 3482 ad
1481 3429 1564 3482 hosce
1582 3443 1669 3481 annos
1679 3425 1733 3478 fuit
1746 3427 1836 3479 rabidi
1846 3427 1922 3477 canis
1934 3439 2008 3476 nror·

1212 3516 1267 3561 sus,
1281 3514 1410 3567 pavorem
1421 3514 1517 3567 aquae,
1530 3506 1666 3565 potusque
1680 3497 1767 3548 omnis
1778 3497 1893 3547 afferens
1905 3492 2009 3545 odium.

1212 3571 1308 3636 Nuper
1319 3568 1459 3620 cuiusdam
1472 3567 1616 3618 militantis
1637 3568 1664 3618 in
1682 3566 1822 3635 praetorio
1840 3570 1929 3615 mater
1939 3562 2009 3614 sidit

1205 3639 1241 3688 in
1254 3639 1363 3704 quiete,
1384 3642 1415 3687 ut
1427 3636 1548 3688 radicem
1560 3637 1696 3687 silvestris
1706 3653 1800 3699 rosae,
1820 3649 1900 3703 quam
1911 3647 2008 3700 cynor-

1213 3706 1320 3758 rhodon
1330 3710 1438 3765 vccmrt,
1460 3704 1612 3757 blanditam
1625 3707 1677 3757 sibi
1690 3714 1802 3773 aspectu
1814 3703 1903 3771 pridie
1913 3702 1941 3752 in
1954 3701 2008 3751 fru-

1214 3782 1298 3836 tecto,
1319 3774 1443 3825 mitteret
1455 3774 1512 3825 lilio
1524 3776 1686 3827 bibendam:
1708 3778 1735 3827 in
1746 3776 1896 3826 liscetania
1907 3787 1951 3824 res
1963 3784 2006 3837 ge·

1212 3844 1336 3902 rebatur,
1347 3843 1500 3908 Hispaniae
1518 3847 1643 3909 proxima
1655 3853 1746 3910 parte:
1770 3856 1889 3909 casuque
1899 3840 2008 3907 eccidit,

1213 3919 1243 3962 ut
1255 3913 1344 3963 milite
1355 3926 1372 3961 a
1382 3926 1475 3962 morsu
1489 3914 1563 3963 canis
1576 3913 1726 3978 incipiente
1744 3927 1828 3978 aquas
1848 3924 2007 3977 expavesce·

1213 3981 1452 4048 re,supcrveniret
1462 3981 1581 4046 epistola
1592 3986 1697 4032 orantis
1710 3989 1739 4031 ut
1749 3991 1859 4047 pareret
1868 3977 2008 4047 religioni:

1213 4058 1391 4116 servatusque
1411 4056 1454 4100 cst
1470 4066 1502 4101 ex
1513 4050 1662 4116 insperato,
1684 4057 1712 4102 et
1723 4058 1821 4116 postea
1833 4048 1953 4116 quisquis
1964 4060 2009 4097 au·

1213 4120 1309 4170 silium
1323 4119 1413 4169 simile
1425 4119 1551 4169 tentavit.
1588 4119 1665 4171 Alias
1685 4120 1757 4185 apud
1775 4127 2010 4182 auctorescynor·
2100 4156 2104 4163 .

1213 4188 1293 4239 rhodi
1306 4204 1360 4239 una
1369 4186 1505 4240 medicina
1516 4195 1589 4240 erat:
1609 4188 1781 4256 spongirrlae,
1792 4202 1862 4254 quae
1874 4189 1900 4237 in
1912 4182 2010 4236 mediis

1213 4258 1300 4323 spinis
1312 4259 1372 4308 eins
1384 4255 1517 4318 nascitur,
1538 4258 1631 4310 cinere
1643 4274 1702 4308 cunr
1714 4257 1804 4318 mella,
1815 4255 1953 4323 alopecias
1964 4268 2009 4304 ca·

1214 4327 1280 4393 pitis
1293 4326 1410 4394 expleri.
1446 4328 1477 4378 ln
1499 4326 1595 4378 eadem
1617 4329 1760 4394 provincia
1776 4325 1893 4393 cognovi
1904 4325 2010 4388 inagro

1213 4395 1333 4462 hospitis
1346 4410 1433 4463 nuper
1443 4396 1480 4446 ibi
1489 4403 1628 4462 repertum
1638 4394 1834 4447 dracunculum
1843 4393 2009 4461 appellatum

1215 4466 1333 4527 caulem,
1355 4465 1483 4531 pollicari
1494 4465 1688 4528 crassitudine,
1710 4464 1924 4517 r'ersicoloribus
1935 4459 2009 4525 ripe·

1212 4548 1305 4585 rarum
1318 4535 1448 4595 maculis,
1467 4549 1547 4600 quem
1560 4534 1688 4587 ferebant
1699 4542 1796 4585 contra
1807 4534 1929 4583 omnium
1941 4542 2011 4581 rnor-

1213 4618 1260 4653 sus
1273 4618 1333 4654 esse
1344 4603 1485 4655 remedio:
1507 4604 1601 4664 alium,
1620 4619 1702 4670 quam
1716 4618 1785 4667 quos
1798 4601 1825 4650 in
1837 4599 1922 4663 priori
1934 4597 2009 4650 rolu-

1213 4673 1288 4723 miue
1298 4673 1419 4723 eiusdem
1432 4672 1551 4722 nominis
1562 4672 1696 4723 diximus:
1708 4670 1758 4720 sed
1774 4666 1836 4717 huie
1847 4666 1902 4715 alia
1912 4668 2011 4733 figure,

1214 4740 1345 4808 aliudque
1357 4740 1533 4801 miraculum,
1554 4739 1707 4790 exserentis
1724 4753 1754 4788 se
1772 4743 1847 4786 terra
1859 4733 1893 4784 ad
1907 4739 2011 4800 primas

1214 4809 1384 4874 serpentium
1392 4809 1576 4865 vernationes,
1584 4806 1704 4872 bipedali
1716 4804 1777 4857 fere
1789 4804 1945 4865 altitudine,
1954 4818 2011 4854 rur·

1215 4892 1316 4944 susque
1329 4892 1389 4928 cunr
1402 4876 1499 4927 iisdem
1512 4877 1540 4925 in
1553 4882 1654 4926 terram
1666 4873 1824 4925 condentis:
1838 4888 1888 4924 nec
1899 4875 2011 4924 omnino

1215 4946 1355 4997 occultato
1376 4960 1410 4997 eo
1431 4951 1546 5011 apparet
1566 4958 1692 5010 serpens:
1711 4942 1755 4993 rel
1778 4941 1830 4992 hoc
1842 4958 1889 5008 per
1900 4957 1930 4992 se
1941 4942 2011 4993 satis

1214 5014 1340 5065 ellicioso
1362 5021 1478 5064 naturae
1498 5028 1620 5074 munere,
1641 5016 1664 5064 si
1686 5020 1796 5064 tantum
1809 5018 2011 5079 praemoneret,

1214 5090 1376 5149 tempusque
1388 5082 1545 5133 formidinis
1556 5081 1769 5134 demonstraret.

1249 5150 1306 5202 hiec
1323 5151 1476 5202 bestiarum
1497 5151 1586 5201 solum
1599 5150 1633 5201 ad
1655 5153 1809 5202 nocendum
1820 5148 2011 5209 scelerasunt‚

1213 5219 1263 5272 scd
1273 5222 1383 5272 interim
1395 5235 1527 5286 aquarum
1539 5234 1646 5287 quoque
1658 5235 1690 5271 ac
1701 5222 1795 5271 locoru
1801 5236 1835 5270 nr.
1859 5219 1889 5268 ln
1900 5217 2011 5268 Germa·

1214 5291 1261 5340 nia
1272 5297 1349 5341 trans
1362 5288 1485 5341 Rhenum
1503 5289 1602 5339 castris
1616 5305 1633 5340 a
1644 5289 1807 5341 Germanico
1819 5289 1936 5339 Caesare
1947 5300 2008 5351 pro·

1214 5360 1307 5421 motis,
1324 5357 1464 5410 maritimo
1476 5366 1566 5410 tractu
1579 5358 1641 5409 fons
1653 5366 1713 5410 erat
1725 5374 1813 5426 aquae
1826 5355 1915 5406 dulcis
1925 5354 2010 5409 solus,
2066 5360 2075 5369 “

1214 5442 1269 5494 qua
1280 5436 1347 5496 pota
1358 5429 1432 5478 intra
1441 5427 1581 5480 biennium
1594 5426 1691 5480 dentes
1707 5426 1884 5485 deciderent,
1902 5438 2009 5487 compa·

1213 5512 1317 5566 gesque
1328 5498 1356 5548 in
1365 5498 1482 5567 genibus
1497 5499 1681 5553 solverentur.
1719 5496 1900 5551 Stonracacen
1912 5492 2010 5547 irradiet
