4368 6008
151 300 154 306 ·
259 298 916 362 c.rmu11escnanruarua
948 301 1131 367 ursana
1167 307 1457 370 arnxxrra.
1491 316 1585 375 cla.
1613 320 1731 379 so-sn
1776 276 1834 384 aar

190 445 354 514 treblpiim.
390 448 465 500 idem
477 455 621 516 praestare
631 455 749 503 nument
758 451 852 514 iecur,
872 465 934 504 cum
944 467 990 506 ra·
1042 457 1177 524 pruritum
1195 461 1276 525 cutis,
1295 463 1453 529 eruptiones
1471 463 1597 529 pituitae,
1619 474 1683 533 post
1699 472 1838 527 abstinen-

190 532 241 570 oac
262 518 376 568 rubetae
395 517 527 583 pulmone
547 519 658 571 illitum.
695 519 845 573 Praeterea
865 523 988 577 iocinere
1042 528 1119 580 tiam.
1154 529 1222 581 Nom
1235 539 1266 582 ut
1276 530 1304 582 in
1316 531 1433 582 Arcadia
1445 531 1572 585 bubulum
1586 535 1709 589 biberent
1721 537 1836 607 phthisi·

192 588 329 639 amatoria
344 586 465 637 dissolvi.
503 586 723 640 melancholicus
738 597 830 642 autam
841 592 943 654 sanam,
963 594 988 644 si
1042 598 1077 658 cl,
1096 599 1308 667 syntecticiqae,
1329 608 1358 651 et
1374 597 1529 662 cachectae,
1549 602 1669 656 diximus
1687 609 1836 663 iuratione

192 669 227 709 ex
238 654 316 706 corio
328 653 642 708 chamaeleonisherbae
653 672 750 709 succus
761 657 879 711 bibatur.
915 660 987 712 inie-
1040 664 1197 717 herbarum.
1232 666 1302 718 Sunt
1320 668 1394 719 iuter
1413 670 1547 734 exempla,
1568 673 1614 738 qui
1635 675 1772 727 asininum
1793 681 1834 731 bi·

192 724 265 775 stiae
275 730 304 775 et
314 722 416 774 fartum
428 739 539 786 eorum,
561 739 621 775 cum
632 725 662 776 id
673 727 773 778 animai
785 728 861 780 nulio
873 728 935 780 cibo
946 728 986 779 ri·
1039 733 1130 785 hendo
1153 734 1265 785 liberati
1286 735 1342 786 sint
1363 737 1498 804 podagra,
1528 737 1695 807 chiragrave.
1730 745 1836 799 Medici

191 798 246 855 rat,
267 806 327 843 cum
338 793 481 844 sintlerum
500 793 581 844 urina
598 794 671 846 illita
685 795 861 849 inimieorum
877 798 987 860 ianuae,
1039 803 1159 867 speciem
1171 818 1252 854 unam
1266 802 1398 856 addidere
1409 806 1492 857 lactis
1501 809 1657 874 generibus,
1679 813 1836 877 quodschi·

192 860 283 913 odium
296 860 573 941 omniumhominum
584 861 627 914 bis
638 864 796 917 conciliare.
833 866 987 918 Caudailu·
1039 878 1103 921 ston
1114 871 1297 937 appellavere.
1334 871 1577 927 ldllthocmodu:
1607 878 1686 929 fictili
1698 895 1768 933 noro
1780 883 1835 936 fer·

190 930 266 981 mina
275 936 304 981 et
320 944 454 995 aquarum
472 938 592 996 impetus
606 932 678 995 sisti,
699 942 841 1000 serpentes
850 934 987 1002 soporari.
1040 946 1086 990 ret
1096 941 1239 1005 caprinum
1251 941 1380 1003 maxime,
1391 944 1529 1010 ramisque
1543 945 1666 998 ficulneis
1678 952 1835 1004 recentibus

190 997 293 1049 Eadem
305 998 711 1067 medicatacedroetmyrrha,
722 1002 887 1071 illigataque
899 1003 986 1072 gemi-
1041 1008 1181 1070 miscetur,
1201 1009 1303 1061 additis
1318 1011 1433 1061 totidem
1453 1012 1564 1079 cyathis
1581 1016 1672 1076 mulsi,
1696 1025 1762 1083 quot
1779 1022 1836 1073 sint

189 1081 224 1147 no
236 1067 441 1149 ramepalmae,
463 1082 623 1133 percussam
634 1085 732 1152 aquam
743 1071 854 1135 discuti,
874 1081 906 1123 nt
916 1087 987 1139 quae
1038 1073 1165 1129 hentinae
1187 1078 1275 1129 lactis.
1320 1080 1387 1129 cum
1410 1078 1513 1143 fervet,
1533 1098 1566 1133 ne
1589 1086 1835 1153 circumfundatur,

189 1142 265 1186 ratus
286 1146 342 1185 sint
363 1150 456 1187 onrnra
476 1146 643 1203 appareant:
672 1146 834 1207 uunanrque
853 1156 888 1191 en
908 1154 986 1191 ramo

189 1211 333 1255 contactus
343 1212 418 1255 esset
429 1205 621 1268 Democritus,
644 1209 772 1276 quoniam
784 1210 826 1258 ita
836 1208 988 1276 loquacita-

188 1279 232 1324 tes
243 1273 405 1327 immodicas
416 1276 544 1338 promisit
555 1273 684 1328 inhiberi.
721 1276 871 1343 Palemque
882 1284 933 1338 est,
950 1279 987 1327 ri·

188 1355 249 1392 rum
266 1341 337 1392 alias
358 1357 486 1409 sagacem
508 1349 537 1394 et
557 1345 633 1395 vitae
649 1345 835 1407 utilissimum,
847 1345 931 1396 nimio
947 1344 987 1396 iu·

187 1409 269 1460 randi
281 1410 413 1461 nrortales
423 1410 518 1461 studio
533 1412 701 1479 prolapsum.

223 1477 311 1530 XXX.
329 1478 372 1530 Ex
391 1479 487 1530 eadem
506 1480 688 1534 similitudine
703 1488 747 1534 est
765 1482 884 1545 mineus,
905 1498 985 1549 quem

188 1547 300 1667 guidam
311 1553 472 1599 terrestrem
483 1549 654 1601 crocodilum
664 1566 726 1604 esse
736 1550 874 1613 dixerunt,
894 1553 986 1603 candi·

209 1617 252 1667 ior
263 1623 365 1678 autem,
376 1623 405 1668 et
417 1617 545 1670 tenuiore
555 1625 628 1670 cute.
664 1618 817 1686 Praecipua
829 1628 920 1671 tamen
932 1619 985 1672 dif-

187 1683 308 1737 ferentia
329 1685 503 1752 dignoscitur
517 1701 534 1738 a
549 1687 701 1750 crocodilo,
716 1704 892 1755 squamarum
914 1692 986 1740 serie

187 1768 206 1805 a
216 1753 305 1805 cauda
320 1754 356 1806 ad
373 1763 456 1821 caput
471 1770 560 1808 versa.
596 1758 735 1808 Maximus
747 1758 866 1820 indicus,
886 1757 986 1811 deinde

188 1824 329 1875 Arabicus.
364 1823 523 1874 hilarantur
538 1825 614 1876 salsi.
650 1826 780 1876 Rostrum
793 1829 852 1877 eius
864 1834 892 1877 et
902 1826 986 1893 pedes

187 1893 215 1942 in
235 1893 300 1943 rino
323 1891 387 1943 albu
408 1893 478 1959 poti,
498 1893 668 1959 cupiditates
678 1894 796 1946 Veneris
816 1896 983 1946 accendunt:

187 1961 282 2027 utique
293 1975 357 2012 cunr
368 1961 476 2027 satyrio
487 1968 516 2014 et
526 1977 627 2014 erucae
637 1964 752 2025 semine,
764 1964 879 2031 siugulis
890 1963 985 2014 druch·

186 2029 241 2085 mis
252 2031 381 2092 omnium,
400 2044 432 2080 ac
442 2031 546 2097 piperis
562 2031 668 2084 duabus
684 2032 827 2094 admixtis,
847 2032 889 2084 itu
900 2041 931 2083 ut
941 2047 986 2100 pa·

186 2096 259 2148 atilli
269 2098 439 2166 singularum
452 2099 643 2151 drachmarum
656 2102 796 2153 hibentur:
819 2116 868 2169 per
877 2116 907 2152 se
917 2101 985 2154 iate·

186 2178 247 2218 rum
259 2182 356 2218 carnes
371 2166 462 2220 obolis
477 2169 551 2220 binis
567 2185 628 2221 eum
645 2169 760 2238 myrrha
776 2178 805 2222 et
822 2174 916 2237 pipern
927 2171 984 2236 pari

186 2235 270 2290 modo
286 2242 379 2303 potae,
391 2235 560 2291 efficaciores
579 2240 614 2291 ad
635 2241 707 2292 idem
721 2239 879 2291 creduntur.
916 2239 983 2291 Pro·

189 2305 252 2358 dest
261 2311 290 2358 et
302 2313 401 2357 contra
413 2308 579 2374 sagittarum
590 2323 705 2371 verrens,
724 2316 755 2360 ut
764 2308 876 2375 Apelles
889 2307 984 2367 tradit,

186 2379 252 2426 ante
262 2381 415 2443 posteaque
426 2383 541 2435 sumtus.
580 2377 610 2427 ln
622 2378 750 2429 antidota
761 2392 871 2444 quoque
882 2377 986 2427 nobilia

188 2440 310 2495 additur.
346 2444 458 2495 Sextius
477 2445 540 2510 plue
558 2459 640 2511 quam
658 2444 805 2497 drachnrae
817 2444 938 2509 pondere
957 2444 985 2494 in

186 2510 247 2564 alni
260 2510 369 2563 hemina
379 2520 484 2577 potum,
495 2514 644 2579 perniciem
662 2514 761 2565 nlicrrc
773 2511 866 2563 tradit.
904 2512 985 2564 Prae·

186 2584 267 2631 terea
277 2579 400 2630 eiusdem
411 2579 520 2630 decocti
530 2581 575 2631 ios
585 2595 646 2631 cum
657 2581 740 2635 malie
750 2586 880 2643 sumtum,
890 2582 985 2634 Vene-

186 2660 247 2698 rem
258 2644 395 2699 inhibere.

223 2714 324 2766 xxxi.
353 2716 405 2767 Est
425 2716 567 2769 crocodilo
589 2718 720 2785 cognatio
743 2717 876 2786 quaedam
897 2717 986 2770 amnis

186 2783 322 2847 eiusdem,
342 2786 497 2854 geminique
517 2787 616 2849 rictus,
638 2802 700 2839 cum
718 2786 924 2855 hippopotamo,
944 2801 986 2838 re-

184 2861 301 2921 pertore
321 2853 484 2908 detrahendi
504 2856 660 2924 sanguinis,
682 2863 713 2908 ut
733 2858 863 2908 diximus.
898 2855 986 2907 Pluri-

183 2921 225 2972 mi
237 2928 328 2974 autem
341 2938 426 2993 super
436 2926 570 2977 Saiticam
587 2925 801 2992 praefecturam.
837 2926 927 2975 liuius
938 2938 984 2975 co-

183 2990 219 3041 rii
231 2991 301 3042 cinis
314 3008 374 3043 carn
391 3008 462 3059 aqua
474 2994 575 3054 illitus,
594 3009 680 3061 panus
696 3002 789 3047 sanat:
811 2993 898 3061 adeps
908 2993 985 3061 frigi·

184 3057 236 3111 das
248 3059 353 3112 febres:
374 3062 439 3113 item
452 3065 544 3114 timum
554 3066 657 3115 suilitu.
693 3065 799 3116 Dentes
810 3078 826 3115 e
837 3071 917 3129 purte
930 3062 984 3113 lae·

182 3143 219 3180 ra
231 3128 343 3181 dolores
354 3130 487 3194 dentium,
498 3133 664 3184 scariiicatis
676 3132 804 3200 gingivis.
829 3130 915 3183 Peliis
924 3131 985 3183 eius

184 3197 325 3249 esiaistra
335 3205 416 3264 parte
428 3199 529 3251 frontis
544 3201 698 3269 ininguine
712 3201 874 3267 adalligata,
895 3200 984 3252 Vena

183 3279 243 3317 rem
254 3265 367 3316 inhibet.
405 3267 535 3320 Eiusdem
552 3270 622 3320 cinis
636 3270 777 3336 alopecias
793 3269 895 3335 explet.
931 3270 984 3319 Te·

183 3334 283 3386 sticuli
301 3332 433 3387 drachma
449 3351 482 3387 es
499 3344 690 3404 aqua-contra
709 3344 851 3404 serpentes
871 3335 983 3388 bibitur.

183 3400 326 3470 Sanguine
338 3406 458 3469 pictores
473 3411 597 3457 utuntur.

217 3471 333 3523 xxxii.
352 3470 517 3539 Peregrinae
533 3480 598 3524 sunt
616 3479 644 3524 et
659 3473 763 3541 lynces,
783 3487 854 3542 quoe
865 3473 985 3526 clarissi-

182 3552 228 3589 me
240 3542 361 3590 omnium
373 3541 583 3608 quadrupedum
597 3549 720 3594 cernunt.
767 3543 877 3611 Ungues
889 3557 983 3595 earum

183 3621 281 3659 omncs
292 3623 352 3658 cora
364 3609 442 3660 corio
453 3611 532 3661 exuri
548 3610 739 3661 efficacissime
754 3610 782 3660 in
795 3611 935 3676 Carpatho
945 3612 985 3661 in·

183 3675 247 3727 sula
258 3675 378 3727 traduat.
414 3680 477 3729 iloc
497 3679 590 3730 cinere
607 3686 672 3745 puto
690 3677 827 3743 propudia
842 3679 983 3729 uirorum:

183 3744 305 3795 eiusdem
318 3758 442 3811 aspersa,
455 3746 617 3798 feminarum
630 3746 761 3796 libidines
772 3745 904 3797 inhiberi:
916 3748 982 3797 item

182 3814 310 3879 pruritus
326 3828 487 3881 corporum:
509 3815 599 3876 urina,
616 3814 893 3867 stillicidiaresicae.
929 3814 984 3864 lta-

182 3896 236 3947 que
246 3897 306 3933 cam
318 3883 444 3948 protinus
456 3891 533 3936 terra
545 3884 660 3950 pedibas
673 3891 788 3951 aggesta
801 3883 919 3935 obruere
929 3887 984 3932 tra·

183 3950 270 4002 ditur.
315 3951 420 4004 lisdem
430 3959 523 4003 autem
536 3961 564 4004 et
574 3953 731 4019 iugulorum
745 3952 837 4004 dolori
848 3958 984 4003 monstra·

180 4026 228 4073 tur
237 4022 264 4072 in
276 4021 408 4072 remedio.
444 4021 587 4074 iiaetenus
598 4023 632 4073 de
643 4022 777 4073 externis.

217 4089 345 4141 xxxta.
375 4090 453 4140 Nunc
473 4097 644 4141 revertemur
665 4089 701 4140 ad
722 4095 845 4138 nostrum
869 4087 983 4137 urbem:

180 4159 356 4223 primumque
368 4157 688 4208 communicauimaliam
700 4155 823 4207 remedia
833 4160 917 4220 atque
928 4155 984 4205 esi·

181 4226 241 4277 mia
252 4225 375 4275 dicemus
386 4240 393 4271 ε
404 4223 487 4276 sicuti
499 4224 533 4276 de
544 4225 624 4275 lactis
635 4239 695 4274 usu.
731 4222 915 4273 Utilissimum
928 4219 985 4270 cui·

182 4308 238 4360 que
250 4297 413 4343 maternum.
451 4295 603 4358 Concipere
622 4292 745 4343 natrices
767 4290 915 4342 exitiosum
928 4292 984 4337 est:

181 4362 212 4414 hi
232 4365 298 4412 sont
319 4360 392 4411 enim
416 4359 549 4423 infantes,
571 4361 618 4428 qui
637 4358 783 4411 colostrati
800 4357 984 4424 appellantur,

182 4430 303 4481 densato
314 4428 386 4480 laete
398 4430 426 4479 ia
437 4430 510 4481 casei
522 4430 650 4497 speciem.
687 4428 740 4478 Est
751 4432 843 4478 autem
853 4426 984 4484 colostra,

180 4497 276 4565 prima
293 4502 405 4563 aperta
421 4498 572 4565 spongiusa
588 4498 713 4550 densitas
729 4497 819 4548 lactis.
860 4493 984 4544 hiuxime

181 4573 278 4619 autem
298 4567 350 4617 alit
361 4567 545 4634 quodcunque
566 4566 722 4628 hanranum,
741 4579 805 4617 mox
821 4563 983 4629 caprinum:

182 4635 256 4687 unde
273 4636 402 4688 fortassis
426 4636 537 4688 fabulae
555 4637 646 4688 iorem
664 4636 705 4686 ita
727 4634 862 4686 nutritum
879 4631 982 4684 dixere.

182 4704 382 4758 Dulcissimam
395 4705 430 4757 ad
442 4703 562 4756 hominis
573 4704 749 4767 ermelinum,
764 4702 982 4755 eiiicacissimum

183 4787 219 4824 ex
231 4775 325 4826 asinis.
362 4774 529 4843 Magnorum
542 4774 703 4825 animalium
716 4780 902 4840 etcorporum
914 4769 982 4821 faci·

182 4841 237 4893 lius
258 4843 392 4895 redditur.
428 4840 577 4895 Stomacho
598 4841 915 4894 accommodatissimum
936 4854 982 4891 aa·

181 4912 302 4977 prinum,
313 4911 444 4979 quoniam
454 4911 554 4963 fronde
565 4912 665 4979 magis,
673 4926 753 4978 quam
765 4910 859 4972 herba,
868 4924 983 4962 reacun-

182 4986 238 5030 tur.
276 4980 415 5033 liubulam
427 4981 601 5032 medicatios.
638 4980 982 5032 Orillumduleiusetma·

183 5051 228 5116 gis
239 5047 450 5112 alit,stomacho
461 5051 552 5102 minus
563 5049 643 5114 utile,
652 5051 780 5116 quoniam
792 5056 834 5100 est
841 5048 981 5114 pinguius.

184 5118 273 5169 Omne
285 5126 376 5171 autem
387 5134 500 5172 vernum
512 5118 641 5186 aquatius
652 5118 803 5177 aestimet
813 5118 847 5169 rie
857 5117 982 5168 novellis:

183 5185 409 5252 probatissimum
420 5202 496 5250 rere,
517 5188 590 5256 quod
603 5189 631 5239 ln
649 5202 741 5255 ungue
754 5186 858 5248 haeret,
878 5201 929 5237 acc
939 5185 982 5236 de·

183 5252 256 5305 iluit.
291 5256 468 5310 innocentius
480 5257 637 5320 decoctum,
660 5256 877 5327 praecipuarum
891 5254 981 5304 calcu·

183 5320 355 5375 lismarinis.
394 5323 863 5377 hlrusmaximesoiviturbohuiu.
890 5323 983 5373 hlinus

181 5397 276 5442 autem
288 5392 368 5444 lailat
376 5391 557 5460 quodcunque
565 5393 718 5446 decoctum.

219 5459 291 5511 Usus
304 5459 387 5511 lactis
404 5460 440 5511 ad
458 5462 552 5512 omniu
567 5464 642 5513 intus
653 5462 842 5522 exhulcerata,
863 5458 983 5511 maxime

195 5539 271 5595 enee,
293 5528 423 5594 vesicam,
441 5528 592 5592 interanea,
610 5530 715 5594 fauces,
734 5530 895 5598 pulmunes:
915 5528 984 5582 foris

1040 1152 1162 1209 praestat
1175 1142 1292 1211 cyathus
1303 1152 1450 1211 argenteus
1460 1165 1521 1199 cam
1535 1150 1637 1218 frigida
1648 1170 1720 1221 aqua
1737 1157 1836 1209 demis·

1039 1227 1096 1273 sus,
1118 1213 1204 1264 itane
1220 1213 1284 1279 quid
1297 1212 1437 1264 infundat:
1457 1216 1578 1268 ablatum
1596 1223 1696 1273 deinde
1707 1226 1771 1290 igni,
1792 1241 1835 1279 re·

1039 1279 1222 1345 frigeratiune
1232 1282 1372 1343 diuiditur,
1380 1290 1407 1333 et
1419 1281 1535 1334 discedit
1546 1301 1637 1338 serum
1650 1304 1666 1339 a
1677 1291 1757 1345 lacte.
1768 1295 1835 1356 eui·

1039 1349 1101 1399 dam
1114 1356 1142 1400 et
1153 1349 1242 1415 ipsum
1254 1365 1345 1402 serum
1361 1351 1415 1401 iam
1428 1352 1518 1402 mulso
1529 1357 1748 1418 potentissimum
1761 1397 1768 1424 ‚
1790 1364 1836 1416 de·

1039 1418 1208 1483 coquuntad
1229 1419 1327 1470 tertias
1346 1428 1450 1486 partes,
1472 1429 1501 1472 et
1520 1424 1571 1477 sub
1592 1425 1638 1475 dio
1659 1428 1834 1497 refrigerent.

1038 1485 1148 1537 Bibitur
1164 1494 1256 1539 autem
1278 1488 1467 1541 ellicacissime
1480 1489 1597 1543 heminis
1616 1508 1666 1559 per
1685 1497 1835 1553 interralla

1038 1555 1165 1623 singulis,
1185 1556 1280 1608 diebus
1293 1558 1398 1623 quinis:
1417 1559 1515 1610 melius
1526 1575 1544 1610 a
1554 1568 1621 1627 poia
1631 1569 1743 1630 gestari.
1780 1570 1835 1622 Da·

1038 1630 1085 1673 tur
1098 1625 1295 1686 comitialibus,
1317 1627 1533 1689 arclanchulicis,
1556 1630 1731 1699 paralyticis,
1741 1635 1781 1687 ,in
1796 1637 1835 1690 le·

1038 1693 1105 1759 pris,
1118 1693 1308 1760 elephantiasi,
1318 1696 1512 1749 articularibus
1523 1700 1634 1751 morbis.

1073 1796 1231 1851 infunditur
1244 1815 1351 1867 quoque
1368 1800 1412 1851 lac
1426 1809 1523 1854 eontra
1538 1805 1664 1857 rosiones
1679 1820 1696 1856 a
1711 1806 1833 1862 mediea-

1039 1867 1139 1917 meatia
1151 1866 1250 1919 factas.
1281 1872 1315 1921 lit
1326 1869 1349 1920 si
1360 1877 1423 1921 urat
1434 1870 1603 1937 dysenteria,
1616 1872 1760 1926 decoctum
1772 1891 1834 1927 cum

1038 1934 1152 1986 marinis
1168 1935 1279 2002 lapillis,
1299 1947 1347 1989 aut
1364 1954 1424 1989 cum
1443 1943 1551 2005 ptisana
1568 1940 1731 1994 hordeacea.
1766 1944 1836 1997 item

1038 2001 1073 2054 ad
1083 2004 1211 2055 rosiones
1223 2006 1427 2068 intestinorum,
1450 2009 1581 2059 bubulam
1593 2018 1641 2061 aut
1653 2012 1769 2064 ouillum
1783 2015 1836 2064 uti·

1037 2071 1102 2123 lius.
1138 2072 1243 2124 Recens
1263 2090 1373 2142 quoque
1396 2075 1580 2141 dysentericis
1600 2079 1768 2132 infunditur:
1798 2080 1836 2133 ad

1038 2140 1129 2191 colam
1140 2148 1243 2204 autem,
1264 2143 1390 2194 crudum:
1410 2145 1476 2196 item
1489 2146 1596 2207 vulvae,
1617 2154 1645 2198 et
1656 2156 1770 2214 propter
1780 2166 1836 2203 ser·

1038 2210 1159 2275 pontium
1172 2211 1256 2262 ictus:
1276 2212 1383 2277 potisve
1395 2213 1595 2280 pityocampas,
1615 2217 1762 2283 buprestis,
1772 2234 1836 2270 aaa·

1037 2275 1187 2338 tharidunr,
1199 2285 1247 2328 aut
1258 2281 1448 2332 saianrandrae
1459 2285 1577 2333 venenis.
1607 2283 1739 2337 Privatim
1751 2288 1836 2339 bubu-

1020 2346 1094 2403 iium
1107 2344 1148 2395 his
1160 2336 1366 2412 quibolchieun
1378 2350 1509 2413 biberint,
1529 2359 1577 2402 aut
1590 2355 1716 2417 cicutam,
1728 2363 1777 2408 aut
1788 2358 1836 2409 do·

1037 2415 1171 2480 rycnium,
1183 2423 1230 2464 aut
1242 2414 1364 2481 leporem
1378 2419 1524 2475 alarinum:
1544 2422 1615 2471 sicut
1626 2424 1762 2474 asininum
1772 2440 1837 2476 con·

1039 2488 1083 2533 tra
1093 2497 1221 2548 gypsum,
1240 2492 1269 2533 et
1285 2499 1434 2544 cerussam,
1457 2495 1485 2536 et
1500 2486 1627 2552 sulphur,
1649 2499 1677 2541 et
1687 2500 1836 2556 argentum

1037 2550 1143 2600 virunr:
1164 2550 1229 2600 item
1242 2549 1327 2601 durae
1339 2552 1401 2600 alcu
1415 2554 1442 2601 in
1453 2551 1534 2604 febri.
1559 2555 1759 2621 Gargarizator
1769 2574 1837 2624 quo·

1038 2634 1091 2685 quo
1103 2618 1228 2668 faucibus
1245 2617 1429 2670 erhulceratis
1446 2622 1601 2673 utilissime.
1637 2627 1674 2675 lit
1684 2624 1789 2677 bibitur
1799 2629 1836 2680 ab

1038 2686 1231 2739 imbecillitate
1241 2687 1313 2737 uires
1324 2688 1634 2755 recoiligentibus,quos
1644 2693 1777 2758 atrophos
1788 2711 1836 2748 vo·

1038 2761 1115 2808 cant:
1137 2756 1165 2805 in
1176 2754 1246 2805 febri
1258 2756 1341 2808 etiam
1354 2772 1424 2822 quae
1433 2765 1525 2807 careat
1537 2758 1634 2809 dolore
1648 2762 1755 2826 cepitis.
1767 2762 1837 2817 Pae·

1039 2826 1078 2876 ris
1095 2831 1158 2875 ante
1174 2823 1272 2884 cibam,
1294 2824 1375 2874 iactis
1389 2825 1487 2875 asinini
1507 2824 1643 2877 heoriuam
1661 2830 1729 2891 dari,
1751 2832 1836 2883 autsi

1038 2895 1129 2946 esitus
1139 2892 1195 2944 cibi
1206 2892 1331 2945 rosiones
1341 2894 1494 2954 sentirent,
1515 2895 1619 2960 antiqui
1632 2897 1659 2946 in
1669 2901 1778 2951 arcanis
1789 2898 1836 2952 ha·

1037 2963 1168 3015 buerunt:
1189 2962 1213 3011 si
1233 2960 1284 3012 hoc
1304 2977 1359 3012 non
1380 2971 1462 3024 esset,
1478 2966 1591 3029 caprini.
1625 2965 1728 3019 Bubali
1741 2983 1836 3021 serum

1037 3030 1226 3097 orthopnoicis
1237 3030 1351 3096 prodest
1367 3039 1432 3082 ante
1449 3038 1552 3093 cetera,
1574 3032 1672 3101 addito
1683 3039 1835 3089 nasturtio.

1038 3103 1208 3167 inunguntur
1223 3100 1307 3151 etlam
1329 3098 1410 3161 oculi,
1429 3105 1457 3151 in
1475 3100 1557 3152 iactis
1576 3099 1694 3154 heminis
1708 3120 1835 3159 sesamae

1036 3168 1142 3222 additis
1161 3166 1299 3218 drachmis
1315 3176 1434 3236 quatuor
1444 3169 1519 3219 tritis
1534 3172 1560 3220 in
1572 3169 1748 3236 lippitudine.
1786 3176 1837 3227 Ca·

1037 3238 1118 3305 prino
1130 3237 1216 3288 lienes
1227 3245 1368 3297 sanantur,
1389 3245 1453 3303 pust
1467 3238 1544 3289 bidui
1560 3237 1682 3291 inediam
1695 3243 1779 3294 tertia
1789 3241 1836 3295 die

1037 3307 1121 3359 edera
1132 3310 1218 3373 pastis
1230 3306 1328 3371 capris,
1350 3306 1532 3371 pertriduum
1545 3317 1612 3372 poto
1623 3310 1684 3361 sine
1694 3311 1750 3362 aiio
1762 3312 1833 3364 cibo.

1036 3375 1132 3427 Laetis
1144 3390 1209 3425 usus
1220 3373 1289 3425 aliae
1301 3374 1456 3424 contrarius
1468 3376 1568 3440 capitis
1579 3375 1732 3441 doloribus,
1752 3376 1835 3445 hepo·

1036 3445 1110 3504 ticis,
1131 3442 1271 3509 splenicis,
1291 3456 1437 3493 neruorum
1458 3444 1535 3503 citio,
1557 3444 1648 3496 febres
1663 3443 1835 3511 habentibus,

1036 3513 1174 3579 vertigini,
1186 3518 1378 3577 praeterquam
1389 3511 1561 3577 purgationis
1571 3516 1672 3578 gratia,
1681 3515 1835 3580 maediai,

1036 3580 1228 3639 tussientibus,
1250 3580 1339 3645 lippis.
1376 3578 1491 3630 Sollium
1509 3580 1835 3646 utilissimumtenesmu,

1036 3648 1226 3716 dysenteriae,
1241 3663 1292 3699 nec
1302 3662 1355 3697 non
1368 3646 1523 3713 phthisicis.
1560 3649 1662 3702 lineet
1673 3652 1834 3706 mulieribus

1035 3717 1247 3770 saluberrimam
1260 3718 1306 3783 qui
1317 3716 1448 3776 dicerent,
1461 3717 1581 3767 fuerunt

1070 3817 1198 3868 xxxiv.
1218 3819 1260 3866 De
1271 3815 1418 3882 generibus
1430 3830 1572 3868 caseorum
1584 3815 1713 3883 diximus,
1724 3836 1784 3873 cum
1797 3821 1833 3875 de

1035 3885 1165 3936 uherihus
1176 3884 1347 3950 singulisque
1359 3885 1518 3935 animalium
1531 3888 1661 3938 membris
1671 3888 1832 3941 diceremus.

1036 3956 1149 4006 Sestius
1159 3953 1271 4002 eusdem
1284 3952 1400 4003 effeetus
1412 3955 1523 4019 equino,
1535 3969 1603 4019 qrros
1614 3955 1726 4017 bubalo,
1736 3959 1833 4008 tradit.

1035 4024 1117 4074 Hunc
1130 4028 1231 4071 uocant
1251 4018 1402 4087 hippacem.
1439 4021 1588 4072 Stouracho
1607 4023 1699 4082 utiles,
1719 4026 1765 4087 qui
1778 4039 1834 4076 noa

1036 4093 1092 4142 sint
1103 4090 1180 4151 salsi,
1198 4089 1226 4139 id
1245 4098 1296 4148 est,
1317 4096 1449 4140 recentes.
1485 4088 1601 4140 Veteres
1618 4092 1707 4139 alvum
1719 4091 1834 4153 sistunt,

1036 4172 1190 4222 corpusque
1201 4160 1335 4216 minuunt,
1344 4155 1490 4207 stomacho
1506 4157 1645 4207 utiliores:
1664 4164 1693 4207 et
1703 4157 1730 4206 in
1742 4164 1834 4209 totum

1036 4227 1111 4275 sntsa
1124 4225 1251 4273 minuunt
1263 4239 1371 4287 corpus,
1392 4224 1471 4274 alunt
1480 4225 1586 4274 mollia.
1624 4225 1725 4275 cussus
1737 4239 1833 4277 recens

1035 4290 1832 4424 §aazia:lilithstultiori-'ittiaalii

1036 4442 1136 4495 susque
1147 4427 1173 4478 in
1192 4428 1288 4493 patina
1303 4427 1385 4478 tostis
1402 4443 1463 4478 cum
1478 4428 1568 4479 melle.
1604 4428 1711 4495 Sapron
1723 4436 1832 4494 rotant,

1037 4499 1156 4565 quicum
1167 4497 1226 4548 eale
1237 4501 1266 4546 et
1283 4495 1375 4547 sorbis
1392 4497 1474 4547 siccis
1491 4513 1507 4549 e
1523 4497 1586 4548 rino
1599 4500 1682 4550 tritas
1694 4507 1832 4567 potusque

1036 4566 1163 4619 medetur
1184 4565 1322 4618 coeliacis.
1359 4564 1529 4617 Genitalium
1552 4566 1725 4619 carbunculis
1744 4569 1833 4651 capri·

1036 4652 1088 4688 nus
1098 4635 1182 4686 tritus
1192 4640 1220 4685 et
1232 4634 1393 4699 impositus:
1411 4634 1478 4685 item
1490 4634 1587 4686 acidos
1597 4651 1657 4687 cum
1669 4638 1830 4705 oxymelite.

1035 4705 1155 4758 Maeuiis
1167 4706 1193 4754 ia
1205 4702 1315 4755 balineo
1328 4703 1417 4753 illitus
1429 4703 1492 4755 oleo
1502 4704 1682 4755 interlinitur.
1757 4752 1765 4761 ,

1069 4772 1184 4825 XXXV.
1212 4772 1321 4824 Eiacte
1331 4773 1362 4822 iit
1372 4780 1401 4823 et
1411 4773 1558 4839 butyrum,
1577 4774 1755 4826 barbararum
1766 4791 1832 4844 ges·

1035 4843 1104 4895 tium
1117 4842 1289 4894 lautissimus
1299 4843 1385 4901 cibus,
1397 4847 1427 4892 et
1439 4845 1484 4909 qui
1496 4841 1595 4894 diuites
1606 4857 1622 4892 a
1632 4843 1714 4909 plebe
1726 4843 1830 4897 discer-

1035 4920 1091 4963 nat.
1128 4910 1280 4962 Plurimum
1293 4910 1439 4972 ebuhulo,
1461 4910 1689 4964 etindenomen:
1709 4913 1832 4980 pinguie-

1034 4981 1133 5032 simum
1144 4995 1178 5032 ex
1190 4981 1296 5032 oribus.
1332 4980 1379 5031 Fit
1391 4985 1420 5030 et
1431 4994 1465 5031 ea
1476 4980 1599 5046 caprino,
1616 4981 1665 5033 sed
1676 4979 1776 5043 hieme,
1787 4994 1831 5032 ca·

1035 5050 1139 5102 lelanto
1150 5051 1236 5101 lucter
1254 5054 1370 5109 aestate,
1379 5063 1509 5116 expresso
1520 5055 1626 5100 tantum
1637 5051 1734 5101 crebro
1745 5050 1832 5100 idota·

1035 5124 1065 5171 tu
1076 5120 1104 5170 in
1115 5117 1207 5185 longis
1219 5117 1301 5181 rasis,
1318 5124 1434 5185 angusto
1447 5117 1583 5171 foramine
1593 5120 1719 5184 spiritum
1730 5116 1831 5182 accipl-

1036 5189 1144 5240 entibus
1153 5187 1204 5237 sab
1216 5186 1276 5254 ipso
1286 5201 1343 5248 ore,
1354 5186 1425 5237 alias
1435 5186 1599 5256 praeligato.
1634 5186 1751 5238 auditur
1760 5194 1829 5249 pau·

1035 5256 1122 5307 lulum
1144 5269 1241 5322 aquae,
1261 5262 1291 5307 ut
1310 5262 1429 5307 acerem.
1464 5255 1547 5319 Quod
1567 5261 1610 5307 est
1630 5253 1749 5304 maxime
1768 5264 1831 5302 ooa-

1036 5332 1121 5388 ctum,
1138 5324 1167 5375 in
1188 5338 1295 5374 summo
1316 5322 1422 5376 liuitott
1439 5326 1468 5377 id
1490 5331 1628 5377 exemtum
1646 5320 1743 5370 addito
1762 5318 1831 5380 sale,

1035 5392 1160 5514 pyygalr‘r¹
1177 5392 1327 5514 appellarpt.
1363 5387 1829 5519 ξοέἱςυᾙτιξῇῗξέιοῗιτωίτὲαῗὲᾞ.

1036 5476 1197 5597 Quffiagiss
1208 5475 1473 5626 eirrfsarzhipigyrya
1483 5522 1672 5595 praestantius
1682 5491 1829 5577 indicator:
