4368 6008
358 331 425 396 330
467 328 499 389 C.
534 328 687 390 Pthll
721 323 926 388 sacuam
959 318 1129 385 Nerua.
1153 323 1340 389 alsuca.
1375 326 1461 388 aia.
1482 326 1657 388 xxviii
1688 327 1788 390 CAP.
1810 333 1922 392 28.29.

359 481 448 550 Adipe
467 493 600 541 maenaa,
622 482 763 543 serpentes
780 474 875 539 fugari
900 472 1004 525 dicunt.
1040 472 1158 525 hlarssla
1208 477 1327 527 multum
1337 476 1412 527 inira
1424 475 1623 542 magnitudine,
1643 478 1673 528 ia
1685 481 1764 530 terra
1774 483 1895 541 tanturm
1905 477 2006 532 odora·

360 552 529 604 comminuta
538 548 567 598 in
576 547 663 606 aniso,
674 552 703 597 et
715 545 744 594 in
754 543 818 594 cibo
827 547 928 604 sumta,
939 540 1070 594 horrores
1079 542 1158 595 seda·
1177 552 1178 555 ’

357 621 394 675 ri.
430 617 638 671 Eodemsuliitu
653 613 798 675 mulierum
811 610 1054 663 menaesevocari.
1085 613 1157 663 Taa-

357 697 474 756 tumque
484 681 676 743 ess‘vanitnris,
690 688 721 733 ut
732 681 757 732 si
766 680 801 733 ad
811 678 952 731 brachium
963 679 1097 746 alligetur
1110 695 1156 731 su·

357 758 477 826 periuria
487 752 572 804 rostri
582 751 695 804 dextrae
706 749 795 817 partis
806 748 884 813 dens,
894 749 1075 800 iaculantium
1084 750 1156 800 ictus

359 828 535 880 deerraturos
557 826 666 886 negent.
703 820 803 871 Palato
825 818 949 869 eiusdem
970 817 1106 880 arefacto,
1127 822 1155 870 et

258 892 261 901 '
358 909 420 948 cum
431 889 552 943 alumine
564 888 702 956 Aegyptio
713 886 860 948 calefacto,
879 902 912 938 uc
931 894 974 938 ter
991 888 1019 937 iu
1038 902 1086 939 ore
1098 901 1157 953 per·

357 954 474 1022 mutato,
485 959 609 1010 foetores
620 966 648 1009 ct
660 957 775 1009 hulcera
785 956 844 1008 oris
854 955 1008 1023 emendari,
1041 957 1096 1007 Eos
1115 970 1156 1007 ve·

355 1048 388 1085 no
428 1028 458 1080 ui
478 1026 602 1093 linguan
619 1026 649 1077 in
672 1027 863 1078 calceamento
874 1027 926 1077 sub
942 1024 1013 1090 pede
1026 1021 1156 1086 habeant,

354 1045 677 1153 nonbatrariacanibns.
714 1095 834 1147 Sinistra
856 1099 937 1159 parte
958 1094 1066 1145 cerebri
1084 1094 1155 1145 nari-

355 1171 407 1223 bus
418 1167 502 1229 illita,
521 1165 634 1216 morbos
656 1166 828 1230 perniciosos
842 1162 975 1231 mitigari,
995 1161 1053 1215 sire
1068 1161 1156 1214 homi·

355 1253 430 1299 aum,
452 1237 512 1286 sive
523 1232 742 1302 quadrupedum.
777 1233 888 1284 Frontis
911 1233 1018 1283 corium
1039 1231 1154 1283 fascina·

252 1318 258 1327 '
354 1307 481 1360 tionibus
492 1306 632 1357 resistere.
660 1302 781 1356 Cervicis
794 1316 901 1364 canses,
912 1301 971 1353 sire
981 1299 1156 1363 mandantur,

355 1379 414 1429 sive
425 1375 558 1426 bibantur
567 1373 720 1435 arefactae,
729 1373 886 1424 lumborum
897 1370 1051 1422 doloribus.
1087 1369 1156 1422 Ner·

356 1446 399 1496 vis
418 1458 436 1495 a
447 1443 529 1494 dorso
547 1443 696 1509 armisque,
716 1441 864 1494 suffiendos
876 1454 1021 1493 nervorum
1034 1438 1156 1492 dolores.

356 1513 431 1565 Pilos
441 1512 528 1565 rastri
539 1511 667 1564 admotos
680 1512 825 1564 mulierum
837 1510 924 1561 labris
935 1509 1102 1561 amatorium
1115 1523 1156 1560 es·

356 1599 395 1635 se.
406 1582 486 1634 lecet·
496 1580 525 1631 in
534 1589 602 1648 potu
612 1580 890 1644 dutum,toruriuibus
901 1586 930 1630 et
940 1578 1056 1629 calculis
1066 1577 1156 1629 mede·

357 1651 390 1703 ri.
400 1650 457 1702 lam
464 1665 511 1702 cer
519 1652 546 1701 in
555 1650 617 1702 cibo
627 1657 727 1717 potuve
738 1657 867 1711 sumtum,
874 1648 1002 1699 ominibus
1012 1647 1155 1699 doloribus

356 1733 502 1787 corporum
513 1720 660 1771 auxilieris
678 1720 780 1772 lienem
791 1718 922 1770 lienibus:
934 1722 1085 1779 omentum,
1096 1714 1156 1767 hal·

303 1792 310 1806 '
357 1803 450 1843 oerum
459 1788 723 1840 inflammationibus
744 1803 805 1841 cum
819 1787 894 1841 oleos
913 1785 1056 1846 medullas,
1075 1785 1154 1836 dolo·

356 1857 433 1911 ribus
453 1859 552 1924 apinae
567 1863 595 1908 et
607 1873 754 1911 nervorum
766 1854 931 1909 lassitudini.
968 1855 1083 1906 lienium
1094 1869 1154 1905 ner·

358 1941 405 1977 vos
417 1934 494 1993 potos
506 1926 535 1977 in
553 1929 615 1978 vino
627 1943 687 1978 cum
695 1925 786 1988 thure,
797 1921 1017 1977 foecunditatem
1028 1924 1154 1976 restitue-

355 2007 387 2048 re
398 1995 537 2047 ademtam
548 1997 687 2048 veneficio.
717 1993 834 2047 Vulram
844 2008 905 2044 cum
918 1991 983 2042 mali
990 1991 1086 2043 Punici
1096 1993 1155 2043 dul·

354 2064 396 2115 cla
407 2065 511 2116 cortice
521 2065 550 2114 in
561 2071 630 2129 potu
641 2064 734 2117 (latam
747 2063 878 2129 prodesse
889 2060 1038 2113 mulierum
1051 2062 1153 2113 vulvae.

357 2131 446 2197 hdipe
457 2132 579 2184 eluarbis
590 2132 678 2184 suffiri
690 2132 839 2184 difficulter
847 2132 1004 2198 parientes,
1015 2137 1044 2182 et
1061 2132 1154 2182 statim

357 2215 464 2269 parere.
499 2202 523 2251 ii
536 2199 619 2253 dorso
640 2200 792 2254 medullam
803 2200 984 2270 adalligatam
1002 2208 1153 2252 contrave·

356 2284 407 2321 aas
417 2269 523 2335 species
534 2269 677 2335 opitulari.
713 2270 855 2337 Spasticis,
871 2269 995 2338 genitale
1006 2285 1022 2321 e
1033 2270 1155 2322 maribus

1207 544 1380 612 tiaaimisque
1391 544 1507 597 floribus
1518 545 1595 596 vivit.
1630 545 1672 597 Ob
1686 544 1715 597 id
1725 547 1860 600 intestina
1871 547 1930 599 eiua
1941 546 2005 600 dili=

1228 621 1306 666 enter
1317 614 1499 680 exquiruntur
1509 613 1630 666 iucundo
1642 614 1739 668 nidore
1751 616 1865 669 referta.
1902 619 2005 669 croco·

1228 683 1311 735 licam
1331 690 1448 744 rorant,
1468 682 1613 733 oculorum
1634 682 1712 735 vitiis
1733 685 1922 748 utilissimam,
1944 700 2006 737 cunr

1208 751 1284 819 porri
1293 766 1379 802 succo
1389 751 1519 815 inunctis,
1529 758 1557 804 et
1568 758 1665 804 contra
1674 751 1842 806 suffusiones
1854 755 1898 805 rel
1909 753 1964 805 cali
1986 754 2007 803 i·

1207 835 1265 872 nes.
1301 821 1377 873 illita
1388 836 1497 888 quoque
1508 835 1543 873 ex
1554 822 1619 873 oleo
1633 821 1761 888 cyprino,
1773 823 1915 875 molestias
1926 821 1953 873 in
1965 768 1985 873 ἶ
1997 849 2006 861 ·

1208 888 1251 941 cis
1268 896 1429 942 enascentes
1445 889 1531 940 tollit:
1550 904 1584 942 ex
1601 905 1675 957 aqua
1689 905 1756 942 rero
1775 892 1885 943 morbos
1900 905 2007 954 omnes,

1207 972 1325 1025 quoram
1341 965 1443 1011 natura
1457 958 1546 1025 serpit
1564 959 1593 1011 in
1610 957 1693 1021 facie,
1712 960 1886 1027 nitoremque
1903 958 2006 1012 reddit.

1206 1026 1372 1096 heatigiaes
1387 1028 1462 1080 tollit
1479 1044 1511 1079 ac
1528 1042 1620 1089 raros,
1641 1027 1819 1098 maculasque
1831 1043 1934 1080 coines.
1969 1029 2006 1081 Et

1207 1103 1306 1149 contra
1317 1097 1475 1150 comitiales
1487 1097 1598 1149 morbos
1610 1098 1716 1150 bibitur
1725 1113 1759 1150 ex
1772 1104 1853 1150 aceto
1864 1097 1952 1149 mulso
1963 1096 2003 1148 bi·

1206 1165 1249 1216 nis
1267 1166 1367 1218 obolis.
1403 1167 1539 1235 Apposita
1559 1182 1668 1218 menses
1690 1168 1754 1217 ciet.
1790 1166 1913 1234 Optima,
1933 1180 2005 1234 quae

1207 1234 1414 1298 candidissima,
1435 1244 1463 1287 et
1484 1234 1617 1297 friabilis,
1637 1234 1807 1304 minimeque
1829 1235 2003 1303 ponderosa:

1207 1319 1269 1357 cum
1279 1310 1396 1368 teratur,
1411 1305 1485 1357 inter
1496 1304 1599 1372 digitos
1611 1304 1836 1357 fermentesoena.
1874 1303 2004 1366 Lavatur,

1205 1381 1237 1425 ut
1247 1388 1367 1426 cerussa.
1402 1373 1567 1426 adulterant
1576 1374 1680 1441 amylo,
1691 1381 1740 1425 aut
1752 1372 1877 1436 Cinrelia,
1887 1372 1938 1425 sed
1949 1387 2004 1425 ma·

1205 1442 1290 1505 xime,
1301 1442 1350 1509 qui
1359 1451 1457 1510 captos
1468 1458 1557 1510 oryza
1567 1449 1675 1494 tanturn
1688 1450 1812 1510 pascunt.
1840 1441 1919 1495 Felle
1930 1444 2004 1493 inun-

1207 1512 1261 1563 ctis
1272 1511 1361 1563 oculis
1373 1526 1407 1564 ex
1419 1511 1503 1563 melle
1518 1518 1617 1577 contra
1632 1511 1808 1575 suffusiones,
1828 1510 1897 1564 nihil
1909 1513 2003 1564 utilius

1206 1579 1376 1649 praedicent.
1404 1581 1548 1633 intestinis
1559 1588 1588 1633 et
1600 1581 1652 1632 reli
1673 1598 1708 1634 uo
1720 1596 1837 1649 corpore
1848 1582 1906 1633 eius
1916 1580 2004 1632 suffiri

1206 1652 1287 1702 vulva
1297 1649 1458 1702 laborantes
1474 1649 1599 1701 salutare
1612 1596 1735 1703 trahunt
1763 1652 1839 1703 itera
1858 1650 2004 1702 velleribus

1206 1718 1375 1772 circumdari
1394 1734 1497 1787 vapore
1513 1719 1636 1771 eiusdem
1652 1718 1772 1771 infectis.
1808 1720 1883 1772 corii
1904 1719 2004 1770 utrius·

1206 1804 1259 1856 que
1274 1790 1342 1840 cini's
1360 1803 1395 1841 ex
1410 1794 1492 1841 aceto
1507 1787 1601 1839 illitus
1613 1785 1655 1838 his
1671 1790 1808 1856 partibus,
1830 1803 1898 1856 quas
1916 1787 2004 1839 secari

1207 1873 1277 1925 opus
1286 1858 1333 1921 sit,
1342 1866 1391 1909 aut
1402 1857 1483 1910 nidor
1492 1857 1620 1920 cremati,
1637 1873 1746 1910 sensum
1759 1873 1868 1910 omnem
1880 1855 2005 1923 scalpelli

1206 1926 1308 1978 aufert
1343 1926 1461 1994 Sanguis
1473 1930 1620 1996 utriusque
1632 1927 1788 1980 claritatem
1800 1927 1876 1977 risus
1887 1926 2005 1977 inunctis

1206 1996 1312 2059 donat,
1344 2005 1373 2049 et
1395 1998 1541 2050 cicatrices
1562 1997 1705 2049 oculorum
1727 1995 1866 2050 emendat.
1901 1995 2005 2060 Corpus

1205 2066 1304 2134 ipsum,
1316 2074 1433 2133 excepto
1446 2068 1535 2135 capite
1547 2065 1726 2134 pedibusque,
1750 2066 1853 2118 elixam
1864 2062 2006 2117 manditur

1205 2131 1374 2196 ischiadicis,
1395 2138 1549 2202 tussimque
1565 2144 1686 2189 veterem
1701 2143 1795 2197 sanat,
1817 2136 1964 2201 praecipue
1977 2132 2006 2183 io

1206 2206 1314 2272 pueris:
1332 2204 1401 2257 item
1421 2205 1580 2257 lumborum
1603 2206 1722 2258 dolores.
1759 2205 1873 2256 liabent
1893 2211 1922 2255 et
1944 2199 2005 2254 adl·

1206 2288 1279 2340 pem,
1291 2288 1345 2342 quo
1358 2279 1450 2326 tactus
1460 2274 1532 2342 pilus
1544 2273 1648 2326 defluit.
1683 2275 1740 2324 llic
1753 2280 1903 2339 perunctos
1915 2287 1933 2323 a
1944 2284 2005 2324 cre·

266 5462 272 5471 ·
356 5439 627 5487 etventreexemtos
640 5435 762 5501 lapillos,
783 5452 800 5488 a
820 5440 1042 5494 versusfebrium
1055 5444 1152 5497 horra-
1202 5453 1276 5500 etsu

356 2337 459 2391 fluffitu·
495 2339 879 2407 st⁰¹¹¹¹lliliibttfib¹¹³sfflliii⁸s
896 2347 925 2391 et
941 2338 1155 2391 ⁰0¹¹tffiinssiim·
1205 2342 1420 2406 codilistuetur,
1439 2343 1644 2408 instillaturque
1662 2342 1808 2393 morsibus.
1846 2341 1902 2390 Gor
1921 2354 2006 2390 anne·

356 2408 508 2458 motiones:
526 2416 654 2460 serratos
665 2407 1083 2476 pedes,tactu=laeroade1tris
1094 2422 1155 2475 par·
1204 2427 1271 2464 xum
1282 2413 1386 2466 lalana
1397 2413 1457 2465 ovis
1468 2414 1573 2479 nigrae,
1585 2413 1627 2462 cui
1638 2410 1730 2461 nullus
1743 2409 1813 2459 alias
1824 2408 1903 2459 color
1915 2408 2007 2459 incur·

357 2476 444 2537 tibus,
460 2476 678 2528 dextroslaevis.
715 2477 863 2530 Sinistrum
875 2478 974 2544 pedem
985 2478 1154 2543 superlatum
1205 2483 1318 2544 severit,
1337 2489 1367 2536 at
1383 2482 1471 2550 primo
1490 2488 1572 2549 partu
1587 2482 1707 2547 genitae,
1729 2485 1880 2547 quartanas
1890 2476 2006 2545 abigere

376 2543 533 2606 arturienti,
544 2544 657 2598 letalem
675 2562 749 2599 esse:
769 2547 868 2599 dextro
883 2546 966 2598 illato
984 2546 1067 2600 facile
1079 2549 1154 2600 eniti.
1206 2551 1317 2601 dicitur.

389 2613 549 2667 eurbranaru
564 2630 636 2683 qaae
650 2616 689 2668 fel
705 2617 887 2679 continuerit,
907 2615 1042 2668 cardiacis
1060 2623 1155 2683 potam
1240 2618 1340 2670 xxiii.
1359 2619 1507 2686 lungemus
1520 2617 1579 2669 illis
1594 2618 1739 2667 simillima
1752 2621 1784 2665 et
1797 2611 1946 2681 peregrina
1960 2626 2004 2665 ae·

357 2684 387 2735 in
399 2682 529 2747 vino,“vel
538 2686 567 2736 in
579 2687 641 2738 ciba
653 2692 782 2748 sumtam,
802 2700 978 2737 succurrere:
997 2685 1115 2736 vesicam
1127 2685 1155 2734 io
1205 2701 1257 2754 que
1277 2686 1422 2738 animellas
1452 2689 1582 2754 priusque
1604 2683 1847 2743 chamaeleonem,
1869 2681 2004 2749 peculiari

357 2753 420 2804 vino
441 2760 545 2820 potam,
566 2764 664 2806 contra
680 2756 777 2806 amnne
797 2753 1036 2806 incontinentiam.
1077 2751 1154 2813 aune
1205 2754 1345 2807 volucrina
1365 2756 1477 2821 dignum
1500 2754 1692 2806 existimatum
1711 2750 1885 2813 Democrito,
1902 2765 1935 2802 ac
1956 2764 2004 2817 per

356 2829 451 2874 autem
462 2824 491 2872 in
502 2822 865 2883 vesicuinventasiturina,
882 2820 1153 2873 additisoleoacse·
1204 2823 1315 2890 singula
1324 2824 1449 2875 membra
1465 2823 1649 2883 dcaecratum,
1668 2835 1723 2873 non
1740 2822 1800 2873 sinc
1815 2821 2003 2889 magnavulu·

357 2905 444 2952 saruc,
466 2898 495 2942 et
515 2892 605 2954 melle,
625 2890 751 2942 haustam
765 2891 899 2957 prodesse
907 2891 1096 2957 aegrimoniae
1106 2905 1153 2940 vc·
1205 2900 1281 2958 ptate
1290 2899 1395 2953 nostra,
1406 2893 1529 2959 cognitis
1541 2892 1714 2958 proditisque
1726 2888 2004 2943 mendaciisGraecae

354 2961 421 3013 teri.
458 2959 606 3010 Gestarum
625 2961 742 3026 primam
763 2964 941 3019 etoctaram,
960 2957 1154 3025 sallitaruptis
1204 2960 1345 3011 vanitatis.
1381 2960 1489 3010 Similis
1510 2966 1539 3010 et
1554 2960 1745 3028 magnitudine
1767 2968 1908 3026 estsupra
1928 2957 2002 3009 dicta

355 3029 507 3081 salutarem
518 3043 593 3081 esse:
613 3042 648 3080 ex
665 3031 744 3095 spina
762 3044 828 3080 vero
844 3026 1063 3094 parturientibus
1076 3041 1153 3079 ossa:
1204 3027 1355 3088 crocodilo,
1366 3028 1464 3092 spinae
1476 3034 1583 3080 tantum
1595 3029 1722 3080 acutiore
1732 3036 1891 3090 curvatura,
1902 3034 1930 3079 et
1942 3042 2003 3079 cau·

356 3097 520 3164 sanguinem
536 3112 596 3148 cum
609 3099 724 3162 polenta
738 3104 870 3159 nucitum,
890 3096 1062 3147 torminibus.
1099 3097 1153 3148 So·
1205 3098 1256 3150 (lae
1273 3096 1454 3163 amplitudine
1475 3097 1590 3149 distans.
1625 3096 1738 3148 Nullum
1758 3097 1863 3149 aniuval
1880 3095 2002 3164 pavidius

355 3165 418 3217 dem
431 3166 515 3216 tactis
569 3167 674 3229 stibus,
695 3166 850 3234 ubicunque
862 3167 1008 3230 Magorum
1026 3164 1155 3217 infestari
1204 3166 1395 3228 existimatur,
1413 3172 1442 3218 et
1462 3166 1527 3219 ideo
1547 3166 1726 3218 versicoloris
1748 3182 1811 3219 esse
1831 3165 2001 3218 mutationis.

355 3241 505 3298 artes,uon
544 3234 579 3286 ici
590 3233 667 3297 deos,
678 3251 729 3288 nec
738 3235 869 3303 colloqui,
882 3236 939 3285 sive
951 3235 1079 3297 lucernis,
1096 3234 1153 3286 sive
1204 3238 1253 3291 Vis
1265 3239 1324 3289 eiua
1341 3235 1463 3288 maxima
1479 3241 1578 3287 contro
1592 3236 1756 3303 accipitrum
1767 3251 1863 3304 genus.
1899 3236 2000 3289 Detra-

353 3304 439 3372 pelvi,
462 3305 520 3355 sive
530 3318 612 3372 aqua,
630 3307 688 3357 sire
696 3306 763 3372 pila,
783 3305 840 3356 sire
852 3317 906 3370 quo
918 3303 974 3355 alio
985 3320 1087 3372 genere
1098 3309 1155 3355 teu·
1205 3304 1271 3357 here
1282 3308 1355 3358 enirn
1366 3305 1589 3373 supervolantem
1600 3305 1637 3356 ad
1646 3321 1676 3359 se
1689 3305 1819 3370 traditur,
1841 3312 1869 3357 et
1879 3305 2003 3359 voiunta-

353 3381 457 3427 tentur.
495 3375 772 3437 Caroessiedantur,
786 3373 1155 3426 contracanisrabidimor·
1204 3377 1279 3427 rium
1292 3374 1616 3442 praeberelacereadum
1628 3376 1728 3427 cctcris
1742 3375 1917 3428 anionalibus.
1953 3376 2003 3425 ca·

354 3459 403 3495 sus
414 3442 542 3497 efficaces
552 3459 627 3495 esse:
649 3445 800 3496 etiamnum
813 3446 892 3496 iecur
902 3443 1051 3497 efficacius.
1088 3445 1154 3495 Cur·
1205 3451 1254 3513 put
1268 3445 1329 3498 eius
1339 3452 1368 3498 et
1376 3452 1476 3513 guttur
1485 3446 1510 3496 si
1520 3445 1646 3497 roboreis
1653 3443 1737 3512 lignis
1749 3444 1945 3506 accendantur,
1955 3443 2005 3494 lm·

354 3526 405 3563 nea
418 3511 461 3562 vel
473 3526 536 3563 ossa
551 3510 680 3574 hominis,
701 3514 724 3563 si
745 3513 860 3580 quaein
877 3514 1033 3567 ventriculo
1045 3513 1154 3565 occisae
1205 3515 1296 3566 briam
1317 3521 1346 3568 et
1366 3516 1519 3567 tonitruum
1535 3529 1685 3565 concursus
1702 3512 1804 3576 facere,
1827 3512 2004 3564 Democritus

353 3579 537 3641 inveniantur,
558 3578 651 3630 suffitu
671 3580 804 3649 podagris
823 3583 963 3636 auxiliari.
1000 3581 1029 3635 si
1051 3596 1155 3649 ungues
1205 3591 1314 3636 narrat:
1334 3586 1400 3636 item
1410 3585 1487 3637 iecur
1498 3587 1527 3635 iu
1537 3582 1638 3652 tegulis
1648 3591 1751 3635 ustum.
1787 3582 1901 3649 Reliqua
1912 3578 1948 3629 ad
1959 3594 2006 3632 ve·

353 3646 529 3697 invenimur
539 3646 569 3695 1¹¹
580 3645 632 3707 '¹5⁸2
639 3657 755 3702 mrtem
765 3650 882 3701 alicuius
893 3651 1060 3717 capientium
1071 3650 1155 3718 tigni·
1205 3655 1306 3706 neilcia
1316 3656 1484 3720 pertinentia
1494 3668 1564 3722 quae
1574 3652 1651 3714 dicit,
1658 3666 1811 3720 quanquam
1822 3649 1894 3700 falsa
1906 3648 2005 3701 cabti-

354 3712 441 3765 iicari.
477 3713 662 3766 Excrementa
672 3720 730 3768 siue
742 3732 806 3768 ossa
815 3718 934 3781 reddita,
945 3734 1007 3770 cum
1018 3720 1156 3771 interimi·
1206 3729 1323 3785 mantes,
1344 3727 1512 3785 omittemus,
1533 3730 1725 3790 praeterquam
1737 3721 1782 3771 ubi
1793 3718 1875 3771 irrisu
1887 3732 2006 3786 coargu-

355 3792 413 3842 tur,
425 3785 521 3859 contra
532 3781 657 3861 blagicas
668 3784 784 3835 insidias
795 3785 909 3849 pollere.
945 3788 1063 3849 Fimum,
1081 3787 1154 3854 qaod
1206 3792 1316 3843 endam.
1352 3790 1461 3843 Dextro
1473 3792 1564 3853 oculu,
1576 3792 1600 3843 si
1612 3792 1714 3844 virenti
1724 3795 1846 3852 eruatur,
1857 3787 2004 3855 albugines

354 3853 383 3902 ia
395 3851 533 3900 interimis
545 3857 684 3901 inventum
696 3855 743 3914 sit,
751 3853 954 3915 arefactum,ad
965 3854 1155 3921 dysentericus
1206 3860 1350 3911 oculorum
1361 3873 1423 3909 cum
1435 3859 1508 3913 lecte
1519 3863 1632 3927 caprino
1643 3862 1720 3913 tolli:
1733 3859 1829 3928 lingua
1840 3857 2002 3925 adalligata,

355 3919 570 3999 valerepatumz
590 3919 750 3997 illitumque
758 3936 819 3972 cum
831 3922 911 3988 adipe
922 3924 1050 3975 anserino
1062 3926 1153 3992 opitu·
1205 3928 1330 3996 pericula
1340 3928 1488 3996 puerperii.
1523 3930 1646 3983 Eundem
1663 3931 1814 3983 salutarem
1830 3943 1891 3980 esse
1909 3935 2003 3993 partu·

355 3989 408 4041 lara
426 3994 489 4038 toto
500 4001 618 4055 corpore
632 3988 715 4041 laesis
730 3990 804 4042 malo
822 3991 1039 4044 medicamento:
1060 4008 1077 4043 a
1087 4008 1155 4046 cane
1205 3998 1352 4060 rieutibus,
1363 3997 1436 4048 sisit
1448 3997 1539 4049 domi:
1558 4000 1584 4050 si
1594 4016 1661 4052 vero
1673 3999 1820 4061 inferatur,
1830 3995 2004 4065 perniciosis·

355 4057 532 4111 veromorsis
551 4056 663 4125 adipem
682 4058 793 4122 illitum,
814 4067 843 4112 et
858 4063 1154 4114 coriumsubstratunr.
1205 4066 1314 4120 simum.
1349 4065 1497 4135 Linguam,
1508 4068 1534 4118 si
1542 4068 1645 4121 virenti
1656 4070 1767 4122 adernta
1775 4069 1823 4131 sit,
1842 4064 2003 4118 adiudicio·

354 4128 461 4180 Rursus
471 4126 523 4180 tali
534 4129 638 4179 sinistri
651 4128 747 4180 cinere
756 4129 871 4182 decocto
882 4146 943 4183 mim
954 4133 1089 4200 sanguine
1098 4147 1155 4183 ma·
1204 4152 1265 4189 rum
1277 4142 1393 4188 eventus
1404 4137 1518 4203 pollere.
1547 4139 1601 4190 Cor
1612 4137 1743 4191 adversus
1754 4143 1902 4205 quartanas
1911 4133 2002 4199 illiga·

355 4198 444 4250 stelae
464 4203 612 4263 perunctos
633 4198 759 4251 omnibus
781 4199 848 4251 odio
868 4201 978 4253 venire:
1001 4202 1075 4253 idem
1094 4202 1155 4254 lieri
1205 4206 1689 4274 tumnigraianaprimaetoasurae.
1724 4202 2002 4271 Pedemepriuribua

355 4268 437 4319 oculo
454 4266 579 4320 decocto.
616 4267 706 4335 Super
726 4269 820 4321 omnia
835 4276 887 4332 est,
909 4269 983 4337 quod
1002 4277 1154 4324 extremam
1206 4275 1346 4337 dextrum,
1363 4274 1489 4343 hyaenae
1510 4276 1583 4341 pello
1603 4276 1787 4346 adalligatum
1806 4275 1918 4327 sinistro
1939 4273 2001 4323 bra·

355 4337 478 4386 fistulam
494 4336 621 4390 intestini
636 4344 735 4390 contra
750 4338 848 4390 ducum
869 4354 902 4390 ac
919 4345 1090 4407 potestatum
1101 4341 1155 4392 ini·
1205 4343 1278 4407 chio,
1290 4351 1386 4396 contra
1397 4344 1545 4397 iatrocinia
1562 4353 1740 4414 terroresque
1751 4353 1902 4398 nocturnos
1913 4338 2001 4410 polle·

356 4404 478 4469 quitates
488 4413 716 4469 commonstrant,
737 4415 766 4461 et
777 4407 812 4460 ad
823 4423 967 4460 successus
978 4410 1155 4477 petitionum,
1205 4429 1244 4468 re.
1280 4413 1489 4468 ltemdextram
1501 4413 2001 4477 mamillamcontrafomsidines,pa·

354 4469 578 4553 iudiciorumque
588 4491 622 4528 ac
633 4477 726 4529 litium
738 4483 862 4542 eventus,
881 4478 907 4528 si
919 4482 1031 4531 omnino
1046 4488 1154 4533 tantam
1204 4498 1347 4552 roresque.
1382 4481 1530 4549 Sinistrum
1549 4500 1616 4537 veru
1637 4486 1734 4553 pedem
1752 4485 1852 4536 torreri
1873 4483 1901 4532 in
1921 4478 2002 4531 furna

356 4538 459 4605 aliqua
469 4544 682 4598 securahabeat.
721 4547 851 4599 Siusdcm
864 4562 982 4601 caverna
992 4553 1104 4603 sinistro
1115 4549 1154 4600 ia·
1205 4568 1267 4604 cum
1278 4551 1372 4616 herba,
1392 4566 1560 4620 quaesoque
1571 4552 1748 4607 chamaeleon
1759 4558 1882 4613 vocetur,
1897 4547 2004 4602 addito·

356 4613 435 4659 ΜΟ
447 4607 572 4676 dudm»
581 4615 605 4664 ’ἱ
616 4616 679 4682 (Ιῠὶῦ
688 4615 831 4668 mulit’ftm
842 4620 1153 4683 milicithtmlorium
1205 4637 1257 4688 que
1267 4629 1408 4690 unguento
1419 4626 1447 4675 in
1460 4623 1588 4691 pastillos
1598 4622 1702 4690 digeri:
1722 4636 1770 4675 eos
1781 4622 1810 4671 in
1823 4621 1946 4687 ligneum
1956 4631 2004 4668 ras

357 4691 418 4728 esse
430 4683 488 4728 tam
500 4692 639 4759 praesens,
651 4689 683 4734 ut
693 4683 770 4735 illico
781 4692 923 4751 sequatur.
959 4687 1088 4740 Eiusdem
1100 4687 1155 4739 loci
1204 4690 1341 4753 conditos,
1350 4700 1492 4758 praestare
1502 4693 1539 4753 (ai
1550 4692 1698 4755 credimus)
1710 4706 1743 4741 ne
1756 4694 1885 4738 cernatur
1896 4688 1930 4737 ab
1943 4686 2005 4738 aliia

356 4743 477 4809 pilorum
487 4761 607 4800 cinerem
620 4766 655 4804 ex
672 4751 736 4803 oleo
752 4753 857 4805 illitum
868 4754 944 4817 viris,
966 4758 1011 4821 qui
1023 4757 1153 4825 sintpro·
1204 4761 1252 4826 qui
1263 4757 1373 4812 habent.
1408 4762 1518 4812 Armeni
1541 4760 1668 4812 ueremni
1687 4758 1722 4810 ad
1739 4751 1889 4805 vincendos
1906 4754 2004 4809 adrer-

356 4813 457 4865 brosae
468 4816 608 4880 nrossitiei,
630 4835 755 4884 severas,
774 4837 831 4874 aaa
842 4824 926 4874 modo
937 4824 1052 4892 pudicus
1063 4839 1154 4878 utores
1204 4830 1295 4881 sarias
1303 4828 1349 4879 vel
1360 4827 1456 4879 hostes
1466 4829 1573 4890 valere,
1594 4829 1690 4893 utique
1701 4827 1727 4876 si
1737 4822 1862 4874 abiectos
1873 4820 2001 4876 eiusdem

355 4879 481 4934 indum·
1203 4910 1303 4948 nervos
1313 4894 1470 4946 calcaverit.
1505 4893 1804 4947 Sinistramhumerum
1818 4891 2004 4956 qulbusmoa·

393 4949 528 5069 ΧΧιἸὶΙᾶο
538 4948 667 5072 Pyynxi'mie
676 4954 824 5040 fabulosus
832 4964 877 5013 est
887 4959 1154 5045 emccdiluningeas
1204 4966 1271 5017 stris
1282 4970 1434 5044 consecret,
1444 4964 1562 5031 qualiter
1572 4964 1681 5015 somnia
1690 4976 1762 5030 quac
1773 4958 1853 5042 reiis,
1864 4958 2003 5027 atquibus

355 5032 732 5155 tillim........i.l:
750 5037 1154 5153 iiitiztilittilllt
1203 5031 2002 5167 'ill’hibelinilli.aiiii...⁰ll:.;nf¹ttl

355 5162 400 5239 tes
422 5154 568 5225 adalligati
588 5154 686 5240 dentre
707 5162 823 5228 lacerto,
844 5168 936 5220 cuitus
955 5168 1153 5233 (sicredimus)
1232 5170 1303 5222 cerii
1322 5168 1429 5221 dexter.
1466 5171 1570 5237 capitis
1593 5169 1714 5234 dolores,
1738 5171 1863 5235 insperso
1878 5169 1952 5227 vino,
1971 5166 2001 5217 ia

356 5227 511 5279 stimulant.
548 5224 644 5277 casm
661 5241 720 5309 mua
736 5231 834 5286 eleates
852 5233 946 5289 febres
959 5244 1048 5289 statas
1058 5243 1153 5291 arcent
1203 5237 1520 5305 quolatusalterutrum
1531 5246 1701 5291 maceratum
1715 5238 1876 5302 sit,sanari.
1912 5234 2001 5286 Femi-

356 5295 438 5348 thure
447 5296 556 5363 ‘tileth
578 5301 643 5347 ΝΜ
654 5310 726 5380 carta
739 5301 807 5381 ravi,
828 5303 912 5357 itane
923 5305 1021 5357 diebus
1034 5307 1153 5373 quinque
1203 5308 1247 5359 nis
1256 5307 1371 5370 sinistri,
1385 5308 1428 5359 vel
1437 5307 1515 5374 pedis
1526 5308 1613 5361 cineri
1624 5309 1649 5359 si
1659 5309 1811 5361 misceatur
1823 5307 1868 5359 lac
1878 5303 2001 5366 suillum,

356 5365 391 5415 ab
401 5380 488 5433 aegro
497 5371 640 5427 cenatur,
661 5379 705 5432 qur
718 5366 804 5418 adailr
843 5373 922 5425 verit.
958 5374 1032 5426 ldem
1046 5376 1153 5442 pellere
1204 5376 1369 5498 ⁹⁰d⁸ss⁰f³⁵
1390 5377 1450 5430 lieri
1469 5377 1549 5460 illitis
1562 5377 1699 5461 pedibus..
1725 5376 2002 5495 Felledgls‘ucoryrtaiga

355 5514 401 5552 Μ
422 5505 566 5557 mitum
586 5503 709 5558 ffldunt·
745 5505 850 5558 Eadem
871 5509 908 5561 dt
929 5525 1012 5561 tituta
1021 5514 1101 5589 Aegy·
1121 5513 1153 5564 tii
1202 5531 1250 5569 ae:
1281 5447 1854 5585 ‘eyyffiayugrggrryzogplrieyyqdffiyhtyytouy
1867 5458 2001 5564 mzztelas

354 5579 551 5642 marceat
566 5574 649 5645 adipe
664 5590 764 5647 aegros
780 5589 854 5629 suos.
890 5578 969 5632 diter
986 5579 1153 5649 illinimi',
1202 5583 1635 5659 conumlmequanceniecto,
1658 5600 1776 5659 corpore
1789 5596 1855 5639 vero
1865 5576 2000 5634 lliitoda·
