4368 6008
271 309 304 371 (2.
325 306 477 372 PLlNll
512 303 716 367 securint
748 302 915 374 NATUR.
949 301 1137 365 cirsion.
1170 302 1260 365 [ΑΒ.
1281 303 1458 368 xxviii.
1486 308 1577 371 CAP.
1599 316 1714 376 lt-tr.
1764 315 1826 377 327

178 475 274 515 cuseos
285 459 359 512 coita
372 458 458 510 lerari
471 456 607 524 prodant:
630 470 726 507 rerum
737 453 856 508 feminas
866 453 977 509 Venere

177 546 211 584 ea
231 528 314 582 laedi.
350 527 502 578 Oculorum
520 526 592 577 sitia
601 525 662 577 fieri
672 533 775 592 negant
782 561 792 588 ,
813 540 865 576 nec
876 524 977 591 lippire

178 616 237 662 eos,
248 598 294 666 qui
309 611 370 648 cum
381 596 465 663 pedes
476 596 580 659 larunt,
596 609 669 662 aqua
679 594 745 648 inde
756 601 800 648 ter
810 593 906 645 oculos
917 603 978 646 tan·

198 675 255 720 ant.

179 685 432 788 glih'lmmaturn
451 738 542 786 morte
564 738 708 799 raptorum
731 746 828 796 manu,
847 742 976 795 strumas,

180 804 331 876 parotidas,
351 811 477 872 guttura,
487 808 564 854 tactu
577 801 670 853 sanari
687 803 834 854 alhrutant.
856 802 976 866 Quidam

180 891 244 929 rere
258 874 445 940 cuiuscunque
456 870 590 935 defuncti,
601 872 747 923 dumtaxat
757 875 799 923 sui
810 886 903 934 sexus,
922 872 977 924 isc·

182 961 215 996 ra
233 959 317 996 manu
336 957 444 994 aversa.
481 941 517 993 Et
534 940 580 992 eli
603 956 638 992 no
651 939 761 1008 fulgore
778 944 844 1004 icto,
865 940 977 995 reiectis

181 1022 244 1082 post
255 1020 337 1080 terga
345 1010 471 1062 manibus
482 956 639 1063 demorderi
651 1008 773 1076 aliquid,
784 1018 812 1061 et
821 1009 857 1061 ad
868 1009 977 1062 dentem

181 1083 227 1150 qui
241 1082 344 1142 doleat,
359 1078 511 1141 admoveri,
532 1080 657 1133 remedio
669 1094 729 1133 esse
740 1079 871 1146 produnt.
907 1077 977 1129 Sunt

182 1154 230 1219 qui
249 1151 422 1219 praecipiant
442 1150 552 1202 dentem
562 1148 649 1201 suffiri
661 1147 744 1201 dente
755 1147 872 1200 hominis
884 1148 928 1198 sui
938 1162 979 1198 se·

180 1237 244 1273 xus:
258 1228 286 1272 et
297 1235 358 1272 eum
371 1219 420 1286 qui
429 1222 546 1271 caninus
557 1218 826 1285 nocetuminsepulto
837 1223 977 1270 exeuntum

181 1288 338 1356 adtrlligari.
374 1289 491 1339 'l'erram
504 1304 519 1340 e
530 1286 660 1349 calearia,
672 1284 837 1352 psilothrum
849 1301 909 1336 esse
921 1285 979 1351 pal-

182 1359 330 1426 pebrarum
341 1357 462 1408 nactast.
487 1358 584 1409 Herba
594 1371 668 1417 nero,
679 1355 704 1405 si
716 1370 770 1422 qua
780 1357 817 1406 ihi
830 1356 922 1420 gestitu
933 1354 979 1415 sit,

182 1425 421 1487 conmanducata,
433 1425 529 1478 dentes
540 1424 648 1477 cadere.
667 1423 791 1476 Hulcera
803 1440 856 1474 non
867 1437 978 1489 serpere

182 1511 246 1549 osse
256 1495 377 1549 hominis
390 1495 607 1561 circumscripta.
625 1494 680 1545 lilii
691 1508 706 1545 e
716 1494 806 1547 trihus
818 1492 907 1559 puteis
918 1490 980 1558 puri

182 1579 312 1617 mensura
323 1579 408 1631 aquas
421 1566 543 1626 miscent,
554 1572 583 1616 ct
595 1563 734 1632 prolibant
744 1577 815 1613 noio
827 1560 920 1612 fictili:
938 1574 979 1611 re·

182 1635 202 1685 li
223 1649 287 1687 uum
299 1633 403 1685 dantia
420 1634 548 1685 tertianis
566 1648 678 1686 accessu
694 1631 814 1684 febrium
822 1627 979 1682 bibendum.

182 1650 270 1755 iidem
282 1704 309 1754 in
330 1702 471 1771 quartanis
488 1702 671 1769 fragmentum
683 1701 782 1752 claris
794 1713 884 1760 cruce,
903 1700 980 1748 inro-

182 1770 273 1823 lutum
283 1772 356 1835 lana,
376 1772 448 1824 collo
459 1772 639 1823 subnectunt:
660 1778 709 1822 eut
719 1777 844 1835 spartum
857 1783 873 1819 e
886 1781 979 1819 cruce:

182 1839 358 1907 liberatoque
367 1839 488 1891 curidum
498 1853 625 1900 cauerna,
635 1854 715 1906 quum
723 1838 771 1890 Sol
783 1853 836 1889 uon
846 1835 979 1902 attingat.

217 1909 278 1962 xil.
294 1910 439 1975 Magorum
463 1907 532 1960 hacc
548 1916 706 1963 comanente
720 1914 799 1959 sunt:
822 1907 858 1958 Ut
879 1911 979 1968 cotem,

183 1994 236 2045 qun
248 1978 416 2030 ferramenta
426 1990 510 2044 saepe
522 1984 639 2029 exacuta
651 1977 715 2040 sint,
726 1976 877 2028 subiectum
890 1975 979 2043 ignari

184 2045 371 2108 cervicalibus,
391 2046 426 2098 dc
444 2046 577 2099 veneficio
599 2046 762 2107 deficientis,
782 2059 898 2099 evocare
910 2042 980 2095 indi·

183 2116 266 2177 ciunt,
276 2123 307 2166 ut
318 2116 377 2181 ipse
388 2114 463 2166 dicat
476 2115 540 2182 quid
551 2117 604 2168 sibi
617 2116 711 2168 datum
723 2116 771 2179 sit,
779 2122 808 2166 et
818 2114 877 2175 uhi,
888 2122 917 2165 et
926 2126 982 2180 quo

183 2192 323 2253 tempore:
341 2190 483 2237 auctorem
495 2193 586 2236 tannen
597 2201 651 2236 non
662 2186 814 2236 nominare.
851 2183 981 2234 Fulmina

184 2254 280 2319 utique
301 2268 441 2320 percusso,
461 2253 659 2306 circumactum
678 2255 709 2304 in
722 2251 982 2311 inhiasshuminem,

183 2322 259 2389 loqui
271 2323 395 2389 protinus
404 2330 522 2375 constat.
558 2324 717 2391 inguinibus
728 2321 872 2373 medentur
884 2318 980 2386 ntiqui,

184 2391 280 2443 licium
291 2393 365 2445 telae
374 2391 528 2445 detractum
540 2392 690 2460 alligantes
701 2391 814 2442 novenis
826 2389 979 2454 septenisve

184 2460 273 2523 nodis,
293 2461 327 2513 ad
347 2461 471 2528 singulos
483 2463 656 2512 nominantes
666 2459 777 2510 viduum
791 2458 922 2523 aliquam,
940 2462 980 2505 at·

184 2543 237 2596 que
247 2529 288 2581 ita
297 2530 405 2595 inguini
416 2529 609 2596 adalligantes.
645 2528 723 2579 Licin
736 2535 764 2579 et
774 2527 880 2578 clarum
891 2523 979 2575 aliud-

183 2614 238 2659 ve,
256 2596 329 2662 quod
351 2598 412 2663 spus
433 2598 599 2660 calcarerit,
621 2596 767 2664 alligatum
787 2596 864 2662 ipsus
884 2594 980 2644 iubent

184 2679 298 2732 gerere,
320 2680 353 2716 ne
368 2665 406 2715 sit
420 2663 512 2716 dolori
524 2664 631 2717 vuinus.
666 2667 815 2725 Verrucas
826 2663 948 2717 avellunt
963 2677 981 2713 a

183 2732 317 2785 vicesima
329 2733 417 2795 Luna,
439 2734 468 2785 in
481 2735 617 2786 limitibus
628 2734 720 2800 supini
732 2734 817 2801 ipsam
830 2733 980 2792 inlinentes,

183 2802 261 2852 ultra
281 2810 364 2869 caput
386 2803 512 2855 nianihus
532 2805 679 2871 porrectis,
701 2812 728 2854 et
742 2801 873 2870 quidquid
885 2815 981 2867 aqrpre·

182 2870 316 2933 bendere,
327 2887 360 2923 eo
372 2871 514 2925 fricantes.
551 2872 664 2924 Clarum
677 2873 808 2938 corporis,
830 2876 892 2922 curti
907 2870 981 2921 eadit

182 2939 277 3002 stella,
288 2941 311 2991 si
323 2941 384 3009 quis
394 2940 553 3010 distringat,
570 2941 614 2993 vel
625 2942 680 2992 cito
691 2940 785 2991 sanari
795 2942 881 2999 aiunt,
893 2938 980 2989 curdi-

182 3008 266 3060 nibus
286 3012 422 3061 detiorum
443 3018 522 3062 aceto
540 3009 642 3061 adisse:
664 3010 753 3061 hatum
771 3007 857 3059 fronti
869 3008 980 3068 iliitmn,

184 3078 284 3144 capitis
302 3078 426 3130 dolorem
443 3079 554 3131 sedare:
577 3081 644 3131 item
664 3078 796 3145 laqueum
805 3075 981 3143 suspendiosi

184 3147 385 3199 circumdatum
407 3149 586 3214 temporibus.
623 3147 731 3214 Siquid
747 3144 981 3214 episeehaeserit

182 3214 321 3277 faucibus,
333 3216 359 3267 in
372 3231 470 3283 aquam
483 3216 612 3269 demissis
623 3216 752 3284 frigidam
766 3216 891 3282 pedibus,
902 3213 981 3266 eade·

182 3300 223 3338 re.
259 3283 289 3335 Si
299 3298 364 3336 rere
383 3301 417 3336 ex
429 3287 493 3336 aliis
504 3287 621 3348 ossibus,
642 3287 779 3352 impositis
794 3284 881 3352 capiti
892 3298 926 3335 es
937 3298 981 3335 eo·

184 3354 246 3406 dem
259 3369 324 3405 vase
337 3353 472 3404 ossiculis.
509 3355 537 3405 Si
559 3356 638 3420 parda
656 3355 778 3417 haereat,
799 3369 833 3406 ex
844 3353 942 3406 eudem
953 3353 980 3403 in

183 3431 332 3488 utramque
343 3436 437 3474 aurem
449 3423 546 3474 addito
559 3438 637 3488 pane.

218 3490 292 3541 xiil.
312 3491 384 3551 Quin
397 3499 425 3542 et
441 3492 539 3543 sos-nes
552 3491 669 3543 hominis
680 3492 708 3543 in
720 3493 828 3560 magnis
838 3491 929 3544 fecere
940 3505 981 3542 re·

182 3557 284 3612 mediis
296 3566 527 3625 quaestuosorum
541 3565 685 3627 gynmasia
695 3561 882 3614 Graecorum:
905 3561 981 3627 quip-

183 3645 219 3696 pe
238 3641 272 3682 ea
292 3630 457 3695 strigmenta
479 3631 617 3692 molliunt,
639 3630 796 3694 calfaciunt,
817 3630 981 3690 discutiunt,

184 3698 345 3764 conspient,
364 3698 468 3751 sudore
485 3706 514 3750 et
533 3700 597 3751 oleo
619 3699 783 3750 medicinam
806 3697 980 3750 facientibus.

184 3766 284 3821 Vulris
295 3766 480 3829 inflammatis,
491 3768 696 3834 contractisque
707 3769 897 3820 admonentur.
934 3766 981 3818 Sic

183 3844 213 3888 et
231 3850 338 3888 menses
359 3838 445 3888 cient:
467 3837 543 3889 sedis
557 3835 830 3890 irnhammntioneset
849 3836 982 3903 condylo-

182 3913 260 3957 mata
271 3903 391 3959 ieniuntt
403 3906 468 3958 item
480 3921 628 3959 nervorum
639 3906 761 3968 dolores,
770 3906 982 3968 luxataarticu·

183 3976 274 4026 lorum
286 3972 385 4027 nodos.
419 3975 586 4027 Efficaciora
605 3975 642 4025 ad
661 3976 767 4038 eadem,
789 3976 982 4043 strigmentaa

182 4043 308 4106 balineis,
315 4052 343 4097 et
353 4045 417 4095 idco
428 4047 579 4096 nrisccntur
588 4045 791 4110 suppuratoriis
801 4044 981 4095 medicamen·

183 4113 228 4166 tis.
266 4112 335 4165 h'nm
348 4112 408 4172 illa,
425 4127 495 4178 qnae
506 4121 572 4163 sunt
582 4128 597 4163 e
608 4121 757 4171 ceromate,
776 4112 912 4176 peenrista
921 4126 981 4162 eoe-

182 4199 229 4242 no,
253 4181 386 4233 articulos
399 4187 505 4231 tanetum
517 4181 655 4241 molliunt,
676 4178 849 4240 calefaciunt,
869 4179 982 4230 discuti·

181 4259 234 4302 unt
254 4249 407 4301 efficacius:
430 4247 477 4299 sed
492 4248 527 4298 ad
539 4257 633 4299 cetera
653 4249 743 4297 nririus
756 4247 857 4297 calent.
894 4248 981 4297 Exce-

181 4320 224 4371 dit
237 4320 317 4370 fldem
329 4316 474 4380 impudens
485 4331 561 4376 curn,
586 4332 639 4382 qna
649 4314 746 4367 sordes
759 4314 901 4366 virilitatis
914 4330 980 4366 con-

179 4398 228 4440 tra
240 4387 418 4450 scorpionum
431 4383 501 4435 ictus
512 4385 661 4451 singularis
673 4384 796 4448 remedii,
809 4383 980 4437 celeberrimi

179 4464 315 4508 auctores
328 4453 455 4504 cluerent.
490 4454 595 4505 Rursus
610 4455 638 4504 in
654 4452 773 4515 feminis,
793 4451 981 4519 quasinfanti-

179 4542 228 4577 uns
240 4522 302 4574 niro
315 4521 403 4573 editus
414 4526 441 4572 in
452 4529 531 4573 utero
542 4521 614 4589 ipso,
626 4530 722 4575 contra
732 4523 907 4573 sterilitatem
920 4520 981 4572 snb-

180 4595 213 4645 di
226 4598 349 4646 censent:
371 4591 527 4643 encaenium
548 4600 655 4643 cocant.
692 4591 777 4642 lnrnro
799 4591 883 4643 etiam
906 4593 980 4657 ipsos

181 4661 394 4729 gyrrrnasinrnm
416 4676 511 4712 rasere
533 4663 665 4726 parietes:
687 4668 715 4711 et
726 4659 791 4712 illae
803 4675 911 4728 quoque
923 4674 980 4710 sora

182 4732 235 4781 des
245 4730 472 4782 excalfactoriam
486 4731 539 4782 rim
552 4728 654 4782 habere
669 4730 811 4781 dicuntur:
832 4742 917 4796 paam
927 4728 980 4781 dis·

181 4798 302 4849 eutiunt.
338 4799 510 4852 llulceribus
527 4816 623 4853 senum
647 4812 866 4867 puerorumque,
886 4804 915 4851 et
936 4796 981 4849 de·

180 4869 364 4933 squammatis
377 4871 546 4922 ambustisve
556 4869 711 4921 illinuntur.

222 4934 293 4987 xlv.
312 4938 352 4988 Eo
365 4941 453 4989 atinus
464 4938 558 4989 omitti
570 4939 698 4991 conrenit
713 4935 748 4988 ab
759 4937 850 4987 aniano
862 4932 980 4986 hominis

181 5005 337 5071 pendentes
347 5007 506 5058 predicioas.
524 5008 670 5061 Abstinere
680 5007 744 5059 cibo
754 5006 837 5067 omui,
849 5011 896 5056 aut
905 5011 981 5070 potu,

181 5072 332 5126 aliasrino
343 5082 448 5126 tantum
460 5083 508 5127 aut
520 5092 612 5138 carne,
626 5078 696 5129 alias
706 5075 832 5137 balineis,
843 5090 904 5129 cuns
916 5073 980 5139 qnid

181 5157 281 5195 eorum
294 5145 418 5209 postulet
429 5145 568 5208 valetudo,
575 5146 603 5196 in
612 5145 842 5213 praesentissimis
853 5142 981 5195 ronrediis

96 5210 103 5224 '
181 5210 310 5265 habetur.
342 5214 393 5264 ilis
405 5213 537 5265 remediis
548 5216 744 5267 adnumeratur
755 5212 928 5274 exercitatio,
939 5212 980 5262 in·

181 5282 274 5333 tentio
285 5283 372 5341 vocis,
393 5284 468 5349 ungi,
488 5282 584 5334 fricari
599 5300 658 5339 curri
673 5285 789 5334 ratione.
826 5278 981 5333 Vehemens

180 5350 259 5403 enim
271 5351 384 5403 fricatio
395 5351 508 5415 spissat,
517 5350 588 5403 lenis
600 5353 702 5404 nrollit:
715 5352 803 5402 multa
814 5348 911 5399 adimit
923 5364 982 5398 cur·

178 5426 341 5487 pus,auget
353 5418 470 5470 modica.
507 5419 535 5469 ln
549 5422 644 5485 primis
655 5435 720 5472 vero
735 5419 848 5487 prodest
859 5416 982 5469 anibula·

179 5490 238 5536 tin-
256 5487 393 5528 mutin-
410 5488 621 5592 etQ-ibus
633 5490 730 5540 niudis.
766 5486 911 5553 Equitatio
923 5494 980 5537 stc-

558 5573 586 5592 ι·
603 5556 704 5615 niithisi
717 5556 871 5626 narigatio:
889 5554 982 5625 longis

1029 453 1135 509 morbis
1151 454 1276 508 locorum
1294 458 1423 511 mutatio.
1457 459 1526 513 item
1539 475 1637 515 senine
1648 463 1753 518 mederi
1763 466 1826 528 sihi,

1029 531 1078 575 aut
1089 524 1202 587 lectulo,
1212 532 1260 576 aut
1272 540 1335 578 rara
1346 527 1506 581 vomitione.
1535 530 1632 598 Supini
1643 535 1751 586 cubitus
1763 550 1826 587 ocu·

1029 593 1066 645 lis
1076 593 1244 656 conducunt,
1254 602 1285 645 at
1297 597 1376 661 proni
1388 598 1518 659 tussibus,
1539 599 1668 654 inlaterat
1680 605 1826 657 adversum

1018 661 1239 716 'distillationem
1257 664 1422 718 Aristotcles
1432 675 1461 717 et
1473 666 1611 719 Fabianus
1624 670 1770 735 plurimum
1782 687 1827 725 so·

1029 731 1130 782 mniari
1140 731 1216 782 eirca
1226 746 1273 782 rer
1284 740 1313 783 et
1323 743 1483 786 autumnum
1495 737 1617 797 tradunt,
1628 741 1768 808 magisque
1779 757 1825 793 su·

1030 800 1096 867 pino
1109 800 1214 862 cubitu,
1234 806 1264 850 at
1276 815 1363 867 prono
1374 803 1449 853 nihil.
1485 804 1695 872 'l'lreophrastus
1707 811 1826 863 celerius

1031 869 1168 935 concoqui
1177 870 1271 920 dextri
1282 870 1381 922 lateris
1391 872 1524 936 incubitu,
1531 873 1673 927 difficilius
1684 890 1701 927 a
1710 880 1827 944 supinis.

1030 938 1080 991 Sol
1091 952 1200 1005 quoque
1211 939 1395 990 cenaculorum
1409 942 1558 994 musinium
1567 944 1602 994 ab
1613 945 1674 1010 ipso
1684 947 1738 997 sibi
1750 962 1827 1014 prae·

1029 1007 1102 1059 stari
1111 1012 1216 1074 potest,
1224 1007 1295 1069 sicut
1305 1007 1454 1060 linteorum
1466 1012 1671 1080 strigiliumque
1683 1014 1827 1069 vehemen-

1030 1079 1084 1127 tia:
1107 1074 1275 1141 perfundere
1287 1084 1370 1144 caput
1382 1078 1472 1131 calida
1482 1090 1547 1133 ante
1559 1082 1727 1135 balinearum
1740 1100 1824 1151 rapo·

1030 1145 1175 1206 rationem,
1187 1152 1217 1196 et
1226 1152 1328 1211 postea
1338 1146 1451 1214 frigida,
1463 1149 1673 1204 saluberrimum
1687 1153 1824 1221 intelligi·

1030 1219 1085 1264 tur.
1102 1213 1171 1264 itera
1184 1227 1362 1280 praesumere
1372 1216 1450 1279 cibis,
1459 1225 1488 1269 et
1498 1220 1673 1287 interponere
1685 1222 1825 1292 frigidam,

1031 1282 1209 1349 eittsdemque
1221 1290 1287 1350 potu
1297 1299 1408 1336 somnos
1418 1288 1592 1352 antecedere,
1603 1296 1632 1341 et
1643 1293 1666 1341 si
1679 1292 1775 1356 libeat,
1786 1293 1826 1343 in·

1031 1358 1211 1417 terrumpere.
1247 1351 1415 1418 Notandum,
1436 1355 1541 1407 trullum
1556 1357 1632 1408 aliud
1643 1360 1745 1413 animal
1758 1361 1825 1412 cali-

1032 1420 1084 1472 dos
1093 1428 1174 1487 pctus
1183 1423 1270 1488 sequi,
1292 1423 1409 1491 ideoque
1422 1440 1475 1476 non
1489 1440 1551 1477 esse
1561 1430 1711 1482 naturales.
1746 1430 1826 1482 hiero

1032 1496 1097 1541 ante
1106 1503 1221 1541 somnus
1229 1491 1352 1544 colluere
1368 1509 1428 1556 ora,
1447 1502 1561 1563 propter
1582 1493 1699 1550 halitus:
1723 1499 1827 1566 frigida

1031 1560 1173 1609 matutinis
1183 1558 1286 1626 impari
1297 1577 1411 1615 nurnero
1422 1565 1457 1615 ad
1470 1565 1606 1617 carendus
1615 1566 1741 1619 dentium
1750 1569 1827 1620 dolo·

1030 1641 1088 1678 resi
1101 1627 1170 1679 item
1182 1629 1373 1694 poscaoculos
1384 1634 1681 1702 centralippitudlnes,
1692 1644 1771 1688 certa
1781 1651 1826 1689 cx·

1031 1697 1185 1762 perimente
1195 1704 1273 1748 sunta
1292 1699 1367 1750 sieut
1384 1701 1471 1752 totius
1482 1706 1608 1769 corporis
1620 1705 1773 1758 valetudini
1782 1719 1827 1756 ra·

1031 1766 1160 1819 rietatem
1183 1766 1271 1817 rictus
1292 1767 1507 1823 inobservatam.
1542 1773 1730 1839 Hippocrates
1740 1773 1829 1826 tradit

1031 1850 1086 1886 non
1107 1833 1299 1903 prrandentium
1321 1845 1388 1890 exta
1408 1840 1688 1894 celeriussenescerc.
1726 1842 1828 1895 Verum

1030 1903 1059 1954 id
1070 1904 1201 1956 remediis
1212 1906 1319 1968 cecinit,
1336 1923 1390 1958 non
1402 1909 1506 1975 epuiisr
1526 1911 1627 1977 quippe
1640 1911 1729 1963 ntuito
1740 1910 1828 1963 utilis·

1030 1975 1102 2024 sima
1112 1979 1155 2023 est
1172 1977 1359 2040 temperantia
1371 1979 1397 2027 in
1409 1978 1485 2030 cibis.
1520 1978 1553 2029 l..
1566 1977 1700 2031 liucullus
1712 1979 1782 2032 hauc
1793 1979 1829 2033 de

1031 2057 1061 2094 se
1082 2041 1285 2108 praefecturam
1306 2059 1388 2094 servo
1409 2044 1540 2096 dederet:
1561 2048 1714 2114 ultimoque
1727 2050 1828 2117 probro

1032 2126 1128 2163 nianus
1149 2111 1178 2161 in
1195 2110 1264 2163 cibis
1275 2111 1437 2177 triumphali
1448 2113 1507 2167 seni
1526 2114 1715 2179 deiiciebatur,
1737 2117 1781 2169 rel
1798 2119 1828 2169 in

1032 2181 1171 2247 Capitolio
1192 2179 1327 2247 epulanti,
1347 2181 1475 2248 pudenda
1494 2197 1534 2248 re,
1554 2200 1635 2238 serro
1652 2201 1703 2240 suo
1718 2185 1825 2239 facilius

1032 2264 1139 2317 parere,
1151 2264 1231 2315 quam
1243 2250 1308 2300 sibi.

1065 2316 1125 2369 XV.
1145 2318 1342 2371 Stemumenta
1362 2320 1448 2387 pinna
1466 2322 1643 2389 graredistem
1666 2324 1827 2377 emendans:

1032 2394 1060 2438 et
1071 2387 1096 2436 si
1107 2388 1169 2451 quis
1179 2387 1271 2440 arulae
1283 2402 1374 2450 nares,
1397 2398 1428 2441 ut
1449 2391 1570 2454 tradunt,
1592 2392 1687 2444 osculo
1699 2395 1830 2461 attingat,

1032 2460 1219 2506 sternumenta
1238 2461 1267 2506 et
1287 2457 1447 2523 singultum.
1484 2459 1526 2510 0b
1547 2459 1599 2512 hoe
1621 2460 1708 2513 Varro
1729 2462 1830 2514 suadet

1033 2522 1153 2590 palmam
1175 2524 1284 2575 alterna
1302 2540 1385 2576 manu
1396 2526 1532 2591 scalpere.
1568 2528 1695 2595 Plerique
1714 2531 1827 2581 anulum

1033 2591 1173 2645 esinistra
1183 2591 1210 2643 in
1223 2592 1414 2659 longissimum
1427 2593 1558 2647 dexterae
1568 2595 1684 2663 digitum
1697 2598 1829 2650 transfer·

1032 2677 1072 2731 re,
1078 2661 1160 2713 autin
1170 2675 1268 2728 uquam
1279 2660 1430 2714 ferventem
1438 2678 1537 2715 manus
1547 2664 1721 2732 immergere.
1739 2666 1829 2722 Theo·

1033 2729 1161 2800 phrastus
1171 2745 1253 2783 senes
1263 2730 1432 2783 laboriosius
1442 2739 1587 2785 sternuere
1599 2734 1675 2787 dicit.

1068 2799 1293 2852 nilamnionem
1315 2801 1457 2853 damnarit
1478 2803 1664 2866 Democritus,
1684 2809 1716 2855 ut
1735 2804 1830 2870 inqua

1033 2869 1116 2921 honio
1128 2868 1200 2920 alius
1216 2870 1344 2922 exsiliret
1354 2885 1388 2923 es
1400 2869 1519 2925 homine.
1556 2872 1608 2925 Est
1628 2871 1741 2924 hercule
1760 2873 1829 2925 rari·

1033 2947 1077 2991 tas
1088 2938 1147 2990 eius
1158 2938 1266 2989 utilior.
1302 2939 1431 2994 Athletae
1453 2947 1545 2994 tamen
1558 2949 1703 3010 torpentes
1714 2943 1830 2995 restitu-

1032 3016 1116 3059 nutuc
1127 3008 1248 3061 Venere:
1269 3023 1325 3060 rox
1334 3018 1497 3073 reuocetur,
1518 3026 1580 3064 eum
1591 3028 1606 3064 e
1617 3011 1735 3065 candida
1746 3012 1830 3065 decii·

1033 3084 1081 3128 nat
1093 3078 1121 3126 in
1133 3076 1247 3129 fuscam.
1276 3078 1406 3131 Medenrr
1417 3088 1447 3132 et
1457 3080 1612 3132 morborum
1625 3081 1724 3143 dolori,
1736 3080 1829 3134 uculo·

1033 3161 1092 3196 runs
1103 3143 1287 3208 hebetationi‚
1298 3155 1390 3201 mente
1400 3153 1497 3216 captis,
1507 3166 1540 3202 ac
1552 3148 1768 3203 melancholicis.

1068 3212 1153 3264 xvir.
1164 3213 1306 3265 'Adsidcre
1317 3218 1496 3280 gravidis,rel
1506 3234 1567 3268 cuns
1580 3219 1732 3270 remedium
1743 3219 1829 3272 alicui

1033 3281 1206 3345 adhiheatur,
1229 3281 1326 3349 digitis
1337 3285 1499 3350 pectinatim
1509 3287 1583 3337 inter
1593 3301 1624 3338 se
1636 3286 1773 3352 implexis,
1782 3303 1829 3340 re·

1033 3353 1165 3403 aeficium
1181 3356 1237 3403 est:
1267 3351 1351 3418 idque
1369 3361 1539 3419 compertum
1561 3352 1675 3406 uadunt
1697 3355 1830 3408 Alcmena

1033 3421 1183 3473 Herculem
1203 3420 1338 3487 pariente.
1374 3420 1467 3483 Paitis,
1484 3423 1507 3472 si
1528 3425 1601 3474 circa
1615 3438 1698 3474 unum
1710 3423 1829 3477 ambone

1032 3505 1132 3556 genua.
1168 3488 1237 3542 ltcm
1251 3489 1370 3555 poplites
1380 3490 1495 3542 alternis
1505 3491 1622 3558 genibus
1629 3492 1743 3558 imponi.
1762 3493 1828 3544 ldeo

1034 3564 1102 3611 liuec
1117 3561 1145 3609 ln
1156 3558 1284 3611 conciliis
1296 3559 1396 3610 dueum
1408 3566 1611 3626 potestatemve
1633 3562 1694 3612 fieri
1715 3566 1829 3613 vetuere

1033 3630 1162 3689 maiores,
1172 3627 1248 3680 relat
1258 3643 1365 3681 omnem
1377 3636 1469 3679 actum
1480 3628 1670 3694 impedientia.
1708 3630 1830 3682 vetuere

1033 3704 1061 3749 et
1072 3698 1168 3758 sacris,
1180 3699 1299 3758 votisve,
1305 3697 1392 3748 simili
1403 3696 1486 3748 niodo
1498 3698 1643 3750 interesse.
1674 3699 1773 3765 Capita
1783 3713 1830 3751 au·

1033 3773 1088 3819 tem
1100 3766 1202 3831 aperiri
1213 3771 1326 3831 aspectu
1339 3769 1564 3833 sanguinitatem,
1575 3781 1630 3818 non
1640 3768 1830 3820 vernationis

1017 3879 1019 3883 ,
1033 3850 1116 3888 causa
1127 3833 1300 3896 iussere,sed
1312 3835 1357 3898 (ut
1367 3836 1457 3887 Verso
1468 3843 1566 3889 auctor
1578 3839 1632 3897 est)
1650 3837 1829 3899 valetudinis,

1034 3904 1165 3972 quoniam
1196 3904 1321 3955 firmiora
1340 3906 1542 3957 consuetudins
1563 3905 1724 3958 callerent.
1760 3906 1829 3957 Cum

1033 3975 1098 4042 quid
1107 3971 1458 4033 nculoinciderit‚alterum
1471 3974 1615 4040 comprimi
1623 3972 1748 4038 prodest.
1760 3973 1829 4023 Cam
1891 3990 1895 4001 ·

1033 4058 1105 4111 aqua
1116 4043 1231 4094 dextrae
1242 4041 1395 4102 auriculae,
1417 4043 1530 4094 sinistro
1542 4041 1611 4107 pede
1621 4039 1772 4100 exsultare,
1784 4054 1829 4091 ea·
1861 4050 1864 4053 ·

1034 4116 1089 4178 pite
1100 4112 1129 4160 in
1141 4110 1269 4162 dextrum
1289 4109 1432 4160 hmrrerum
1445 4109 1564 4162 devexo:
1585 4108 1703 4159 invicem
1714 4121 1729 4158 e
1741 4104 1830 4158 diver·

1032 4194 1064 4230 su
1074 4192 1148 4228 aure.
1185 4177 1219 4228 st
1227 4178 1324 4227 tussim
1335 4178 1455 4228 concitet
1464 4179 1559 4238 salira,
1578 4176 1608 4226 in
1621 4173 1715 4226 fronte
1726 4174 1761 4225 ab
1771 4175 1830 4227 alie

1033 4245 1131 4298 efflari
1152 4243 1181 4295 Si
1192 4245 1267 4296 iacet
1278 4260 1366 4306 ura,s
1376 4246 1482 4297 vertice
1490 4258 1584 4296 morsu
1592 4243 1831 4308 alteriussuspen·
1926 4294 1937 4303 ,

1033 4315 1071 4366 di.
1106 4313 1261 4393 lnlceriieis
1273 4312 1370 4393 dolore
1382 4313 1502 4379 poplites
1513 4314 1622 4394 fricare,
1634 4318 1683 4394 eut
1695 4312 1830 4394 carricent

1033 4379 1831 4519 mitilinensis:altini?‘'lli‘ra'iitlili

1033 4529 1061 4574 te
1072 4520 1101 4571 id
1113 4519 1233 4580 aecidat,
1255 4519 1385 4572 suiistrae
1396 4521 1509 4588 plantae
1520 4521 1650 4588 pollicem
1662 4520 1763 4573 dextra
1773 4536 1830 4575 nia·

1032 4588 1257 4655 uunpprelresdi.
1292 4589 1519 4642 itemedirerso.
1556 4590 1755 4642 Extremitstes
1765 4605 1826 4643 cor·

1032 4658 1281 4727 porisrelaurium
1299 4658 1448 4727 perstringi
1469 4665 1566 4711 eonas
1587 4657 1829 4727 horroreseerpo·

1033 4730 1082 4791 ris,
1092 4728 1290 4796 sanguinemve
1302 4728 1409 4779 narium
1422 4727 1606 4780 immodicum.
1641 4728 1714 4779 Lino
1724 4727 1768 4778 rei
1779 4743 1826 4793 pa·

1032 4813 1104 4866 pyro
1115 4797 1253 4863 principia
1262 4797 1424 4861 genitalium
1436 4814 1443 4848 ι
1466 4797 1554 4849 femur
1565 4795 1693 4859 medium,
1704 4795 1740 4847 ad
1751 4795 1828 4849 cohi·
1923 4802 1932 4811 '

1032 4866 1124 4920 hendo
1135 4865 1231 4917 tarinae
1243 4863 1389 4933 profluvia.
1406 4865 1437 4915 ln
1445 4864 1582 4917 monaehi
1595 4866 1733 4919 solutione
1743 4864 1829 4933 pedes

1032 4950 1168 5003 pressare,
1188 4940 1237 4986 sut
1252 4937 1386 4985 monasio
1399 4932 1551 4987 ferventem
1567 4950 1666 5001 aquam
1678 4936 1830 4988 diarittsre.

1033 5008 1090 5057 lam
1103 5012 1132 5055 et
1142 5004 1263 5056 sermoni
1284 5005 1376 5069 parci„
1390 5002 1486 5055 multis
1496 5003 1530 5057 de
1542 5007 1631 5056 causis
1641 5005 1766 5058 salutare
1775 5010 1827 5057 est.

1032 5073 1163 5125 'l'rionnio
1171 5073 1361 5124 Maecenatem
1368 5071 1510 5125 Melissum
1524 5074 1826 5140 accepimussilentium

1032 5143 1089 5195 sibi
1109 5141 1303 5207 imperavisse,
1324 5155 1341 5191 a
1361 5142 1538 5195 convulsione
1555 5142 1664 5193 reddito
1684 5140 1826 5207 sanguine.

1034 5213 1105 5265 Natu
1117 5225 1238 5271 eversos,
1248 5208 1466 5278 scandentesque
1477 5226 1509 5263 ac
1520 5213 1657 5271 iacentes,
1674 5211 1699 5260 si
1711 5206 1774 5275 quid
1787 5206 1826 5256 in·

1033 5288 1123 5348 grunt,
1143 5285 1294 5347 contraque
1310 5281 1382 5331 ictus
1400 5280 1524 5347 spiritum
1537 5279 1667 5332 cohibere
1677 5274 1828 5343 singularis

1035 5348 1165 5415 praesidii
1178 5355 1237 5400 ests
1278 5348 1332 5399 uod
1348 5349 1491 5401 insensum
1511 5364 1573 5401 esse
1592 5343 1825 5398 animalisdocui·

1033 5433 1103 5470 mus.
1131 5417 1245 5469 Clarum
1256 5364 1377 5469 demeum
1389 5416 1554 5484 defigerent
1566 5429 1621 5481 quo
1633 5415 1696 5464 loco
1708 5412 1825 5477 primurn

1033 5493 1117 5555 caput
1128 5484 1257 5538 defixerit
1267 5500 1399 5539 corruens
1410 5488 1509 5541 morbo
1520 5481 1663 5540 comitiali,
1683 5479 1826 5532 absoluto·

1032 5557 1104 5611 dum
1116 5554 1175 5609 eius
1187 5555 1255 5610 mali
1269 5556 1381 5611 dicitur.
1419 5558 1638 5611 Quaererem,
1659 5555 1710 5601 aut
1719 5549 1826 5603 lumbo·
