4340 6018
330 266 403 383 ⁴1³2
480 316 511 375 0.
544 309 695 371 asinii
727 302 937 368 SECUNDl
974 296 1140 359 NATUR.
1175 296 1371 359 Hieros
1405 297 1579 360 u1s01x.
1613 296 1710 356 GAP.
1732 294 1857 356 75-83.

343 476 399 532 tur,
410 471 534 519 ventrem
544 461 605 515 elus
614 465 705 511 rostro
713 454 845 521 pulsans:
866 450 919 502 sub
929 454 1040 517 partam
1051 462 1142 502 mares

345 532 610 590 l'eminassinrilitcr,
631 540 682 578 ova
701 526 958 574 vescentesearurn.
993 519 1055 572 Nee
1072 521 1142 570 satis

345 612 389 659 est
399 599 572 674 generationi
582 610 633 663 per
642 609 672 644 se
684 592 783 651 coitus,
804 590 859 641 nisi
873 589 954 642 editis
965 590 1036 653 oris,
1054 589 1140 641 inter·

345 671 483 726 versando
493 680 582 721 mares
591 662 675 714 uitale
684 660 873 725 adsperserint
883 661 967 710 uirus.
982 659 1045 711 Nun
1056 660 1142 710 omni·

344 745 397 796 bns
408 742 436 793 id
447 734 582 800 contingit
600 731 661 782 oris
680 733 709 781 in
730 728 1016 782 tautamultitudine:
1037 728 1142 795 alioqui

345 800 617 879 replerenturmaria
629 806 658 851 et
668 804 778 866 stagna,
794 814 855 851 cnm
866 799 972 865 sinnii
981 799 1054 850 uteri
1063 798 1141 848 innu-

345 877 490 932 merabilia
501 869 665 935 concipiant.
688 867 809 920 Piscium
820 883 873 922 nra
881 869 911 919 in
921 868 993 919 mari
1003 872 1141 929 crescunt,

343 944 476 1015 quaedam
491 954 601 992 summa
621 937 777 1003 eeleritate,
797 944 1041 999 utmnraennrurn,
1061 951 1143 1004 quaa·

343 1018 404 1068 dam
415 1012 497 1079 paulo
508 1009 626 1062 tardius.

376 1082 457 1135 Plani
470 1080 598 1146 piscium,
619 1079 719 1146 quibus
730 1077 819 1130 cauda
827 1093 884 1130 non
894 1077 975 1129 obest
987 1073 1142 1141 aculeique,

340 1159 370 1204 ut
381 1149 550 1211 muninus,
571 1152 601 1200 in
618 1150 695 1200 coitu
714 1147 930 1213 superveniunt:
952 1145 1050 1213 polypi
1066 1145 1142 1197 crine

259 1248 266 1255 ·
340 1236 393 1273 una
405 1220 525 1272 feminae
535 1219 649 1270 naribus
659 1230 783 1268 annexos
803 1218 898 1283 sepiae
909 1222 938 1269 et
948 1215 1079 1282 loligiues
1090 1213 1142 1265 lin·

338 1292 409 1359 guis,
420 1294 617 1356 componentes
629 1288 701 1338 inter
710 1301 740 1337 se
751 1284 881 1349 brachia,
892 1291 921 1338 et
930 1287 959 1336 in
970 1283 1141 1336 contrarium

339 1366 451 1413 ιιυιιιιιι
472 1373 520 1412 ose
531 1363 560 1410 et
570 1357 692 1424 pariunt.
728 1354 782 1407 Sed
793 1354 892 1421 polypi
905 1354 934 1406 in
945 1360 1050 1406 terrast
1060 1365 1141 1404 uerso

339 1428 433 1494 capite
455 1432 565 1481 meunt.
594 1425 713 1492 Reliqua
733 1424 859 1475 mollium
876 1423 980 1491 tergis,
1001 1427 1032 1473 nt
1044 1437 1140 1474 canes:

339 1499 405 1550 item
417 1497 550 1557 locustae,
562 1501 590 1547 et
600 1494 735 1560 squillam
748 1494 848 1554 cancri,
863 1507 922 1544 ore.
941 1493 1037 1544 Ranae
1047 1505 1141 1557 super-

339 1567 466 1627 ueniunt,
475 1564 615 1632 prioribus
627 1562 741 1631 pedibus
753 1563 813 1613 alas
822 1562 943 1614 feminae
953 1575 1030 1613 mare
1041 1574 1139 1626 appre-

339 1635 486 1695 hendente,
507 1632 708 1699 posterioribus
728 1630 831 1682 clunes.
875 1631 991 1684 Pariunt
1010 1631 1140 1681 urinimas

340 1719 438 1756 carnes
449 1705 550 1767 nigras,
561 1716 629 1769 quas
640 1701 758 1769 gyrinos
770 1706 883 1763 uacant,
895 1701 983 1753 oculis
994 1705 1101 1751 mutum
1113 1704 1142 1751 st

295 1835 303 1844 ¹
339 1772 430 1826 cauda
442 1772 576 1837 insignes:
587 1785 652 1822 mor
664 1768 748 1835 pedes
760 1769 924 1838 ligurantur,
935 1770 1026 1821 canda
1036 1767 1140 1820 tinden-

339 1848 368 1895 te
380 1857 412 1894 se
422 1840 452 1893 in
462 1839 642 1906 posteriores.
666 1834 835 1905 illitumque,
846 1839 976 1891 semestri
985 1840 1045 1890 rita
1056 1836 1142 1889 resol-

338 1918 441 1963 runtur
461 1912 490 1962 in
508 1910 607 1961 limum
624 1907 703 1960 nullo
723 1916 862 1970 cernente,
883 1916 912 1959 et
933 1924 1029 1960 rursm
1049 1907 1141 1959 vernis

338 1981 420 2047 aquia
439 1986 623 2032 renascuntur
643 1993 714 2046 quae
728 1977 820 2030 inere:
842 1984 958 2031 naturae
969 1975 1083 2043 perinde
1095 1990 1140 2027 oc·

339 2050 415 2103 culta
424 2049 542 2111 radone,
554 2063 615 2100 eum
628 2048 754 2099 omnibus
765 2046 844 2098 anais
856 2047 884 2097 id
893 2050 1013 2099 eveniat.

371 2119 410 2171 Et
427 2117 518 2170 mituli
539 2126 568 2170 et
586 2117 711 2184 pectinos
720 2124 821 2182 sponte
833 2123 951 2168 naturae
961 2116 992 2167 in
1013 2116 1140 2168 menonis

338 2188 509 2256 proveniunt.
540 2182 757 2249 Qune'durioris
774 2192 863 2238 testae
875 2193 948 2247 sunt,
969 2191 1001 2237 ut
1012 2185 1139 2245 ainricus,

338 2271 487 2324 purpurae,
498 2255 629 2309 salivario
640 2255 752 2307 lentore
764 2272 770 2305 ι
780 2255 854 2305 sicut
866 2263 1011 2307 acescente
1022 2253 1140 2306 hutnore

339 2326 456 2378 culices:
480 2340 582 2390 npuae,
602 2339 699 2391 spuma
709 2323 793 2375 uraris
806 2324 1000 2385 incalescente,
1018 2338 1080 2374 cour
1091 2322 1139 2373 ad·

338 2394 439 2445 missus
452 2401 493 2445 est
505 2395 600 2444 imber.
637 2392 716 2454 Quae
736 2408 804 2443 reru
821 2395 919 2445 siliceo
939 2392 1063 2460 tegmine
1075 2407 1139 2459 upe-

339 2463 458 2525 riuntur,
470 2469 501 2513 ut
512 2469 614 2522 ostrea,
626 2468 801 2527 putrescente
812 2461 889 2524 linio,
900 2469 948 2513 aut
959 2476 1057 2528 spuma
1066 2461 1140 2512 circa

339 2532 451 2599 navigia
462 2531 567 2584 diutius
578 2531 694 2593 stantia,
712 2530 874 2597 delirosque
887 2531 976 2596 palos,
993 2537 1024 2583 et
1034 2530 1139 2597 lignum

339 2601 468 2652 maxime.
495 2600 591 2667 Nuper
602 2606 775 2667 compertum
787 2600 815 2649 in
828 2600 985 2662 ostreariis,
997 2599 1139 2651 humorem

337 2670 376 2721 iis
388 2668 541 2721 iaetificunr
558 2668 638 2721 lactis
657 2667 739 2720 modo
752 2667 873 2719 effluere.
901 2669 1048 2736 anguillae
1070 2674 1142 2720 atte-

339 2746 404 2789 runt
415 2754 445 2790 se
457 2738 592 2806 scopulis:
615 2754 650 2791 ea
659 2738 828 2804 strigmentis
845 2739 1005 2790 virescunt:
1023 2754 1074 2791 nec
1085 2737 1142 2788 elia

341 2814 384 2859 est
396 2823 492 2859 carum
513 2808 679 2874 procreatio.
716 2805 837 2857 Piscium
850 2807 960 2860 diuersa
970 2819 1074 2874 genera
1086 2821 1141 2858 noa

341 2883 449 2937 cocunt,
459 2882 570 2942 praeter
579 2878 736 2942 squatinam
748 2883 777 2926 et
786 2876 886 2928 raianr:
898 2877 1041 2942 exquibus
1053 2876 1141 2927 nasci·

338 2951 385 2997 tur
403 2945 492 3012 priori
509 2952 589 3011 parte
608 2946 685 2995 raiae
696 2944 802 3007 similis,
825 2953 853 2996 et
864 2961 964 2998 nomen
975 2960 1010 3000 ex
1022 2952 1140 3012 utroque

339 3015 525 3082 compositum
537 3011 611 3079 apud
625 3012 748 3064 Graecos
759 3012 855 3065 trahit.
998 3014 1002 3021 ’

374 3083 516 3146 Quaedam
536 3090 662 3146 tempore
684 3084 745 3133 anni
759 3083 908 3150 gignuntur
929 3090 957 3137 et
972 3081 1139 3142 inhumare,

339 3152 413 3203 utin
426 3158 508 3202 terra.
537 3150 611 3204 Vere
621 3151 760 3217 pectines,
772 3153 894 3215 Ilurones,
906 3151 1081 3203 hirundineae
1094 3167 1140 3203 aa·

339 3220 402 3272 dem
423 3227 547 3286 teurpore
557 3231 734 3275 erauescunt.
762 3222 880 3276 Piscium
892 3223 973 3289 lupus
985 3227 1013 3271 et
1023 3220 1138 3273 trichias

338 3290 382 3340 bit
404 3303 475 3339 aaut}
497 3288 579 3356 parit,
599 3295 628 3348 ei
644 3293 780 3346 saxatiles
799 3308 901 3345 omnes.
937 3290 1086 3352 Molliter,
1107 3295 1138 3341 ut

339 3356 442 3411 rhoicis
477 3368 606 3433 cyprinus
618 3364 718 3427 sexies,
735 3364 895 3428 scorpiones
903 3361 948 3411 bis
959 3375 991 3412 ae
1001 3360 1139 3426 tergive-

339 3442 551 3489 reetautumno.
564 3435 606 3485 Ex
616 3433 709 3500 planis
718 3435 848 3500 squatina
857 3430 913 3481 bis:
925 3429 1138 3490 solaantumnn,

339 3520 438 3556 neema
450 3504 643 3572 Vergiliarum.
680 3503 794 3554 l’lurrmr
806 3513 921 3567 piscium
934 3499 1024 3550 trihus
1036 3498 1137 3550 meusi-

338 3575 398 3634 bus,
409 3573 506 3638 Aprili,
514 3574 601 3636 Maio,
611 3575 700 3627 lunio.
717 3571 819 3635 Salpae
829 3577 975 3620 autumno:
987 3568 1073 3634 sergi,
1084 3574 1138 3617 tor-

338 3641 420 3707 pedo,
440 3642 539 3710 squali,
558 3640 865 3708 circaaequinoctium:
888 3635 1076 3709 mollescere:
1097 3651 1140 3686 se·

343 3711 388 3776 pia
399 3711 525 3763 omnibus
537 3713 684 3763 mensibus·
714 3712 774 3760 Ora
787 3711 857 3769 eius,
867 3704 977 3773 glutino
989 3705 1139 3757 atramenti

340 3780 376 3831 ad
386 3781 508 3847 speciem
519 3794 589 3831 uvae
601 3776 788 3836 cohaerentia,
807 3773 948 3826 masculus
959 3775 1140 3841 prosequitur

337 3848 448 3912 afflatu,
459 3849 529 3900 alias
540 3847 726 3897 sterilescunt.
755 3843 856 3910 Polypi
869 3842 960 3896 hieme
970 3852 1080 3905 coeunt,
1091 3858 1138 3908 pa·

337 3918 412 3968 siunt
423 3932 488 3968 rere
500 3930 552 3967 ova
563 3914 652 3965 tortili
659 3914 771 3966 vibrata
781 3915 923 3981 pampino,
933 3917 1014 3964 tauta
1024 3911 1138 3965 inerun-

338 3986 436 4049 ditate,
448 3993 480 4037 ut
491 3983 698 4035 multitudinem
709 3997 824 4035 orornnr
836 3983 925 4036 occisi
935 3997 990 4033 non
1001 3983 1139 4048 recipiant

338 4072 406 4108 cauo
416 4055 526 4124 capitis,
536 4068 590 4120 quo
599 4058 789 4120 praegnantes
803 4051 901 4104 tulere.
937 4053 979 4104 Ea
988 4051 1139 4104 excludunt

337 4124 567 4194 quinquagesimo
576 4121 630 4184 die,
642 4122 766 4188 equibus
778 4122 986 4188 multaprepter
995 4135 1138 4174 numerum

336 4195 514 4248 intercidunt.
543 4194 693 4254 Locustae,
714 4199 742 4243 et
753 4191 861 4258 reliqua
871 4190 1009 4243 tenuioris
1020 4196 1139 4251 crustae,

337 4272 442 4329 portant
453 4280 505 4316 ova
516 4277 601 4330 super
613 4277 674 4325 ora,
688 4268 771 4329 atque
782 4261 824 4312 ita
835 4260 979 4313 incubant.
1015 4259 1138 4327 Polypus

338 4331 441 4383 semina
451 4335 534 4384 modo
544 4334 573 4384 in
585 4334 646 4386 oris
655 4330 743 4393 sedet,
755 4331 837 4382 niodo
849 4345 995 4382 cavernam
1006 4331 1139 4381 cancella·

336 4408 365 4451 to
375 4400 551 4452 brachiorum
564 4402 685 4469 implexo
696 4400 809 4453 claudit.
834 4398 917 4466 Sepia
927 4400 954 4450 in
967 4407 1080 4452 terreno
1093 4414 1140 4466 pa·

336 4468 374 4518 rit
392 4467 466 4518 inter
482 4470 642 4535 arundines,
663 4478 713 4524 aut
723 4471 813 4523 sicubi
824 4476 906 4522 enata
916 4471 992 4537 aiga:
1014 4469 1139 4523 excludit

337 4536 543 4602 quintodecimo
558 4538 612 4590 die.
647 4540 793 4607 Loligines
812 4541 841 4591 in
858 4539 917 4591 alto
938 4546 1068 4592 conserta
1088 4555 1139 4591 oua

337 4604 432 4666 edunt,
443 4610 474 4654 ut
483 4605 587 4671 sepiae.
606 4607 757 4674 Pur-purae,
765 4610 893 4672 murices,
903 4610 1026 4662 eiusdem
1047 4624 1082 4660 ue
1093 4625 1138 4676 gc·

338 4676 420 4735 neris,
443 4689 506 4725 rere
526 4675 646 4739 pariunt.
670 4677 833 4730 Rehimena
854 4679 1015 4744 pleniluniis
1029 4625 1139 4730 (habent

338 4740 440 4792 hieme:
454 4748 482 4792 et
494 4740 624 4793 cochleae
636 4742 751 4795 hiberno
762 4752 888 4813 tempure
900 4754 1059 4799 nascuntur.

372 4807 485 4862 Lxxv.
504 4810 635 4877 Torpedo
656 4821 807 4879 octogenos
829 4814 924 4868 iectus
941 4815 1044 4868 habens
1060 4816 1136 4867 iure·

340 4880 432 4930 uitur:
454 4895 540 4947 enque
552 4879 625 4931 intra
636 4896 666 4933 se
678 4883 752 4948 parit
765 4898 817 4933 ora
828 4886 1001 4949 praemollia,
1011 4887 1040 4936 in
1051 4885 1137 4936 alium

337 4948 429 5000 iocum
441 4950 513 5000 uteri
526 4948 705 5011 transferens,
723 4957 805 5017 atque
817 4953 857 5002 ibi
869 4954 1027 5006 excludens.
1045 4952 1139 5006 Simili

338 5016 422 5068 modo
435 5018 613 5084 omnia‚quae
623 5020 806 5087 cartilaginea
816 5019 1028 5088 appellavimus.
1046 5025 1089 5075 lta
1100 5022 1139 5084 iit,

337 5092 369 5136 nt
380 5085 441 5137 sola
452 5086 568 5152 piscium
580 5094 608 5139 ct
624 5089 728 5140 animal
739 5092 849 5155 pariant
867 5098 896 5141 ct
907 5106 960 5143 ora
972 5094 1137 5160 concipiant.

338 5152 446 5207 Silurus
458 5171 517 5208 mas
527 5156 604 5207 solus
615 5160 735 5208 omnium
747 5158 822 5210 edita
834 5159 957 5212 custodit
968 5176 1034 5225 orn,
1053 5176 1139 5228 saepe

337 5229 367 5275 et
377 5223 575 5292 quinquagenis
587 5224 692 5287 diebus,
707 5242 741 5279 nc
752 5228 932 5279 absumantur
942 5229 977 5280 ab
989 5231 1061 5284 aliis.
1089 5234 1139 5287 Co·

338 5298 416 5345 terae
428 5292 547 5345 feminae
559 5296 587 5344 in
599 5294 690 5346 triduo
704 5282 864 5358 exc‘ludunt,
882 5299 905 5346 si
918 5312 977 5349 nias
989 5304 1094 5367 attigit.

372 5362 501 5415 LXXVl.
527 5364 613 5426 deus,
635 5363 694 5417 sire
716 5364 826 5429 belone,
850 5379 921 5416 unus
933 5369 1048 5432 piscium
1060 5369 1138 5427 dehi-

337 5437 432 5483 scente
441 5432 764 5500 proptermnltitudinem
773 5441 855 5487 utero
865 5435 949 5501 parit.
960 5439 1140 5503 Apartaeos·

337 5499 420 5552 lescit
433 5502 531 5553 vulnus
543 5521 549 5554 r
562 5501 635 5569 quod
647 5510 675 5555 et
685 5505 715 5559 in
726 5503 817 5556 cocus
826 5506 1002 5571 serpentibus
1014 5508 1137 5561 tradunt.

336 5567 402 5621 blus
412 5572 534 5625 marinus
545 5572 574 5625 in
584 5579 661 5627 terra
670 5573 770 5629 scrobe
779 5572 882 5628 eliaam
889 5573 963 5643 parit
973 5589 1035 5639 nra,
1043 5584 1072 5631 ct
1080 5592 1140 5631 rur.

1196 462 1244 500 sas
1259 449 1463 502 obmitterent
1485 442 1803 499 mcedmodiereiossa
1814 443 1919 511 aperit,
1939 443 1998 499 ina

1193 521 1346 587 nunqaein
1360 532 1462 586 aquam
1473 516 1558 568 ducit.

1228 589 1368 642 Lxxvu.
1388 586 1520 656 Erythini
1542 590 1571 637 et
1592 582 1805 636 chanaerulras
1826 581 1998 637 haberetne»

1194 659 1311 712 duntur:
1333 658 1379 726 qui
1390 657 1503 709 trochos
1516 653 1674 722 appellatur
1683 669 1702 706 a
1711 653 1839 715 Graecis,
1848 653 1907 721 ipse
1917 669 1948 706 se
1957 654 1999 706 in·

1193 729 1245 781 ire.
1256 722 1997 796 aquatiliumomniumiuecminoriuitiuvisoesrent.
2063 766 2070 773 .

1228 796 1381 851 LXXVlll.
1405 796 1473 850 iteri
1490 796 1606 863 piscium
1627 792 1840 847 memorandum
1857 807 1944 860 nuper
1953 807 1999 845 ex·

1193 862 2000 1005 cucurum,trecanensium

1511 971 1518 997 i

1194 1007 1270 1059 lione
1284 1007 1372 1059 Vedio
1394 1006 1548 1058 coniectum
1571 1002 1684 1070 piscem,
1705 1003 1912 1069 sexageslmum
1935 1008 1999 1068 post

1194 1092 1296 1129 annum
1318 1079 1473 1142 exspirasse
1492 1072 1590 1126 scribit
1601 1074 1729 1127 Annaeus
1749 1073 1867 1135 Seneca,
1889 1070 1998 1125 duobus

1193 1149 1260 1200 aliis
1281 1147 1445 1213 aequalibus
1461 1145 1523 1195 eius
1534 1156 1568 1195 cs
1579 1140 1679 1194 eodem
1690 1158 1793 1212 genere
1804 1148 1869 1193 tunc
1879 1139 1999 1194 virenti·

1194 1218 1255 1270 bus.
1274 1218 1353 1280 Quae
1363 1214 1466 1268 mentio
1474 1214 1643 1280 piscinarum
1654 1212 1795 1275 admonet,
1804 1209 1926 1279 utpaulo
1937 1210 2000 1277 plu·

1194 1302 1227 1340 ra
1246 1287 1371 1339 dicamus
1390 1284 1441 1338 hac
1456 1285 1491 1337 de
1506 1300 1552 1349 re,
1572 1284 1735 1352 priusquam
1755 1281 1949 1351 digrediantur
1961 1281 1998 1333 ab
2061 1304 2078 1324 ι

1194 1373 1211 1410 a
1230 1356 1373 1408 natilibus.

1212 1374 1357 1476 qLXXlX·
1368 1423 1533 1479 ostrearum
1542 1424 1652 1473 rivaria
1659 1424 1765 1488 primns
1776 1418 1998 1487 omniumSergi·

1193 1496 1321 1547 us0rata
1332 1493 1437 1545 invenit
1448 1494 1475 1543 in
1487 1492 1603 1557 Baiano,
1615 1497 1709 1544 aetate
1719 1491 1752 1542 L.
1762 1492 1857 1542 Grani
1867 1490 1997 1552 arataeis,

1192 1570 1258 1616 sate
1273 1562 1425 1614 Marsicum
1440 1561 1560 1614 bellum:
1581 1577 1633 1614 nac
1643 1561 1727 1628 gulae
1738 1575 1833 1621 musa,
1849 1559 1898 1613 sed
1908 1560 1997 1613 arari·

1192 1634 1260 1707 dae,
1270 1646 1372 1700 magna
1380 1631 1532 1698 uectigalia
1541 1631 1594 1683 tuli
1604 1645 1639 1684 cx
1649 1630 1760 1697 ingenio
1770 1644 1822 1680 suo
1834 1629 1997 1698 percipiens,

1193 1709 1225 1754 ut
1235 1703 1281 1770 qui
1292 1702 1398 1768 primus
1407 1701 1528 1769 pensiles
1539 1699 1814 1759 iuraueritbalineas,
1830 1700 1874 1750 ita
1883 1712 1997 1766 mango·
2074 1734 2079 1741 -

1193 1775 1303 1824 ninutas
1313 1771 1395 1824 villas
1405 1770 1521 1823 subinde
1531 1769 1689 1822 vendendo.
1706 1770 1733 1821 ls
1742 1769 1848 1834 primus
1859 1771 1995 1834 optimum

1193 1856 1319 1909 saporem
1330 1841 1431 1893 ostreis
1443 1840 1571 1891 Lucrinis
1582 1838 1760 1900 adiudicarit,
1776 1836 1886 1904 quando
1898 1838 1997 1889 eadem

1193 1911 1357 1978 aquatilium
1369 1925 1472 1978 genera
1482 1909 1573 1961 aliubi
1583 1915 1667 1978 atque
1677 1908 1765 1961 aliubi
1776 1906 1911 1959 meliorne
1926 1908 1998 1957 sietu

1193 1982 1254 2047 lupi
1263 1980 1354 2045 pisces
1366 1984 1394 2030 in
1405 1981 1501 2032 'l'iberi
1513 1995 1596 2033 amne
1606 1980 1683 2030 inter
1697 1977 1767 2029 duos
1779 1983 1893 2042 pontes,
1903 1975 1998 2027 rhom-

1193 2052 1244 2103 bus
1255 2050 1417 2111 Ravennae,
1437 2052 1607 2101 mmacuain
1619 2048 1723 2109 Sicilia,
1744 2046 1823 2112 elops
1832 2044 1946 2098 Rhodi:
1969 2049 1998 2094 et

1194 2120 1251 2171 alia
1262 2132 1368 2187 geum
1377 2117 1522 2181 similiter,
1533 2134 1567 2171 ne
1580 2116 1737 2169 culinarum
1749 2129 1867 2166 censura
1879 2128 1994 2182 peraga-

1193 2198 1247 2240 tur.
1267 2187 1395 2241 Nandum
1408 2186 1741 2241 Britannicaserriebant
1750 2185 1846 2248 litora,
1856 2199 1917 2236 cunr
1929 2184 1997 2237 Ora·

1193 2264 1224 2310 ta
1235 2257 1358 2310 Lucrina
1368 2257 1556 2310 nobilitabat:
1578 2263 1677 2324 postea
1686 2256 1774 2307 rhum
1787 2255 1860 2307 tanti
1868 2254 1897 2305 in
1907 2260 1997 2305 extre-

1193 2343 1265 2379 mam
1278 2327 1390 2379 ltaliam
1410 2333 1508 2394 petere
1519 2326 1699 2380 Brundisium
1722 2332 1850 2376 ostreas:
1869 2339 1903 2375 ac
1918 2323 1998 2374 nelis

1193 2403 1268 2449 esset
1277 2397 1352 2448 inter
1362 2398 1432 2448 duos
1443 2412 1573 2464 sapores,
1582 2410 1672 2463 nuper
1681 2394 1886 2461 excogitatum,
1896 2391 1997 2444 iamenu

1193 2467 1295 2547 leugae
1315 2466 1489 2520 advectionis
1510 2465 1691 2520 aBrundisio
1712 2461 1995 2531 conrpnscereinhu·

1194 2551 1283 2588 crruo.

1229 2604 1342 2657 LXXX.
1370 2605 1477 2657 Eadem
1496 2610 1591 2658 aetate
1612 2606 1690 2673 prior
1709 2604 1835 2656 Licinius
1859 2602 1997 2654 Muraena

1193 2675 1364 2740 reliquorum
1376 2676 1493 2741 piscium
1505 2674 1610 2726 rivaria
1622 2676 1739 2727 inuenit:
1753 2674 1831 2725 cuius
1842 2671 1941 2723 deinde
1952 2682 1999 2721 ex·

1193 2745 1315 2809 emplunr
1326 2743 1458 2796 nobilitas
1468 2749 1564 2795 secuta
1574 2751 1625 2805 est,
1634 2744 1767 2809 Philippi,
1774 2741 1933 2794 Hortensii:
1943 2739 1998 2789 au·

1193 2813 1283 2863 callus
1303 2813 1400 2865 exciso
1420 2816 1504 2866 etiam
1525 2819 1621 2863 monte
1638 2816 1716 2863 iuxta
1728 2812 1876 2877 Neapolim
1893 2811 1999 2861 maiore

1192 2880 1342 2946 impendio,
1366 2893 1447 2945 quam
1462 2878 1558 2930 uillam
1570 2880 1812 2940 exaedificaverat,
1832 2881 1959 2945 euripum
1970 2884 1999 2928 et

1193 2950 1284 2999 usaria
1295 2948 1422 2999 admisit:
1434 2963 1488 3014 qua
1498 2947 1533 2999 de
1544 2963 1630 2999 causa
1639 2950 1759 3013 Magnus
1771 2947 1920 3014 Pompeius
1930 2948 2000 3000 Xer·

1193 3032 1247 3069 ren
1258 3024 1385 3084 togatum
1397 3031 1459 3066 eum
1471 3016 1641 3080 appellabat.
1672 3015 1904 3082 annuncians
1915 3015 2000 3083 pisci·

1192 3100 1245 3138 nae
1257 3102 1274 3136 a
1284 3085 1416 3135 defuncto
1426 3082 1477 3133 illo
1489 3085 1600 3137 veniere
1610 3084 1708 3150 pisces.
2057 3140 2061 3153 Ι

1227 3153 1353 3205 Lxxxi.
1371 3152 1568 3204 Muraeuarum
1589 3154 1724 3210 rivarium
1746 3152 1875 3219 privatius
1886 3146 2026 3219 excngi'

1191 3224 1262 3275 tavit
1275 3224 1305 3273 C.
1316 3222 1429 3275 Hirtius
1440 3228 1505 3275 ante
1516 3221 1597 3285 allos,
1618 3223 1665 3290 qui
1676 3222 1770 3276 coenis
1781 3220 2000 3287 triumphalibus

1192 3293 1320 3346 Qesaris
1341 3292 1489 3343 dictatoris
1506 3306 1558 3344 sex
1572 3292 1662 3344 millia
1673 3307 1789 3344 nurnero
1800 3305 1998 3343 muraenarum

1191 3369 1289 3414 mutuo
1301 3361 1444 3429 appendit.
1462 3362 1532 3413 Noni
1548 3371 1707 3427 mrnrutnre
1719 3361 1829 3429 quidem
1842 3360 1934 3426 pretio
1946 3374 1996 3411 no·

1192 3432 1254 3495 luit,
1265 3432 1356 3485 aliare
1366 3444 1467 3485 merce.
1503 3432 1597 3486 liuius
1616 3433 1711 3485 uillam
1728 3432 1803 3482 intra
1815 3445 1898 3496 quam
1910 3427 1999 3480 modi·

1193 3517 1252 3554 cam
1265 3501 1431 3569 quadragies
1442 3502 1565 3567 piscinae
1576 3503 1771 3555 vendiderunt.
1781 3501 1886 3552 luvasit
1896 3497 1998 3550 deinde

1192 3570 1365 3638 singulorum
1376 3573 1492 3637 piscium
1504 3586 1592 3627 amor.
1610 3570 1690 3638 Apud
1701 3569 1806 3622 Baulos
1816 3569 1845 3620 in
1857 3576 1935 3636 parte
1946 3568 1998 3618 lin·

1191 3639 1259 3693 iana
1270 3640 1403 3706 piscinam
1416 3640 1514 3692 habuit
1527 3642 1700 3711 {inmensique
1709 3641 1822 3700 Orator,
1832 3639 1862 3691 in
1874 3654 1929 3705 qus
1939 3651 1997 3688 mu·

1192 3724 1305 3761 caenam
1319 3707 1389 3761 sdeo
1401 3708 1509 3772 dilexit,
1521 3716 1553 3760 ut
1564 3711 1751 3761 exanimatam
1765 3708 1848 3761 ilcsse
1859 3709 1996 3761 credetur.

1191 3778 1222 3830 ln
1233 3777 1331 3830 eadem
1343 3778 1421 3840 villa,
1433 3780 1554 3830 Antonia
1565 3779 1660 3843 Drusi,
1670 3794 1833 3841 muraenae,
1844 3793 1925 3845 quam
1936 3777 1998 3829 dili·

1192 3847 1293 3916 gebat,
1311 3848 1423 3899 maures
1442 3847 1566 3899 eddidit:
1588 3850 1666 3901 cuius
1688 3855 1804 3916 propter
1812 3847 1915 3901 famam
1930 3862 1997 3899 non·

1191 3917 1263 3971 nulli
1272 3916 1379 3968 Baulos
1389 3917 1483 3969 videre
1494 3919 1722 3984 concupiverunt.

1227 3985 1368 4039 LXXXll.
1396 3985 1580 4039 cochlearum
1602 3988 1712 4039 rivaria
1735 3987 1862 4039 instituit
1881 3984 1996 4037 Fulvius

1190 4054 1367 4123 Hirpinusin
1378 4056 1584 4123 Tarquiniensi,
1607 4057 1692 4123 paulo
1714 4062 1779 4108 ante
1792 4054 1996 4118 civilebellum,

1192 4125 1267 4194 quod
1288 4140 1350 4177 cum
1372 4125 1505 4192 Pompeio
1524 4126 1629 4194 Magno
1652 4134 1759 4193 gestum
1781 4132 1835 4190 est,
1858 4124 1997 4176 distinctis

1192 4194 1303 4262 quidem
1314 4195 1465 4262 generibus
1477 4209 1581 4257 earum,
1592 4197 1743 4263 separatim
1756 4203 1788 4247 ut
1799 4201 1893 4248 essent
1906 4193 1996 4255 albae,

1192 4279 1264 4332 quae
1274 4265 1303 4317 in
1311 4264 1429 4316 lleatiuo
1440 4280 1507 4335 agro
1519 4272 1670 4317 nascuntur
1680 4283 1686 4317 :
1697 4266 1847 4332 separatim
1856 4263 1996 4331 illyricae,
2006 4280 2019 4297 =

1192 4335 1291 4400 quibus
1303 4334 1466 4403 nmgnitudo
1478 4336 1641 4402 praecipua:
1654 4334 1817 4396 Africanae,
1829 4334 1926 4400 quibus
1936 4336 1994 4383 ioe-

1193 4404 1336 4456 cuuditns:
1348 4405 1502 4466 b'olitanuc,
1514 4408 1613 4472 quibus
1625 4405 1769 4457 nobilitas.
1798 4403 1871 4465 Quin
1883 4408 1912 4453 ut
1922 4402 1997 4468 sagi·

1191 4486 1256 4526 narn
1268 4488 1363 4527 earum
1376 4480 1611 4538 commentusest,
1633 4488 1702 4540 sapa
1721 4480 1751 4525 et
1772 4471 1856 4532 farre,
1875 4469 1996 4535 aliisque

1190 4543 1349 4610 generibus,
1360 4550 1392 4595 ιιι
1402 4543 1533 4597 cochleae
1544 4559 1654 4611 quoque
1666 4543 1761 4595 altiles
1770 4552 1885 4606 ganeam
1897 4537 1997 4603 imple·

1192 4620 1271 4664 rent:
1295 4612 1375 4664 cuius
1397 4613 1466 4663 artis
1486 4613 1580 4678 gloria
1589 4615 1617 4662 in
1629 4627 1689 4663 eam
1700 4606 1920 4675 magnitudinem
1934 4620 1998 4672 per·

1193 4680 1278 4733 ducta
1288 4683 1335 4742 sit,
1347 4688 1377 4732 ut
1388 4683 1534 4747 octoginta
1544 4680 1710 4746 quadrantes
1726 4681 1857 4743 caperent
1873 4676 1997 4745 singula·

1191 4763 1251 4801 rum
1264 4749 1375 4801 calices.
1409 4750 1569 4800 auctorest
1580 4750 1619 4801 Μ.
1631 4750 1733 4802 Varro.

1227 4817 1379 4870 LXXXlll.
1395 4816 1516 4869 Piscium
1529 4831 1631 4881 genera
1642 4817 1793 4868 etiamnum
1802 4831 1821 4869 a
1830 4813 1994 4882 Theophra·

1192 4894 1236 4938 sta
1249 4890 1321 4939 nrira
1331 4885 1499 4952 produntur:
1512 4887 1588 4938 circa
1598 4885 1845 4953 Rabylonisrigna
1856 4884 1993 4950 dqceden·

1192 4956 1267 5007 tibus
1280 4954 1383 5015 lluuiis,
1404 4954 1432 5005 in
1449 4956 1573 5007 cavernis
1595 4971 1681 5022 aquas
1691 4953 1859 5007 habentibus
1870 4969 1994 5007 remane·

1192 5039 1232 5076 re.
1251 5022 1394 5086 Quosdam
1407 5023 1470 5076 inde
1481 5026 1559 5078 exire
1571 5026 1605 5076 ad
1617 5024 1720 5092 pabula
1730 5025 1854 5090 pinnulis
1864 5023 1993 5091 gradien-

1191 5100 1245 5154 tes,
1257 5093 1354 5145 crebro
1366 5092 1473 5145 eandm
1483 5102 1572 5154 nrotn,
1584 5100 1736 5161 contraque
1746 5100 1916 5146 venantesre

1193 5178 1225 5214 re
1235 5163 1264 5214 in
1275 5176 1341 5213 suas
1355 5177 1499 5224 mrernas,
1517 5170 1546 5215 et
1564 5164 1592 5214 in
1603 5162 1639 5215 iis
1650 5164 1783 5215 obversos
1793 5168 1882 5214 stare:
1903 5177 1954 5229 cap
1965 5169 1996 5214 ιιι

1192 5246 1290 5285 eorum
1301 5246 1364 5285 esse
1375 5246 1461 5284 ranae
1480 5234 1605 5284 marinae
1625 5232 1744 5294 similia,
1765 5231 1889 5298 reliquae
1900 5238 1994 5298 partes

1193 5299 1499 5370 gobiarnmbranchias
1509 5309 1541 5353 ut
1551 5302 1653 5354 ceteris
1663 5302 1794 5368 piscibus.
1813 5303 1895 5353 (birca
1906 5302 1994 5353 iters-

1193 5372 1281 5425 eleanr
1292 5379 1321 5425 et
1332 5374 1479 5423 cromnam
1490 5378 1518 5422 et
1529 5371 1636 5438 Lycum
1648 5379 1676 5423 et
1693 5371 1875 5424 multifariam
1886 5372 1913 5420 in
1924 5368 1995 5420 Pon·

1192 5446 1222 5493 te
1234 5454 1319 5493 ununr
1330 5454 1418 5509 geniis
1431 5438 1501 5502 esse,
1522 5441 1595 5508 quod
1607 5448 1746 5494 exitentes
1756 5440 1897 5493 fluminum
1908 5451 1995 5506 squas

1193 5518 1327 5573 sectetur,
1347 5522 1536 5577 casurasque
1555 5509 1643 5563 facin
1657 5512 1843 5574 sibiinterrn,
1863 5513 1947 5574 atque
1963 5506 1996 5557 in

1193 5577 1237 5635 his
1256 5581 1341 5643 rivet,
1360 5579 1447 5633 atiani
1465 5580 1618 5648 reciprocis
1633 5583 1762 5655 amqibus
1782 5576 1995 5634 annullare.
2065 5586 2069 5593 ·
