4356 6014
353 294 413 363 172
477 297 509 358 G.
543 293 689 356 PLlNll
723 285 928 351 SECUNDl
961 278 1128 347 sirus.
1164 282 1351 348 tltsroa.
1389 284 1476 345 ΗΒ.
1498 283 1606 345 Xlll.
1641 282 1734 341 CAP.
1756 284 1881 344 :ii-42.

387 451 467 503 luter
481 461 570 516 pauca
583 440 726 497 nitidioris
739 439 812 490 ritae
827 438 1015 488 instrumenta
1027 434 1098 489 haec
1113 448 1157 487 ar·

353 521 408 574 hor
419 525 475 573 est:
498 520 668 586 quapropter
683 507 866 560 insistendum
885 508 909 558 ei
922 521 1032 573 quoque
1042 504 1157 571 paulum

354 589 476 643 videtur.
512 587 586 639 Nota
605 583 688 634 etiam
707 579 830 630 Homero
851 574 919 626 fuit:
939 575 1028 641 thyon
1049 573 1156 626 Graece

354 666 485 719 vocator,
497 657 530 706 ab
541 653 605 703 aliis
617 648 695 716 thya.
718 646 800 697 liaris
810 647 905 711 itaque
915 643 989 695 inter
999 640 1100 695 odores
1111 644 1156 694 uri

354 728 479 782 traditio
491 720 597 773 deliciis
608 719 711 779 Circes,
731 730 812 781 quam
823 713 911 764 Deam
922 712 1036 764 volebat
1047 712 1154 763 intelli·

355 798 396 866 gi:
415 806 515 860 magno
527 802 625 840 errore
634 799 743 846 eurunr,
762 785 810 851 qni
821 782 1006 834 odoramenta
1017 782 1046 831 in
1064 795 1098 833 eo
1109 797 1157 833 ru·

344 865 453 917 ‘cabulo
474 857 622 925 accipiunt,
643 870 703 907 eum
724 852 888 920 praesertim
910 850 1008 904 eodem
1020 864 1157 903 verruca·

296 974 300 987 .
355 935 434 985 drum
447 929 616 994 laricemque
625 923 797 976 unstradat:
815 922 843 972 ln
854 933 909 987 quo
919 921 1097 973 manifestant
1111 927 1156 972 est

161 1030 183 1049 ..
280 1024 285 1031 Δ
355 1002 389 1053 de
401 999 545 1052 arboribus
555 1002 662 1048 tantum
684 994 817 1044 locutum.
852 987 1072 1056 Theophrastus,
1093 987 1155 1060 (qni

206 1112 210 1119 .
253 1085 274 1119 c«
353 1072 459 1140 primus
470 1085 487 1119 a
498 1068 592 1136 Magni
603 1063 752 1117 Alexandri
764 1065 858 1113 aetate
868 1059 979 1121 scribit,
999 1074 1069 1126 quae
1081 1059 1156 1111 circa

354 1139 431 1190 urbis
454 1137 558 1188 Romae
589 1132 889 1201 quadringentesimum
913 1128 1154 1197 quadragesimum

332 1213 508 1277 -gestasunt
524 1206 646 1267 annum,)
666 1215 796 1267 magnum
818 1200 875 1250 iam
887 1197 951 1249 huic
961 1199 1055 1250 arbori
1067 1197 1153 1249 hono·

269 1318 274 1325 ,
353 1293 411 1330 rem
422 1275 704 1338 tribuit,memoratas
716 1285 751 1322 ex
762 1285 796 1322 ea
806 1268 1156 1334 referenstemplorumve·

352 1353 444 1399 terum
457 1343 691 1412 contignationes,
714 1338 904 1407 quandamque
914 1337 1155 1390 immortalitatem

352 1416 488 1468 materiae
508 1414 537 1464 in
557 1412 640 1464 tectis
661 1417 760 1460 contra
771 1409 840 1460 vitia
857 1410 950 1460 omnia
965 1408 1154 1474 incorruptae.

352 1486 458 1538 Radice
478 1481 547 1533 nihil
568 1480 692 1546 crispius,
712 1494 763 1530 neo
783 1477 897 1530 aliunde
913 1477 1083 1544 pretiosiora
1092 1491 1155 1542 ope·

352 1568 393 1606 ra.
413 1552 592 1618 Praecipuum
601 1555 694 1601 autern
705 1562 766 1600 esse
777 1560 836 1600 eam
847 1546 974 1598 arborem
986 1549 1061 1598 circa
1070 1546 1156 1596 ilani·

353 1622 443 1674 monia
459 1621 618 1672 delubrum:
640 1618 717 1670 nasci
736 1622 765 1670 et
783 1617 813 1668 in
833 1616 968 1668 inferiore
981 1616 1155 1684 cyrenaicae

350 1697 442 1760 parte.
478 1690 522 1741 De
532 1688 635 1742 mensis
646 1694 739 1739 tamen
750 1686 852 1737 tacuit:
870 1691 898 1737 et
914 1685 985 1737 alias
996 1686 1100 1739 nullius
1110 1700 1156 1737 an-

350 1767 381 1813 te
391 1759 603 1811 Ciceronianam
613 1756 753 1811 vetustior
763 1754 900 1809 memoria
908 1761 959 1820 est,
968 1772 1039 1824 quae
1049 1755 1157 1809 notitia

352 1846 368 1883 a
407 1834 476 1881 aret.

311 1926 324 1965 t
369 1844 489 1950 ιᾞΚΧΧΙ.
508 1898 570 1949 Alia
582 1905 626 1948 est
644 1896 729 1947 arbor
745 1893 843 1946 eodem
854 1896 976 1957 nomine,
998 1893 1100 1945 malum
1114 1891 1154 1943 fe-

310 1980 320 1997 ·
351 1975 596 2020 rensexsecratnm
608 1956 745 2031 aliquibus
754 1962 1083 2024 odoreetanaritndine,
1092 1962 1157 2013 aliis

353 2036 516 2104 expetitum,
532 2036 632 2087 domos
644 2036 728 2087 etiarn
740 2034 886 2097 decorans,
907 2047 957 2084 nec
969 2031 1086 2083 dicenda
1096 2044 1156 2084 rer·

351 2106 456 2159 bosius.

333 2196 341 2211 ·
388 2173 504 2227 XXXil.
523 2171 627 2224 Eadem
650 2170 754 2234 Africa,
773 2184 828 2239 qna
847 2170 940 2239 vergit
959 2168 995 2220 ad
1007 2182 1067 2232 nos,
1087 2168 1155 2220 insi·

319 2250 344 2289 4
355 2259 436 2312 gnern
449 2245 576 2311 arborem
587 2242 666 2292 loton
682 2241 783 2309 gignit,
805 2254 886 2308 quam
896 2245 1000 2291 vocant
1016 2240 1112 2301 celtin,
1129 2245 1157 2290 et

352 2316 444 2382 ipsam
456 2313 556 2364 ltaliae
567 2311 745 2374 familiarem,
764 2309 813 2362 scd
825 2315 901 2362 terra
911 2316 1056 2361 mutatam.
1075 2309 1157 2360 Prae·

354 2386 436 2450 ripun
446 2388 489 2435 est
500 2382 576 2434 circa
585 2379 683 2449 Syrtes
696 2388 780 2448 atque
791 2380 976 2432 Nasamonas.
1013 2379 1156 2445 Magnitu-

354 2451 401 2515 do,
421 2467 492 2519 quae
509 2450 588 2518 piro:
609 2465 766 2517 quanquam
780 2449 875 2515 Nepos
887 2446 1033 2500 Cornelius
1044 2449 1157 2500 brevem

350 2519 458 2572 tradat.
494 2521 637 2572 incisurae
657 2518 726 2570 folio
745 2519 912 2571 crebriores:
933 2531 1005 2585 quae
1024 2516 1097 2569 ilicis
1118 2518 1157 2567 ri-

354 2589 465 2641 dentur.
501 2589 685 2641 Differentiae
696 2588 798 2655 plures,
814 2603 919 2656 eaeque
930 2588 1050 2640 maxime
1061 2587 1157 2638 fructi-

353 2659 406 2712 bus
416 2660 494 2711 liunt.
512 2657 679 2727 Magnitudo
690 2657 756 2710 huic
766 2658 856 2722 fabae,
866 2657 945 2710 color
955 2657 1039 2721 croci,
1050 2657 1100 2710 sed
1111 2671 1158 2707 an-

351 2734 382 2780 te
392 2729 583 2781 maturitatem
601 2728 673 2778 alius
693 2731 776 2794 atque
786 2728 869 2790 alius,
879 2730 952 2779 sicut
962 2727 990 2778 in
1001 2728 1071 2777 uris.
1100 2726 1156 2777 Na·

353 2798 441 2850 scitor
461 2800 563 2851 densus
575 2797 604 2848 in
619 2799 703 2849 ramis
715 2798 800 2866 myrti
812 2798 904 2859 modo,
921 2811 976 2848 non
987 2797 1057 2846 utin
1068 2795 1157 2856 ltalia,

354 2871 455 2919 cerasi:
473 2877 528 2921 tam
541 2868 618 2920 dulci
628 2868 665 2919 ibi
677 2867 749 2928 cibo,
762 2874 794 2918 ut
806 2881 907 2918 nomen
919 2866 1002 2916 etiam
1014 2866 1091 2931 genti
1103 2871 1157 2915 ter·

353 2951 457 3005 raeque
472 2938 591 2999 dederit,
612 2938 694 2987 nimis
714 2934 849 3002 hospitali
861 2936 1030 2986 advenarum
1042 2934 1157 2985 oblitio·

353 3020 388 3056 ne
397 3010 516 3071 patriae.
550 3006 655 3057 Ferunt
665 3004 771 3055 ventris
782 3018 837 3054 non
847 3005 951 3054 sentire
963 3002 1098 3064 morbum,
1109 3002 1155 3067 qui

354 3086 415 3123 eunt
439 3074 579 3124 mandant.
615 3071 718 3123 Melior
729 3070 790 3122 sine
801 3072 936 3122 interiore
948 3070 1057 3130 nucleo,
1069 3070 1155 3135 quiin

353 3140 445 3192 altero
456 3153 558 3206 genere
570 3151 666 3189 osseus
675 3137 796 3189 videtur.
830 3139 931 3190 Vinum
944 3152 1054 3203 quoque
1064 3138 1155 3202 expri·

353 3210 439 3260 rnitnr
447 3208 500 3268 illi,
519 3205 612 3257 simile
620 3205 721 3266 mulso,
731 3206 804 3271 quod
816 3205 893 3257 ultra
904 3204 989 3256 denos
1001 3205 1060 3256 dies
1070 3212 1156 3273 negat

355 3284 457 3336 durare
467 3278 540 3329 idem
553 3275 659 3345 Nepos:
681 3274 836 3341 baccasque
858 3275 983 3327 concisas
1005 3290 1065 3326 cnm
1083 3276 1155 3328 alica

353 3351 389 3403 ad
409 3348 485 3400 cibos
501 3342 587 3397 doliis
608 3343 699 3397 condi.
734 3345 806 3409 Quin
819 3350 847 3396 et
858 3345 997 3397 exercitus
1012 3352 1109 3412 pastos
1121 3360 1154 3397 eo

355 3419 522 3485 accepimus,
541 3416 617 3465 ultro
629 3414 756 3536 citroque
768 3420 955 3467 commeantes
965 3429 1015 3481 per
1024 3414 1155 3468 african.

321 3502 337 3525 r
353 3489 444 3555 Ligno
463 3484 540 3535 colos
560 3484 651 3549 niger.
685 3485 706 3536 Α
740 3485 871 3553 tibiarum
887 3493 985 3536 cantus
1004 3486 1155 3552 expetitur.

353 3560 378 3610 Ε
387 3555 482 3607 radice
492 3551 615 3604 cultellis
627 3553 752 3620 capulos,
773 3556 925 3623 brevesque
946 3554 1017 3607 alios
1029 3571 1095 3607 usus
1106 3570 1154 3607 ex·

354 3641 387 3678 eo
410 3627 488 3674 itaut.
524 3622 891 3679 Haecibiauturaarboris.

388 3640 441 3743 {st
453 3697 545 3744 antem
557 3690 657 3744 eodem
674 3694 785 3744 nomine
796 3701 825 3745 et
840 3692 935 3755 herba,
950 3700 979 3747 et
988 3692 1015 3743 in
1027 3693 1155 3760 Aegypto

353 3760 442 3815 caulis
464 3759 492 3809 in
513 3760 680 3827 palustrium
703 3774 814 3826 genere.
853 3761 1056 3815 Recedentibus
1081 3764 1153 3813 enim

354 3833 433 3900 aquis
444 3827 503 3881 Nili
515 3832 603 3897 riguis
618 3831 747 3897 provenit
762 3830 860 3882 similis
872 3831 954 3883 fabae
965 3831 1051 3892 caule,
1068 3830 1155 3883 foliis-

353 3916 407 3971 que
419 3899 504 3950 densa
515 3903 645 3969 congerie
657 3899 781 3965 stipatis,
792 3899 966 3951 brevioribus
977 3905 1085 3951 tantum
1095 3915 1156 3968 gra·

354 3968 561 4038 cilioribusque:
582 3972 624 4020 cui
637 3967 744 4019 fructus
758 3968 788 4019 in
809 3970 899 4035 capite
914 3968 1045 4035 papaveri
1055 3970 1156 4021 similis

352 4039 494 4100 incisuris,
516 4040 644 4106 omnique
656 4037 822 4090 ullomodo:
844 4039 919 4090 intus
930 4052 1026 4105 grana,
1037 4053 1087 4090 ceu
1102 4039 1154 4090 mi·

350 4110 429 4162 lions.
457 4108 570 4160 incolae
583 4106 676 4175 capita
695 4108 722 4158 in
744 4106 850 4160 acerris
870 4108 1072 4175 putrefaciunt:
1091 4123 1155 4159 mox

353 4184 484 4249 separant
507 4177 636 4241 lavando,
655 4182 685 4229 et
704 4177 812 4230 siccata
831 4177 960 4241 tundunt,
981 4192 1069 4245 eoque
1083 4193 1156 4244 pane

352 4256 475 4302 utuntur.
512 4248 614 4299 Mirum
635 4253 686 4310 est,
705 4247 779 4315 quod
800 4255 912 4315 praeter
930 4247 1000 4300 haec
1020 4247 1156 4313 traditur:

353 4316 420 4370 Sole
435 4316 582 4369 occidente
604 4331 743 4384 papavera
759 4333 795 4370 ea
806 4317 959 4385 comprimi,
979 4322 1008 4370 et
1018 4318 1105 4386 integi
1117 4318 1157 4369 fo·

353 4384 415 4436 liis:
436 4384 471 4436 ad
486 4393 577 4437 oraim
598 4394 691 4439 antem
712 4389 833 4455 aperiri,
852 4388 941 4442 donec
960 4395 1157 4452 maturescant,

354 4452 461 4519 flosque
478 4458 523 4521 qui
534 4465 577 4506 est
587 4456 730 4520 candidus,
741 4457 862 4511 decidat.

390 4521 454 4572 Hoc
465 4521 586 4587 amplius
597 4524 625 4575 in
638 4514 782 4592 liuphlsste
792 4527 916 4591 tradunt,
932 4533 960 4581 ct
971 4532 1056 4595 caput
1068 4527 1155 4593 ipsum

356 4596 385 4638 et
397 4589 493 4640 liorem
505 4606 621 4658 vespera
634 4598 720 4662 mergi
731 4611 820 4664 usque
835 4597 862 4648 in
872 4598 980 4651 medias
991 4602 1097 4657 noctes,
1116 4602 1158 4647 to·

354 4665 468 4725 tumque
479 4659 556 4710 abire
572 4661 601 4710 in
612 4662 709 4726 altum,
731 4671 760 4715 ot
772 4681 807 4718 ne
819 4667 939 4719 demissa
951 4666 1060 4733 quidem
1073 4680 1157 4716 manu

354 4728 445 4794 possit
460 4727 587 4780 inveniri.
624 4729 705 4782 Verti
716 4732 827 4797 deinde,
839 4736 1029 4803 paulatimque
1041 4735 1156 4801 subrigi,

356 4801 384 4849 et
401 4797 436 4848 ad
457 4803 583 4850 exortum
596 4796 669 4849 Solis
682 4815 827 4869 emergere
838 4815 919 4857 extra
929 4819 1039 4872 aquam,
1062 4818 1094 4855 ac
1105 4803 1155 4853 llo·

354 4880 412 4918 rem
425 4866 593 4933 patefacere,
605 4873 686 4934 atque
698 4869 850 4921 etiamnutn
863 4874 1016 4942 insurgere,
1035 4879 1067 4923 ut
1077 4873 1157 4939 plane

357 4934 392 4986 ab
409 4949 481 5004 aqua
497 4936 570 4987 absit
581 4936 647 4987 alte.
683 4937 816 4991 liadlcem
828 4941 903 4993 lotos
916 4942 985 4995 baec
996 4942 1081 4995 habet
1090 4942 1155 4993 mali

357 5006 470 5057 cotonei
481 5004 680 5073 magnitudine,
701 5018 828 5073 opertam
840 5011 920 5077 nigro
935 5013 1047 5074 cortice,
1067 5012 1157 5080 qualis

356 5080 385 5126 et
396 5080 541 5126 castaneas
561 5073 640 5140 tegit.
677 5077 796 5128 interius
808 5079 953 5132 candidum
965 5096 1075 5148 corpus,
1096 5096 1157 5150 gra·

354 5152 415 5195 tunt
427 5143 506 5208 cibis,
517 5142 566 5196 sed
577 5143 661 5195 crudo
673 5145 781 5211 gratius
795 5147 950 5214 decoctum,
962 5154 1020 5202 sire
1032 5165 1114 5218 aqua,
1124 5151 1158 5202 si-

355 5226 495 5281 repruna.
530 5212 590 5265 Nec
599 5211 717 5268 aliunde
736 5217 840 5285 magis,
861 5231 943 5285 quam
964 5223 1157 5291 purgamentis

354 5284 424 5345 eius,
435 5298 497 5335 sues
509 5288 692 5335 crassescunt.

389 5351 518 5406 xxxin.
538 5353 692 5418 Cyrenaica
700 5353 781 5421 regio
793 5353 869 5406 loton
882 5371 949 5410 suae
959 5361 1101 5424 postponit
1112 5374 1158 5427 pa-

354 5421 437 5473 liuro.
472 5419 646 5474 Fruticosior
666 5419 744 5485 haec,
767 5422 916 5491 fructuque
937 5429 1027 5495 magis
1049 5432 1157 5491 rubens,

355 5491 431 5540 cuins
443 5492 558 5543 nucleus
569 5505 624 5542 non
637 5490 718 5543 simol
734 5493 887 5555 manditur,
908 5496 1045 5548 iucundus
1057 5513 1108 5565 per
1118 5515 1157 5561 se,

352 5564 437 5627 atque
458 5562 572 5625 suanos
591 5559 690 5626 evtno,
710 5566 779 5633 quin
805 5568 833 5613 et
850 5566 913 5617 rina
929 5580 1009 5620 succo
1020 5580 1071 5618 suo
1084 5584 1157 5619 conr·

1208 432 1352 487 ruendam.
1387 428 1614 485 luterior'tifrica
1624 431 1659 483 ad
1671 431 1860 486 Garamantas
1870 448 1967 504 usque,
1982 445 2012 493 et

1208 504 1330 568 deserta,
1350 503 1505 571 palmarum
1528 501 1718 567 magnitudine
1739 508 1768 553 et
1790 504 1931 558 suavitate
1949 522 2012 560 cou-

1208 581 1274 637 atat‚
1287 572 1427 625 nobilibus
1439 571 1559 623 maxime
1571 571 1646 622 circa
1658 571 1803 623 delubrum
1817 574 1994 629 Hammonis.

1242 642 1371 697 XXXlV.
1389 641 1444 695 Sed
1457 642 1534 693 circa
1546 639 1744 708 Carthaginem
1757 640 1891 695 Punicum
1905 646 2011 699 malum

1208 713 1373 781 cognomine
1383 712 1438 763 sibi
1448 710 1585 762 vindicat:
1596 710 1685 778 aliqui
1697 718 1844 778 granatum
1857 715 2011 787 appellant.

1207 783 1312 835 Diuisit
1323 788 1352 834 et
1363 784 1391 833 in
1403 796 1520 850 genera:
1543 794 1696 848 apyrenum
1708 780 1842 846 vocando,
1864 786 1906 834 cui
1921 784 2011 854 ligno·

1207 868 1255 903 sus
1266 853 1380 904 nucleus
1390 853 1482 903 abest:
1503 848 1551 901 sed
1573 849 1721 902 candidior
1733 851 1758 901 ei
1771 858 1880 913 natura,
1896 861 1924 906 et
1935 855 2013 906 blan·

1207 922 1301 976 diores
1313 929 1378 973 sunt
1388 920 1470 983 acini,
1478 919 1623 988 urinusque
1633 918 1737 970 amaris
1745 919 1868 972 distincti
1877 925 2012 976 membra·

1207 993 1259 1044 nis.
1296 992 1360 1044 Alia
1378 997 1520 1043 structura
1540 1002 1635 1041 earum
1656 988 1804 1055 quaedam,
1824 996 1858 1040 ut
1879 991 1909 1042 in
1931 992 2011 1057 faris,

1208 1062 1370 1115 communis.
1380 1058 1676 1113 Noricos-habentium
1688 1059 1809 1125 quinque
1819 1062 1940 1126 species:
1952 1061 2012 1114 dul·

1207 1133 1261 1193 cia,
1274 1131 1360 1195 acria,
1371 1130 1467 1193 mixta,
1480 1126 1569 1191 acida,
1583 1131 1689 1179 vinosa.
1726 1126 1822 1180 Samia
1833 1135 1863 1181 et
1874 1132 2012 1199 Aegyptia

1207 1199 1416 1268 distinguuntur
1426 1196 1640 1267 erythrocomis,
1656 1204 1685 1249 et
1696 1197 1875 1250 leucocdmis.
1894 1203 2011 1253 corticis

1207 1273 1298 1322 maior
1308 1285 1374 1321 usos
1385 1284 1418 1322 ex
1429 1268 1537 1321 acerbis
1548 1266 1582 1318 ad
1595 1266 1764 1334 perficienda
1774 1270 1860 1320 coria.
1887 1269 1954 1321 Flos
1965 1273 2011 1323 ba·

1207 1340 1340 1392 laustium
1352 1345 1478 1402 vocatur,
1490 1343 1518 1389 et
1528 1337 1672 1391 medicinis
1682 1337 1812 1403 idoneus,
1832 1346 1861 1391 et
1871 1340 2010 1410 tingendis

1207 1410 1339 1472 restibus,
1352 1422 1467 1477 quarum
1479 1408 1560 1459 color
1570 1407 1634 1458 inde
1645 1421 1746 1460 nomen
1757 1411 1875 1475 accepit.

1243 1479 1357 1539 XXXV.
1370 1481 1398 1530 ln
1409 1479 1476 1530 lisia
1485 1485 1513 1530 et
1521 1476 1642 1529 Graecia
1652 1486 1804 1530 nascuntur
1815 1477 1944 1532 frutices:
1955 1480 2011 1546 epi·

1207 1550 1310 1616 pactis,
1330 1564 1412 1616 quem
1434 1547 1484 1598 alii
1497 1546 1792 1610 elleborinenvocant,
1812 1549 1905 1614 parvis
1927 1548 2012 1612 foliis,

1209 1633 1280 1687 quae
1300 1626 1368 1685 pota
1386 1624 1484 1669 contra
1498 1631 1604 1669 venena
1614 1623 1740 1683 prosunt,
1761 1619 1834 1669 sicut
1845 1619 1935 1671 erices
1946 1633 2011 1669 con·

1193 1680 1255 1741 ‘tra
1273 1695 1430 1755 serpentes:
1457 1693 1486 1739 et
1505 1686 1533 1737 in
1555 1701 1609 1753 quo
1629 1687 1755 1738 nascitur
1775 1700 1893 1768 granum
1917 1687 2046 1773 fluidi-,c

1208 1773 1266 1821 um,
1288 1757 1361 1824 quoti
1377 1755 1571 1824 Qfflffltffi
1587 1762 1702 1807 vocant:
1723 1755 1852 1807 fruticem
1864 1746 1980 1809 scroth
2002 1785 2011 1796 ·

1210 1828 1357 1891 ntelaeam,
1381 1827 1432 1876 alii
1445 1825 1643 1887 chamelaeam,
1666 1825 1714 1876 alii
1727 1840 1812 1892 pyros
1825 1825 1942 1888 achnen,
1961 1774 2010 1879 ahi

1209 1903 1347 1967 onestron,
1360 1896 1408 1947 alii
1421 1911 1557 1953 cneoron:
1570 1895 1720 1946 estsimilis
1732 1893 1864 1958 oleastro,
1875 1894 1954 1946 foliis
1964 1910 2012 1946 an·

1209 1962 1389 2032 gratioribus,
1401 1965 1552 2032 gnnrmosis
1563 1964 1587 2014 si
1599 1963 1784 2026 mordeantur,
1805 1965 1890 2031 myrti
1904 1965 2013 2033 magni-

1209 2036 1318 2087 tudine:
1329 2035 1444 2098 seminc,
1455 2035 1551 2086 colore
1562 2039 1591 2086 et
1600 2035 1694 2101 specie
1705 2033 1802 2085 farris:
1813 2034 1849 2085 ad
1857 2034 2012 2087 medicinae

1209 2110 1317 2156 tantum
1331 2119 1420 2155 usum.

1195 2182 1223 2221 s·
1242 2173 1373 2228 XXXVi.
1390 2172 1516 2241 Tragion
1539 2170 1667 2224 fruticem
1689 2171 1750 2223 sola
1762 2173 1847 2224 creta
1868 2134 2067 2242 insulagi·.''·.'

1209 2244 1282 2312 gnit,
1294 2241 1452 2295 terebintho
1464 2242 1585 2294 similem
1598 2250 1627 2294 ct
1638 2242 1751 2305 semine,
1773 2241 1847 2309 quod
1858 2250 1956 2294 contra
1966 2258 2010 2294 sa·
2057 2234 2065 2261 ‘

1210 2313 1344 2381 gittarnm
1366 2313 1437 2365 irtus
1457 2312 1679 2365 efficacissimum
1700 2313 1823 2364 tradunt.
1860 2312 1966 2364 Eadem
1984 2317 2013 2364 et

1210 2382 1420 2450 tragacantheu,
1430 2383 1528 2451 spinae
1540 2382 1621 2436 albae
1633 2382 1738 2445 radice,
1757 2383 1875 2435 multum
1888 2382 2013 2450 praelatu

1211 2452 1283 2520 apud
1294 2452 1395 2572 Ψᾰοε
1406 2460 1454 2506 aut
1465 2454 1492 2504 in
1503 2452 1607 2505 lichnis
1617 2453 1751 2505 nascenti.
1777 2452 1902 2506 Pretium
1913 2454 1972 2507 elus
1982 2454 2011 2504 in

1210 2523 1298 2575 libras
1337 2523 1402 2582 ‚itt
1991 2552 1998 2567 .

1246 2590 1386 2644 xxxvii.
1406 2592 1531 2660 Tragion
1552 2591 1656 2645 etheis
1677 2590 1741 2653 fert,
1761 2592 1820 2644 sire
1830 2592 2011 2658 scorpionem,

1209 2676 1321 2730 veprem
1333 2661 1392 2714 sine
1403 2660 1489 2723 foliis,
1502 2663 1620 2714 racemis
1633 2660 1846 2723 rubentibus,ad
1858 2659 2011 2712 medicinae
2028 2652 2052 2707 4

1209 2746 1300 2784 usum.
1337 2730 1465 2797 Myricen
1484 2738 1512 2782 et
1531 2732 1623 2792 ltalia,
1645 2745 1726 2797 quam
1739 2730 1786 2781 alii
1799 2730 1952 2781 tamaricen
1961 2742 2041 2797 vo·÷

1210 2809 1288 2851 cant:
1309 2798 1414 2852 elchaia
1433 2806 1525 2849 autem
1547 2801 1645 2867 bryam
1660 2800 1835 2851 silvestrem:
1856 2798 1962 2865 insigne
1983 2797 2011 2847 in

1210 2883 1251 2930 ea,
1259 2867 1332 2934 quod
1344 2871 1435 2918 satira
1443 2875 1550 2918 tuntum
1563 2867 1637 2918 ferat
1648 2869 1740 2932 gallae
1751 2869 1870 2919 similem
1883 2867 2011 2919 fructum.

1208 2937 1240 2988 ln
1252 2936 1336 3003 Syria
1347 2943 1374 2986 et
1385 2938 1412 2986 in
1426 2937 1554 3001 Aegypto
1567 2936 1682 3000 copiosa
1693 2935 1763 2985 haec
1774 2942 1830 2985 est:
1852 2938 1930 2987 cuins
1941 2934 2013 2986 infe·

1208 3005 1276 3055 licia
1296 3004 1372 3068 ligna
1392 3004 1572 3067 appellamus,
1593 3016 1663 3069 quae
1673 3010 1766 3053 tamen
1777 3001 1937 3056 infeliciora
1947 3011 2014 3055 strnt

1209 3072 1353 3124 Graeciae.
1390 3070 1489 3137 Gignit
1509 3071 1581 3120 enim
1604 3069 1731 3120 arborem
1754 3078 1862 3137 ostryn,
1886 3087 1968 3138 quam
1982 3078 2057 3124 et*

1209 3146 1334 3213 ostqyam
1346 3144 1453 3199 vocant,
1465 3137 1619 3189 solitariam
1633 3138 1708 3189 circa
1718 3153 1786 3189 saxa
1798 3153 1914 3206 aquosa,
1931 3141 2010 3192 ainri-

1208 3210 1262 3261 lem
1275 3209 1384 3260 fraxino
1396 3207 1508 3269 cortice,
1525 3216 1553 3258 et
1565 3208 1658 3271 rantis,
1668 3207 1737 3260 folio
1749 3209 1811 3276 piri,
1824 3209 1907 3275 paulo
1919 3216 2013 3262 tannen

1209 3277 1380 3345 longioribus
1402 3276 1654 3346 crassioribusque,
1682 3292 1714 3328 ac
1729 3279 1852 3346 rugosis
1873 3278 2011 3342 incisuris,

1209 3365 1279 3419 qnae
1288 3362 1337 3416 per
1348 3353 1411 3399 tota
1421 3346 1592 3398 discurrunt:
1604 3348 1708 3411 semine
1716 3345 1820 3400 hordeo
1832 3348 1917 3399 simili
1929 3355 1956 3399 et
1966 3364 2012 3400 co·

1206 3419 1277 3471 lore.
1295 3419 1463 3470 Materieest
1475 3416 1544 3468 duro
1555 3424 1638 3483 atque
1647 3418 1739 3469 druna:
1751 3432 1805 3484 qno
1816 3418 1844 3468 in
1856 3416 1966 3468 donnum
1979 3416 2014 3468 il·

1208 3486 2012 3554 luta,diilicilespartnsiieriprodunt‚mortesquentiseras.

1242 3557 1397 3610 xxxviii.
1417 3557 1474 3608 Nec
1493 3558 1664 3624 auspicatior
1679 3557 1706 3605 in
1718 3555 1809 3606 Lesbo
1822 3555 1914 3607 insula
1926 3557 2048 3613 arbon„

1209 3642 1279 3696 quae
1289 3632 1406 3678 vocatur
1417 3641 1578 3693 anonymos,
1588 3641 1642 3676 non
1654 3624 1790 3676 absimilis
1801 3625 1920 3677 Punicae
1931 3625 2013 3675 arbo·

1208 3700 1242 3762 ri,
1254 3697 1397 3747 inteream
1409 3701 1437 3745 et
1451 3695 1557 3745 laurum
1569 3693 1631 3744 folii
1644 3694 1845 3762 magnitudine,
1867 3695 1956 3762 ligura
1965 3709 2012 3746 rc·

1208 3782 1241 3818 ro
1253 3772 1281 3817 et
1293 3764 1412 3815 mollitie
1424 3762 1554 3824 Punicae,
1576 3761 1646 3815 llore
1668 3763 1836 3827 candidiore,
1856 3764 1953 3815 statim
1964 3775 2011 3830 pe·

1209 3844 1278 3887 stem
1300 3833 1477 3886 denuntians.
1518 3833 1586 3884 Fert
1607 3833 1721 3898 siliquas
1742 3848 1870 3886 sesamae
1890 3832 2011 3884 similes:

1209 3908 1284 3956 intus
1306 3917 1421 3969 granum
1446 3901 1638 3968 quadrangula
1659 3902 1756 3970 ligura,
1776 3904 1903 3971 spissum,
1924 3901 2011 3955 letale

1210 3974 1390 4026 animalibus:
1411 3987 1462 4023 nec
1474 3986 1527 4021 non
1544 3979 1572 4023 et
1583 3972 1610 4021 in
1622 3970 1691 4022 folio
1704 3973 1802 4024 eadem
1813 3974 1864 4024 ris.
1893 3972 2011 4024 Succur-

1209 4044 1247 4094 rit
1257 4040 1408 4109 aliquando
1420 4055 1552 4108 praeceps
1564 4041 1618 4091 alvi
1630 4041 1795 4095 exinanitio.

1244 4111 1373 4164 XXXlX.
1391 4109 1548 4162 Alexander
1558 4112 1705 4165 cornelius
1717 4113 1845 4165 arborem
1857 4125 1951 4163 eonem
1964 4125 2011 4177 ap·
2047 4156 2052 4165 ,
2085 4150 2091 4159 .

1209 4182 1332 4249 pellacit,
1343 4195 1377 4232 ex
1389 4196 1443 4247 qna
1453 4179 1530 4234 facta
1542 4191 1618 4234 esset
1630 4185 1714 4251 drgo,
1735 4184 1852 4235 similem
1864 4182 1960 4233 robori
1968 4179 2009 4229 ri·

1209 4268 1287 4304 scum
1299 4252 1410 4311 ferenti,
1422 4266 1493 4317 quae
1503 4268 1555 4304 nec
1568 4267 1640 4320 aqua
1653 4268 1703 4306 nec
1714 4253 1770 4322 igni
1783 4256 1876 4319 posset
1888 4263 2011 4301 currum·

1210 4323 1247 4442 gi,
1257 4321 1342 4403 sicuti
1354 4321 1531 4374 nerviacum:
1549 4323 1619 4375 nulli
1629 4322 1677 4375 alil
1689 4324 1838 4393 cognitam,
1849 4321 1921 4392 quod
1933 4318 2010 4388 equi·

1231 4408 1273 4444 em
1286 4406 1381 4442 sciant.

1246 4460 1305 4514 XL.
1324 4457 1484 4513 ddr·achnen
1497 4476 1592 4513 omnes
1603 4460 1663 4514 fere
1673 4460 1772 4512 Graeci
1790 4457 1952 4525 portulacae
1963 4470 2013 4507 no·
2033 4462 2059 4505 t

1210 4532 1284 4583 ntine
1294 4534 1522 4596 interpretantur,
1531 4546 1590 4582 cnm
1603 4531 1652 4580 illa
1661 4531 1698 4580 sit
1709 4527 1803 4587 herba,
1812 4533 1840 4576 et
1850 4523 2013 4580 andrachne
2036 4554 2052 4571 -.

1209 4598 1711 4662 nocetur,uniusliteraediversitate.
1731 4596 1856 4647 Ceteram
1869 4591 2014 4649 adrachne

1211 4677 1254 4722 est
1266 4669 1403 4721 silvestris
1414 4670 1505 4729 arbor,
1528 4681 1615 4734 nequa
1627 4667 1653 4716 in
1665 4665 1754 4733 planis
1764 4677 1888 4724 nascens,
1909 4663 2013 4717 similis

1210 4739 1341 4799 unedoni,
1358 4736 1429 4787 solio
1440 4742 1546 4787 tantum
1559 4737 1674 4797 minore,
1694 4741 1724 4786 et
1734 4747 1871 4800 nunquam
1884 4731 2014 4785 deciden-

1210 4814 1252 4859 te:
1276 4807 1379 4859 corticc
1389 4820 1444 4855 oon
1455 4804 1552 4855 scabro
1563 4803 1688 4871 qnidam,
1710 4802 1758 4856 sed
1771 4802 1817 4870 qni
1830 4803 2012 4870 circumgela-

1210 4885 1255 4929 tus
1268 4877 1355 4927 rideri
1370 4875 1466 4941 possit,
1489 4879 1545 4924 tant
1557 4875 1646 4924 tristis
1658 4873 1790 4939 adspectu
1804 4880 1854 4924 est.

1220 4944 1318 4999 :XLL
1337 4943 1441 4995 Similis
1463 4949 1490 4992 et
1508 4943 1640 5011 coccygia
1660 4943 1738 5005 folio,
1760 4942 1951 5011 magnitudine
1961 4943 2011 4994 mi·

1210 5028 1271 5065 nor.
1304 5012 1507 5079 Proprietatenr
1521 5009 1602 5063 habet
1613 5012 1733 5063 fructum
1745 5011 1891 5063 anritiendi
1904 5011 2009 5095 lanugi-

1210 5100 1253 5145 ne,
1266 5085 1529 5150 lpappumrncantt)
1541 5078 1614 5149 quod
1626 5083 1694 5133 nulli
1704 5081 1750 5134 alil
1763 5083 1893 5133 arborum
1906 5087 2009 5133 evenit.

1212 5152 1316 5205 Similis
1339 5160 1367 5205 et
1386 5151 1515 5220 apharce,
1535 5150 1628 5202 bifera
1648 5167 1737 5218 aeque
1759 5166 1840 5220 quam
1861 5150 2008 5203 adrachne.

1212 5221 1336 5275 Priorem
1349 5222 1469 5272 fructum
1479 5222 1627 5288 incipiente
1638 5221 1789 5289 pubescere
1799 5237 1855 5273 ura
1866 5224 2009 5289 peragunt,

1211 5293 1329 5344 alterum
1341 5291 1422 5342 initio
1433 5289 1546 5342 hiemis:
1567 5291 1729 5358 quolenus,
1741 5308 1796 5343 non
1809 5293 1938 5345 traditur.

1246 5362 1331 5415 xntt.
1343 5363 1381 5412 Et
1391 5359 1509 5411 ferulam
1519 5360 1592 5412 inter
1601 5368 1731 5414 externas
1739 5361 1844 5414 dixisse
1855 5356 2010 5422 conveniat,

1212 5433 1396 5499 arborumque
1412 5431 1509 5498 generi
1527 5431 1721 5497 adscripsisse:
1744 5433 1873 5500 qnoniam
1890 5442 2006 5498 quarun-

1213 5501 1275 5554 dam
1288 5509 1402 5553 naturae
1414 5498 1497 5563 (sicut
1508 5499 1713 5569 distinguimus)
1734 5502 1840 5570 lignum
1853 5515 1933 5551 omne
1944 5512 2009 5549 cor-

1211 5572 1275 5623 ticis
1297 5571 1359 5624 loco
1381 5568 1493 5634 habent,
1513 5569 1630 5637 horest,
1650 5570 1817 5626 forinsecus:
1836 5569 1905 5637 ligni
1915 5574 2005 5621 autera

2144 2169 2161 2189 Η

2112 2196 2161 2237 ’Μ
