4374 6014
335 336 401 397 410
450 283 495 397 ⁸0.
521 299 669 391 PblNlI
697 324 900 386 SECUNDl
929 319 1093 381 NATUR.
1122 320 1311 381 illatore
1344 318 1428 378 lla.
1451 317 1613 377 XXXVI
1653 310 1743 383 CAP.
1765 322 1884 385 25-30.

338 486 385 541 dle
395 484 516 537 victores
529 476 755 548 egladistoribos
767 471 825 523 suis
837 472 978 539 produxit.
1016 469 1073 522 Nec
1085 469 1139 521 fult

337 571 388 610 rex
400 554 492 615 Citrio,
512 556 559 602 aut
576 547 697 613 gentium
711 545 871 608 imperator,
894 557 947 593 non
959 539 1059 607 opibus
1070 540 1137 591 insi·

339 627 416 696 gnis,
433 629 465 672 ut
476 619 523 686 qui
535 616 605 667 nihil
615 615 643 664 in
657 628 740 665 ceusu
752 612 893 675 habuerit,
913 618 1024 678 praeter
1036 610 1140 661 discor·

340 696 415 749 diam
428 689 587 758 principum.
1104 686 1107 692 '

375 765 402 816 a.
421 759 475 813 Sed
486 757 612 807 dicantur
623 766 688 805 nera
699 750 894 803 aestimatione
904 749 1008 800 inuicta
1019 748 1137 799 miracu·

339 834 388 895 la,
406 843 475 896 quae
490 826 523 886 Q.
536 821 658 873 Marcius
677 836 726 872 rex
740 821 815 872 lecit.
853 821 878 871 ls
892 822 981 871 iussus
999 834 1016 870 a
1034 818 1137 870 Senatu

340 912 482 969 aquarum,
502 894 616 959 Appiae,
627 890 749 952 Anienis,
760 889 893 956 Tepulae,
905 889 1004 939 (luctus
1015 888 1139 950 reficere,

339 982 437 1023 nosram
450 980 467 1016 a
478 964 588 1015 nonsine
606 977 657 1012 sno
675 959 845 1026 appellatam
857 958 993 1010 cuniculis
1003 971 1052 1024 per
1063 971 1138 1007 mon·

339 1048 383 1093 tes
394 1037 463 1086 actis
476 1035 702 1098 intrapraeturac
713 1037 895 1096 auaetempus
906 1027 1031 1078 adduxit.
1042 1027 1139 1093 Agrip·

337 1124 376 1179 pa
387 1120 453 1157 nero
466 1104 495 1154 in
505 1101 650 1153 aedilitate
666 1115 725 1163 sua,
747 1100 857 1151 adiecta
870 1098 986 1165 Virgine
997 1110 1077 1163 aqua,
1096 1110 1139 1148 ce·

338 1176 406 1230 teris
418 1173 562 1226 conrivatis
575 1178 659 1239 atque
670 1170 836 1230 emendatis,
857 1168 932 1218 lacus
944 1167 1139 1235 septingentos

341 1246 420 1297 fecit:
445 1249 591 1311 praeterea
602 1241 733 1292 salientes
745 1248 854 1290 centum
867 1238 1002 1304 quinque:
1023 1234 1140 1287 castella

340 1322 450 1368 centum
473 1312 600 1378 triginta,
621 1309 765 1376 cnnrplura
781 1309 864 1359 etiam
879 1307 955 1358 cultu
975 1306 1139 1372 magnifica:

340 1384 471 1451 operibus
481 1383 517 1432 iis
535 1381 615 1448 signa
631 1384 755 1431 trecenta
769 1393 852 1430 aerea
866 1383 914 1428 aut
925 1390 1081 1428 marmorea
1091 1376 1140 1425 im·

337 1454 444 1523 posuit,
465 1451 608 1503 columnas
620 1465 653 1500 ex
665 1464 804 1500 marmore
815 1446 1043 1514 quadringentas,
1052 1458 1140 1513 eaqpe

339 1523 433 1575 omnia
444 1535 534 1571 annuo
547 1521 647 1586 spatio.
684 1517 785 1569 Adiirit
796 1518 856 1583 ipse
867 1518 894 1568 in
908 1516 1061 1568 aedilitatis
1072 1529 1141 1566 suae

339 1591 621 1651 commemoratione,
652 1596 680 1640 et
700 1587 780 1637 ludos
801 1585 1019 1653 undesexaginta
1042 1584 1139 1636 diebus

338 1661 444 1721 factos,
467 1666 495 1711 et
505 1658 628 1726 gratuita
639 1658 766 1724 praebita
779 1656 891 1707 balinea
903 1663 1014 1708 centum
1026 1661 1139 1721 septua-

339 1731 419 1848 girffia
429 1766 438 1792 ,
459 1743 528 1796 quae
540 1743 611 1779 nunc
622 1727 726 1778 Ronrae
737 1726 773 1777 ad
784 1725 1036 1778 inlinitumauxcre
1048 1738 1140 1781 nume·

338 1813 371 1851 ru
403 1835 410 1849 .

374 1866 416 1919 10.
435 1865 510 1917 Vicit
526 1865 725 1918 antecedentes
746 1879 880 1932 aquarum
901 1864 1001 1916 ductus
1024 1861 1141 1913 norissi-

337 1951 413 1989 munr
435 1935 604 2002 impendium
629 1936 721 2001 operis
743 1933 870 1986 inchoati
888 1948 906 1984 e
926 1935 955 1984 c.
966 1934 1093 1993 Caesare,
1114 1935 1143 1982 et

337 2007 444 2075 peracti
460 2021 477 2057 a
494 2005 619 2056 Claudio.
657 2005 766 2070 Quippe
781 2019 798 2054 a
815 2002 911 2070 lapide
928 2001 1142 2069 quadragesimo

339 2074 446 2127 adeam
460 2073 670 2134 excelsitatem,
693 2079 723 2123 ut
740 2076 767 2123 in
784 2088 879 2124 onraes
890 2071 971 2121 Urbis
983 2077 1090 2121 montes
1102 2069 1142 2121 le·

338 2148 483 2205 narentur,
504 2144 640 2195 influxere
652 2143 764 2192 Curtius
781 2148 865 2206 atquc
877 2137 1029 2190 Caeruleus
1041 2138 1142 2190 fontes.

331 2215 493 2281 ‘Erogatnm
507 2212 538 2262 in
555 2212 582 2262 id
600 2225 668 2277 opus
686 2209 847 2261 sestertium
864 2210 1047 2276 quinquagies
1065 2208 1142 2275 quin·

339 2284 433 2351 quies,
455 2289 482 2333 et
493 2281 665 2349 quingenties
678 2284 747 2330 cent.
760 2279 828 2329 mill.
865 2278 946 2340 Quod
962 2280 986 2326 si
1006 2278 1068 2343 quis
1080 2276 1143 2325 dili·

338 2353 451 2420 gentius
461 2352 652 2402 aestimaverit
664 2346 1001 2413 aquarumabundantiam
1013 2348 1041 2396 in
1053 2343 1142 2410 publi-

340 2436 386 2481 co,
397 2421 531 2476 balineis,
545 2416 670 2481 piscinis,
682 2415 823 2472 domibus,
836 2414 951 2481 euripis,
964 2412 1068 2473 hortis,
1079 2413 1144 2464 sub·

337 2489 463 2548 urbanis,
486 2486 570 2547 villis,
592 2485 737 2551 spatioque
748 2483 921 2535 advenientis
932 2488 1089 2534 exstructos
1101 2495 1143 2532 ar-

340 2575 400 2621 cus,
421 2563 530 2609 montes
545 2555 700 2622 perfossos,
720 2553 860 2605 convalles
875 2559 1019 2619 aequatas,
1040 2550 1141 2603 latebi-

338 2637 387 2681 tur
398 2626 466 2678 nihil
479 2625 567 2699 magis
585 2624 739 2677 mirandum
752 2623 840 2677 fuisse
855 2625 883 2674 in
896 2627 957 2674 toto
970 2620 1037 2672 orbe
1054 2626 1142 2672 terra·

339 2714 411 2750 rum.

385 2770 426 2823 il.
447 2765 582 2819 Eiusdem.
600 2763 708 2816 Claudii
731 2765 805 2817 inter
826 2760 944 2814 maxime
962 2760 1144 2815 memoranda

340 2837 467 2903 equidem
488 2835 625 2896 duxerim,
646 2835 770 2902 quamvis
788 2835 951 2885 destitutum
973 2831 1143 2884 successoris

338 2907 425 2967 odio,
447 2913 568 2956 montem
586 2903 742 2969 perfossum
757 2905 791 2954 ad
807 2903 897 2955 lacum
913 2902 1048 2955 Fucinum
1064 2901 1144 2963 enuit,

337 2973 648 3036 rendum,inensrrabili
659 2973 783 3040 protecto
795 2971 943 3040 impendio,
955 2978 984 3024 et
995 2983 1142 3037 operarum

336 3044 521 3096 multitudine
531 3060 582 3111 per
593 3049 636 3094 tot
648 3057 750 3094 annos:
763 3057 822 3092 eum
835 3048 884 3093 aut
895 3041 1047 3093 conrivatio
1058 3054 1143 3108 aqua·

336 3111 1142 3181 rum,quaterrenusmonserat,egerereturinverticema·

339 3182 440 3244 chinis,
451 3188 500 3232 aut
509 3180 581 3232 silex
594 3180 763 3238 caederetur,
785 3178 930 3244 omniaque
943 3182 1018 3241 intus
1029 3181 1142 3233 intene-

338 3253 399 3303 bris
412 3255 521 3313 tierent,
544 3263 614 3315 quae
626 3263 712 3316 neque
724 3247 830 3315 concipi
843 3248 936 3298 animo
949 3283 957 3310 ,
978 3248 1033 3298 nisi
1058 3250 1091 3301 ab
1105 3250 1140 3301 iis

339 3322 387 3389 qui
399 3318 724 3387 viderc,nequehumano
737 3332 864 3370 sermone
877 3318 1003 3369 enarrari
1014 3326 1143 3384 possunt.

377 3391 417 3444 12.
438 3391 506 3442 Nam
522 3396 621 3456 portus
637 3388 777 3441 Ostiensis
794 3402 864 3455 opus
880 3395 1044 3453 praetereo:
1073 3390 1140 3441 item

337 3463 399 3510 rias
414 3461 488 3512 inter
506 3466 614 3512 montes
631 3459 753 3510 excisas:
773 3472 848 3509 mare
864 3457 1042 3527 Tyrrhenum
1060 3459 1142 3511 aba·

339 3531 418 3580 erino
431 3528 550 3580 molibus
561 3529 713 3580 seclusum:
733 3532 775 3578 tot
787 3533 884 3593 pontes
896 3529 982 3578 tantis
993 3527 1140 3593 impendiis

337 3597 439 3648 factos.
476 3599 512 3647 Et
523 3599 595 3647 inter
605 3596 676 3662 pluri
682 3611 726 3646 nra
740 3596 797 3647 alia
808 3597 905 3648 ltaliae
916 3596 1059 3657 miracula,
1080 3597 1142 3663 ipsa

338 3679 481 3716 marmora
494 3664 521 3713 in
536 3664 692 3729 lapicidinis
705 3679 829 3715 crescere
846 3672 944 3716 arrctor
955 3672 999 3717 est
1011 3666 1140 3732 Papirius

337 3733 489 3791 Fabianus,
511 3738 628 3782 naturae
650 3747 741 3782 rerum
762 3733 960 3799 peritissimus:
983 3741 1141 3786 exenrtnrcs

339 3815 450 3870 quoque
462 3796 601 3850 affirmant
613 3800 744 3863 compleri
757 3809 856 3866 sponte
868 3801 918 3851 illa
930 3805 1063 3852 montium
1078 3800 1140 3853 hul·

338 3886 413 3921 cera.
449 3869 528 3931 Quae
545 3865 568 3917 si
582 3881 646 3919 vera
658 3874 736 3930 strnt,
755 3882 818 3937 spes
829 3874 872 3919 est
883 3884 1019 3937 uunquam
1034 3871 1141 3923 delutu-

337 3955 397 3992 ram
411 3937 561 3990 luxuriam.

375 4009 462 4062 XXV.
482 4008 504 4059 A
528 4006 713 4058 marmoribus
736 4006 904 4077 digredienti
916 4009 950 4060 ad
971 4009 1140 4077 reliquorum

338 4078 463 4146 lapidum
487 4077 612 4145 insignes
633 4084 762 4139 naturas,
783 4077 847 4145 quis
864 4078 974 4131 dubitet
994 4080 1021 4130 in
1044 4079 1140 4146 primis

336 4157 496 4217 magnetem
518 4145 683 4200 occurreret
704 4146 770 4214 quid
792 4147 865 4198 enim
887 4147 1057 4200 nris-abiliusi
1092 4156 1141 4200 aut

338 4223 438 4285 quain
461 4224 541 4288 parte
559 4224 675 4270 naturae
693 4220 783 4269 nraior
799 4218 979 4285 improbitasi
1015 4218 1141 4270 ssederat

335 4303 433 4342 vocem
456 4288 533 4340 saxis
544 4324 555 4351 ,
573 4293 606 4340 ut
625 4286 766 4351 diximus,
789 4290 1004 4356 respondentem
1026 4287 1140 4349 homini,

337 4357 425 4408 immo
447 4373 513 4410 rero
537 4363 565 4410 et
587 4357 793 4424 obloquentem.
839 4359 910 4422 Quid
925 4357 1025 4425 lapidis
1048 4360 1140 4425 rigore

337 4424 466 4491 pigriori
500 4429 682 4481 Eccesensus
700 4443 850 4495 manusque
868 4430 966 4480 tribuit
979 4427 1031 4478 illi.
1065 4426 1138 4488 unta

336 4490 406 4542 ferri
419 4492 524 4545 duritia
542 4497 713 4564 pugnaciusi
750 4496 804 4549 Sed
823 4498 911 4562 cedit,
927 4508 955 4550 et
966 4497 1072 4565 patitur
1084 4512 1141 4549 mo·

337 4573 399 4610 res:
418 4559 539 4613 trahitur
561 4581 678 4633 namque
697 4582 714 4616 a
730 4575 857 4634 magnete
872 4567 977 4634 lapide,
996 4566 1139 4618 donritrix·

339 4641 394 4692 rnre
415 4626 465 4679 illa
488 4644 578 4683 rerum
600 4636 721 4686 oninium
743 4637 861 4688 crateris
884 4637 920 4687 ad
941 4637 1024 4687 insane
1045 4635 1137 4687 nescio

339 4694 405 4760 quid
417 4698 519 4748 currit:
543 4708 626 4770 atque
641 4706 796 4823 utpropius
812 4707 901 4767 arcuit,
920 4705 1041 4766 assistit,
1062 4712 1138 4756 tenc·

338 4772 455 4829 VV‘lVl»
475 4770 672 4840 complexuque
701 4780 787 4825 seret.
823 4773 957 4827 Sideritin
970 4774 1005 4824 ob
1017 4772 1069 4825 hoc
1081 4772 1138 4825 alio

338 4831 451 4886 ”Tulli
464 4834 614 4901 illimus
634 4840 745 4909 quidam
760 4843 924 4895 llcrscleon.
963 4844 1078 4911 Magnes
1092 4857 1139 4908 sp·

337 4901 460 5026 {andilli
470 4908 514 4953 etl
523 4901 558 4952 ab
569 4906 712 4987 intentare
729 4914 772 4979 (ut
784 4918 882 4963 atrctrrr
894 4919 937 4964 est
948 4912 1099 4972 Nicander)
1111 4912 1137 4962 in

355 4972 390 5023 ‘¹st
407 4977 544 5037 rcWlffl-
581 4973 705 5039 namqu,
726 4986 753 5030 st
773 4982 873 5047 passim
895 4983 1043 5046 invenitur,
1064 4987 1097 5032 ut
1110 4982 1137 5035 in

337 5041 478 5109 lllspanla
499 5054 614 5107 quoque.
651 5042 788 5099 lnncnlsne
809 5058 900 5102 nutem
921 5050 1032 5115 lertur,
1052 5049 1138 5102 clavis

339 5112 513 5178 crepidarum
527 5115 554 5161 et
572 5110 664 5162 baculi
683 5114 794 5179 cuspide
810 5118 998 5183 haerentibus,
1020 5136 1080 5171 cum
1094 5134 1137 5171 nr.

338 5190 434 5234 menta
445 5186 580 5249 pasceret.
616 5178 744 5245 Quinque
758 5198 861 5250 genera
871 5191 1007 5255 magnetis
1020 5189 1138 5242 Sotacus

339 5252 522 5303 demonstrat:
543 5246 750 5314 Aethiopicum:
773 5253 944 5320 eMsgncsia
955 5260 1138 5312 Macedoniae

340 5322 520 5383 contermina,
532 5318 675 5371 Boebeida
688 5317 777 5368 lacum
791 5320 947 5385 petentibus
957 5325 1072 5379 dextra:
1086 5337 1136 5381 ter.

337 5391 407 5439 tium
420 5392 447 5443 in
463 5388 610 5460 llyrietico
621 5386 770 5439 Boeotiae:
792 5398 920 5453 quartum
937 5394 1012 5446 circa
1023 5397 1138 5449 Alexan·

339 5456 426 5507 driam
438 5460 592 5512 'l'roademt
612 5458 736 5525 quintum
749 5458 777 5507 in
789 5456 933 5525 Magnesia
945 5463 1033 5515 Asiae.
1048 5466 1137 5518 Diffe-

337 5525 429 5591 rentia
441 5530 538 5592 prima,
554 5544 613 5581 mas
627 5529 709 5579 sitan
721 5526 838 5578 lentina:
860 5527 984 5593 proxima
996 5533 1022 5581 in
1034 5535 1137 5588 colore,

371 5606 409 5642 rm
423 5594 471 5659 qui
488 5595 515 5646 in
526 5597 672 5667 Magnesia
683 5596 864 5652 Macedonica
880 5597 1065 5664 reperiuntur,
1085 5604 1137 5654 rud

1191 469 1321 538 nigrique
1331 473 1405 522 sunt.
1442 467 1579 522 Boeotius
1593 485 1659 524 vero
1677 473 1731 523 rull
1746 472 1853 525 coloris
1869 474 1933 543 plus
1945 473 1995 526 ha·

1191 543 1247 604 bct,
1268 555 1349 607 quam
1362 540 1442 606 nigri.
1478 539 1563 609 isqui
1575 541 1888 619 in'l'roadeinvepitur,
1912 545 1996 612 niger

1192 617 1235 663 est
1248 616 1276 661 et
1289 610 1402 662 lentinei
1414 624 1498 662 sexus
1510 646 1518 672 ,
1538 610 1657 676 ideoque
1669 610 1727 661 sine
1738 612 1853 665 viribus.
1889 614 1995 666 Deter-

1191 681 1278 731 rimus
1290 686 1382 731 autern
1395 678 1423 729 in
1435 679 1581 746 Magnesia
1590 681 1679 740 Asiae,
1689 680 1830 743 candidus,
1849 697 1941 750 neque
1951 690 1996 736 at·

1191 747 1305 801 trahens
1327 747 1450 811 ferrans,
1479 748 1635 815 similisque
1656 749 1766 816 pumici.
1811 753 1996 819 compertum

1192 824 1271 870 tanto
1294 817 1423 869 meliores
1445 833 1521 879 esse,
1543 825 1647 884 quanto
1668 824 1733 870 suat
1751 820 1841 888 magis
1860 822 1996 874 caerulei.

1191 887 1357 954 Aethiopico
1372 886 1435 939 laus
1452 903 1560 939 sumnia
1574 888 1671 950 datur,
1699 887 1861 955 pondusque
1876 895 1996 959 argento

1192 957 1364 1024 rependitur.
1400 956 1545 1008 invenitur
1555 955 1599 1009 hic
1610 957 1638 1007 in
1649 956 1814 1024 Aethiopiae
1824 958 1933 1012 Zimiri:
1954 960 1998 1011 ita

1191 1034 1309 1079 vocatur
1328 1025 1408 1095 regio
1424 1041 1550 1079 arenosa.
1587 1027 1629 1079 lbi
1646 1032 1675 1079 et
1692 1025 1860 1080 haematites
1881 1043 1995 1096 magnes

1192 1097 1338 1166 sanguinei
1358 1096 1469 1159 coloris,
1489 1096 1707 1165 sanguinemque
1728 1096 1858 1159 reddens,
1876 1098 1901 1151 ei
1922 1106 1994 1150 tera·

1192 1172 1249 1230 tur,
1259 1166 1309 1222 sed
1321 1174 1349 1220 et
1359 1181 1477 1219 erocum.
1512 1167 1543 1218 ln
1555 1164 1720 1218 attrahendo
1735 1165 1812 1218 ferro
1830 1181 1885 1218 non
1897 1167 1994 1220 eadem

1193 1236 1361 1291 haematitas
1373 1242 1481 1297 natura,
1497 1251 1568 1305 quac
1580 1237 1712 1303 magneti.
1747 1235 1905 1303 Aethiopici
1912 1252 1994 1305 argu·

1193 1310 1316 1360 utentum
1333 1313 1386 1368 est,
1406 1304 1477 1373 quod
1499 1314 1655 1373 magnetem
1677 1322 1786 1374 quoque
1810 1307 1896 1358 aliurn
1917 1307 1994 1359 adse

1193 1375 1289 1429 trahit.
1301 1379 1403 1429 Omnes
1414 1374 1506 1427 autem
1518 1376 1537 1426 ii
1550 1375 1696 1427 oculorum
1709 1376 1919 1430 medicamentis
1931 1390 1992 1444 pro·

1193 1453 1272 1511 errat,
1293 1447 1329 1498 ad
1340 1461 1418 1498 susrn
1429 1445 1546 1514 quisque
1558 1449 1727 1512 portionem:
1749 1446 1922 1514 maximeque
1935 1447 1992 1513 epi·

1193 1515 1295 1584 phoras
1313 1515 1425 1567 sistunt.
1461 1514 1565 1566 Sanant
1576 1515 1716 1567 etadusta
1736 1517 1854 1569 cremati
1867 1515 1991 1582 tritique.

1193 1586 1270 1637 Alius
1292 1601 1387 1637 rursus
1409 1586 1438 1636 in
1457 1583 1553 1636 eadem
1570 1583 1719 1651 Aethiopia
1734 1600 1789 1637 non
1807 1585 1992 1652 proculmons

1193 1656 1284 1724 gignit
1296 1656 1415 1722 lapidem
1428 1653 1604 1718 stanneam,
1623 1657 1669 1720 qui
1682 1653 1788 1706 ferrum
1803 1670 1885 1708 nusae
1896 1654 1992 1722 abigit,

1193 1726 1363 1792 respuitque.
1399 1724 1443 1777 De
1454 1731 1571 1845 utraque
1583 1732 1683 1775 natura
1694 1728 1807 1791 saepius
1817 1724 1946 1777 diximus.

1228 1793 1329 1846 XXVI.
1349 1792 1511 1860 Lapideme
1544 1809 1610 1861 cyro
1622 1794 1715 1844 insula
1726 1794 1864 1862 integrum
1878 1792 1991 1846 fluctua-

1193 1864 1217 1915 ri
1230 1862 1353 1927 tradunt,
1366 1862 1483 1915 eundem
1496 1866 1694 1915 comminutum
1707 1867 1805 1933 mergi.

1227 1933 1343 1986 xxvll.
1363 1933 1395 1985 ln.
1403 1934 1471 1985 Asso
1480 1933 1602 1985 Troadis
1621 1933 1809 2002 sarcophagus
1828 1931 1992 1998 lapisllssili

1192 2018 1262 2054 rena
1273 2002 1418 2053 scinditur.
1445 2004 1568 2069 Corpora
1580 2003 1772 2056 defunctorum
1785 2001 1897 2054 condita
1907 2003 1934 2050 in
1947 2013 1994 2061 eo,

1194 2073 1300 2123 absumi
1321 2077 1432 2122 constat
1451 2071 1531 2123 intra
1543 2072 1595 2123 xl.
1614 2072 1694 2135 diem,
1717 2072 1842 2139 exceptis
1854 2069 1992 2123 dentibus.
2059 2088 2068 2105 ·

1193 2140 1341 2193 Mucianus
1351 2140 1465 2207 specula
1478 2156 1595 2208 quoque,
1617 2148 1645 2194 et
1655 2143 1788 2211 strigiles,
1807 2149 1835 2193 et
1847 2144 1949 2203 restes,
1963 2145 1993 2192 et

1194 2210 1377 2260 calciamenta
1387 2210 1471 2261 illata
1482 2213 1600 2271 mortuis
1618 2212 1817 2278 lapidcatieri,
1834 2216 1933 2262 auctor
1942 2213 1998 2260 est

1194 2279 1260 2327 llius
1272 2280 1380 2343 generis
1391 2285 1420 2330 et
1430 2279 1553 2345 inLycia
1564 2296 1632 2332 sana
1641 2288 1746 2341 suntet
1756 2282 1783 2331 iu
1793 2281 1916 2340 Oriente,
1922 2292 1993 2346 quae

1194 2344 1350 2397 virentibus
1362 2360 1470 2413 quoque
1483 2345 1645 2415 adalligata,
1657 2348 1775 2398 erodant
1786 2360 1914 2412 corpora.

1229 2413 1357 2467 xxvtll.
1377 2415 1476 2467 Mitior
1496 2424 1539 2467 est
1561 2425 1650 2467 autem
1663 2414 1998 2482 serraudiscorporibas,

1196 2501 1247 2537 nec
1258 2485 1435 2536 absumendis
1447 2482 1600 2549 chernites,
1621 2486 1697 2536 ebori
1708 2486 1875 2547 simillimus,
1895 2485 1922 2535 in
1935 2500 1990 2551 quo

1195 2555 1310 2608 Darium
1322 2553 1462 2605 conditum
1475 2553 1581 2607 lerunt:
1604 2555 1741 2624 Pariaque
1758 2555 1858 2607 sinrilis
1869 2554 1991 2606 candore

1196 2632 1223 2677 et
1236 2623 1349 2686 duritia,
1360 2624 1453 2675 urinas
1464 2629 1556 2677 tamen
1568 2627 1746 2694 ponderosus,
1758 2625 1804 2691 qui
1817 2638 1902 2691 porus
1913 2638 1993 2674 roca·

1193 2701 1249 2746 tur.
1285 2692 1499 2761 Theophrastus
1509 2703 1608 2746 auctor
1624 2704 1666 2746 cst
1678 2703 1706 2747 et
1717 2692 1880 2746 translucidi
1893 2692 1992 2759 lapidis

1195 2766 1223 2816 in
1234 2766 1374 2832 Aegypto,
1396 2780 1475 2831 quem
1489 2764 1559 2816 Chio
1570 2765 1687 2817 similem
1704 2764 1759 2816 ait:
1781 2762 1855 2831 quod
1866 2760 1993 2813 fortassis

1195 2841 1262 2886 tunc
1271 2832 1365 2896 luerit,
1377 2835 1508 2902 quoniam
1521 2841 1549 2887 et
1560 2835 1580 2885 ii
1593 2835 1765 2895 desinunt,et
1775 2834 1839 2885 nori
1852 2833 1992 2898 reperiun-

1194 2909 1250 2955 tur.
1286 2904 1382 2954 Assius
1393 2910 1478 2970 gustu
1493 2904 1583 2955 salsus
1595 2905 1735 2971 podagras
1748 2903 1827 2965 lenit,
1840 2902 1953 2969 pedibus
1965 2903 1992 2952 in

1194 2987 1261 3024 vase
1272 2986 1306 3023 ex
1319 2986 1352 3024 eo
1363 2978 1462 3022 cerato
1475 2972 1580 3024 inditis.
1617 2973 1769 3025 Praeterea
1779 2973 1875 3025 onrnia
1883 2986 1991 3022 crurum

1194 3041 1302 3093 ritiain
1313 3040 1347 3091 iis
1356 3039 1518 3107 lapicidinis
1527 3045 1773 3104 sanantur,cumin
1781 3040 1990 3096 metallisornni·

1194 3113 1247 3164 bus
1258 3126 1338 3163 crura
1349 3111 1491 3164 vitientur.
1505 3111 1638 3164 Eiusdem
1651 3112 1755 3179 lapidis
1766 3112 1818 3164 llos
1829 3111 1991 3179 appellatur,

1194 3184 1225 3237 in
1236 3180 1355 3233 farinam
1367 3182 1468 3242 mollis,
1478 3180 1513 3233 ad
1525 3181 1660 3249 quaedam
1672 3183 1789 3250 perinde
1800 3181 1905 3235 efficax.
1941 3182 1992 3232 Est

1195 3257 1287 3305 autem
1308 3251 1407 3303 similis
1428 3251 1530 3319 pumici
1551 3251 1623 3305 rulo.
1660 3253 1807 3306 Admiratus
1818 3251 1877 3304 aeri
1888 3250 1991 3317 Cyprio

1193 3336 1375 3373 mammarum
1397 3322 1465 3373 sitia
1485 3322 1628 3374 emendat:
1650 3324 1702 3390 pici
1725 3330 1818 3374 autern
1839 3322 1991 3378 resinaeve,

1193 3398 1314 3443 strumas
1327 3398 1354 3441 et
1366 3407 1452 3457 panos
1465 3390 1590 3443 discutit.
1618 3390 1739 3444 Prodest
1748 3399 1775 3445 et
1786 3389 1930 3458 phthisicis
1941 3388 1992 3438 lin·

1194 3468 1250 3513 ctu.
1269 3462 1335 3512 Ctrm
1349 3460 1432 3513 melle
1443 3468 1540 3513 retera
1551 3459 1664 3512 hulcora
1674 3463 1708 3512 ad
1721 3461 1878 3513 cicatricem
1892 3457 1992 3526 perdu-

1194 3532 1249 3581 cit:
1273 3530 1461 3581 excrescentia
1481 3530 1582 3581 erodit.
1618 3532 1655 3582 Et
1676 3531 1709 3582 ad
1721 3529 1872 3581 bestiarum
1885 3541 1992 3579 morsus

1193 3598 1280 3649 utilis.
1316 3598 1509 3666 Repugnantia
1521 3600 1670 3658 curationi,
1687 3614 1719 3649 ac
1731 3604 1884 3666 suppurata
1896 3597 1992 3647 siccat.

1193 3668 1241 3719 Fit
1253 3672 1280 3718 ct
1290 3669 1462 3735 cataplasma
1472 3682 1505 3720 cr
1517 3684 1550 3720 eo
1566 3670 1736 3737 podagricis,
1759 3668 1846 3719 nsixto
1858 3665 1941 3717 sabae
1952 3665 1992 3716 lo·

1193 3743 1297 3787 ntento.

1228 3804 1330 3857 xxix.
1349 3804 1426 3857 ldem
1437 3804 1645 3873 Theophrastus
1662 3805 1920 3862 etMucianus,esse
1939 3802 1993 3851 ali·

1194 3888 1264 3940 quos
1284 3872 1391 3939 lapides
1412 3877 1460 3942 qui
1481 3880 1599 3942 pariant,
1620 3875 1743 3926 credunt.
1778 3867 1990 3935 Theophrastus

1194 3948 1357 4004 auctorest,
1378 3950 1406 3996 et
1417 3946 1487 3996 ebur
1497 3944 1610 4006 fossile,
1631 3942 1750 3996 candido
1762 3948 1791 3992 ct
1801 3940 1881 4005 nigre
1893 3939 1991 3989 colore

1193 4012 1321 4073 inveniri,
1342 4017 1371 4064 et
1391 4027 1456 4066 ossa
1476 4014 1681 4075 cistrensem,
1699 4010 1871 4077 invenirique
1881 4004 1991 4076 lapides

1193 4096 1299 4133 osseos.
1310 4080 1432 4135 l’alnrati
1444 4085 1518 4135 circa
1527 4085 1658 4135 Mundam
1671 4085 1698 4133 in
1712 4080 1857 4147 Hispania,
1868 4078 1916 4129 ubi
1924 4079 1990 4129 Cae·

1193 4166 1241 4204 sar
1252 4150 1542 4219 dictatorPompeium
1555 4155 1632 4215 vicit,
1641 4148 1913 4219 reperiuntur,idque
1925 4150 1990 4212 quo·

1193 4223 1247 4274 ties
1258 4220 1384 4290 fregeris.
1408 4222 1517 4274 Sunt'ct
1528 4223 1609 4290 nigri,
1622 4235 1739 4290 quorum
1752 4220 1904 4271 auctoritas
1916 4216 1991 4267 renit

1192 4292 1221 4341 in
1232 4305 1381 4352 marmora,
1391 4292 1464 4343 sicut
1474 4294 1638 4343 Taenarius.
1671 4293 1762 4345 Varro
1773 4290 1867 4358 nigros
1878 4300 1911 4337 er
1922 4284 1991 4337 Airi-

1193 4376 1225 4411 ca
1237 4361 1376 4412 firmiores
1388 4376 1448 4412 esse
1460 4361 1559 4422 tradit,
1581 4377 1661 4429 quam
1681 4362 1708 4412 in
1720 4360 1810 4411 ltalia.
1847 4357 1869 4408 E
1881 4355 1990 4406 diverso

1193 4430 1272 4481 albos
1284 4430 1375 4481 tornis
1387 4429 1522 4492 duriores,
1534 4445 1615 4497 quarn
1628 4430 1737 4481 Parios.
1750 4428 1822 4480 idem
1836 4426 1989 4477 Lunensem

1192 4498 1298 4549 silicem
1317 4514 1396 4551 serra
1415 4502 1519 4551 secari:
1540 4508 1569 4551 at
1581 4499 1770 4550 Tusculanum
1789 4495 1908 4548 dissilire
1926 4491 1988 4559 igni.

1192 4567 1322 4619 Sabinum
1335 4566 1443 4620 luscum
1455 4568 1551 4620 addito
1564 4570 1627 4620 oleo
1638 4570 1723 4619 etiam
1737 4569 1838 4619 lucere.
1857 4565 1925 4617 item
1935 4574 1991 4612 mo·

1191 4636 1234 4687 las
1256 4637 1399 4689 versatiles
1411 4636 1547 4689 Volsiniis
1569 4639 1706 4699 increatas,
1726 4637 1834 4701 aliquas
1851 4639 1881 4687 et
1895 4636 1994 4698 sponte

1191 4714 1281 4758 motas
1293 4706 1447 4757 invenimus
1458 4708 1485 4758 in
1498 4708 1644 4775 prodigiis.

1226 4774 1314 4826 XXX.
1334 4775 1475 4842 Nusquam
1489 4775 1532 4827 hic
1544 4778 1648 4834 utilisrr,
1660 4788 1741 4842 quam
1752 4771 1779 4821 in
1793 4767 1884 4825 ltalia,
1899 4770 1990 4836 gigni·

1191 4851 1251 4896 tura
1271 4844 1407 4910 lapisque,
1428 4860 1483 4895 nou
1500 4860 1608 4907 aarum,
1619 4848 1671 4893 est.
1709 4843 1738 4891 ln
1751 4836 1913 4904 quibusdam
1925 4850 1992 4890 vero

1191 4912 1340 4981 provinciis
1353 4913 1466 4963 omrriso
1478 4928 1531 4964 non
1545 4912 1693 4964 invenitur.
1714 4908 1785 4958 Sunt
1795 4905 1906 4973 quidam
1919 4906 1947 4957 in
1959 4920 1990 4958 eo

1190 4997 1293 5051 genere
1306 4980 1459 5043 molliores,
1476 4983 1520 5048 qui
1533 4993 1560 5033 et
1572 4988 1636 5033 cote
1648 4978 1832 5044 laevigantur,
1853 4982 1884 5026 ut
1895 4975 1990 5040 procul

1191 5048 1362 5104 intuentibus
1373 5048 1485 5116 ophitae
1497 5051 1584 5103 rideri
1606 5047 1722 5116 possint.
1759 5045 1855 5111 Neque
1866 5050 1910 5096 est
1921 5044 1991 5094 alius

1191 5120 1311 5173 tirmior:
1326 5119 1479 5186 quarsdnet
1490 5120 1592 5186 lapidis
1605 5121 1756 5177 naturast
1768 5114 1887 5181 lignum,
1898 5112 1990 5164 simili·

1191 5199 1236 5243 ter
1245 5191 1347 5242 imbres
1358 5187 1492 5256 Solesque
1504 5197 1553 5240 aut
1565 5187 1672 5238 hiemes
1684 5201 1738 5237 non
1752 5189 1867 5251 patitur,
1888 5184 1917 5233 in
1928 5181 1989 5233 aliis

1192 5267 1275 5326 atque
1288 5259 1353 5311 aliia
1363 5260 1519 5328 generibus.
1556 5256 1627 5308 Sunt
1638 5257 1683 5319 uui
1697 5262 1726 5288 ..s
1739 5254 1843 5303 r.......„
1856 5268 1909 5304 non
1921 5250 1989 5302 tolc-

1191 5337 1261 5391 rent,
1279 5327 1631 5396 etquivetustaterabigir
1870 5321 1990 5373 'cremae

1192 5398 1338 5451 candidum
1349 5399 1410 5451 oleo
1424 5404 1542 5451 mutent.

1225 5468 1362 5521 Molarern
1376 5467 1486 5534 quidam
1499 5466 1607 5535 pyriten
1933 5472 1939 5512 1

1191 5539 1276 5589 rinrus
1288 5539 1359 5604 ignis
1371 5536 1425 5587 illi:
1437 5537 1485 5588 sed
1497 5545 1540 5590 est
1551 5538 1607 5588 aliu

1191 5607 1309 5661 litudine
1321 5607 1402 5661 acris.
1432 5605 1469 5661 Jn
1482 5608 1575 5676 Cypro
1586 5622 1607 5659 el
