4368 6008
347 289 410 353 284
452 283 485 346 C.
510 282 667 347 Pthll
697 276 912 344 SECUNDI
947 272 1120 335 NATUR·
1154 269 1349 335 HISTOR
1382 272 1471 334 ΗΒ.
1499 269 1629 361 xxiii
1673 269 1766 332 CAP.
1790 268 1911 336 teba.

258 458 262 467 ’
348 436 561 508 appellavimus,
581 428 724 487 stomacho
734 422 846 475 inutilia
855 419 1004 484 habentur,
1023 419 1146 475 musco·

349 524 402 562 nes
411 509 532 575 pariunt,
542 504 638 554 dentes
649 495 830 564 gingivasque
840 492 967 545 laedunt.
991 491 1146 554 tinnovero

350 579 386 631 ab
396 577 440 627 his
452 584 553 637 sapore
571 566 698 635 proxima
713 561 811 613 vinosa
822 560 953 624 diximus,
971 575 1088 627 parrum
1100 575 1148 613 nu·

351 646 440 699 eleum
452 638 592 698 habentis,
604 634 718 685 utiliora
726 632 811 701 paulo
819 631 1023 699 intelliguntur.
1043 628 1148 682 Alvum

349 714 462 771 sistunt,
473 715 502 762 et
511 702 693 763 stomachum,
705 700 849 753 dumtaxat
859 714 956 767 pauca,
967 699 1094 767 citraque
1104 713 1146 751 sa·

350 783 487 835 tietatem.
514 772 570 827 Sed
580 772 648 824 haee
660 770 773 823 minime
783 769 882 832 danda,
894 783 1048 837 quanquam
1059 767 1147 819 omni·

253 836 257 843 ’
349 866 386 902 no
397 846 483 917 nullu,
503 843 531 893 in
544 842 625 904 febri,
645 855 696 893 nec
705 854 787 892 earne
799 838 941 891 acinorum
953 838 1016 889 utili
1028 852 1078 888 nec
1089 851 1148 888 οιιο-

350 934 393 973 oo.
406 917 547 974 caventur
557 924 645 977 aeque
655 909 861 970 consitioaibus,
882 922 914 958 ac
923 907 1011 960 bilem
1021 907 1148 959 reiicien·

351 989 434 1039 tibus.
470 982 555 1034 Uram
568 982 595 1031 in
606 978 659 1042 his,
670 994 703 1029 ac
712 994 746 1029 ne
757 984 876 1029 mustum
887 976 1009 1044 quidem,
1024 976 1074 1029 sed
1083 989 1147 1042 pro·

350 1056 425 1107 tinus
436 1053 527 1105 vinum
538 1051 649 1117 aperuit
659 1054 774 1099 natura:
784 1044 1079 1166 ermquempedore
1087 1058 1147 1096 eur·

349 1126 414 1179 tice.
450 1122 507 1173 llic
526 1134 561 1173 ex
582 1117 689 1171 acerbis
703 1117 729 1166 in
747 1129 919 1183 magnonsu.
979 1113 1148 1181 ulguseoria

317 1207 319 1210 ’
349 1192 472 1247 maxime
492 1190 624 1257 perlicere
640 1185 690 1237 illo
707 1185 796 1236 novit:
817 1185 853 1236 ob
870 1183 899 1235 id
916 1182 1090 1236 malicorium
1102 1196 1148 1248 ap·

347 1262 456 1331 pellant
478 1258 587 1315 medici.
634 1255 747 1307 Urinam
766 1254 836 1306 cieri
856 1252 955 1305 eodem
975 1257 1147 1302 monstrant:

348 1332 492 1397 cristaque
502 1327 579 1394 gaila
592 1325 620 1376 in
638 1330 718 1376 aceto
741 1323 901 1383 decoctum,
922 1320 1039 1373 mobiles
1051 1319 1147 1373 dentes

349 1399 487 1454 stabilire.
510 1394 660 1461 Espetitur
670 1391 847 1460 gravidarum
859 1391 1002 1453 melaniae,
1014 1389 1146 1456 quoniam

348 1472 464 1538 gustata
476 1469 587 1517 moveat
597 1462 740 1513 infantem.
776 1459 919 1511 Dividitur
931 1458 1044 1521 nimum,
1054 1458 1145 1509 caele·

348 1541 441 1605 stique
450 1550 522 1602 aqua
533 1530 668 1585 madescit
680 1530 768 1584 ternis
777 1529 837 1583 iere
849 1530 957 1582 dicbus.
983 1529 1063 1580 llaec
1074 1526 1146 1580 bibi·

346 1615 395 1661 tar
404 1603 508 1672 frigida
518 1601 658 1664 coeliacis,
669 1607 698 1654 et
709 1600 871 1668 sanguinem
884 1597 1102 1652 exsecrantibus.

381 1672 479 1725 LVlll.
499 1673 542 1722 Ex
566 1672 667 1723 acerbo
683 1671 715 1720 fit
729 1668 978 1732 medicamentum,
997 1666 1070 1736 qaod
1087 1673 1147 1719 sto·

347 1742 449 1796 sintice
460 1746 585 1803 vocatur,
604 1738 784 1790 utilissimum
794 1740 852 1789 oris
862 1740 950 1802 vitiis,
969 1739 1086 1797 numum,
1101 1751 1149 1787 au·

345 1812 429 1874 rium,
451 1810 595 1863 oculorum
608 1808 736 1877 caligini:
757 1808 902 1875 pterygiis,
960 1805 1102 1869 uitalibus,
1119 1812 1149 1858 et

346 1879 392 1934 his
404 1896 472 1947 quas
483 1894 578 1932 nomas
589 1884 699 1941 vocant,
720 1884 749 1929 et
758 1892 829 1944 quae
847 1878 878 1930 in
887 1875 925 1929 hu
937 1878 1046 1931 ceribus
1057 1889 1149 1927 escre-

347 1956 436 2004 scuut.
472 1950 576 2001 Contra
585 1948 708 2015 leporem
721 1947 858 1998 marinum
873 1946 927 1998 hoc
937 1945 1034 1999 modo:
1054 1944 1148 2009 ricinis

349 2019 477 2073 damnato
495 2019 602 2070 cortice
613 2017 698 2078 tusis,
716 2029 855 2084 succoque
866 2016 982 2068 decocto
993 2013 1028 2066 ad
1041 2015 1149 2077 tertias,

350 2087 508 2151 cameraci,
521 2094 549 2138 et
561 2086 692 2138 aluminis
703 2085 793 2147 scissi,
810 2084 950 2152 myrrhae,
961 2084 1054 2136 mullis
1065 2085 1149 2136 littim

348 2156 470 2210 selibris.
481 2155 536 2209 siit
550 2162 578 2206 et
589 2153 642 2206 hoc
653 2153 736 2206 modo
748 2154 865 2206 faciunt:
875 2153 981 2206 Punica
991 2152 1072 2204 acida
1083 2152 1150 2203 niul·

347 2232 382 2278 ta
391 2225 559 2277 tundunturz
572 2239 670 2275 succus
682 2224 710 2274 in
723 2225 824 2276 cacabo
835 2237 906 2274 noro
918 2238 951 2275 eo
972 2223 1047 2273 uitur
1058 2221 1149 2274 mellis

349 2292 544 2355 crassitudine,
565 2294 601 2346 ad
621 2293 765 2344 virilitatis
786 2299 815 2345 et
830 2292 906 2344 sedis
919 2295 997 2356 uiua,
1017 2291 1150 2343 otomnin

348 2376 421 2431 quac
433 2362 523 2429 nyuo
535 2367 680 2424 curantur,
701 2376 783 2414 aures
801 2361 978 2428 purulentas,
1000 2360 1149 2428 epiphoras

346 2430 523 2498 incipientes,
534 2432 633 2481 rubras
645 2431 776 2482 maculas.
809 2432 839 2483 ln
850 2430 977 2481 munibus
988 2431 1059 2481 rami
1068 2428 1150 2480 Puni·

349 2514 444 2553 comem
453 2507 597 2566 serpentes
607 2499 715 2567 fugant.
752 2499 861 2551 cortice
874 2498 969 2552 Punici
980 2513 1014 2552 er
1024 2499 1089 2551 rino
1104 2498 1150 2550 de·

349 2569 421 2622 cocti
433 2575 461 2619 ct
471 2568 605 2634 impositi,
617 2569 765 2635 perniones
775 2575 918 2620 sanantur.
930 2571 1080 2619 Contusum
1093 2582 1150 2620 ma·

347 2638 407 2692 lum
417 2652 452 2689 er
465 2639 554 2689 tribus
574 2636 690 2690 heminis
710 2638 775 2703 riui,
796 2638 942 2691 decoctum
953 2636 988 2689 ad
1001 2634 1149 2699 heminam,

347 2710 472 2761 tormina
491 2714 520 2758 et
540 2710 648 2759 taenias
670 2706 759 2773 pcliit.
794 2705 929 2759 Punicum
945 2708 975 2758 in
994 2706 1052 2757 olla
1071 2720 1149 2769 nova,

348 2776 517 2843 cooperculo
538 2776 629 2838 inlito,
650 2776 676 2826 in
695 2775 779 2828 furno
795 2784 933 2839 exustum,
951 2784 981 2828 et
990 2775 1149 2839 contritum,

348 2854 501 2917 putumque
513 2848 539 2896 in
552 2847 627 2906 rino,
637 2846 714 2896 sistit
725 2845 829 2909 alvum,
840 2845 956 2897 discutit
967 2846 1096 2897 tormina.

383 2916 457 2968 mx.
477 2916 586 2968 Primus
603 2913 678 2981 pomi
696 2912 777 2965 huius
795 2922 890 2980 partus
901 2915 1002 2966 llorere
1018 2913 1150 2980 incipien-

347 2984 400 3047 tis,
422 2984 533 3051 cytinus
553 2990 668 3034 vocatur
688 2983 818 3043 Graecis,
840 2985 926 3034 mirae
948 2983 1149 3034 observationis

347 3051 500 3104 multorum
513 3052 712 3117 experimento.
750 3050 780 3103 si
792 3052 853 3117 quis
865 3067 947 3102 unum
959 3067 992 3104 ex
1006 3050 1059 3113 his,
1076 3051 1150 3101 solu·

347 3127 396 3171 tus
416 3118 527 3169 vinculo
546 3120 622 3171 omni
635 3121 740 3169 cinctus
752 3126 780 3170 ct
796 3119 949 3180 calceatus,
970 3126 1053 3187 etque
1064 3121 1148 3172 etiam

348 3187 437 3250 anuli,
458 3186 628 3254 decerpserit
640 3187 749 3238 duobus
760 3187 871 3255 digitis,
913 3188 997 3242 oilice
1009 3194 1037 3240 et
1050 3197 1149 3255 quarto

348 3257 480 3310 sinistrae
492 3271 597 3321 manus,
615 3263 699 3323 atque
710 3258 750 3308 ita
760 3256 886 3309 lustratis
894 3203 951 3309 fevi
964 3264 1041 3309 tactu
1052 3258 1150 3320 oculis,

346 3338 413 3379 mox
424 3327 453 3377 in
465 3341 496 3379 os
507 3324 633 3377 additum
645 3326 835 3390 devoraverit,
856 3342 891 3378 ne
901 3326 983 3379 dente
996 3327 1149 3394 contingat,

347 3394 504 3449 affirmatur
513 3394 771 3447 nullnmoculurum
783 3396 1005 3463 imbecillitatem
1016 3410 1149 3463 passurus

349 3477 384 3517 eo
406 3478 486 3515 anno.
524 3463 609 3514 iidem
630 3464 720 3530 cytini
735 3466 832 3517 siccati
850 3466 974 3532 tritique,
995 3480 1091 3516 carnes
1104 3480 1150 3516 ex·

349 3538 506 3583 crescentes
527 3528 670 3581 cohibenti
691 3534 813 3599 gingivis
833 3539 863 3585 et
881 3535 1010 3588 dentibus
1035 3533 1149 3586 moden·

348 3602 411 3659 turi
433 3599 480 3648 rel
494 3600 518 3647 si
531 3598 650 3649 mobiles
660 3600 726 3663 sint,
751 3601 867 3654 decocto
881 3618 974 3655 succo.
1010 3604 1075 3671 lpsa
1091 3616 1150 3655 cor·

316 3666 319 3673 ’
348 3666 465 3785 puscula
475 3665 550 3726 trita,
570 3665 729 3719 hulceribus
740 3685 810 3736 quae
820 3681 934 3736 serpunt
945 3678 1149 3737 putrescentes,

363 3734 507 3786 ilinuntnr.
544 3734 613 3785 ltem
626 3734 767 3788 oculorum
780 3738 992 3791 inflammationi
1002 3741 1150 3792 intestino·

350 3815 481 3869 rumque:
502 3807 531 3852 et
541 3798 601 3871 iere
613 3799 648 3865 nd
660 3804 768 3868 onmia,
790 3821 860 3874 quae
872 3811 991 3860 cortices
1003 3808 1149 3860 malorum.

349 3871 752 3936 Adsersanturseurpionibus.

383 3940 444 3993 Lx.
464 3940 527 3993 Nun
546 3947 590 3992 cst
605 3940 676 3991 satis
692 3942 785 3993 mirari
810 3957 902 3994 curans
922 3942 1150 4014 diligentiamque

368 4012 512 4077 circutum,
531 4010 826 4079 quiaeonumawserutnti,
847 4011 914 4063 nihil
928 4012 1095 4065 intentatum
1107 4029 1150 4067 re·

347 4028 476 4149 sinueris
501 4079 533 4131 ln
545 4081 597 4133 hoc
606 4080 666 4145 ipso
677 4085 772 4147 cytino
784 4079 891 4132 flosculi
903 4090 980 4143 sunt,
1001 4088 1149 4151 antequam

346 4151 456 4203 scilicet
468 4148 569 4202 mulum
582 4151 671 4215 ipsum
683 4150 810 4216 prodeat,
825 4158 1011 4219 erumpentes,
1021 4168 1090 4220 quos
1099 4153 1149 4205 ba·

346 4221 480 4273 laustium
495 4218 590 4273 vocari
602 4219 733 4272 diximus.
768 4222 829 4272 llos
840 4236 946 4290 quoque
964 4237 1031 4289 crgo
1041 4222 1150 4290 experti

272 4306 277 4309 ·
346 4289 514 4341 invenerunt
532 4289 728 4357 scorpionibus
751 4290 899 4343 adversari
946 4291 1055 4344 Sistuut
1082 4298 1150 4357 potu

347 4370 458 4410 menses
467 4356 647 4410 feminarum:
660 4366 761 4411 sanent
774 4361 831 4412 oris
841 4358 964 4422 bulcem,
973 4368 1001 4412 et
1014 4360 1150 4424 tonsillas,

348 4437 442 4485 uvam,
466 4428 609 4493 sanguinis
620 4429 836 4492 exscreationes,
857 4429 963 4482 uentris
975 4437 1004 4482 et
1015 4428 1150 4481 stomachi

349 4490 514 4571 solutiones,
533 4496 685 4560 genitalia,
706 4497 819 4550 hulcora
838 4514 1001 4568 quacunque
1022 4501 1049 4550 in
1071 4507 1150 4566 parte

349 4567 503 4611 manantia.
538 4562 683 4619 Siccavcre
703 4569 798 4630 etiam,
816 4574 847 4619 ut
865 4569 906 4620 sic
921 4583 1031 4635 quoque
1044 4568 1151 4634 experi-

350 4634 465 4688 rentur,
485 4629 703 4702 inveneruntque
715 4642 839 4687 tusorum
856 4637 948 4689 sumna
958 4635 1150 4705 dysentericus

350 4708 369 4747 a
380 4702 470 4774 morte
480 4701 614 4762 reuocari,
626 4703 716 4755 alium
728 4703 799 4756 sisti.
824 4706 896 4769 Quin
907 4714 935 4757 et
947 4706 1061 4759 nucleos
1074 4706 1148 4771 ipsos

351 4777 497 4845 acinorum
519 4770 639 4835 experiri
661 4787 715 4823 non
736 4774 835 4841 piguit.
870 4775 952 4827 Tosti
966 4775 1079 4842 tusique
1089 4782 1147 4824 stu-

348 4830 479 4885 maehum
489 4843 593 4897 rurant,
604 4837 667 4891 cibo
678 4848 727 4893 aut
737 4844 843 4909 potioni
856 4843 982 4910 inspersi.
1010 4845 1149 4896 Bibuntur

351 4915 386 4954 ex
398 4915 471 4969 aqua
481 4904 595 4955 caelesti
615 4905 649 4956 ad
668 4911 819 4963 sistendam
831 4911 931 4963 alvum.
969 4912 1058 4965 liudis
1070 4911 1149 4964 deco·

350 4975 398 5022 uta
409 4985 521 5022 succum
534 4974 645 5035 emittit,
652 4980 698 5043 qni
709 4981 815 5031 manias
825 4988 916 5041 necat,
922 4979 1072 5032 victoriati
1083 4994 1148 5047 pon·

349 5038 426 5093 dere.
462 5039 567 5091 Eadem
580 5042 703 5098 discocta
711 5047 738 5098 in
749 5062 830 5115 aqua,
849 5064 917 5117 quas
928 5049 1056 5117 Lycium,
1071 5065 1149 5117 prae·

347 5107 564 5160 statutilitotes.

383 5178 457 5231 Llll.
476 5178 528 5230 list
539 5189 567 5231 et
578 5177 713 5244 silvestre,
732 5180 865 5237 Punicum
877 5201 894 5239 a
904 5187 1090 5240 similitudine
1101 5201 1148 5254 ep

347 5247 491 5317 pellatam.
515 5247 583 5300 Eius
593 5247 705 5299 radices
715 5250 798 5301 rubro
810 5258 914 5308 cortice
925 5255 1034 5310 denarii
1046 5256 1148 5326 ponde·

346 5330 380 5369 re
391 5332 425 5370 es
437 5316 502 5369 sino
515 5324 596 5385 potae
608 5331 720 5368 somnus
732 5316 846 5374 racione.
866 5322 977 5376 Scinine
988 5336 1064 5392 poto,
1076 5340 1147 5393 aqua

368 5401 420 5438 uae
429 5388 547 5440 subierit
558 5394 663 5447 eutem,
683 5386 811 5439 siccatur.
846 5389 916 5442 Mali
926 5391 1023 5447 Punici
1034 5395 1147 5451 corticis

359 5470 423 5507 onio
435 5458 538 5509 cabrer
549 5457 688 5525 sugantur.

380 5523 468 5578 Lxll.
491 5524 618 5581 Pirorum
639 5524 763 5580 omniurn
785 5524 863 5580 cibus
882 5526 967 5582 edam
990 5530 1147 5585 ralenhbns

1200 436 1345 487 ouaosus,
1359 421 1451 491 aegris
1462 432 1573 490 qnoque
1583 419 1642 473 riui
1653 417 1737 474 niodo
1747 426 1874 492 negator.
1908 422 1988 478 Been

1200 492 1351 545 mecedem
1363 494 1434 546 mire
1444 492 1569 543 salubria
1579 496 1608 542 et
1617 496 1709 559 grata,
1726 494 1875 561 praecipue
1885 493 2002 547 crustu·

1199 563 1282 614 mina.
1314 561 1503 629 Quaecunque
1513 572 1580 613 reru
1592 575 1654 613 eum
1666 561 1749 614 melle
1758 560 1884 626 decocta,
1895 570 1999 615 noma·

1201 629 1281 683 chum
1293 630 1432 682 adiuvant.
1468 631 1554 682 Fiunt
1564 631 1790 698 cataplasmatae
1801 632 1879 699 piris,
1896 620 1932 684 ad
1943 633 2000 685 dis·

1199 699 1331 753 cutienda
1341 714 1487 768 corporum
1499 700 1580 753 uitia:
1602 707 1631 752 et
1640 700 1756 753 decocto
1767 715 1862 753 eorum
1872 700 1908 752 nd
1922 701 2001 754 duri·

1197 770 1389 822 nasutuntnr.
1420 769 1485 836 ipsa
1494 767 1679 822 adversantur
1687 769 1789 822 boletis
1798 777 1881 837 atque
1892 770 2000 839 langiu

1198 839 1360 907 pelluntque
1371 839 1496 905 pondere
1518 845 1547 892 et
1565 846 1704 908 pugnante
1714 853 1806 890 succo.
1842 839 1935 892 Pirum
1946 840 1999 892 sil·

1198 915 1292 963 vestre
1309 907 1467 960 tardissime
1481 909 1654 962 maturescit.
1689 907 1861 970 conciditur,
1882 924 2001 976 suspen·

1198 984 1315 1046 sumque
1323 978 1445 1030 siccetur
1456 977 1492 1028 ad
1502 977 1655 1030 sistendam
1666 976 1777 1028 aluums
1794 976 1867 1043 qnod
1879 986 1908 1029 et
1916 977 2003 1034 decos

1199 1054 1273 1099 etum
1285 1047 1346 1100 eius
1357 1052 1426 1114 potu
1437 1052 1570 1113 praestat.
1605 1045 1806 1112 Decoquuntur
1816 1053 1845 1097 et
1854 1044 1924 1097 folia
1935 1061 1999 1099 cum

1198 1130 1282 1184 pomo
1304 1116 1340 1166 ad
1355 1116 1467 1168 eosdem
1485 1130 1562 1167 uaris.
1597 1114 1724 1165 Pirorum
1738 1113 1809 1181 ligni
1819 1115 1889 1167 einis
1899 1122 1998 1169 eontra

1199 1186 1300 1253 iungas
1312 1183 1451 1237 efficacius
1463 1186 1581 1252 prolicit.
1616 1183 1694 1236 Mula
1705 1186 1820 1252 piraque
1830 1190 1943 1251 portatu
1952 1186 1995 1238 iu·

1198 1257 1301 1307 mentis
1312 1254 1381 1307 mire
1393 1254 1490 1321 gravia
1510 1260 1575 1307 sunt
1584 1254 1629 1306 rel
1640 1268 1735 1320 pauca.
1774 1252 1906 1306 Remedio
1918 1254 1997 1307 sium

1199 1323 1299 1386 esse,si
1312 1325 1389 1390 prius
1401 1322 1508 1376 edenda
1517 1322 1618 1375 dentur
1627 1322 1786 1388 aliqun,aut
1797 1323 1894 1390 utique
1906 1330 1999 1376 usten-

1199 1393 1310 1446 dantur.

1233 1461 1333 1515 LXlll.
1351 1460 1413 1513 Fici
1425 1461 1658 1528 sacciulacteus,
1678 1460 1750 1511 aceti
1768 1466 1892 1512 naturam
1904 1460 1994 1513 habet.

1198 1533 1298 1599 ltaque
1309 1531 1420 1599 coaguli
1431 1530 1515 1582 modo
1536 1530 1580 1582 lac
1590 1529 1740 1582 contrahit.
1778 1530 1922 1595 Fucipitur
1932 1538 1998 1585 ante

1198 1601 1390 1654 maturitatem
1403 1600 1488 1667 pomi,
1509 1606 1538 1653 et
1548 1601 1577 1651 in
1588 1601 1685 1651 umbra
1696 1599 1818 1650 siccatur
1828 1598 1862 1649 ad
1873 1599 2000 1665 aperien-

1199 1671 1235 1723 da
1245 1668 1367 1734 bulcem,
1377 1670 1476 1722 cienda
1486 1675 1630 1723 menstrua
1640 1667 1770 1735 appositu
1782 1683 1842 1719 curn
1853 1664 1930 1720 luteb
1940 1669 1997 1732 ori,

1199 1745 1249 1793 aut
1258 1747 1326 1808 potu
1337 1755 1399 1792 cum
1411 1740 1515 1807 amylo.
1551 1738 1687 1806 Podagris
1704 1738 1825 1789 illinitur
1836 1751 1896 1787 curn
1909 1736 1999 1789 farina

1199 1810 1302 1863 Graeci
1316 1809 1393 1861 foeni
1410 1816 1441 1862 et
1456 1817 1547 1862 aceto.
1583 1808 1661 1860 Pilos
1672 1821 1781 1874 quoque
1791 1803 1921 1867 detrahit,
1942 1806 1999 1874 pal·

1198 1880 1401 1948 pebrnrumque
1421 1879 1543 1933 scabiem
1565 1877 1709 1932 emendat:
1741 1877 1807 1927 item
1830 1874 1951 1929 lichenas
1971 1884 2000 1928 et

1199 1963 1308 2017 psoras
1335 1948 1433 2000 Alvum
1446 1949 1540 2001 solvit.
1573 1948 1667 2001 Laetis
1678 1945 1773 1997 deulni
1792 1952 1893 1997 natura
1904 1943 2001 1996 adver·

1199 2026 1279 2071 satur
1289 2019 1466 2081 crabronum,
1476 2031 1685 2086 vesparumque,
1694 2021 1723 2068 et
1733 2014 1866 2067 similium
1878 2012 2002 2077 venenis,

1198 2086 1331 2156 priuatim
1344 2088 1529 2154 scorpionum.
1566 2086 1642 2140 idem
1654 2100 1715 2138 eum
1737 2086 1858 2153 asangm
1868 2098 2002 2137 verrucas

1200 2159 1286 2209 tollit.
1315 2156 1405 2218 Folia,
1417 2164 1444 2209 et
1455 2171 1527 2224 quae
1538 2173 1592 2209 nun
1603 2163 1764 2208 maturuere
1775 2156 1829 2217 lici,
1838 2152 1952 2205 strumis
1964 2151 1999 2203 il·

1199 2226 1334 2290 linuntur,
1359 2227 1540 2294 omnibusque
1563 2240 1634 2294 quae
1648 2222 1817 2278 emollienda
1828 2222 1891 2285 sint,
1911 2221 2001 2274 disca·

1200 2293 1338 2348 tiendare.
1361 2294 1509 2348 Praestent
1518 2293 1573 2348 hoc
1582 2302 1610 2347 et
1622 2308 1671 2361 per
1683 2309 1713 2346 se
1725 2293 1802 2345 solia.
1824 2292 1861 2343 Et
1872 2291 1921 2342 alii
1933 2306 2000 2343 usns

1201 2379 1307 2428 eorum,
1319 2372 1448 2432 tanquam
1460 2364 1625 2415 intricando
1638 2362 1752 2424 lichene,
1769 2367 1797 2413 et
1807 2360 1951 2430 alopeciis,
1972 2367 2001 2412 et

1201 2448 1381 2502 quaecunque
1394 2431 1569 2486 eshulccrari
1580 2448 1649 2499 opus
1660 2433 1706 2485 slt.
1735 2433 1771 2483 lit
1780 2430 1911 2482 aduersus
1923 2429 2000 2481 carris

1201 2517 1311 2555 morsus
1328 2517 1468 2554 ramorum
1485 2504 1575 2555 teneri
1592 2502 1721 2554 cauliculi
1738 2500 1793 2553 euti
1812 2500 2000 2569 imponuntur.

1201 2572 1286 2625 iidem
1306 2587 1366 2624 cum
1389 2572 1471 2625 melle
1490 2570 1657 2634 hulceribus,
1677 2586 1749 2639 quae
1765 2570 1841 2622 ceria
1856 2573 2000 2629 uocantur,

1201 2642 1358 2693 illinuntur.
1396 2640 1554 2693 lixtrnhunt
1569 2640 1690 2692 infracta
1702 2655 1768 2692 ossa
1780 2653 1840 2691 cum
1852 2636 1999 2705 papaveris

1201 2711 1339 2763 silvestris
1360 2709 1449 2762 loliis.
1486 2711 1590 2761 Canum
1610 2711 1782 2761 rabiosorum
1805 2721 1912 2759 munus
1930 2705 2000 2756 lolio

1201 2779 1268 2832 trito
1281 2793 1314 2830 ex
1325 2785 1406 2830 aceto
1417 2783 1598 2846 restringunt.
1627 2779 1650 2830 E
1662 2781 1742 2847 nigra
1752 2778 1807 2828 licu
1817 2774 1927 2828 candidi
1937 2788 2000 2827 eau-

1202 2848 1279 2900 lieuii
1299 2847 1446 2899 illinuntur
1462 2847 1625 2909 furunculis,
1648 2848 1734 2898 muris
1750 2847 1846 2897 aranei
1862 2844 2000 2897 morsibus

1201 2934 1261 2969 cum
1273 2931 1345 2968 ccrn.
1383 2915 1457 2967 Ciuis
1469 2930 1563 2968 carum
1575 2931 1590 2968 c
1602 2915 1688 2978 foliis,
1705 2914 1884 2984 gangraenis,
1902 2928 2001 2968 censu·

1201 2986 1362 3053 mendisque
1374 2998 1444 3050 quun
1455 2988 1626 3035 excrescunt.

1236 3055 1295 3106 Fici
1306 3060 1428 3105 maturae
1440 3053 1547 3102 urinam
1559 3052 1647 3112 ciem,
1667 3051 1758 3102 alium
1769 3048 1895 3111 solvunt,
1916 3049 2003 3101 sudo·

1200 3138 1260 3176 rem
1272 3128 1391 3181 movent,
1404 3121 1519 3188 papulas
1539 3135 1580 3173 ue.
1594 3120 1636 3171 Ob
1648 3118 1677 3171 id
1690 3123 1822 3171 autumno
1833 3117 2003 3178 insalubres,

1202 3195 1331 3261 quoniam
1350 3189 1481 3242 sudantia
1497 3190 1577 3243 huius
1596 3189 1651 3241 cibi
1669 3201 1754 3255 opere
1769 3200 1887 3252 corpora
1901 3185 2003 3255 perfri-

1201 3268 1325 3331 gescunt.
1345 3261 1402 3313 Nec
1412 3260 1558 3313 stomacho
1570 3258 1663 3319 utilas,
1674 3256 1722 3310 sed
1732 3255 1767 3307 ad
1778 3255 1862 3308 breue
1872 3262 2001 3323 ternpus:

1201 3337 1229 3384 et
1239 3330 1302 3382 voci
1320 3329 1478 3382 contrariae
1494 3329 1696 3396 intelliguntur.
1733 3325 1909 3379 Nouissimas
1925 3324 2002 3377 salu-

1200 3399 1317 3461 briores,
1327 3412 1410 3464 quum
1425 3399 1544 3465 primae:
1555 3397 1709 3450 medicatae
1719 3409 1786 3447 raro
1797 3408 1946 3461 nunquam.
1958 3395 2002 3446 lu·

1200 3483 1298 3521 renum
1310 3468 1385 3519 sires
1396 3477 1513 3535 augent:
1532 3467 1643 3520 senibus
1655 3464 1798 3517 meliorem
1811 3462 2000 3515 ualetudinem

1201 3538 1316 3600 saciant,
1327 3539 1471 3604 minusque
1483 3552 1624 3607 rugarum.
1661 3534 1743 3588 Sirim
1754 3532 1867 3585 sedant:
1878 3531 2001 3585 calorem

1201 3607 1378 3673 refrigerant.
1414 3607 1456 3659 Ob
1474 3605 1504 3657 id
1520 3622 1575 3658 non
1590 3602 1736 3674 negandae
1751 3603 1781 3655 in
1797 3600 1922 3655 febribus
1937 3617 2000 3655 con·
2025 3638 2032 3646 .

1201 3677 1315 3737 strictis,
1328 3689 1397 3742 quas
1407 3681 1522 3741 stegnas
1535 3680 1645 3727 vocant.

1237 3743 1334 3796 Siccae
1349 3744 1394 3794 lici
1409 3745 1584 3797 stomachum
1600 3742 1729 3795 laedunt:
1750 3742 1858 3808 gutturi
1874 3747 1902 3793 et
1913 3740 2000 3792 fauci-

1200 3813 1251 3865 bus
1262 3811 1408 3879 magnilica
1419 3813 1512 3863 utiles.
1549 3814 1657 3865 Natura
1669 3809 1711 3861 his
1723 3809 1931 3867 excalfaciendi.
1959 3809 2002 3862 st·

1200 3882 1251 3933 tim
1272 3880 1402 3932 afferunt.
1438 3880 1535 3933 Alvum
1555 3881 1694 3943 molliunt,
1716 3878 1919 3933 rheumatismis
1931 3881 2001 3941 aius,

1201 3957 1230 4004 et
1239 3947 1384 4001 stomacho
1402 3953 1569 4022 contrariae.
1606 3948 1724 4003 Vesicae
1735 3963 1844 4016 semper
1855 3947 1951 4010 utiles,
1971 3955 2000 3999 et

1201 4018 1421 4080 anhelatoribus,
1444 4034 1477 4072 ae
1489 4020 1667 4086 suspiriosis.
1695 4018 1764 4070 item
1777 4018 1938 4079 iocinerum,
1957 4032 2002 4069 re·

1202 4104 1275 4152 nuni,
1285 4089 1387 4140 lienum
1398 4088 1483 4141 ritiis.
1520 4091 1627 4157 Corpus
1639 4097 1667 4141 et
1676 4089 1750 4141 uires
1761 4087 1904 4139 adiuuant:
1924 4087 1960 4139 ub
1971 4085 2000 4138 id

1203 4167 1267 4211 ante
1277 4156 1402 4210 athletae
1414 4157 1468 4210 boe
1477 4158 1540 4211 cibo
1551 4160 1752 4226 pascebanturr
1768 4155 1943 4225 Pythagoras
1954 4171 2001 4208 ex·

1202 4229 1345 4290 ercitntor,
1357 4228 1463 4348 primus
1475 4227 1511 4280 ad
1523 4243 1621 4282 carnes
1632 4242 1681 4280 eos
1691 4227 1845 4279 transtulit.
1879 4224 2001 4277 Recolli·

1202 4299 1278 4365 genti
1290 4313 1320 4350 se
1331 4312 1348 4347 n
1370 4313 1441 4365 ongn
1452 4297 1611 4350 valetudine
1622 4296 1799 4349 utilissimae.
1833 4296 1902 4347 ltem
1913 4294 1999 4346 comi·

1202 4366 1326 4429 cialibus,
1337 4374 1366 4418 et
1377 4366 1546 4435 hydropicis,
1557 4367 1824 4433 omnibusque,quae
1835 4363 2001 4416 niaturnnda

1202 4444 1252 4487 sut
1262 4436 1440 4488 discutienda
1459 4444 1533 4500 sunt,
1555 4438 1749 4505 imponuntur:
1771 4434 1908 4486 efficacius
1922 4432 2001 4483 ealce

1202 4511 1250 4557 aut
1262 4505 1335 4556 nitro
1347 4505 1482 4559 admixto.
1505 4507 1609 4558 Coctae
1621 4521 1685 4557 cum
1695 4504 1819 4572 hyssopo
1830 4509 1928 4570 peetus
1939 4516 2003 4569 pur·

1201 4581 1275 4641 gont,
1286 4576 1426 4640 pituitam,
1436 4574 1536 4627 tussim
1547 4582 1681 4627 veterem.
1705 4575 1771 4624 cum
1784 4572 1952 4624 vincentem
1965 4571 2001 4623 ad

1201 4643 1305 4705 sedem,
1325 4650 1354 4694 et
1363 4651 1488 4695 tumores
1499 4644 1686 4696 maxillarum.
1721 4640 1760 4692 Ad
1772 4638 1946 4703 furunculos,
1956 4654 2003 4707 pa-

1200 4725 1262 4772 nos,
1273 4712 1424 4778 parotidas,
1436 4712 1568 4764 decoctae
1580 4712 1732 4763 illinuntur.
1758 4705 1833 4779 Utile
1844 4712 1872 4756 et
1884 4706 2001 4761 decocto

1200 4795 1294 4831 earum
1306 4778 1401 4832 lorere
1412 4780 1538 4832 feminas.
1549 4780 1690 4832 Decoctae
1701 4773 1931 4842 quoqueeaedenr
1940 4793 2000 4830 cum

1200 4848 1283 4900 ioeno
1294 4847 1401 4900 Graeco
1418 4848 1502 4899 utiles
1513 4854 1578 4899 sont
1594 4843 1748 4913 pleuriticis
1764 4849 1794 4894 et
1805 4845 1999 4911 peripneumo-

1199 4917 1277 4967 nicis.
1314 4916 1382 4967 cum
1393 4921 1458 4966 ruta
1470 4925 1565 4968 coctae
1576 4912 1742 4967 torminibus
1753 4922 1877 4978 prosunt.
1904 4915 1999 4967 'ribin-

1198 5000 1259 5037 rum
1271 4982 1502 5041 huleeribuseum
1521 4984 1594 5038 aeris
1605 4982 1684 5035 flore.
1721 4980 1862 5049 Pterygiis
1873 4998 1933 5034 cum
1947 4982 1999 5035 Pu·

1198 5054 1261 5105 nico
1273 5052 1356 5121 malm
1391 5053 1543 5117 Ambustis,
1556 5049 1746 5120 pernionibus,
1756 5065 1817 5102 cum
1829 5066 1902 5104 cera.
1940 5053 2000 5119 ily·

1198 5120 1321 5187 dropicis
1343 5128 1439 5176 coctae
1456 5124 1486 5175 in
1502 5123 1578 5187 rino,
1600 5130 1628 5176 et
1645 5135 1706 5174 curn
1719 5118 1858 5173 absinthio
1869 5129 1897 5174 et
1909 5121 1998 5173 farina

1197 5188 1362 5252 hordeacea,
1373 5192 1447 5244 nitro
1457 5191 1563 5244 addito.
1581 5190 1769 5244 Manducatse
1781 5190 1873 5243 aivum
1887 5193 1996 5243 sistunt.

1197 5257 1379 5326 Scorpionum
1392 5261 1492 5313 ictibus
1504 5276 1565 5314 cum
1578 5262 1637 5314 sale
1649 5261 1733 5314 tritae
1743 5259 1899 5313 illinuntur.
1928 5260 1994 5311 car·

1197 5328 1330 5381 buneulos
1355 5326 1506 5382 extrahunt
1527 5332 1555 5383 in
1581 5333 1648 5383 vino
1674 5336 1771 5385 coctae
1790 5336 1818 5383 et
1839 5328 1994 5397 impositae.

1198 5398 1393 5462 carcinomati,
1402 5400 1426 5451 si
1437 5400 1499 5453 sine
1508 5398 1622 5454 hulcere
1633 5408 1685 5465 est,
1696 5414 1777 5467 quam
1790 5397 1995 5469 pinguissimam

1198 5467 1401 5534 neuminiponi,
1421 5484 1509 5540 paene
1520 5469 1663 5539 singulare
1681 5468 1834 5526 remsdurn
1850 5475 1907 5522 est:
1929 5466 1996 5519 item

1197 5534 1401 5608 phagedaenae.
