4374 6014
297 340 732 407 c.r1.ruusacuua1
768 312 933 409 aaran
971 286 1158 429 urar-or.
1197 346 1282 408 mu.
1309 345 1465 411 xxxv.
1504 352 1597 416 cnr.
1618 360 1669 418 eo.
1757 360 1823 423 noo

208 498 254 553 28.
272 497 335 565 lpse
346 494 519 567 diligentior,
535 511 616 565 qaam
628 498 811 563 numerosior,
821 504 849 553 et
860 498 888 552 in
900 498 975 553 eolo·
1027 497 1231 569 pinxitScyilin
1241 515 1358 556 ancoras
1368 500 1497 557 Persicae
1507 502 1828 574 eiasslspraecidentem.

174 568 253 622 ribus
273 581 400 630 serarius,
433 567 554 618 maxime
579 568 712 619 inclaruit
732 569 870 637 discipulo
892 569 975 622 Nicia
1028 571 1159 622 Artemon
1169 570 1293 632 Danaen,
1308 573 1477 624 mirantibus
1488 589 1549 625 eam
1562 576 1765 641 praedonibus:
1784 595 1827 633 re·

174 636 345 698 Atheniensi,
361 634 409 703 qui
421 635 639 702 diligentissima
646 639 777 691 mulieres
788 640 884 707 pinxit.
921 640 975 692 Lu·
1027 640 1120 709 ginam
1131 638 1318 704 Stratonicen,
1328 641 1477 694 Herculem
1489 650 1517 695 et
1526 644 1700 699 Deianiram:
1712 649 1826 701 nobilis·

162 721 236 775 'men
249 712 278 757 at
289 707 400 757 umbras
412 705 578 768 custodivit,
596 711 681 774 atqua
695 714 727 759 ut
738 710 892 761 eminerent
903 726 918 761 e
930 717 973 761 ta·
1027 710 1114 762 sinnas
1124 714 1227 771 autem,
1247 724 1319 777 quac
1330 717 1395 762 sunt
1406 711 1434 762 in
1444 712 1579 764 Octaviae
1592 717 1733 781 operibus:
1756 718 1826 771 ller-

174 775 247 830 bulis
258 775 394 842 picturae,
406 775 526 826 maxime
537 777 653 829 curavit.
690 777 975 845 Operaeius,Nemea
1028 779 1119 832 eulem
1140 780 1175 831 ab
1194 778 1265 830 Oeta
1286 787 1381 832 monte
1402 779 1526 832 Doridos
1547 790 1631 834 exuta
1651 786 1826 841 mortalitate

90 908 98 921 .
175 844 293 899 advecta
303 859 337 898 ax
348 843 413 897 Asia
424 842 541 895 Romam
552 860 570 896 a
582 845 688 909 Silano,
707 862 787 913 quam
799 849 828 900 in
841 849 925 900 Curia
934 848 975 900 di·
1028 863 1164 901 comessa
1185 846 1300 901 deorum
1320 850 1348 899 ia
1359 838 1465 901 eoelum
1478 857 1602 903 cantem:
1625 852 1825 910 Laomedontis

174 915 265 973 xinrus
278 913 397 980 positam
405 930 411 962 ε
419 913 485 965 item
494 912 580 966 Liber
592 915 974 983 pateriaaedeConcordiae:
1028 919 1104 970 cirea
1113 916 1264 970 Herculem
1275 924 1304 970 et
1317 918 1473 986 Neptunum
1486 918 1639 972 historiam.
1650 921 1825 978 Aleimachus

173 982 358 1052 llyacintirus,
369 997 450 1048 quem
458 983 712 1054 CaesarAugustus
722 985 878 1040 delectatus
889 1002 923 1041 eo
934 1003 976 1040 se·
1027 987 1210 1055 Dioxippum,
1226 989 1273 1054 qui
1295 987 1441 1055 pancratio
1458 989 1592 1056 Olympia
1611 994 1683 1043 citra
1705 994 1825 1060 pulveris

176 1067 238 1105 cum
250 1051 410 1118 deportarit
419 1051 590 1107 Alexandria
602 1069 634 1106 ca
655 1062 696 1106 ta:
719 1062 748 1107 at
758 1056 793 1107 ob
805 1055 833 1108 id
845 1057 975 1109 Tiberius
1027 1063 1132 1109 tactum
1143 1052 1234 1125 (quod
1245 1064 1347 1109 vocant
1358 1053 1478 1127 aconiti)
1488 1058 1568 1110 uicit:
1580 1061 1666 1111 coniti
1676 1061 1827 1116 Nemeaea.

176 1123 281 1176 Caesar
291 1122 319 1172 in
330 1118 437 1187 templo
447 1121 508 1174 airis
520 1121 623 1176 dicavit
635 1071 705 1175 Kane
716 1126 854 1177 tabulam:
872 1132 900 1179 et
910 1126 976 1179 Dia·
1061 1125 1105 1180 33.
1124 1125 1299 1178 Ctesilochus
1311 1125 1414 1193 Apellis
1426 1127 1578 1194 discipulus
1588 1129 1727 1196 petulanti
1738 1133 1826 1198 pictu-

175 1207 220 1244 na.
256 1188 360 1258 Ephesi
370 1204 436 1243 vero
448 1196 491 1243 est
504 1193 655 1262 Megabyai
670 1194 827 1247 sacerdotis
839 1195 975 1263 Ephesiae
1027 1211 1059 1248 ra
1070 1195 1272 1258 innotuit,lore
1283 1195 1415 1247 Liberum
1427 1198 1596 1263 parturiente
1608 1200 1720 1266 depicto
1734 1202 1827 1253 uritra·

174 1261 286 1314 Dianaa
305 1259 476 1327 sepulerum:
497 1261 615 1316 Athenis
633 1263 831 1318 Necronraatia
849 1264 973 1318 tiemari.
1027 1271 1066 1327 to,
1077 1270 1107 1318 et
1117 1264 1292 1317 muliebriter
1303 1267 1500 1333 ingemiscente
1510 1267 1826 1323 interebstetriciadea·

174 1332 256 1385 Hanc
266 1329 386 1383 raudera
403 1330 493 1382 noluit
503 1331 599 1384 Attalo
616 1333 678 1401 regi
694 1334 809 1387 talentis
820 1334 974 1402 sexaginta,
1027 1349 1097 1385 rum.
1136 1334 1221 1386 Cleon
1232 1334 1351 1386 melma:
1373 1334 1547 1387 ctesidemus
1566 1336 1718 1392 Oechaliae
1739 1354 1824 1407 expu-

173 1400 325 1522 potiusque
346 1399 456 1465 patriae
476 1414 544 1453 suae
563 1400 687 1465 donarit,
709 1403 852 1457 abundans
865 1404 974 1471 opibus.
1028 1405 1171 1469 gnatione,
1180 1412 1207 1454 et
1220 1402 1385 1455 Laodamia:
1397 1403 1523 1456 Clesides
1533 1405 1645 1473 reginae
1653 1408 1825 1461 Stratonices

200 1469 256 1522 ecit
266 1476 295 1521 et
323 1468 426 1520 randes
437 1468 568 1536 picturas,
578 1471 605 1522 in
617 1473 716 1539 quibas
727 1481 790 1526 sunt
802 1474 934 1541 Calypso,
946 1480 975 1526 et
1027 1472 1139 1524 iniuria.
1175 1471 1714 1541 Nulloenimhonoraexecptusabea,
1734 1478 1826 1545 pinxit

174 1540 216 1601 le,
228 1484 448 1592 cenadiensem:
459 1539 616 1593 Alexander
626 1557 736 1664 quopue
746 1543 774 1594 in
782 1543 904 1610 Pompeii
914 1557 975 1610 por·
1027 1541 1199 1594 volutantem
1212 1558 1272 1593 cum
1285 1542 1518 1610 piscatore,quem
1529 1545 1651 1611 reginam
1666 1561 1759 1599 amare
1769 1562 1826 1599 ser·

174 1608 279 1661 ticibus
290 1608 470 1677 praecellens,
480 1616 509 1679 et
518 1610 638 1679 Calypso
649 1628 679 1664 se
699 1628 757 1665 ens.
780 1613 854 1664 lluic
865 1612 974 1679 quidem
1029 1626 1074 1663 mo
1086 1617 1161 1663 erat:
1173 1626 1290 1679 eamque
1301 1611 1425 1664 tabulam
1433 1613 1460 1663 in
1468 1623 1548 1679 portu
1557 1612 1824 1683 Ephesipropnsuit:

113 1704 117 1714 ·
174 1678 372 1731 adscribuntur
391 1680 592 1747 quadrupedes.
628 1680 818 1748 Prosperrime
838 1696 976 1734 eanesex·
1029 1680 1338 1748 ipserelisraptusest.
1376 1681 1664 1749 Reginatollivetuit,
1681 1686 1771 1737 utrius
1791 1700 1826 1739 us
1899 1716 1905 1725 ·

174 1749 287 1816 pressit.
299 1746 355 1800 llic
366 1756 408 1801 est
419 1748 524 1811 Nicias,
535 1748 570 1802 de
580 1765 635 1818 quo
644 1750 756 1804 dicebat
767 1750 923 1804 Praxiteles
934 1752 976 1803 in·
1028 1749 1212 1803 similitudine
1225 1750 1292 1802 mire
1302 1765 1442 1816 expressa.
1455 1754 1779 1808 CrateruseomoedonAt
1800 1770 1826 1808 e·

174 1824 343 1887 terrogatus,
351 1832 422 1884 quae
434 1819 555 1870 maxime
568 1834 652 1886 opera
663 1836 713 1871 sua
724 1822 856 1887 probaret
866 1821 894 1870 in
905 1835 975 1871 mar·
1028 1820 1070 1870 nis
1082 1821 1109 1870 in
1120 1819 1241 1885 Pompeo
1254 1821 1353 1886 pinxit.

173 1887 432 1949 moribus:Quibus
444 1887 538 1939 Nicias
551 1901 660 1939 manum
672 1890 973 1941 admovisset:tanturn
1063 1887 1105 1940 34.
1125 1888 1289 1954 Eutychidis
1309 1890 1402 1958 bigam
1423 1889 1498 1958 regit
1518 1890 1655 1943 Victoria.
1695 1889 1825 1946 Eudorus

174 1955 373 2009 circumlitioni
385 1955 444 2006 eius
455 1955 606 2008 tribuebat.
642 1957 703 2009 Non
716 1959 786 2009 satis
798 1957 974 2021 discernitur,
1028 1971 1113 2008 scena
1124 1964 1280 2023 spectatur:
1291 1956 1366 2011 idem
1379 1966 1452 2011 etex
1464 1974 1528 2011 aere
1537 1962 1618 2026 signa
1628 1958 1702 2012 feeit.

174 2025 260 2075 alium
283 2023 387 2076 eodem
402 2024 522 2086 nonrine,
545 2040 579 2076 an
595 2023 667 2077 hunc
678 2026 795 2080 eundern
807 2025 918 2095 quidam
931 2023 975 2078 la-
1063 2023 1105 2075 35.
1125 2025 1252 2092 llippias,
1267 2027 1396 2093 Neptuno
1410 2036 1439 2080 et
1450 2026 1587 2080 Victoria.
1624 2029 1741 2081 Habron
1751 2029 1825 2081 Ami·

174 2094 252 2147 ciant
261 2093 428 2160 Dlynrpiade
439 2094 591 2146 centesima
602 2094 774 2148 duodecima.
1029 2093 1123 2145 citiam
1136 2102 1165 2146 et
1177 2096 1360 2148 Concordiam
1372 2097 1470 2163 pinxit,
1492 2103 1521 2149 et
1543 2097 1656 2149 deorum
1668 2097 1826 2151 simulacra.

208 2163 253 2215 29.
273 2163 371 2215 Niciae
392 2170 579 2229 consparatur,
600 2174 629 2217 et
649 2165 792 2233 aliquanto
815 2162 976 2231 praefertur

173 2231 313 2285 Athenion
330 2231 493 2293 Maronites,
512 2232 674 2285 Glaucionis
693 2232 832 2286 Corinthii
852 2233 973 2300 discipu-

173 2301 229 2363 lus,
247 2307 275 2352 et
287 2301 427 2354 austerior
438 2300 546 2366 colore,
565 2308 593 2354 et
604 2303 633 2352 in
643 2304 810 2357 austeritate
821 2303 976 2364 iucundior,

117 2411 123 2422 .
174 2377 207 2423 ut
219 2371 247 2421 in
258 2372 318 2436 ipsa
327 2370 438 2436 pictura
449 2369 571 2423 eruditio
582 2370 702 2423 eluceat.
726 2371 821 2423 Pinxit
832 2373 859 2422 in
871 2371 975 2439 templo

174 2440 308 2492 Eleusine
329 2438 524 2507 Phylarchum,
545 2437 661 2493 Athenis
681 2440 873 2508 frequentiam,
895 2455 975 2507 quam

174 2523 312 2561 recavere
324 2508 509 2627 Synpenieon.
521 2511 590 2562 ltem
602 2508 737 2562 Achillem
749 2509 867 2578 uirginis
880 2507 976 2561 habitu

176 2579 357 2638 occultatum,
369 2579 390 2628 U
403 2594 470 2644 ysse
481 2577 712 2646 deprehendente.
744 2580 781 2631 Et
792 2581 820 2630 in
832 2593 886 2629 una
898 2579 978 2630 tabu·

173 2645 214 2708 la,
234 2660 283 2699 sex
304 2646 398 2711 signa:
421 2661 527 2714 quaque
539 2650 659 2700 maxime
669 2648 807 2710 inclaruit,
828 2663 976 2715 agasonem

176 2729 239 2767 cunr
262 2728 344 2783 equo.
382 2715 462 2779 Quod
477 2717 530 2769 nisi
547 2718 576 2768 in
593 2718 706 2771 iuventa
718 2717 842 2782 obiisset,
860 2732 940 2770 nemo
952 2718 977 2770 el

176 2789 394 2851 compararetur.

212 2851 255 2905 30.
274 2855 325 2904 list
336 2868 435 2905 nomen
447 2859 475 2906 et
486 2855 629 2908 lleraelidi
641 2854 798 2907 Macedoni.
834 2852 919 2905 initio
931 2866 978 2904 na·

174 2938 225 2975 res
237 2923 341 2990 pinxit:
365 2930 503 2992 captoque
523 2938 590 2992 rege
608 2923 711 2976 Perseo
723 2923 842 2975 Athenas
860 2923 976 2977 eomnni-

172 2993 282 3114 pravit,
303 2991 353 3043 ubi
363 2993 461 3045 eodem
475 2999 599 3060 tempore
614 2999 675 3046 erat
685 2992 865 3046 Metrodorus
877 2993 977 3055 pictor,

187 3062 305 3130 demque
316 3060 506 3128 philosophus,
515 3077 630 3130 magnae
641 3062 668 3113 in
679 3070 796 3126 utraque
805 3060 923 3110 scientia
931 3072 978 3109 au·

175 3131 327 3184 ctoritatis.
357 3132 452 3197 ltaque
463 3146 523 3182 eum
535 3131 568 3182 L.
580 3131 682 3182 Paulus
694 3130 802 3181 devicto
815 3129 916 3180 Perseo
929 3141 976 3194 pa·

173 3200 260 3252 tisset
271 3201 306 3251 ab
316 3199 540 3261 Atheniensibus,
549 3206 580 3249 nt
590 3200 646 3249 sibi
656 3213 736 3265 quam
747 3197 976 3265 probatissimum

1029 2163 1195 2215 Leontiseus
1215 2163 1331 2216 Aratum
1352 2165 1484 2218 victorem
1507 2180 1568 2218 cam
1587 2165 1737 2233 trophaeo:
1755 2165 1828 2234 psal·

1028 2232 1121 2284 triani.
1159 2231 1235 2285 Leon
1248 2232 1367 2302 Sappho.

1063 2299 1107 2353 aa.
1125 2300 1293 2354 Nicearelsus
1312 2306 1445 2357 Venerem
1463 2306 1535 2356 inter
1546 2305 1657 2357 Gratias
1674 2311 1704 2360 et
1715 2304 1828 2373 Cupidi-

1029 2386 1090 2422 nes:
1102 2370 1251 2423 Herculem
1264 2373 1373 2425 tristem
1383 2374 1507 2426 insaniae
1519 2374 1696 2440 poenitentia.
1708 2374 1827 2427 Nealces

1030 2438 1177 2500 Venerem,
1198 2442 1358 2506 ingeniosus
1379 2448 1408 2491 et
1430 2443 1520 2493 solers
1536 2444 1565 2493 in
1580 2450 1649 2493 arte.
1685 2441 1827 2509 Siquidem

1030 2522 1089 2559 curn
1102 2508 1238 2573 proelium
1251 2508 1350 2561 navaie
1362 2511 1560 2576 Aegyptiorum
1571 2517 1600 2561 et
1610 2511 1756 2561 Persarum
1770 2511 1828 2577 pin·

1029 2577 1126 2637 ximat,
1146 2577 1219 2643 quod
1231 2577 1259 2628 in
1271 2578 1346 2639 Nilo,
1356 2578 1432 2628 cuius
1444 2593 1515 2644 aqua
1526 2584 1569 2629 est
1580 2579 1649 2629 mari
1662 2578 1771 2639 similis,
1787 2578 1827 2629 fa·

1030 2654 1103 2698 ctum
1115 2645 1368 2712 solebatintelligi,
1391 2654 1554 2713 argumento
1567 2645 1734 2706 declararit,
1754 2645 1827 2712 quad

1030 2722 1092 2767 arte
1103 2729 1156 2765 non
1169 2721 1290 2778 poterat.
1327 2714 1448 2766 Asellum
1461 2715 1533 2765 enim
1554 2713 1582 2765 iu
1593 2713 1678 2768 litore
1688 2714 1827 2768 bibentem

1031 2782 1129 2850 pinxit,
1141 2788 1169 2831 et
1179 2781 1349 2833 crocodilum
1360 2781 1537 2834 insidiantem
1547 2783 1583 2834 ei.

1064 2850 1106 2903 37.
1126 2852 1228 2902 Oenias
1240 2850 1426 2917 Syngenieon.

1065 2918 1107 2972 3&
1125 2916 1263 2971 Philiscus
1274 2919 1410 2971 cilicinam
1426 2918 1556 2985 pictoris,
1576 2919 1670 2989 ignem
1688 2918 1827 2977 conflama

1029 3002 1123 3055 puero.
1159 2984 1309 3038 Phalarion
1320 2985 1453 3053 Scyllam.

1063 3054 1106 3108 dil.
1125 3056 1286 3108 Simonides
1296 3055 1511 3124 Agatharchum,
1520 3064 1549 3111 et
1560 3058 1772 3129 Mnemosynen.
1784 3060 1828 3113 Si·

1030 3141 1090 3176 mus
1099 3126 1223 3178 iuvenem
1236 3126 1452 3191 requiescentem
1461 3128 1491 3178 in
1499 3130 1828 3195 otiicinaiulloniqiiuin·

1029 3201 1146 3264 quattus
1155 3194 1356 3247 celebrantem:
1367 3194 1495 3264 idemque
1506 3198 1635 3250 Nemesin
1647 3201 1800 3268 egregiam.

1062 3264 1106 3316 40.
1119 3262 1283 3317 Theodorus
1294 3271 1322 3316 et
1334 3265 1525 3332 inungentem:
1537 3268 1609 3319 idem
1622 3269 1763 3322 abDreste
1771 3283 1828 3321 ma·

1029 3340 1098 3386 trem
1110 3339 1138 3385 et
1147 3332 1306 3401 Aegisthum
1317 3333 1448 3385 interfici:
1468 3335 1627 3402 bellumque
1638 3336 1751 3388 iliacum
1769 3338 1828 3404 plu·

1030 3404 1105 3456 ribus
1116 3403 1217 3455 tabulis
1227 3420 1233 3454 :
1244 3402 1317 3470 quod
1328 3409 1371 3455 est
1381 3403 1487 3456 Romae
1495 3404 1649 3472 inPhilippi
1658 3406 1827 3471 porticibus:

1030 3479 1059 3525 et
1080 3474 1277 3535 Cassandram,
1306 3481 1439 3540 quaeest
1459 3474 1487 3524 in
1510 3475 1681 3527 Concordiae
1701 3474 1827 3527 delubro.

1030 3542 1181 3593 licentium
1197 3542 1310 3608 Epicuri
1332 3543 1516 3611 cogitantem:
1539 3540 1711 3595 Demetrium
1724 3559 1754 3595 re
1775 3560 1827 3595 em.

1029 3610 1127 3662 Theon
1148 3612 1254 3664 Orestis
1274 3613 1419 3676 insaniam,
1439 3611 1607 3679 Thamyram
1627 3560 1827 3666 citharoedum.

1029 3681 1181 3732 Tauriscus
1191 3681 1381 3743 Diseobolum,
1400 3683 1660 3750 Clytaemnestram,
1671 3681 1827 3744 Paniscum,

1030 3750 1193 3818 Polynieem
1203 3765 1315 3818 regnum
1326 3756 1548 3819 repetentem‚et
1559 3753 1697 3817 Capanea.

1064 3818 1107 3872 41.
1126 3820 1187 3872 Non
1206 3820 1350 3872 omittetur
1371 3821 1446 3872 inter
1465 3820 1517 3875 hos
1536 3821 1643 3888 insigne
1660 3820 1847 3886 exemplum.-

1030 3890 1155 3957 Namqne
1172 3891 1312 3955 Erigonus
1334 3888 1417 3941 tritor
1431 3889 1555 3941 colorum
1572 3891 1692 3942 Nealcae
1705 3889 1827 4007 pictoris

174 3267 372 3338 philosophum
384 3270 529 3320 mitterent
540 3268 574 3319 ad
586 3267 755 3320 erudiendos
765 3267 885 3327 liberos,
894 3267 975 3318 item·

176 3353 231 3407 que
243 3338 380 3404 pictorem
392 3336 429 3387 ad
442 3335 610 3402 triumphum
623 3334 814 3398 excolendum,
826 3335 976 3388 Athenien·

175 3423 222 3461 ses
233 3405 425 3459 Metrodorum
438 3406 591 3472 elegerunt,
603 3405 719 3472 protensi
731 3404 848 3458 eundem
858 3406 887 3456 in
897 3413 976 3456 utro·

176 3492 233 3546 que
255 3475 394 3557 desiderio
412 3475 710 3557 praestantissimum,
721 3474 794 3544 quod
814 3475 855 3526 ita
871 3473 976 3527 Paulas

175 3544 581 3682 qupppppppppppsrpimmm
589 3614 715 3667 Caesarm
726 3614 873 3666 dictatoris
884 3620 977 3666 aetate

174 3684 290 3738 Aiacem
313 3690 342 3735 et
353 3685 483 3736 Medeam
508 3684 606 3750 pinxit,
628 3685 662 3735 ah
675 3700 709 3736 eo
721 3685 748 3735 ln
760 3685 878 3738 Veneris
889 3683 978 3735 Gene-

172 3754 257 3806 tricis
277 3752 346 3805 aedc
367 3755 482 3819 positas,
502 3753 645 3821 octoginta
665 3754 779 3805 talentis
799 3752 977 3804 renundatus.

174 3825 326 3877 Talentum
340 3823 458 3874 Atticum
473 3822 506 3872 x.
520 3823 556 3874 Vl
569 3822 638 3874 mill.
650 3830 729 3875 taxat
742 3822 781 3872 M.
795 3823 893 3876 Varro.
931 3822 978 3873 Ti·

174 3889 977 3975 npornaehiaequelauudanuturOtestes,IphigeniaqinTaa·
1032 3961 1038 3974 ι
1192 3959 1199 3971 ⁸
1360 3959 1367 3973 Ο
1639 3962 1645 3972 .
1726 3958 1772 3972 Η

173 3959 978 4097 iinttiilit‘tiriitiiiititiiitititiititi1
1029 3958 1693 4095 iiiititiitiiliiii:rutilanti
1714 3971 1827 4074 iiiii:

175 4101 296 4153 alterum
318 4099 470 4151 sedentem.
507 4097 765 4164 Praecipuatamea
780 4098 977 4150 arseiiarisse
1030 4097 1101 4150 illud
1123 4112 1189 4149 vero
1213 4111 1344 4163 perquam
1373 4109 1465 4146 rarum
1485 4110 1519 4145 se
1546 4094 1681 4145 memoria
1703 4091 1826 4157 dignum,

174 4172 205 4223 in
219 4169 353 4219 Gorneae
363 4167 424 4217 risa
436 4172 488 4217 est.
1031 4167 1114 4216 etiam
1134 4178 1263 4229 suprema
1274 4177 1360 4230 opera
1379 4164 1516 4214 artitioum
1538 4160 1771 4227 imperiectasque
1784 4167 1825 4210 ta·

212 4233 256 4289 31.
278 4207 395 4285 Pausiae
406 4242 434 4285 et
446 4235 518 4285 iilius
537 4239 566 4285 et
586 4234 737 4301 discipulas
747 4233 901 4285 Aristolaus
913 4247 978 4285 ese·
1032 4233 1121 4293 bulas,
1142 4233 1215 4283 sieut
1225 4232 1281 4282 lrin
1292 4230 1443 4292 Aristidis,
1465 4229 1644 4296 Tyndaridas
1655 4226 1826 4290 Nicomachi,

175 4304 334 4360 verissimis
345 4302 497 4369 pictoribus
509 4303 669 4354 luit:cuius
680 4310 752 4363 sunt,
765 4303 978 4369 Epaminondas,
1033 4301 1159 4352 Medeam
1182 4298 1375 4360 Timomachi,
1396 4305 1425 4350 et
1444 4312 1524 4365 qaam
1548 4298 1669 4349 diximus
1689 4298 1826 4350 Venerem

173 4372 311 4434 Pericles,
331 4372 441 4431 Medea,
461 4371 576 4434 Virtus,
594 4370 733 4425 Theseus:
756 4372 849 4440 imago
869 4372 978 4422 Atticae
1030 4369 1144 4435 Apellis,
1162 4369 1191 4419 in
1203 4368 1302 4420 maiori
1314 4367 1497 4419 admiratione
1509 4380 1579 4427 esse,
1600 4379 1681 4431 quarn
1693 4364 1827 4431 perlecta.

173 4443 283 4515 plebis,
304 4442 387 4493 boum
399 4440 562 4493 immulatio.
600 4441 671 4492 Sunt
682 4442 780 4510 quibus
792 4450 821 4492 et
831 4437 977 4508 Meehopa-
1031 4439 1139 4504 Quippe
1155 4439 1181 4489 in
1199 4438 1235 4488 iis
1252 4437 1420 4489 lineamenta
1433 4435 1553 4501 reliqua,
1574 4433 1707 4500 ipsasque
1718 4435 1826 4505 cogita-

174 4528 229 4566 nes
250 4511 374 4563 eiusdem
394 4509 512 4561 Pausiae
530 4508 682 4577 discipulus
699 4510 808 4575 placeat
823 4510 978 4575 diligentia,
1032 4507 1268 4561 tionesnrtilieum
1279 4511 1451 4573 spectantur:
1472 4512 1556 4571 atque
1568 4502 1828 4555 inlenoeiniocom·

177 4596 261 4650 quam
274 4578 433 4645 intelligant
444 4578 499 4630 soli
511 4579 641 4642 artitices,
662 4580 733 4633 alins
744 4579 829 4631 duras
842 4580 868 4629 in
878 4580 978 4630 calori·
1031 4577 1218 4630 mandationis
1229 4575 1312 4628 dolor
1322 4582 1378 4628 est:
1400 4589 1507 4638 manns,
1526 4587 1588 4626 cam
1599 4570 1630 4624 id
1640 4577 1763 4640 agerent,
1776 4587 1826 4625 ex·

175 4653 239 4713 bus,
250 4654 280 4703 at
290 4648 343 4700 sile
356 4648 469 4701 multus.
485 4648 556 4700 Nam
568 4648 698 4700 Socrates
709 4651 771 4700 iure
781 4647 909 4699 omnibns
921 4649 978 4715 pla·
1031 4647 1151 4699 stinctae
1162 4645 1362 4698 desiderantur.

178 4727 234 4773 oet.
270 4719 358 4772 Tales
369 4724 444 4780 sunt,
465 4732 526 4769 eum
538 4718 702 4783 Aesculapio
713 4719 797 4777 tiliae,
807 4708 913 4784 llygia,
925 4719 975 4769 Ae·
1064 4716 1107 4766 «12
1127 4715 1195 4767 Sum
1205 4717 1289 4768 etiarn
1303 4730 1357 4767 non
1370 4714 1507 4782 ignobiles
1518 4711 1637 4780 quidem,
1648 4711 1678 4764 ia
1689 4716 1827 4763 nausear-

177 4790 234 4859 gie,
254 4789 387 4847 Panaeea,
408 4788 479 4848 iaso,
501 4794 529 4839 et
539 4790 628 4855 piger,
645 4788 693 4852 qui
703 4788 863 4853 appellatur
875 4787 977 4851 Ocnos,
1031 4798 1063 4835 su
1074 4790 1166 4837 tamen
1178 4785 1303 4838 dicendi:
1315 4780 1827 4844 Aristonides,Anaxander,Aristobu·

178 4864 305 4927 spartum
316 4865 458 4923 torquens,
471 4856 545 4923 qnod
558 4857 661 4908 asellus
673 4858 789 4907 arrodit.
1031 4853 1075 4905 lus
1086 4852 1186 4920 Syrus,
1206 4854 1363 4908 Arcesilaus
1373 4851 1522 4905 Tisieratis
1534 4851 1623 4914 iilius,
1643 4853 1766 4917 Corybas
1780 4851 1827 4903 Ni·

216 4926 259 4979 ³2
277 4929 421 4979 Hactenus
431 4925 563 4979 indicatis
573 4926 600 4976 in
611 4940 712 4992 genere
725 4932 842 4991 utroque
860 4924 979 4991 proceri·
1031 4922 1327 4991 comaehidiseipulus,
1346 4919 1525 4973 Carmanides
1535 4917 1739 4986 Euphranoris,
1761 4918 1827 4970 Dio·

130 5028 134 5033 -
178 4998 243 5060 hos,
254 5012 308 5047 non
319 4996 475 5065 silebuntur
485 5002 515 5046 et
525 4995 623 5060 primis
635 4994 764 5060 proximi.
789 4995 978 5057 Aristociidee,
1030 4992 1197 5059 nysiodorus
1209 4991 1410 5059 Colophonius,
1431 4990 1572 5064 Diogenes
1585 4989 1632 5056 qui
1652 5004 1712 5040 cunr
1725 4988 1825 5038 Deme·

180 5067 230 5136 qui
241 5064 437 5133 pinxitaedem
449 5064 586 5131 Apollinis
598 5062 724 5130 Delphis.
745 5063 979 5131 Anpiphiluspue·
1030 5063 1086 5114 trio
1106 5076 1173 5130 rege
1190 5062 1271 5121 vixit,
1292 5059 1494 5126 Euthymsden,
1514 5059 1678 5111 Heraclides
1701 5055 1826 5114 Macedo,

179 5150 216 5189 ro
227 5135 318 5203 ignem
329 5135 465 5186 conilante
476 5128 619 5194 laudatus,
640 5148 674 5184 ae
685 5132 800 5200 pulchra
814 5133 885 5184 alins
895 5134 978 5185 donno
1031 5131 1137 5198 Mydon
1148 5132 1248 5183 Soleus
1257 5128 1425 5199 Pyromachi
1436 5129 1567 5180 statuarii
1578 5126 1738 5192 discipulus,
1749 5123 1827 5173 Mne·

179 5203 400 5272 splendescente,
411 5204 551 5268 ipsiusque
562 5203 639 5269 pueri
652 5216 701 5253 ore
710 5218 717 5250 :
727 5201 792 5252 item
804 5200 938 5264 laniticio,
949 5203 978 5254 in
1030 5199 1139 5252 sitheus
1150 5200 1307 5270 Sicyonius,
1328 5199 1506 5251 Mnasitimus
1518 5196 1695 5250 Aristonidae
1713 5192 1786 5242 lilius
1798 5197 1827 5241 et

181 5287 239 5342 quo
251 5278 399 5340 properant
410 5271 531 5323 oninium
545 5271 689 5321 mulierum
701 5284 798 5336 pensa:
820 5268 978 5323 Ptolemaeo
1032 5269 1193 5336 discipulus,
1204 5271 1308 5323 Nessus
1316 5269 1459 5320 Habronis
1471 5269 1555 5326 tilius,
1568 5266 1699 5317 Polemon
1710 5259 1826 5340 Alexan·

179 5350 309 5395 sanante.
320 5339 375 5393 Sed
383 5346 411 5389 et
419 5341 590 5390 nobilissimo
598 5340 702 5406 Satyro
710 5355 769 5390 curn
777 5338 852 5404 pelle
864 5338 977 5403 panthe-
1031 5339 1136 5400 dnnus,
1155 5338 1320 5391 Theodorus
1331 5336 1449 5397 Samius,
1459 5344 1488 5388 et
1497 5336 1637 5394 Stadieus,
1647 5326 1828 5410 Nieeotheam

178 5410 615 5476 rina,quemAposeopeuantaer
655 5408 673 5412 ”’
785 5406 911 5459 “when
921 5410 978 5459 An·
1031 5406 1285 5473 discipulizlisnon
1295 5407 1409 5461 Neoclis
1420 5404 1572 5469 discipulus
1582 5401 1740 5478 Sicyonius.
1793 5467 1799 5478 .

181 5493 252 5535 caeo
263 5478 410 5529 vulnerato
422 5475 458 5528 ah
469 5490 545 5542 apro,
556 5491 575 5526 e
867 5478 978 5529 ‘misr
1064 5475 1108 5528 43.
1126 5475 1245 5531 Pinxere
1262 5485 1290 5531 et
1307 5475 1453 5528 mulieres:
1476 5476 1615 5524 Timarete
1628 5470 1744 5519 Mreonrs
1762 5465 1828 5523 lilia,

178 5560 386 5613 numerosaque
397 5543 501 5606 tabula,
521 5544 567 5595 ia
1032 5544 1148 5597 Dianam
1171 5551 1200 5599 ln
1222 5547 1329 5609 tabula,
1350 5559 1420 5612 quae
1436 5540 1537 5607 Ephesi
1554 5544 1598 5618 est
1618 5535 1828 5617 antiquissimae

181 5617 358 5671 Credulitas:
371 5614 493 5683 Ulysoeo,
506 5613 560 5666 Dei
1059 5622 1167 5668 ”Auram
1189 5617 1270 5670 irene
1291 5614 1398 5668 Cratini
1422 5610 1539 5677 pictoris
1559 5606 1618 5657 tilia
1636 5613 1666 5659 et
1681 5603 1828 5672 discipula,

1120 5832 1315 5991 ,Ι
