4340 6018
225 289 255 350 G.
301 285 457 350 l'blNll
500 282 719 348 SECUNDI
761 284 936 349 NATUR.
980 284 1176 352 alsuca.
1220 287 1411 349 blavit.
1455 286 1698 350 Chim-(ll.
1747 294 1802 350 tot

143 459 161 497 a
197 446 265 495 utto
279 454 336 491 non
351 436 436 489 modo
447 435 598 490 Alexandri
608 436 705 504 Magni
718 448 812 488 rerum
828 435 954 504 fulgore,

141 458 289 567 “edestam
302 506 434 561 Herculis
445 521 531 573 prope
544 519 577 557 ac
586 504 681 557 Liberi
692 504 792 557 Patris.
813 504 951 574 lgiturSi·

144 583 208 637 cilia
218 584 395 646 recuperata,
405 575 478 629 unde
490 576 608 642 primum
621 573 749 626 Sullanus
759 577 788 625 ln
800 575 879 642 Reip.
890 590 951 628 cau·

144 667 175 705 sa
184 650 323 711 exoriens,
342 649 502 713 auspicatus
513 651 565 705 est,
580 642 673 694 Africa
683 658 751 696 raro
762 651 825 697 totu
835 647 952 697 subacta

144 729 170 773 et
180 721 210 772 in
221 719 357 771 ditionem
368 716 492 778 redacta,
502 714 656 834 Magnique
667 714 781 767 nonriue
792 714 820 765 in
831 715 949 782 spolium

142 791 207 843 inde
219 794 314 856 capto,
337 801 421 855 eques
433 786 521 847 Rom,
540 784 551 833 l
581 782 654 850 quod
666 791 850 848 anteanemo,
868 799 950 836 curru

142 857 307 926 triumphali
318 862 445 908 revectus
457 860 514 917 est3
534 858 562 905 et
572 856 669 904 statim
680 853 715 906 ad
732 854 809 907 Solis
821 868 949 906 occasum

142 935 346 996 transgressus,
358 923 673 989 excitatisinPyrenaeo
681 923 837 992 trophaeis,
848 922 951 991 oppida

142 994 354 1050 DCCCLXXVl
364 996 400 1046 ab
411 994 525 1060 Alpibus
544 993 578 1044 ad
591 993 660 1044 lines
671 994 827 1061 lllapaniae
837 994 951 1044 ulterio-

143 1068 181 1120 ris
192 1067 222 1118 in
233 1066 371 1117 ditionem
382 1062 506 1125 redacta,
523 1062 659 1114 victoriae
671 1078 742 1117 suae
754 1062 910 1129 adscripsit,
922 1066 951 1113 ct

141 1132 508 1191 naioreanimcSertcrium
520 1133 623 1183 tacuit:
635 1129 768 1200 belloque
782 1132 866 1195 cirili,
896 1130 950 1181 uod

142 1206 238 1260 emnia
248 1212 364 1258 externo
375 1201 539 1263 conclebat,
563 1202 706 1253 exstincto
713 1239 721 1265 ,
742 1202 842 1253 iterum
855 1147 950 1251 trtium.

143 1275 240 1346 phales
251 1289 348 1326 currus
361 1286 447 1340 eques
457 1270 572 1321 Romam
583 1270 712 1333 induxit,
735 1272 821 1322 toties
832 1270 950 1338 impera-

143 1355 196 1408 tor,
207 1354 357 1411 antequam
368 1341 456 1392 miles.
470 1339 571 1391 Postea
582 1338 618 1389 ad
630 1348 692 1391 tota
703 1340 800 1398 maria,
809 1346 838 1392 et
850 1338 951 1390 deinde

143 1416 219 1469 Solis
231 1418 311 1466 ortus
322 1413 431 1474 missus,
443 1407 492 1462 hoa
502 1408 601 1460 retulit
610 1410 722 1479 patriae
733 1410 844 1461 titulos:
862 1413 951 1472 (more

143 1487 230 1539 saeris
241 1481 441 1537 certaminibus
452 1479 640 1544 rirrcentium3
655 1495 744 1548 neque
757 1482 829 1532 enim
841 1477 895 1545 ipsi
908 1491 952 1529 co·

142 1563 288 1614 tonantur,
299 1550 348 1603 sed
361 1550 467 1619 patrias
477 1563 541 1600 suus
552 1556 716 1610 coronantt)
728 1548 779 1600 hos
788 1563 855 1616 ergo
866 1546 952 1598 hono·

143 1639 187 1679 res
197 1623 266 1676 Urbi
278 1621 377 1673 tribuit
388 1621 415 1670 in
427 1618 542 1670 delubro
554 1617 709 1683 Minerrae,
725 1618 798 1687 quod
809 1632 843 1670 ex
856 1629 952 1668 uranu·

142 1691 335 1747 biisdieab..tr
353 1692 407 1742 Cn.
420 1688 765 1742 PoenarusMssncs
778 1689 858 1748 lue,
876 1699 952 1736 sar.-

143 1778 185 1817 ιο
206 1776 272 1815 xxx
294 1773 465 1812 nuncnune
487 1770 696 1820 cesssare,
716 1771 828 1820 rusus,
849 1769 952 1807 rues-

143 1848 209 1897 rrs,
230 1844 376 1891 occrsrs,
398 1842 433 1879 ru
448 1840 684 1880 oanrrrorrsu
705 1837 952 1879 sccnsrrsno·

144 1914 259 1956 uruca
278 1912 435 1952 cenatas
452 1908 589 1958 rueras,
610 1911 730 1949 sanan
749 1890 951 1955 nxxxrrtltl,

143 1982 339 2024 narnaasrs
359 1981 428 2020 aur
446 1978 570 2021 cserss
593 1978 748 2020 nsvrsus
767 1968 952 2025 ccccxcvi,

144 2053 308 2100 oeernrs,
335 2049 532 2089 cusnannrs
556 2048 750 2087 ntoxxxvrrs
777 2048 813 2086 tn
841 2044 951 2085 llluEtt

145 2122 331 2162 nacasrrs:
356 2118 487 2157 rnnurs
507 2119 523 2154 s
544 2104 706 2156 Mssorrs
726 2118 813 2155 arcu
833 2116 873 2154 su
893 2100 952 2151 ltu·

145 2194 237 2232 snus
261 2190 354 2231 nunu
380 2186 567 2233 austerus,
596 2186 715 2225 vorum
740 2187 874 2225 mantuo
892 2170 951 2221 litt·

145 2262 259 2300 sanus
267 2260 293 2296 s.
306 2241 590 2297 liccesthreriarium
598 2243 702 2294 eiusab
709 2242 831 2294 Oriente.
842 2242 952 2291 Trium·

145 2315 190 2384 phl
200 2332 283 2378 reto,
302 2329 382 2396 quem
395 2313 476 2364 duxit
494 2327 519 2362 a.
537 2310 563 2362 d.
581 2312 697 2363 tertium
710 2310 853 2362 Kalendas
866 2310 950 2361 Octo·

143 2388 221 2448 brea,
240 2385 280 2436 Μ.
291 2382 402 2445 Pisone,
422 2382 461 2434 ΙΙΙ.
473 2379 596 2433 Messala
607 2381 789 2443 Consulibus,
809 2377 950 2447 praefatio

143 2453 364 2507 baecluit:cuu
383 2465 476 2502 casu
495 2462 699 2503 uturursrssr
720 2466 736 2502 n
756 2462 952 2502 snsnoonr·

144 2538 205 2577 aus
224 2533 456 2581 nraannssnr,
474 2532 516 2571 ar
534 2532 710 2571 tueantur
729 2533 835 2570 usnts
853 2528 952 2569 noru-

143 2608 187 2644 ιο
206 2592 350 2647 ltorstso
369 2598 642 2639 nssrrnutsssnr
662 2587 806 2648 arants,
822 2580 951 2646 Penne,

142 2664 316 2721 dnsaurs,
332 2656 597 2712 Pertranseunt,
615 2654 849 2715 cnersnocrs,
863 2654 952 2705 Crat·

142 2744 210 2797 ert,
232 2730 345 2785 Srnrs,
363 2724 522 2783 Serrurs,
539 2722 694 2784 lucturs,
711 2723 953 2784 tonsuratas·

140 2807 363 2863 nru,1nsur.s
383 2794 512 2852 cnara,
542 2787 759 2854 Basraasrs,
781 2805 823 2842 nr
842 2802 953 2844 sunan

141 2881 237 2922 usuc
266 2878 309 2915 na
332 2874 482 2913 nansscs
499 2858 742 2912 Mrrunsnnrs
767 2873 882 2918 trous
901 2861 953 2910 Tr·

143 2948 261 2990 anana
279 2944 537 2983 rnrouensvrr.
559 2927 673 2981 Summa
683 2944 851 2980 summarum
861 2928 889 2979 in
902 2929 954 2981 illa

144 3003 240 3075 gloria
250 3000 314 3064 fuit,
335 3005 380 3063 (ut
390 3000 449 3067 ipse
460 3001 488 3049 in
500 3000 634 3050 concione
647 2995 730 3059 dixit,
751 3013 812 3049 cum
826 2998 952 3049 derebus

145 3076 204 3126 suis
215 3071 376 3131 dissereret)
395 3068 489 3123 Asiam
509 3066 637 3117 ultimam
655 3067 860 3133 provinciarum
872 3081 951 3118 acce-

146 3142 227 3211 pisse,
236 3138 407 3206 eandemque
417 3136 535 3189 mediam
548 3135 656 3202 patriae
669 3136 837 3187 reddidisse.
849 3134 879 3187 Si
888 3135 952 3203 quis

147 3211 312 3265 econtrario
324 3208 410 3259 simili
422 3205 504 3259 niodo
516 3206 583 3257 relit
591 3218 753 3271 percensere
762 3207 889 3258 Caesaris
897 3219 952 3266 res,

148 3282 194 3350 qni
203 3281 294 3332 mator
303 3278 355 3329 illo
366 3277 504 3344 apparuit,
515 3281 606 3326 tntum
618 3275 744 3341 profecto
756 3283 894 3326 terrarum
905 3288 950 3326 or·

148 3352 207 3404 bern
220 3353 379 3403 enumeret:
392 3346 466 3413 quod
476 3345 615 3396 inlinitum
628 3360 690 3397 esse
702 3345 857 3397 conveniet.

179 3418 306 3471 xxvttt.
327 3417 434 3469 Ceteris
446 3416 578 3467 virtutum
590 3415 739 3481 generibus
749 3415 825 3465 sarie
837 3411 952 3464 etmulti

148 3488 225 3541 fuere
235 3492 417 3555 praestantes.
448 3486 518 3537 Cato
529 3486 643 3550 primus,
653 3482 770 3535 Porciae
780 3484 882 3551 gentis,
893 3488 952 3533 tres

148 3572 267 3609 summas
279 3556 307 3607 in
316 3555 429 3607 honrine
439 3569 483 3607 res
495 3554 671 3621 praestitisse
677 3554 862 3618 existimatus,
872 3558 953 3608 ntes·

148 3636 192 3679 set
202 3628 325 3693 optimus
335 3632 439 3690 orator,
460 3623 583 3694 optimus
594 3626 754 3693 imperator,
778 3626 900 3693 optimus
910 3638 953 3677 se·

148 3703 244 3751 nator:
266 3713 337 3765 quae
348 3697 415 3749 mihi
427 3700 529 3758 omnia,
540 3697 651 3749 etiamsi
662 3712 718 3748 non
728 3696 816 3765 prius,
828 3700 954 3750 anantes

148 3769 252 3821 clarius
263 3767 376 3820 fulsisse
386 3768 414 3818 in
427 3765 716 3833 Scipionehemiliano
729 3765 866 3829 ridentur,
879 3766 954 3818 dem·

148 3847 176 3890 tc
189 3845 337 3907 praeterea
353 3836 534 3904 plurimorum
553 3835 635 3898 odio,
658 3851 712 3903 quo
725 3836 794 3887 Cato
806 3835 953 3887 laborarit.

148 3908 242 3977 ltaque
262 3907 301 3960 sit
318 3907 458 3974 proprium
470 3904 594 3966 Catonis,
614 3911 714 3972 quater
738 3912 767 3957 et
787 3904 954 3973 quadragies

149 3994 259 4030 causam
270 3976 392 4038 dixisse,
414 3990 466 4027 nec
476 3988 631 4043 quenquam
649 3977 761 4045 saepius
771 3975 953 4044 postulatum,

149 4054 244 4100 etsem
266 4062 297 4100 er
308 4045 478 4098 absolutum.

181 4117 248 4169 xxi
275 4115 442 4168 ‚Fortitudo
455 4115 954 4183 inquomaxinteexstiterit,immen·

148 4200 194 4237 sae
205 4185 377 4255 quaestionis
386 4192 437 4249 est,
448 4188 546 4254 utique
555 4188 578 4237 si
591 4187 746 4253 recipiatur
757 4186 869 4254 poetica
877 4185 954 4238 fabu·

147 4252 258 4307 locitas.
293 4257 327 4319 Q.
337 4258 453 4321 Ennius,
474 4258 507 4308 Τ.
520 4257 672 4309 Caecilium
683 4255 817 4323 Dentrem
828 4255 954 4307 fratrem·

148 4340 203 4391 que
214 4324 275 4376 eius
286 4326 431 4394 praecipue
443 4329 574 4387 miratus,
595 4332 710 4393 propter
725 4342 773 4379 eos
784 4331 892 4377 sextum
906 4323 954 4375 dc·

146 4394 253 4447 circum
274 4391 376 4444 adiecit
391 4397 527 4449 annalem.
564 4395 596 4446 11·
608 4394 717 4448 Siccius
731 4395 887 4456 Dentatus,
909 4395 954 4459 qui

148 4464 292 4514 'l'ribunus
303 4461 392 4529 plebis
407 4465 458 4518 fuit
470 4465 517 4533 Sp.
530 4466 662 4532 Tarpeio,
681 4466 712 4518 Α.
724 4464 819 4516 Aterio
831 4462 956 4514 Consuli-

148 4532 209 4595 bus,
220 4528 296 4583 haud
309 4534 395 4585 multo
405 4544 468 4602 post
478 4542 593 4587 exactos
603 4549 693 4603 reges,
710 4533 753 4585 rel
765 4530 956 4585 numerosissi-

149 4616 193 4653 ma
202 4601 340 4670 suffragia
351 4601 448 4657 habet:
471 4605 578 4656 centies
589 4604 673 4656 vicies
685 4603 848 4671 proeliatus,
869 4602 957 4653 ‹rcties

148 4686 183 4723 ex
194 4672 393 4738 provocatione
409 4672 509 4734 rictdr,
520 4672 836 4743 quadragintaquinque
848 4673 957 4723 cicatri-

152 4741 228 4795 sitm
239 4741 360 4795 adverso
371 4758 488 4812 corpore
499 4744 624 4810 insignis,
635 4742 712 4794 nulla
721 4742 749 4793 in
760 4749 850 4810 tergo.
886 4742 956 4793 ltem

150 4812 241 4876 spolia
251 4811 327 4879 cepit
340 4810 476 4877 xxxiv,
496 4812 615 4865 donatus
627 4811 716 4865 hastis
733 4812 811 4879 puris
822 4811 956 4864 duodevi-

149 4881 231 4947 ginti,
243 4880 369 4949 phaleris
379 4882 469 4945 XXV,
487 4883 632 4949 torquibus
642 4884 731 4935 tribus
743 4881 893 4942 cccxxx,
913 4894 957 4931 ar·

151 4950 233 5002 millis
243 4951 326 5013 CLX,
339 4953 451 5005 coronis
463 4949 563 5013 XXVl,
578 4953 673 5004 ciricis
685 4950 760 5014 XlV,
780 4954 872 5004 aureis
884 4950 958 5011 Vlll,

150 5020 303 5072 muralibus
314 5021 361 5082 ΙΙΙ,
372 5021 541 5074 obsidionali
553 5038 617 5084 una,
628 5024 696 5074 tisco
707 5022 791 5083 aeris,
802 5021 829 5072 Χ
842 5021 958 5087 captivis

148 5094 180 5141 et
189 5087 242 5140 XX
251 5092 336 5142 simul
347 5091 446 5155 bubus,
467 5092 653 5158 imperatores
663 5107 760 5143 norem
774 5091 862 5157 ipsius
872 5090 958 5141 urati-

148 5162 630 5230 neopsrutriumphantessccutus:
642 5159 878 5229 praeterea(quod
887 5160 959 5225 npti-

145 5242 223 5281 tttntn
233 5230 263 5281 in
274 5231 406 5297 operibus
418 5232 478 5284 cius
488 5236 564 5292 reor)
581 5247 636 5284 uno
648 5247 682 5284 ex
694 5231 811 5285 mainus
819 5232 853 5282 ¹1⁹.
865 5227 958 5279 Romi·

144 5295 234 5382 lloex
244 5301 440 5355 consulatuad
450 5300 586 5369 populum
600 5302 731 5355 convicto
747 5299 821 5352 male
839 5299 958 5350 settim·

144 5371 229 5434 persi.

183 5436 235 5490 tter
244 5438 379 5492 militaris
388 5438 465 5491 baud
478 5440 587 5493 minora
603 5437 697 5489 forent
708 5435 957 5503 MarrliiCspitoli·

143 5505 302 5569 ulciscere,
314 5510 343 5561 ni
354 5508 527 5576 perdidisset
536 5509 586 5560 illa
596 5510 673 5560 exitu
686 5509 770 5559 vitae.
807 5511 877 5561 Ante
886 5505 959 5557 deci·

143 5591 223 5629 asum
234 5579 385 5647 septimum
397 5594 502 5633 aunum
512 5579 579 5631 trina
590 5587 703 5644 ceperat
713 5575 813 5640 spolia,
825 5614 832 5631 .
849 5574 959 5627 Primus

1005 442 1127 492 omniurn
1139 456 1223 509 eques
1234 453 1365 493 coronam
1378 436 1512 490 muralem
1524 447 1681 506 occeperat,
1695 438 1731 490 Vl
1744 442 1807 491 risl-

1004 523 1060 570 cas,
1073 508 1202 564 xxxvl!
1214 511 1295 572 dona,
1308 509 1397 561 xxltl
1406 508 1550 559 cicatrices
1562 510 1680 560 adverso
1689 523 1807 575 corpure

1004 585 1166 644 exceperat:
1188 578 1217 629 Ρ.
1231 578 1377 631 Servilium
1397 578 1559 644 nragistrum
1578 579 1700 698 eguitum
1714 593 1806 629 serra·

1004 654 1098 708 reret,
1117 648 1179 714 ipse
1199 647 1362 700 vulneratus
1383 645 1527 699 humerum
1545 663 1578 698 ac
1612 662 1704 700 entur:
1726 662 1809 714 super

1004 717 1107 778 omnia,
1130 715 1298 782 Capitolium
1322 731 1512 782 summamque
1532 730 1590 767 rern
1604 718 1633 767 in
1650 732 1684 769 eo
1701 718 1808 768 solusa

1004 785 1095 838 Gallis
1106 793 1276 846 serras-erat,
1287 784 1310 833 si
1323 801 1377 836 nun
1389 800 1474 853 regno
1484 800 1535 836 suo
1545 793 1692 838 servasset.
1703 788 1807 841 Verum

1004 862 1069 975 {unt
1078 857 1107 907 in
1118 853 1160 905 his
1171 853 1281 921 quidem
1293 855 1406 905 virtutis
1418 869 1503 921 opera
1513 868 1624 924 magna,
1639 854 1689 908 sed
1700 856 1808 908 maiora

1016 931 1145 977 ortunae.

1039 995 1079 1047 ΙΙΙ.
1092 993 1199 1061 Sergio,
1220 1000 1252 1043 ut
1271 991 1381 1059 quidem
1402 992 1538 1060 arbitror,
1557 1010 1639 1055 uerno
1651 1010 1806 1063 quenquam

1003 1063 1146 1116 hominum
1164 1063 1224 1114 iure
1246 1061 1424 1129 praetulerim
1445 1061 1514 1115 lirct
1535 1065 1810 1132 proneposCatilina

1004 1135 1121 1201 gratiam
1134 1130 1240 1184 nomini
1251 1131 1376 1198 deroget.
1394 1130 1520 1183 Secundo
1531 1134 1670 1201 stipendio
1682 1136 1808 1187 dextram

1003 1218 1115 1254 manum
1128 1201 1262 1269 perdidit:
1285 1199 1432 1268 stipendiis
1444 1199 1550 1253 duobus
1561 1212 1604 1254 ter
1619 1213 1648 1256 et
1657 1205 1742 1257 ricies
1753 1204 1809 1255 rul-

1005 1279 1120 1324 neratus
1131 1278 1188 1334 cst,
1211 1272 1246 1322 ob
1264 1270 1293 1321 id
1316 1275 1416 1321 neutra
1434 1285 1526 1333 uranu,
1547 1280 1646 1323 neutro
1658 1274 1727 1340 pede
1738 1274 1808 1324 satis

1004 1342 1096 1394 utilis:
1116 1356 1171 1392 uno
1183 1345 1291 1392 tantum
1303 1355 1399 1401 serto,
1419 1339 1546 1405 plurimis
1558 1348 1655 1406 postes
1666 1343 1809 1410 stipendiis

1005 1411 1107 1464 debilis
1119 1410 1207 1462 miles.
1228 1409 1277 1460 llis
1289 1411 1323 1461 ab
1334 1408 1491 1461 llarmibale
1505 1416 1612 1476 captus,
1623 1415 1724 1477 (neque
1738 1414 1810 1462 enim

1005 1497 1066 1533 cum
1087 1480 1213 1547 quolibet
1235 1476 1316 1530 hoste
1332 1494 1377 1530 res
1393 1478 1470 1540 fuitt)
1490 1478 1534 1529 bis
1555 1478 1727 1530 vinculorum
1750 1481 1810 1533 eius

1005 1549 1155 1618 profugus,
1176 1546 1230 1600 XX
1241 1548 1382 1600 mensibus
1393 1547 1470 1598 nullo
1482 1562 1536 1598 non
1548 1545 1593 1599 dic
1606 1548 1633 1598 in
1645 1548 1751 1599 catenis
1761 1557 1809 1599 aut

1005 1618 1184 1687 compedibus
1205 1617 1370 1670 custoditus.
1407 1616 1527 1668 Sinistra
1539 1630 1622 1668 ntanu
1641 1616 1805 1683 solaquater

1006 1689 1147 1757 pugnavit,
1160 1686 1268 1739 duobus
1276 1689 1354 1753 equis
1365 1686 1503 1737 insidente
1515 1701 1549 1738 eo
1561 1685 1695 1738 suffossis.
1733 1685 1809 1738 Dex-

1003 1767 1076 1811 tram
1096 1757 1151 1809 sibi
1172 1754 1292 1809 ferream
1310 1756 1393 1818 fecit,
1414 1772 1448 1807 ea
1468 1770 1502 1807 ue
1519 1755 1641 1822 religata
1650 1753 1812 1823 proeliatus,

1006 1831 1169 1881 Cremonam
1178 1825 1445 1887 obsidionecxemit,
1478 1824 1624 1877 iacentium
1636 1831 1811 1877 tutatusest:

1005 1895 1137 1950 duodena
1148 1902 1240 1948 castra
1250 1895 1370 1947 hostium
1382 1896 1409 1946 in
1422 1894 1517 1946 Gallia
1528 1897 1613 1962 cepit:
1636 1909 1706 1962 quae
1718 1897 1813 1947 omnia

1005 1982 1038 2021 ox
1051 1963 1500 2031 orationeeiusapparent‚habita
1511 1979 1573 2016 cum
1584 1965 1613 2014 in
1626 1972 1757 2031 praetura
1766 1978 1811 2014 sa·

1005 2037 1059 2090 cris
1070 2041 1215 2088 arceretur
1224 2035 1379 2101 acollegis,
1397 2042 1429 2085 ut
1440 2033 1552 2085 debilis.
1589 2036 1665 2097 Quos
1676 2033 1720 2085 hic
1732 2046 1811 2084 coro-

1004 2121 1103 2158 narum
1116 2119 1230 2157 aecrros
1242 2110 1449 2157 constructurus
1457 2101 1538 2155 hoste
1549 2101 1677 2154 mutatui
1699 2102 1810 2154 Etenim

1003 2177 1154 2244 plurimum
1176 2174 1272 2235 refert,
1291 2176 1320 2225 in
1336 2189 1407 2255 quae
1429 2173 1562 2240 cuiusque
1578 2173 1668 2224 virtus
1687 2177 1813 2240 tempora

1004 2244 1143 2297 inciderit.
1180 2247 1255 2308 Quas
1272 2244 1376 2296 'frebta
1388 2243 1541 2294 Ticinusre
1558 2248 1607 2294 aut
1623 2243 1813 2310 'l'rusymenus

1006 2316 1108 2370 civicas
1124 2311 1246 2366 dederet
1268 2311 1346 2374 Quae
1358 2314 1460 2364 Cannis
1480 2327 1584 2364 corona
1599 2310 1717 2363 merita!
1738 2311 1812 2364 unde

1005 2385 1113 2453 fugisse
1124 2384 1239 2434 virtutis
1249 2396 1387 2433 summum
1399 2397 1469 2448 opus
1481 2381 1544 2434 fuit.
1581 2380 1673 2434 Ceteri
1685 2379 1811 2448 profecto

1005 2458 1125 2507 victores
1138 2449 1279 2505 hominum
1290 2449 1369 2504 fuere
1377 2485 1387 2514 ,
1409 2450 1522 2518 Sergius
1537 2450 1606 2504 ricit
1623 2450 1708 2504 etiarn
1721 2450 1810 2505 fortu-

1005 2539 1078 2575 nam.

1041 2591 1128 2642 XXX.
1147 2590 1324 2658 ingeniorum
1341 2590 1450 2658 gloriae
1465 2592 1526 2654 quis
1536 2589 1625 2656 possit
1640 2603 1724 2656 agere
1735 2589 1810 2640 dele·

1007 2666 1091 2722 ctum,
1104 2674 1153 2725 per
1164 2668 1208 2712 tot
1220 2659 1432 2724 disciplinarum
1444 2672 1558 2723 genera,
1571 2665 1599 2710 et
1605 2665 1710 2708 tantam
1718 2670 1811 2708 rerum

1006 2742 1176 2796 operumque
1197 2726 1385 2779 verietatemi
1417 2724 1480 2776 Nisi
1506 2724 1580 2778 forte
1599 2726 1724 2778 Homero
1747 2737 1812 2777 rate

1006 2798 1115 2852 Graeco
1127 2796 1233 2849 nullum
1245 2794 1355 2847 felicius
1368 2793 1512 2847 exstitisse
1523 2796 1661 2857 convenit,
1679 2794 1738 2845 sire
1750 2809 1813 2860 ope·

1005 2869 1045 2921 ris
1056 2868 1171 2919 fortuna
1180 2866 1239 2918 sire
1250 2865 1369 2917 materia
1379 2864 1553 2915 aestimetur.
1588 2865 1685 2931 ltaque
1695 2865 1813 2917 Alexan·

1007 2937 1056 2990 der
1067 2937 1197 3004 Magnus,
1209 2936 1323 2998 (etenim
1334 2933 1489 3000 insignibus
1500 2932 1812 3000 iudiciisoptimeeitra.

1006 3022 1059 3074 que
1071 3006 1204 3057 insidiam
1215 3011 1272 3055 tam
1291 3002 1412 3070 superba
1422 3016 1539 3054 censura
1554 3003 1724 3070 peragetur,)
1739 3002 1813 3053 inter

1005 3074 1183 3143 spoliaDarii
1191 3072 1336 3124 Persarum
1349 3073 1425 3140 regis
1436 3076 1641 3139 unguentorum
1652 3072 1755 3121 scrinio
1768 3085 1812 3123 ca·

1005 3150 1069 3211 pto,
1091 3143 1166 3211 qnod
1186 3150 1247 3193 erut
1267 3158 1336 3194 auro
1353 3140 1525 3210 gemmisque
1537 3154 1571 3190 ac
1580 3138 1740 3207 margaritis
1752 3153 1812 3204 pre·

1005 3214 1124 3274 tiosum,
1144 3211 1236 3264 svarios
1257 3212 1317 3264 eius
1339 3226 1405 3261 usus
1425 3210 1523 3262 enticis
1544 3207 1811 3271 demonstrantibus,

1005 3280 1127 3350 (quando
1139 3281 1273 3333 taedebat
1283 3280 1422 3351 unguenti
1432 3278 1597 3334 bellatorem
1607 3286 1636 3333 et
1644 3280 1746 3333 militia
1754 3295 1812 3331 sor·

1005 3351 1111 3411 didum)
1121 3353 1206 3402 immo
1218 3347 1346 3413 hercule,
1364 3352 1468 3420 inquit,
1490 3352 1624 3403 librorum
1636 3350 1754 3401 liomeri
1767 3364 1811 3401 cu·

1005 3421 1115 3474 stodiae
1126 3420 1221 3476 detur:
1232 3429 1263 3474 ut
1275 3422 1508 3490 pretiosissimum
1520 3418 1635 3473 humani
1646 3418 1730 3471 animi
1742 3433 1759 3468 ο
1780 3434 1813 3469 us

1006 3507 1088 3563 quum
1101 3494 1220 3545 nraxirne
1230 3491 1309 3544 diriti
1321 3506 1406 3559 opero
1415 3497 1582 3541 serraretur.
1618 3487 1686 3540 ltem
1699 3487 1747 3538 Pin
1770 3500 1811 3537 art

1007 3565 1078 3616 ratis
1089 3563 1213 3615 familiae
1224 3561 1425 3627 penatibusque
1437 3559 1520 3611 iussit
1531 3557 1617 3626 perci,
1627 3573 1689 3609 cunr
1701 3555 1813 3609 Thebas

1007 3639 1129 3702 caperet.
1166 3631 1327 3685 Aristotelis
1349 3628 1512 3695 Philosophi
1519 3627 1651 3709 patriam
1671 3626 1810 3680 condidit:

1006 3710 1156 3773 tantaeque
1166 3700 1390 3754 rerumclaritati
1400 3698 1810 3768 tambenrgnumtestinmnium

1006 3774 1127 3825 miscuit.
1565 3796 1570 3805 .

1040 3839 1200 3895 Archilocbi
1210 3846 1311 3908 poetae
1320 3838 1516 3893 interfectores
1526 3836 1626 3904 Apollo
1638 3837 1732 3905 arguit
1743 3835 1810 3887 Dei-

1007 3912 1076 3981 phis.
1099 3910 1275 3978 Sophoclem,
1292 3912 1391 3979 tragici
1403 3907 1531 3963 cothurni
1541 3906 1701 3973 principem,
1711 3904 1810 3958 defun·

1007 3988 1081 4033 etum
1093 3980 1205 4047 sepeliri
1216 3981 1303 4033 Liber
1312 3981 1399 4033 Pater
1410 3978 1507 4041 iussit,
1530 3976 1723 4027 obsidentibus
1734 3989 1809 4026 nioe-

1007 4052 1054 4104 nia
1064 4051 1312 4113 Lacedaemoniis,
1332 4048 1480 4117 Lyserrdro
1493 4060 1588 4099 eorum
1604 4060 1669 4112 rege
1681 4043 1707 4093 in
1719 4042 1811 4108 quiete

1008 4123 1117 4190 saepius
1128 4120 1279 4183 admonito,
1292 4127 1323 4171 ut
1334 4125 1479 4185 pateretur
1491 4114 1600 4167 humari
1610 4112 1726 4164 delicias
1737 4125 1810 4161 suas.

1007 4191 1166 4260 Requisirit
1177 4203 1244 4252 rex,
1264 4192 1326 4255 quis
1338 4201 1498 4255 supremum
1517 4184 1589 4236 diem
1601 4181 1716 4233 Athenis
1727 4179 1809 4232 obiis-

1007 4267 1065 4314 sctz
1077 4275 1127 4312 nec
1137 4258 1285 4310 difficulter
1297 4273 1331 4309 ex
1342 4258 1386 4319 iis,
1398 4271 1476 4322 quem
1488 4253 1556 4304 deus
1567 4251 1759 4316 significasset,
1771 4249 1810 4301 in·
1822 4266 1826 4279 ·

1007 4330 1135 4390 tellexit3
1147 4341 1296 4394 pacemque
1308 4326 1398 4378 funeri
1410 4324 1496 4376 dedit.

1042 4398 1142 4451 xxxi.
1162 4396 1284 4458 Platoni,
1293 4394 1449 4460 sapientise
1460 4389 1591 4453 antistiti,
1602 4386 1755 4456 Dionysius
1765 4397 1811 4456 ty-

1008 4484 1120 4529 rannus,
1134 4467 1204 4518 alias
1215 4463 1351 4517 saevitiae
1361 4461 1559 4529 superbiaeque
1569 4464 1660 4521 natus,
1681 4461 1811 4511 vittatam

1009 4552 1105 4590 narem
1117 4537 1194 4587 uehit
1204 4535 1329 4587 obuiam:
1353 4533 1414 4598 ipse
1423 4529 1566 4597 quadrigis
1582 4527 1655 4580 albis
1666 4529 1811 4596 egredien.

1009 4621 1064 4660 tem
1076 4607 1104 4657 in
1116 4604 1198 4657 litore
1209 4604 1328 4670 excepit.
1365 4599 1470 4668 Viginti
1487 4597 1603 4651 talentis
1614 4612 1697 4649 unam
1709 4599 1812 4649 oratio·

1009 4691 1070 4729 nent
1082 4675 1218 4727 leocrates
1229 4671 1360 4726 vendidit.
1395 4669 1544 4723 Aeschines
1554 4664 1732 4720 Atheniensis
1738 4680 1811 4718 srrnr·

1008 4761 1069 4799 ntus
1077 4752 1183 4806 orator,
1195 4756 1258 4797 eum
1266 4743 1483 4803 accusationem,
1494 4737 1729 4806 qualueratusus,
1739 4734 1813 4787 ltno-

1011 4817 1064 4871 diis
1076 4816 1200 4881 legisset,
1221 4811 1291 4880 legit
1302 4817 1331 4864 et
1341 4810 1528 4864 defensionem
1539 4804 1747 4867 Dsnrosthenis,
1758 4819 1813 4871 que

1010 4886 1037 4937 in
1050 4884 1120 4936 illud
1132 4880 1484 4950 pulsusfuerutexsiliunr=
1504 4876 1732 4942 mirantibusque,
1753 4883 1812 4925 tum

1010 4954 1099 5020 magis
1109 4952 1197 5004 fuisse
1207 4953 1358 5003 miraturos
1367 4950 1448 5011 dixit,
1460 4949 1485 5001 si
1496 4949 1586 5015 ipsum
1598 4951 1725 4997 orantem
1736 4943 1813 4995 audi·

1009 5026 1132 5085 clarente
1150 5022 1180 5073 in
1197 5021 1357 5074 calamitate
1379 5021 1460 5072 testis
1480 5020 1577 5083 ingens
1595 5013 1686 5067 faetus
1696 5011 1813 5065 inimici.

1009 5091 1201 5160 Thucydidem
1223 5092 1420 5158 imperatorem
1434 5086 1616 5140 Athenienses
1636 5084 1665 5134 in
1682 5081 1812 5135 exsilium
1852 5094 1856 5103 ·

1011 5177 1103 5231 egere,
1125 5175 1216 5213 rerum
1229 5161 1404 5213 conditorem
1419 5168 1601 5213 revocaverat
1621 5151 1813 5219 eloquentiam

1011 5231 1114 5291 mirati,
1123 5228 1202 5280 cuius
1209 5230 1341 5281 virtutem
1351 5228 1560 5281 damnaverant.
1576 5223 1708 5290 Magnum
1715 5230 1744 5273 et
1754 5219 1811 5294 ΙΙΙ·Ι

1011 5300 1118 5352 nand-rc
1130 5299 1158 5349 in
1170 5299 1276 5351 comico
1288 5313 1371 5352 socco
1386 5296 1577 5348 testimonium
1588 5306 1684 5359 regum
1694 5291 1813 5363 Acervo

1012 5376 1040 5422 ct
1049 5366 1231 5419 Macedoniae
1242 5368 1372 5435 contigit,
1389 5366 1477 5416 classe
1488 5375 1517 5415 et
1529 5377 1580 5429 per
1589 5361 1698 5428 legato·
1709 5358 1813 5417 pe⁰i⁰=

1011 5438 1102 5489 maius
1122 5450 1158 5489 ex
1176 5436 1249 5505 ipso,
1268 5437 1362 5504 regiae
1383 5434 1515 5487 fortunae
1526 5431 1651 5500 praelata
1667 5426 1812 5474 literarum

1012 5507 1192 5558 conscicntia.

1046 5574 1215 5629 Perhibuere
1234 5574 1388 5626 ctltomani
1403 5584 1534 5639 proceres
1547 5566 1630 5617 etiam
1650 5556 1753 5609 exteris
1771 5563 1811 5607 te-
