4374 6014
338 308 371 371 C.
397 302 549 369 PblNll
574 252 781 365 sacuam
808 304 977 367 Nd'l'UR.
1001 304 1194 371 HlSTOR.
1232 307 1317 370 uta.
1342 252 1493 371 XXXV.
1526 309 1618 375 CAP.
1647 313 1698 376 36.
1771 315 1838 380 397

183 467 294 517 starem
305 463 333 512 et
343 455 497 519 Pollucem,
509 470 569 509 cnm
582 453 989 511 VictoriaetAlexaadrnhia·
1043 458 1172 527 picturae
1192 462 1292 526 qnater
1312 458 1436 512 colorem
1444 460 1568 525 induxit,
1585 462 1712 518 subsidio
1721 463 1842 522 iniuriae

185 546 253 601 gno:
275 531 342 581 item
353 526 421 578 belli
432 527 592 592 imaginem,
610 528 748 580 restrictis
758 527 795 578 ad
806 535 887 597 terga
899 528 987 579 manl·
1044 536 1072 583 et
1081 530 1242 591 vetustatis,
1262 536 1294 580 ut
1306 528 1458 582 decedente
1468 534 1611 598 superiore
1621 533 1738 587 inferior
1747 551 1840 590 succe·

186 604 248 663 buc
260 597 416 653 Alexandro
429 596 457 647 in
468 610 549 647 curru
562 595 757 661 uiunrphante.
772 598 847 658 Quas
857 604 988 664 utrasque
1043 598 1131 651 deret.
1142 598 1195 649 Est
1206 598 1233 649 iu
1245 613 1279 650 ea
1288 600 1365 649 canis
1377 602 1446 653 mire
1452 599 1551 662 laetius,
1559 606 1590 652 ut
1601 617 1680 668 quem
1688 605 1839 670 paritercao

186 670 300 724 tabulas
314 666 401 717 Divus
412 668 552 733 Augustus
572 665 602 714 iu
619 664 683 717 Furi
705 670 748 717 sni
768 667 895 732 partibus
913 668 986 719 cele·
1040 674 1125 721 susat
1134 682 1179 718 ars
1192 667 1321 734 pinxerit.
1333 668 1394 720 Non
1406 669 1551 721 iudicabat
1562 684 1593 721 se
1604 673 1759 739 exprimere
1770 676 1796 725 in
1806 687 1840 727 so

188 738 320 794 berrimis
342 735 484 786 dicaverat
504 732 683 800 simplicitate
704 734 859 789 moderata.
900 736 988 789 Divus
1033 750 1167 804 ,spumam
1180 734 1335 788 anhelantis
1347 752 1437 803 posse,
1446 754 1506 790 cum
1517 739 1545 788 in
1557 740 1665 806 reliqua
1676 744 1748 793 corni
1761 748 1842 811 parte

189 807 321 864 Claudius
335 804 423 873 pluris
434 803 613 865 existimarit,
633 805 661 855 in
673 805 799 873 utrisque
811 806 905 859 excisa
916 805 989 859 facie
1042 806 1127 874 (quod
1137 804 1329 857 difficillimam
1342 811 1414 869 erat)
1428 807 1482 858 sibi
1493 808 1553 874 ipse
1564 808 1756 863 satisfecisset.
1775 813 1839 865 Dis·

187 874 350 938 Alexandri,
360 873 425 925 Diri
434 874 707 942 Augustiimaginem
718 876 845 930 subdere.
856 875 988 929 Eiusdem
1042 876 1165 943 plicabat
1174 883 1266 928 autem
1279 876 1404 943 arsipsa,
1421 892 1472 928 nec
1484 876 1569 927 nrinui
1582 885 1707 943 poterat,
1727 882 1841 933 stride·

189 948 363 1001 arbitrantur
373 957 456 994 manu
468 957 529 995 esse
540 950 568 995 et
579 943 608 994 in
616 945 755 998 Antoniae
766 953 822 998 tem
843 947 871 999 lo
882 947 987 999 llereu·
1042 946 1126 998 batur
1136 945 1231 1009 nimia,
1241 961 1275 1011 ac
1286 944 1397 1013 longius
1408 961 1425 998 a
1437 946 1556 998 veritate
1569 945 1721 1010 discedere,
1733 960 1841 1015 sponsa·

194 1018 248 1072 lem
260 1027 387 1068 aversum
397 1031 402 1062 :
414 1019 455 1073 ut,
467 1010 538 1079 quod
550 1018 592 1065 est
603 1012 806 1080 difficillimum,
817 963 916 1068 tisciem
930 1019 989 1068 eius
1043 1031 1096 1083 que
1107 1013 1159 1065 illa
1169 1015 1253 1082 pingi,
1272 1029 1328 1066 non
1339 1031 1373 1068 ex
1384 1028 1432 1067 ore
1443 1016 1529 1077 nasei,
1545 1016 1628 1068 anxie
1641 1020 1724 1068 animi
1736 1020 1842 1070 crucia·

189 1083 321 1140 ostendat
335 1082 426 1135 verius
436 1081 556 1148 pictura,
573 1098 653 1150 quarn
664 1086 820 1152 promittat.
855 1084 950 1137 Pinxit
960 1090 988 1137 et
1043 1092 1082 1149 tu,
1093 1099 1155 1136 cum
1168 1084 1197 1135 ln
1208 1084 1422 1152 picturarerum
1434 1100 1505 1149 esse,
1515 1100 1570 1136 non
1580 1087 1733 1139 verisimile
1743 1087 1840 1140 vellet:

154 1160 157 1165 ‘
188 1155 277 1211 beroa
289 1150 405 1205 nudum:
425 1166 514 1221 eaque
525 1153 635 1218 pictura
646 1161 774 1207 naturam
785 1154 874 1222 ipsam
886 1168 987 1222 proro-
1044 1156 1214 1206 absterserat
1223 1157 1342 1221 saepius,
1360 1162 1570 1223 mutaveratque
1581 1156 1749 1222 penicillum,
1763 1157 1842 1209 nullo

188 1226 274 1280 cavit.
1043 1222 1126 1277 modo
1138 1224 1193 1276 sibi
1204 1225 1367 1292 approbans.
1383 1225 1528 1278 Postremo
1537 1224 1626 1277 iratus
1637 1223 1702 1288 arti,
1731 1226 1786 1277 uod
1797 1226 1843 1277 in-

226 1295 267 1349 17.
286 1293 338 1344 Est
348 1297 377 1344 et
389 1306 477 1358 equus
487 1290 556 1354 eius,
572 1291 630 1344 sire
641 1289 703 1355 fuit,
722 1292 813 1359 pietus
824 1291 852 1343 in
864 1290 991 1345 certami·
1043 1293 1228 1360 telligeretur,
1249 1295 1395 1363 spongiam
1411 1310 1472 1346 eam
1493 1296 1610 1362 impegit
1620 1243 1786 1348 inrischoco
1799 1301 1841 1348 ta·

189 1380 237 1418 ne:
250 1363 322 1432 quod
334 1362 469 1415 iudicium
481 1360 516 1412 ad
528 1368 620 1413 mutus
631 1361 993 1429 quadrupedesprcvocarit
1043 1363 1135 1425 bulae‚
1155 1370 1184 1416 et
1196 1363 1246 1416 illa
1256 1366 1379 1431 reposuit
1390 1364 1500 1417 ablatos
1510 1364 1628 1429 colores,
1645 1365 1766 1433 qualiter
1775 1379 1844 1417 cura

192 1432 406 1486 abhomlnibus.
437 1431 564 1497 Namque
576 1431 682 1483 ambitu
694 1431 818 1485 aemulos
830 1433 990 1499 praevalere
1045 1433 1743 1502 optabat:iecitqneinpictaraicrtunanaturam.
1779 1436 1843 1487 llcc

188 1504 322 1563 seruiens,
343 1499 514 1569 singulorum
536 1501 658 1567 picturas
677 1501 798 1554 inductis
810 1503 888 1569 equis
900 1507 990 1553 osten·
1045 1502 1174 1570 exemplo
1185 1504 1286 1556 similis
1297 1504 1461 1557 etb'ealcem
1472 1517 1615 1556 successus
1626 1506 1654 1555 in
1664 1519 1761 1572 spuma
1769 1504 1843 1572 equi,

189 1574 244 1628 dit:
255 1571 360 1639 Apellis
371 1578 478 1622 tanturn
488 1569 845 1638 equcadhinnivere,idquc
854 1580 881 1624 et
893 1578 992 1639 postea
1043 1572 1177 1625 similiter
1186 1573 1304 1643 spongia
1313 1575 1449 1642 impacta,
1461 1581 1575 1626 secutus
1585 1573 1696 1636 dicitur,
1709 1589 1771 1625 eum
1784 1576 1844 1642 pin·

189 1657 301 1708 semper
312 1642 387 1693 illius
398 1642 618 1707 experimentum
630 1642 699 1693 artis
710 1647 876 1693 ostentatur.
911 1640 990 1693 Fecit
1045 1648 1124 1709 geret
1144 1650 1325 1711 poppyzonta
1345 1644 1510 1697 retinentem
1533 1658 1642 1711 equum.
1679 1645 1781 1696 Canem
1801 1643 1844 1695 ita

189 1720 220 1767 et
229 1711 461 1778 Neoptolemum,
481 1724 596 1776 exequc
612 1711 869 1773 adsersusPersas,
891 1709 991 1762 Arche·
1046 1713 1217 1781 Protogenes
1237 1713 1406 1766 monstravit
1426 1720 1455 1765 et
1475 1712 1598 1766 fortuna.
1634 1711 1753 1781 Propter
1769 1711 1843 1765 hunc

187 1781 265 1835 larum
273 1796 334 1833 eum
346 1795 434 1832 uxore
445 1786 474 1832 et
485 1780 725 1849 lilia,Antig0num
738 1779 914 1833 thoracatum
928 1794 990 1829 eum

189 1866 263 1919 equo
275 1850 457 1902 incedentem.
486 1848 637 1902 Peritiores
647 1851 717 1902 artis
729 1848 891 1916 praeierunt
902 1848 991 1899 omni·

188 1922 241 1973 hus
253 1922 313 1972 eius
323 1918 453 1986 operibus
463 1916 580 1970 eundem
592 1934 686 1987 regem
703 1919 846 1970 sedentem
864 1918 891 1969 in
904 1932 988 1985 equo:

187 1989 306 2041 Dianam
319 1989 536 2040 sacrificantium
550 1988 685 2054 uirginum
696 1986 781 2038 choro
792 1989 919 2038 miamin:
932 1986 990 2052 qui·

188 2060 240 2113 hirs
257 2058 356 2111 :icisse
367 2058 484 2111 Homeri
501 2072 597 2108 versus
609 2057 718 2110 ridetur
732 2056 762 2107 id
776 2057 867 2123 ipsum
883 2054 988 2107 descri-

188 2129 291 2181 bentis.
328 2126 425 2180 Pinxit
435 2133 464 2180 et
476 2140 547 2193 quae
559 2126 633 2194 pingi
646 2142 700 2180 non
711 2132 838 2193 possunt,
855 2126 990 2186 tonitrus,

187 2196 378 2318 iulqetraque:
398 2197 532 2259 Bronten,
548 2197 696 2264 Astrapen,
706 2194 928 2250 Ceraunobolian
941 2208 989 2262 ap-

211 2267 235 2320 el
251 2273 308 2319 atat.

189 2281 208 2335 p
227 2334 267 2387 18.
287 2334 403 2387 lnrenta
415 2332 473 2385 eius
485 2338 514 2385 et
526 2334 627 2385 ceteris
639 2330 771 2398 proluere
781 2332 810 2383 in
821 2339 891 2383 arte.
903 2331 991 2382 Unum

188 2403 298 2458 imitari
309 2417 391 2455 :renio
402 2400 584 2469 1>otuit,quod
595 2400 727 2454 absoluta
738 2417 824 2469 opera
834 2408 991 2453 atramento

189 2474 317 2527 illicebat
327 2473 370 2525 ita
381 2473 467 2534 tenni,
485 2479 516 2523 ut
527 2471 555 2522 id
568 2473 658 2537 ipsum
670 2485 834 2537 repercussu
847 2472 991 2523 claritates

190 2544 318 2598 colorum
329 2542 477 2605 excitaret,
492 2540 701 2606 custodiretque
714 2555 732 2590 a
743 2540 856 2606 pulvere
866 2546 894 2592 et
904 2537 993 2592 sordi·

189 2614 259 2676 hus,
278 2610 314 2662 ad
326 2625 438 2661 nannum
450 2609 572 2662 intuenti
582 2608 691 2661 deorum
704 2615 861 2677 appareret.
899 2608 953 2661 Sed
964 2616 993 2662 et

191 2697 253 2733 essm
271 2680 382 2731 ratione
398 2694 513 2747 inagna:
536 2694 570 2731 ne
585 2680 708 2730 colorum
720 2681 834 2732 claritas
846 2678 991 2730 oculorum

189 2752 278 2804 aciem
289 2747 460 2810 offenderet,
480 2747 566 2801 veluti
578 2763 629 2817 per
638 2749 757 2816 lapidem
768 2749 939 2816 specularem
952 2749 992 2800 in·

189 2821 336 2876 tuentibus
349 2835 364 2873 e
375 2819 542 2888 longinquo:
563 2825 591 2870 et
603 2817 702 2871 eadem
723 2834 770 2873 res
789 2819 870 2871 niaris
883 2817 992 2887 heridis

187 2891 332 2947 coloribus
344 2890 538 2942 austeritatem
550 2888 660 2941 occulte
672 2890 762 2941 daret.

228 2960 269 3013 lo.
298 2958 428 3025 Aequalis
450 2961 508 3011 eius
528 2957 583 3011 tuit
602 2957 738 3017 Aristides
760 2953 920 3010 Thebanus.
965 2957 992 3009 ls

188 3029 313 3084 omnium
334 3029 440 3096 primus
452 3029 573 3081 anianum
593 3028 698 3097 pinxit,
719 3033 748 3081 et
762 3042 860 3081 sensus
872 3025 992 3079 hominis

189 3100 337 3166 expressit,
358 3114 430 3167 quae
441 3106 543 3151 vocant
554 3099 654 3151 Graeci
667 3097 744 3151 ether
765 3098 831 3149 item
847 3095 991 3162 perturba·

186 3169 291 3223 tionem
304 3168 401 3221 durior
431 3169 497 3220 aula
508 3168 537 3220 in
549 3168 700 3221 coloribus.
717 3170 808 3221 Huius
819 3167 929 3234 pictura
940 3174 992 3227 est,

188 3237 379 3308 eppidncaptc
391 3183 429 3292 ad
438 3238 538 3291 matris
549 3232 838 3292 morientiserulnere‘
846 3250 990 3289 nrmrmam

187 3309 326 3375 adrepens
336 3306 441 3360 inians:
463 3309 686 3376 intelligiturque
700 3312 804 3361 sentire
819 3313 947 3359 meteret
959 3305 992 3356 ti-

141 3376 149 3387 ’
186 3393 281 3439 mere,
303 3391 338 3428 ne
350 3382 480 3427 emcrtuo
490 3377 564 3430 lacte
574 3378 739 3446 sanguinem
750 3376 865 3430 lambat.
901 3374 1012 3436 Quam'

187 3446 317 3503 tabulam
334 3444 492 3496 Alexander
508 3447 626 3511 blagnus
647 3447 831 3497 transtulerat
843 3443 947 3496 Pellam
964 3440 992 3491 in

186 3518 310 3588 patriam
330 3530 417 3568 suam
455 3515 529 3565 idem
552 3515 643 3581 pinxit
663 3513 799 3581 proelium
817 3527 879 3564 cunr
892 3510 993 3571 Persis,

187 3594 300 3642 centum
312 3583 438 3636 hoorines
449 3600 483 3636 ea
495 3583 591 3634 tabula
602 3584 779 3648 complexus,
799 3590 953 3647 pactusque
963 3578 992 3631 iu

187 3657 318 3723 singulos
329 3667 408 3706 ornas
420 3652 506 3705 denas
519 3649 993 3718 styrannclilatensiumlllnasone.

186 3726 285 3781 Pinxit
296 3731 325 3778 et
336 3730 481 3776 currentes
493 3720 652 3789 quadrigas,
672 3727 701 3773 et
713 3719 915 3785 supplicantem
928 3732 993 3784 pae-

187 3814 224 3850 xsc
235 3810 297 3848 cuns
307 3809 390 3846 roca:
405 3800 434 3843 ct
444 3799 591 3843 venatores
604 3805 665 3842 cum
679 3795 809 3856 captura:
820 3795 849 3841 et
859 3789 993 3840 Leontio·

1044 1781 1178 1847 lalysum,
1188 1798 1222 1834 rae
1233 1790 1369 1836 cremaret
1379 1783 1488 1835 tabulas
1497 1781 1658 1835 Demetrius
1669 1796 1796 1847 rex,eum
1807 1782 1843 1835 ab

1044 1866 1078 1903 es
1089 1857 1169 1917 parte
1180 1851 1242 1902 sola
1252 1860 1347 1919 posset
1359 1852 1486 1905 Rhodum
1499 1866 1612 1919 capere,
1632 1867 1687 1903 non
1702 1852 1843 1904 incendit:

1045 1926 1259 1986 parcentemque
1271 1923 1396 1987 picturae
1406 1922 1479 1989 fugit
1489 1921 1600 1973 occasio
1611 1920 1753 1975 victoriae.
1773 1923 1846 1974 Erat

1044 1994 1110 2039 tunc
1121 1989 1294 2056 Protogenes
1304 1992 1333 2042 in
1344 1993 1503 2043 suburbano
1518 1989 1631 2042 hortulo
1642 2006 1710 2052 suo,
1729 1988 1783 2042 hcc
1792 1996 1845 2051 est,
1942 2014 1947 2021 ·

1045 2056 1184 2110 Demetrii
1195 2059 1304 2110 castris.
1341 2058 1438 2126 Neque
1449 2058 1647 2125 interpellatus
1669 2056 1782 2124 proeliis
1802 2058 1844 2109 in·

1045 2126 1147 2179 ehoata
1156 2142 1242 2194 opera
1252 2127 1400 2180 intermisit
1411 2131 1541 2179 nornine:
1562 2128 1615 2180 nisi
1626 2129 1732 2179 accitus
1748 2140 1845 2195 arege

1044 2199 1295 2265 interrogatusqne,
1311 2214 1366 2267 qua
1377 2196 1478 2248 liducis
1487 2205 1568 2249 extra
1577 2211 1671 2248 muros
1681 2202 1787 2265 ageret,
1798 2211 1843 2250 re·

1044 2266 1171 2333 spondit,
1193 2267 1265 2320 scire
1276 2282 1306 2319 se
1317 2284 1378 2320 cunr
1388 2266 1507 2319 Rhodiis
1516 2266 1560 2318 illi
1569 2266 1675 2319 bellum
1688 2283 1768 2331 esse,
1787 2281 1845 2319 non

1046 2352 1105 2387 curn
1118 2335 1235 2388 artibus.
1255 2335 1401 2404 Disposuit
1412 2351 1479 2403 ergo
1492 2351 1540 2387 rex
1551 2336 1579 2387 in
1592 2337 1708 2389 tutelam
1720 2336 1779 2389 eius
1789 2342 1845 2390 sta·

1045 2406 1145 2468 hones,
1167 2403 1291 2472 gaudens
1303 2406 1376 2473 quod
1388 2411 1483 2471 posset
1495 2419 1590 2456 manus
1601 2420 1724 2468 serrare,
1743 2406 1846 2472 quibus

1045 2474 1100 2525 inm
1124 2481 1302 2540 pepercerat:
1323 2482 1352 2526 et
1373 2489 1408 2524 ne
1423 2474 1538 2541 saepius
1549 2478 1690 2536 avocaret,
1709 2473 1786 2525 ultro
1807 2473 1846 2526 ad

1046 2559 1108 2595 curn
1122 2542 1198 2594 venit
1208 2541 1307 2605 hostis,
1316 2543 1477 2609 relictisque
1488 2543 1624 2594 uictoriae
1635 2557 1703 2594 suaa
1714 2543 1797 2604 sctis,
1805 2542 1846 2595 in·

1045 2618 1090 2665 ter
1100 2626 1178 2663 arma
1192 2618 1221 2663 et
1232 2626 1372 2663 murorum
1383 2610 1456 2661 ictus
1466 2612 1604 2677 spectarit
1614 2611 1760 2663 artificem.
1793 2609 1844 2663 Se·

1046 2683 1196 2749 quitorque
1216 2676 1341 2733 tabulam
1362 2680 1422 2732 eius
1434 2682 1567 2747 temporis
1578 2679 1647 2732 haec
1658 2678 1744 2743 lama,
1769 2679 1846 2747 quod

1046 2767 1106 2804 ean:
1119 2750 1288 2818 Protogenes
1299 2752 1351 2803 sub
1361 2749 1456 2818 gladio
1468 2749 1597 2816 pinxerit.
1607 2747 1725 2817 Satyrus
1736 2747 1780 2800 hie
1791 2756 1846 2813 est,

1046 2836 1127 2887 quem
1138 2822 1374 2887 Anapauomenon
1385 2826 1496 2880 vocant,
1507 2817 1617 2887 nequid
1630 2817 1701 2872 desit
1711 2820 1846 2886 temporis

1046 2891 1106 2941 cius
1117 2891 1272 2953 securitati,
1283 2896 1423 2941 tenentem
1435 2887 1529 2939 tibias.
1566 2888 1644 2940 Fecit
1652 2895 1682 2942 et
1691 2888 1847 2956 Cydippen,

1045 2959 1247 3026 'l‘lepolemon,
1279 2958 1429 3011 Philiscum
1451 2957 1660 3025 tragoediarum
1679 2958 1846 3027 scriptorem

1045 3030 1236 3094 meditantem,
1257 3035 1286 3082 et
1297 3028 1447 3090 athletam,
1466 3033 1494 3079 ct
1506 3028 1671 3096 Antigonum
1683 3042 1794 3095 regem,
1816 3034 1847 3081 et

1045 3098 1197 3167 imaginem
1208 3101 1306 3151 matris
1317 3098 1474 3151 Aristotelis
1486 3095 1665 3164 Philosophi:
1687 3098 1734 3165 qui
1745 3098 1771 3150 ei
1782 3113 1847 3150 sua·

1045 3169 1129 3221 debat
1145 3176 1176 3220 ut
1186 3168 1336 3221 Alexandri
1351 3167 1448 3235 Magni
1470 3182 1555 3234 opera
1574 3168 1710 3234 pingeret,
1729 3173 1847 3235 propter

1045 3242 1238 3291 aeternitatem
1250 3253 1351 3291 rernm.
1387 3237 1509 3302 lmpetus
1521 3236 1604 3288 animi
1616 3242 1644 3287 et
1654 3237 1791 3303 quaedam
1802 3251 1847 3289 ar·

1046 3308 1083 3361 tis
1094 3309 1182 3360 libido
1194 3308 1221 3359 in
1233 3307 1301 3359 haec
1311 3306 1404 3371 potius
1415 3321 1476 3356 cum
1488 3305 1588 3357 tulere.
1617 3304 1774 3357 Nouissime
1786 3308 1847 3373 pin·

1045 3380 1089 3426 xit
1098 3376 1296 3437 Alexandrum,
1315 3388 1348 3425 ae
1359 3373 1450 3427 Pana:
1471 3372 1538 3425 iecit
1549 3378 1578 3426 et
1587 3375 1668 3441 signa
1679 3390 1713 3439 ex
1724 3390 1798 3438 sere,
1815 3380 1847 3427 ut

1045 3444 1176 3496 diximus.

1080 3512 1124 3565 at.
1133 3509 1236 3563 lisdem
1248 3515 1342 3563 aetate
1354 3508 1640 3577 luitAselepiodorua,
1649 3528 1729 3579 quem
1736 3513 1765 3565 in
1772 3529 1847 3581 sym·

1046 3582 1146 3634 oretria
1153 3579 1431 3646 mirabaturApelles.
1442 3581 1640 3647 lluicllinasun
1651 3590 1788 3649 tyrannus
1796 3599 1848 3651 pro

1046 3648 1256 3703 duodecinrdiis
1269 3648 1346 3701 dedit
1356 3649 1384 3700 in
1395 3650 1523 3719 singulos
1535 3651 1750 3703 nrnmtricenns:
1761 3653 1847 3706 idem·

1047 3738 1100 3790 que
1110 3720 1299 3772 Theomnesto
1310 3719 1337 3769 in
1347 3718 1470 3786 singulos
1483 3719 1583 3772 heroas
1595 3735 1672 3771 mnas
1684 3728 1824 3773 centenas.

1053 3847 1055 3851 ,
1080 3791 1124 3842 22.
1142 3790 1197 3841 iiis
1208 3790 1386 3841 annumerari
1397 3788 1479 3841 debet
1490 3787 1690 3851 Nicomachus,
1709 3791 1848 3843 Aristode·

187 3881 252 3918 narn
278 3864 427 3932 pictorem:
458 3869 487 3913 et
509 3862 741 3927 Anapauomcnea
761 3864 876 3926 propter
896 3856 993 3909 [ratris
1046 3859 1084 3911 mi
1095 3860 1170 3911 tilius
1182 3875 1215 3911 ac
1227 3858 1388 3925 discipulus.
1422 3858 1518 3911 Pinxit
1530 3856 1575 3911 hie
1585 3866 1693 3925 raptum
1706 3857 1847 3928 Proserpi·

188 3949 322 3989 amorem.
359 3931 574 3984 ltemLiberum
586 3938 703 3997 patrem,
725 3929 912 3990 etAriadnen,
932 3942 993 3994 spe-
1047 3946 1109 3993 nae,
1129 3928 1846 3998 qusetnbulnsuitinCapitolioinlllinerraedclu·

188 4011 283 4058 matos
302 4004 406 4054 Romae
426 4001 453 4051 in
469 4000 539 4052 aede
551 4000 672 4050 Cereris:
694 3998 869 4065 tragoedum,
891 4004 920 4049 et
929 4012 994 4064 pue·
1047 4001 1098 4053 bro
1109 4014 1193 4066 super
1203 3997 1358 4051 aediculam
1371 3998 1532 4049 luventatis.
1569 3995 1752 4048 litineodem
1766 4000 1847 4063 Capi-

186 4073 294 4136 rum,in
301 4069 453 4135 Apollinis:
464 4069 545 4119 euius
557 4067 672 4119 tabulae
683 4068 777 4135 gratia
787 4067 895 4119 interiit
906 4068 993 4133 picto·
1046 4069 1118 4120 tolio
1128 4068 1197 4129 elia,
1219 4082 1302 4134 quam
1313 4065 1433 4118 Plancus
1445 4068 1599 4134 imperator
1610 4072 1749 4131 posuerat,
1761 4066 1848 4115 ricto·

187 4145 230 4198 ris
243 4138 364 4200 inscitia,
372 4138 418 4188 cui
430 4136 593 4203 tergendam
604 4150 664 4186 cam
672 4134 994 4186 mandaveratM.lunius
1046 4140 1090 4187 ria
1101 4135 1302 4202 quadrigamis
1314 4135 1432 4186 sublime
1441 4136 1561 4202 rapiens.
1573 4133 1627 4183 llic
1640 4133 1743 4199 primus
1753 4132 1847 4200 Ulyssi

187 4209 368 4283 praetersub
380 4203 791 4270 dieludcrumdpollinarium.
806 4201 994 4267 Spectataest
1047 4202 1158 4255 addidit
1178 4204 1290 4269 pileum.
1326 4201 1424 4255 Pinxit
1445 4211 1473 4254 et
1492 4202 1649 4320 Apollinem
1670 4207 1699 4252 et
1717 4201 1846 4264 Dianam,

189 4280 259 4337 etin
271 4277 339 4331 aede
352 4275 434 4329 Fidei
455 4274 483 4325 in
496 4273 636 4340 Capitolio
656 4276 750 4341 imago
772 4271 847 4323 senis
859 4285 919 4321 cum
931 4270 994 4337 lyra
1047 4272 1184 4338 deumque
1205 4280 1322 4324 matrem
1341 4272 1369 4323 in
1389 4270 1470 4323 leone
1481 4287 1511 4323 se
1532 4276 1638 4322 entem:
1660 4270 1725 4321 item
1737 4270 1848 4323 nobiles

187 4345 454 4421 puerumdocentis.
494 4342 589 4394 Pinxit
601 4348 630 4394 et
640 4356 753 4409 aegrum
764 4341 823 4392 sine
836 4340 891 4392 line
901 4339 996 4391 lauda·
1046 4340 1172 4394 Bacchas
1194 4341 1399 4406 arreptnntibus
1423 4339 1548 4408 Satyris:
1570 4338 1756 4405 Scyllamque,
1775 4355 1848 4408 quaa

187 4431 261 4476 tum.
272 4418 334 4478 Qua
345 4416 372 4466 in
383 4421 445 4466 arte
456 4420 565 4464 tantum
577 4411 674 4474 valuit,
687 4418 718 4463 ut
729 4409 840 4462 Attalus
851 4425 901 4461 rex
913 4423 994 4461 unam
1047 4427 1119 4466 nune
1129 4418 1173 4463 est
1183 4409 1288 4461 Romae
1300 4409 1328 4459 in
1339 4408 1444 4475 templo
1452 4408 1541 4461 Pacis.
1554 4408 1612 4461 Nec
1623 4407 1799 4462 fortaliciis
1813 4426 1847 4467 ca

188 4486 316 4544 tabulam
329 4486 389 4538 eius
401 4489 510 4536 centum
523 4481 638 4535 talentis
649 4482 752 4532 ensisse
761 4478 899 4531 tradatur.
1047 4489 1110 4535 arte
1118 4479 1252 4532 velocior.
1288 4478 1415 4531 'l'radunt
1425 4493 1542 4545 nauaque
1555 4475 1721 4530 conduxisse
1733 4478 1847 4548 piqgea·

226 4559 271 4611 ac.
289 4554 387 4615 Simul,
409 4559 441 4605 ut
461 4549 566 4603 dictum
589 4556 642 4613 est,
662 4558 690 4602 et
700 4548 873 4616 Protogenes
888 4546 994 4601 lloruit.
1047 4553 1111 4604 dum
1119 4548 1298 4603 ahAristrstc
1307 4548 1499 4616 Sicyoniorum
1511 4547 1718 4616 tyranno,quod
1727 4548 1751 4599 is
1764 4549 1846 4603 iacie-

189 4626 290 4682 Patria
300 4625 329 4678 ei
339 4625 458 4685 Caunus,
469 4623 562 4691 gantis
575 4619 693 4672 Rhodiis
705 4619 858 4672 subiectae.
881 4618 995 4671 Summa
1046 4623 1097 4675 bat
1106 4618 1214 4673 Telesti
1225 4624 1336 4685 poetae,
1348 4624 1564 4679 monumentum,
1575 4616 1724 4683 praefinito
1737 4618 1792 4682 die,
1804 4620 1845 4672 in·

189 4692 529 4821 rihhilttllllll’
550 4690 995 4825 illzlltillitlt‘llt,lf
1046 4687 1847 4825 titali:..lentilli:telledtntlltrtt

189 4844 255 4891 tant
266 4841 406 4889 constare.
443 4832 561 4896 Quidam
584 4836 614 4883 et
630 4844 715 4882 nares
727 4793 947 4896 pinxisse’usque
958 4826 995 4879 ad
1047 4831 1130 4893 visse,
1139 4827 1285 4881 celeritate
1296 4835 1324 4879 et
1335 4835 1395 4880 arte
1406 4826 1486 4879 mira.
1507 4826 1666 4892 Discipulos
1678 4825 1776 4878 hahuit
1785 4828 1846 4881 Ari·

189 4922 294 4963 annrrm
315 4903 589 4973 quinquagesimum:
610 4906 801 4966 argumentum
823 4913 899 4960 esse,
919 4895 994 4964 quod
1047 4900 1148 4952 stidem
1167 4898 1292 4956 fratrent,
1303 4896 1505 4951 etAristcclem
1517 4895 1615 4958 lilium,
1624 4902 1652 4948 ct
1662 4895 1845 4949 Philoxenum

191 4972 569 5032 eumAthenisceleberrimo
581 4968 644 5021 loco
653 4969 796 5023 Minervae
807 4967 925 5020 delubro
933 4981 996 5034 pro·
1047 4970 1200 5030 Eretriam,
1218 4967 1297 5018 enisis
1308 4964 1403 5018 tabula
1414 4966 1500 5017 nullis
1511 4965 1705 5032 postferenda,
1727 4967 1844 5017 Cassan·

192 5046 315 5117 pylaeon
327 5036 462 5115 pingeret,
471 5038 723 5093 ubiieeitnnbilem
732 5038 869 5100 Paralum,
877 5039 996 5091 etllam·
1048 5038 1100 5091 drn
1120 5037 1181 5104 regi
1203 5036 1286 5104 picta.
1307 5037 1444 5087 continuit
1454 5033 1606 5087 Alexandri
1624 5035 1762 5101 proelium
1781 5049 1843 5086 cum

191 5116 337 5179 escalada,
348 5128 430 5182 quam
440 5111 553 5179 quidam
561 5109 726 5161 Nausicaam
740 5115 849 5171 vocant,
860 5106 996 5160 adiecerit
1049 5108 1146 5161 Dario.
1158 5105 1233 5159 ldem
1245 5104 1336 5171 pinxit
1349 5104 1500 5167 lasciviam,
1508 5107 1534 5156 in
1545 5119 1601 5172 qua
1611 5111 1670 5157 tres
1679 5103 1844 5157 Sileniccm-

192 5187 325 5256 parvulas
341 5180 637 5249 naveslengasiniis‚
657 5193 730 5245 quae
744 5178 865 5244 pictores
913 5191 995 5243 rerga
1048 5182 1214 5231 mersantur.
1250 5175 1305 5225 Hic
1325 5175 1498 5226 celeritatem
1519 5175 1709 5243 praeceptoris
1724 5178 1845 5228 secutus,

191 5255 353 5324 appellant:
376 5258 408 5302 ut
422 5255 571 5317 appareret
590 5249 726 5317 aquibus
745 5247 833 5298 initiis
854 5260 872 5296 a
902 5260 993 5297 arcem
1048 5249 1190 5300 breviores
1210 5244 1360 5297 etiamnum
1376 5243 1507 5312 quasdam
1526 5244 1651 5313 picturae
1664 5244 1845 5294 riasetcom·

191 5321 395 5381 ostentationis
406 5334 492 5385 opera
501 5333 553 5370 sna
564 5319 761 5386 pervenissent.
777 5315 901 5368 Palmam
912 5314 998 5367 hahet
1048 5314 1206 5384 pendiarias
1217 5314 1332 5366 inuenit.

191 5394 355 5449 tabularum
369 5389 567 5455 eiuslalysus,
589 5388 636 5454 qui
654 5394 697 5439 est
708 5386 827 5446 Romae,
847 5383 956 5436 dicatus
967 5383 996 5436 in
1082 5382 1129 5432 23.
1148 5384 1358 5435 Annunseratnr
1374 5381 1418 5435 his
1436 5389 1465 5436 et
1486 5379 1662 5448 Nicophanes
1682 5378 1796 5445 elegans
1815 5386 1845 5430 et

1311 5459 1321 5499 t
1342 5459 1486 5505 venustate
1506 5450 1532 5503 ei
1548 5448 1628 5517 pauci
1640 5455 1844 5514 comparentur.

1340 5519 1527 5579 aritasartis.
1566 5516 1846 5570 hlultumaZeuxide

1360 5582 1392 5605 2
1404 5585 1554 5653 ’ampulas
1563 5584 1698 5649 Perseus,
1718 5585 1753 5640 nd
1763 5602 1849 5659 quem-

192 5461 304 5530 templo
315 5458 408 5512 Pacis:
420 5472 501 5524 quem
513 5456 726 5523 compingeret,
744 5453 866 5507 traditur
876 5453 997 5505 madidis
1048 5475 1052 5488 ι

191 5533 302 5600 lupinis
312 5528 425 5589 vixisse,
436 5527 568 5593 quonism
579 5526 662 5578 simul
673 5525 775 5578 hmem
786 5526 957 5577 sustinerent
967 5529 999 5575 et

192 5603 283 5667 sitim,
303 5616 338 5654 ne
349 5611 447 5653 sensus
458 5596 546 5651 nimia
562 5592 709 5649 dulcedine
720 5594 887 5651 obstrueret·
921 5592 1000 5648 Huic
