4374 6014
341 313 405 375 aso
447 308 479 367 c.
502 304 653 371 raino
683 303 885 369 sscuuur
915 303 1082 367 norun
1111 262 1301 367 uteros.
1337 296 1424 365 ιιι.
1446 298 1617 365 xxxin
1655 300 1749 365 cre.
1770 304 1890 366 sr-so

343 462 404 519 redi
420 460 542 528 reliquit.
579 456 710 524 Idemque
722 471 782 509 cunr
796 454 830 509 tle
843 453 943 509 Poenis
954 453 1152 523 triunrphsret,

344 541 465 604 quatuor
476 526 566 581 inillia
576 525 756 595 cccbnxll.
767 526 805 577 nl.
816 525 910 592 pondo
922 524 1076 579 transtulit
1088 526 1151 579 llos

346 593 456 672 argenti
469 606 529 652 tots
540 594 679 663 Carthago
692 593 798 656 babuit,
821 597 872 647 illa
883 604 1020 648 terrorum
1031 595 1152 659 acutula,

347 682 418 743 quot
437 680 592 725 nreasnrum
606 672 705 731 postes
720 673 859 732 apparatu
877 665 964 718 ricta!
1000 664 1153 718 Nousarrtia

268 750 272 757 ⁴
348 741 460 811 quidem
481 738 583 796 deleta,
603 734 675 787 idem
688 733 837 791 Africanus
857 734 885 787 in
905 733 1045 802 triumpho
1057 734 1152 786 nolin-

347 815 400 869 bus
420 811 445 862 X
465 804 613 861 vlldedit.
649 805 673 854 0
691 804 765 855 riros
781 804 831 857 illo
854 807 1022 871 imperatore
1042 804 1152 871 dignos,

348 882 448 951 quibus
458 877 511 930 hoe
521 874 592 927 satis
603 872 669 925 fuit!
706 875 806 926 Frater
816 875 876 926 eius
886 873 1082 940 Allobrogicus
1095 873 1151 940 pri·

347 966 409 1007 rrius
427 948 550 1001 norisium
572 943 665 1010 pondo
686 943 763 997 mille
781 943 885 996 babuit.
920 945 955 995 At
973 944 1069 995 turios
1083 944 1153 995 Dru-

348 1036 395 1079 sus
411 1020 439 1070 in
456 1016 599 1071 tribunatu
616 1012 724 1080 plebis,
743 1014 778 1066 Χ.
814 1013 885 1064 Nam
903 1019 1017 1079 propter
1032 1015 1153 1080 quinque

347 1088 591 1159 postcummun
616 1099 633 1134 a
651 1084 813 1135 censoribus
830 1080 1026 1149 triumphalem
1048 1097 1153 1145 serrem,

347 1159 507 1217 fabulosum
522 1157 577 1207 iam
596 1152 715 1206 ridetur.
753 1155 823 1205 ltens
842 1152 1070 1215 Caturudelium,
1091 1168 1153 1204 curn

348 1228 438 1297 legati
449 1218 611 1278 Aetolorum
624 1224 653 1273 in
663 1222 810 1274 consulatu
826 1221 1007 1288 prandentem
1020 1223 1048 1274 in
1060 1221 1153 1274 lictili·

348 1300 401 1352 bus
413 1293 652 1356 adissentmissa
665 1291 700 1342 ab
717 1289 759 1341 liis
772 1306 837 1342 rasa
852 1298 987 1358 superstes
999 1306 1054 1344 uon
1073 1306 1152 1345 auce·

347 1368 435 1436 pisse,
445 1379 534 1432 neque
545 1362 626 1415 aliud
636 1360 767 1417 ambisse
779 1361 887 1429 argenti
898 1361 934 1412 ad
943 1375 1100 1428 supremum
1110 1359 1151 1410 ri·

347 1437 493 1498 taedians,
513 1447 593 1500 quatu
612 1430 668 1483 duo
684 1430 798 1498 portula,
821 1446 891 1496 quae
906 1430 939 1482 ls.
957 1430 1062 1483 Paulus
1073 1445 1154 1482 socer

350 1509 376 1562 ei
389 1506 426 1557 ob
440 1505 569 1555 uirtutem
581 1500 690 1552 derieto
702 1499 803 1553 Perseo
822 1515 887 1567 rege
898 1500 1040 1553 donasset.
1077 1501 1153 1552 lnre·

348 1578 442 1631 nimos
457 1575 566 1639 legatos
578 1568 849 1637 Carthaginiensium
870 1569 984 1635 dixisse,
995 1569 1088 1625 nullos
1103 1568 1152 1620 lio·

347 1644 454 1699 urinum
468 1642 541 1695 inter
555 1654 585 1690 se
600 1638 748 1707 benignius
764 1640 872 1702 virere,
905 1655 986 1706 quam
1003 1639 1153 1691 moranus.

347 1713 455 1773 Eodem
468 1711 541 1762 enirn
552 1718 670 1776 argento
681 1709 755 1776 apud
765 1725 860 1763 orrrnes
871 1710 1056 1763 coenitarisse
1067 1710 1153 1775 ipsos,

348 1784 385 1839 At
395 1779 521 1833 bercules
539 1777 699 1844 Pornpeium
721 1777 866 1833 Paulinum
886 1779 1063 1832 Arelatensis
1077 1779 1154 1842 equi·

349 1853 391 1904 tis
402 1849 520 1902 Rosrani
533 1848 629 1909 lilium,
662 1854 814 1914 aternoque
825 1855 910 1915 gente
921 1848 1058 1914 pellitam,
1099 1845 1152 1897 uod

346 1919 401 1973 Xll
415 1919 505 1984 pondo
518 1917 629 2036 asperti
642 1862 789 1971 habuisset
807 1917 880 1984 apud
899 1917 1061 1979 exercitum,
1079 1861 1154 1967 Sero·

349 1987 469 2041 cissimis
479 1987 556 2054 genti
578 2002 609 2037 us
621 1987 779 2054 oppositum
790 1988 902 2039 sanius.

385 2055 433 2107 ln.
452 2056 555 2107 Lectos
566 2070 633 2108 reru
649 2056 796 2109 mulierum
818 2055 872 2105 ism
885 2053 994 2122 pridem
1003 2059 1079 2104 batos
1089 2067 1154 2119 ope·

348 2123 401 2178 riri
411 2130 537 2189 argento,
559 2129 587 2174 et
599 2124 721 2175 triclinia
732 2123 876 2190 quaenam,
895 2123 996 2190 quibus
1007 2128 1154 2188 argrinum

349 2191 496 2247 addidisse
517 2190 623 2258 primos
643 2191 765 2243 traditur
786 2191 925 2245 Carvilius
947 2189 1048 2250 Pollio,
1070 2203 1154 2254 eques

349 2262 501 2322 llornanus,
519 2274 573 2310 non
585 2266 615 2310 ut
630 2259 762 2326 operiret,
781 2268 831 2312 aut
842 2260 959 2312 Deliaca
976 2260 1069 2325 specie
1079 2257 1154 2308 face·

349 2339 411 2391 ret,
431 2328 480 2381 sed
502 2326 650 2381 Punicana.
689 2329 792 2381 Eadem
813 2335 841 2381 et
860 2343 961 2380 aureos
983 2327 1059 2380 lecit.
1096 2326 1154 2378 Nec

349 2399 439 2452 stulto
461 2405 525 2465 post
546 2397 673 2518 urgherrtei
688 2397 819 2449 Deliacos
840 2397 945 2449 imitati
964 2406 1039 2449 sunt.
1074 2397 1155 2459 Quae

351 2469 580 2533 omniaexpiarit
610 2466 957 2521 ellnnreirilesnllaoum.

386 2532 446 2591 l.ll.
469 2536 556 2588 Paulo
566 2538 640 2587 enim
658 2545 723 2589 arrte
742 2535 898 2589 baecfaeta
913 2544 985 2598 sont,
1009 2536 1155 2602 lancesque

351 2624 367 2661 e
380 2606 503 2659 coritanis
515 2602 595 2657 libris
611 2604 741 2673 errand,
763 2622 831 2673 quas
847 2614 912 2659 lunc
926 2621 1011 2673 super
1021 2607 1155 2673 quingen·

350 2687 396 2729 tas
410 2691 524 2727 nunrero
535 2642 738 2735 Ruoraefuisse
751 2684 870 2739 cirristat,
890 2677 1048 2743 nsultusque
1059 2676 1095 2727 ob
1107 2689 1155 2726 eas

348 2748 531 2814 proscriptos,
551 2743 616 2797 ‹lolo
628 2745 889 2813 conscupiscentium.
924 2747 1098 2799 hebescunt
1109 2758 1155 2794 an·

349 2816 438 2877 noles,
456 2814 503 2881 qui
512 2813 616 2865 bellum
629 2815 710 2867 civile
721 2813 790 2865 illud
803 2816 906 2867 talibus
916 2816 994 2867 ritiis
1005 2817 1156 2882 imputare·

348 2898 390 2955 re.
426 2883 531 2936 Nostra
551 2890 630 2934 aetas
653 2883 756 2936 fortior
776 2885 844 2937 fuit:
868 2885 976 2937 Claudii
999 2884 1155 2951 principatu

348 2967 447 3013 uersus
456 2952 519 3006 eills
528 2950 706 3007 Drusilianus
718 2956 829 3007 noruine
842 2955 997 3016 llotundos,
1013 2952 1155 3019 dispensa·

347 3033 395 3079 tor
406 3020 560 3088 Hispaniae
573 3021 733 3085 citerioris,
755 3024 965 3093 quingenariam
985 3023 1091 3074 lancem
1108 3021 1154 3074 lra-

347 3093 424 3156 buit,
445 3092 488 3143 eui
502 3090 680 3144 fabricandae
692 3091 803 3149 cilicina
814 3094 891 3159 prius
902 3092 1087 3146 exaedificata
1098 3090 1155 3144 fue·

347 3171 408 3216 rat:
431 3169 460 3214 et
469 3161 588 3214 corrrites
599 3161 670 3223 eius,
692 3168 758 3213 octo
770 3158 1046 3213 DCCClslibrarum:
1070 3175 1155 3227 quae·

348 3247 391 3297 sn,
410 3237 444 3299 ut
458 3244 540 3298 quam
559 3231 640 3281 multi
654 3246 702 3283 eas
719 3232 845 3283 conserti
862 3232 922 3283 eius
939 3230 1085 3293 inferrent,
1107 3235 1156 3281 aut

348 3298 449 3371 quibus
470 3299 670 3353 coenantibnsl
707 3300 960 3369 Corneliuslllepos
971 3299 1068 3362 tradit,
1091 3309 1155 3352 ante

348 3371 445 3425 Sullae
456 3369 604 3424 victoriam
620 3368 676 3422 duo
695 3376 804 3423 tantum
815 3370 940 3423 triclinia
951 3370 1056 3423 Ronsae
1069 3368 1155 3422 fuisse

346 3449 492 3511 argentea.
528 3441 713 3508 depositoriis
726 3449 872 3510 argentum
884 3440 949 3492 addi
960 3457 1011 3492 sua
1022 3440 1157 3494 nrenroria

348 3518 499 3578 coeptum,
519 3509 695 3571 Fenestella,
716 3512 764 3575 qui
784 3512 855 3562 obiit
874 3511 1026 3563 norissima
1046 3510 1157 3561 'l'iberii

349 3579 480 3632 Caesaris
492 3578 658 3644 principatu.
690 3577 745 3630 Sed
757 3588 785 3632 et
796 3580 956 3635 testudinea
966 3588 1023 3633 turn
1036 3578 1063 3630 in
1075 3594 1154 3630 usum

347 3649 468 3699 rosisse.
504 3648 574 3698 Ante
585 3662 615 3697 se
627 3654 719 3698 sutem
731 3649 827 3715 poulo,
848 3651 950 3716 ligneo,
969 3646 1100 3711 rotunde,
1111 3662 1156 3698 sir·

347 3716 426 3768 lida:
447 3728 499 3764 nec
516 3713 605 3764 resulto
621 3714 737 3777 uraiora,
759 3731 842 3783 quarn
859 3733 968 3769 intensas
985 3719 1081 3770 fnisse.
1118 3714 1154 3769 Se

349 3784 461 3855 quidem
485 3795 580 3847 puero,
603 3782 750 3848 quadrata,
773 3796 801 3837 et
823 3794 982 3850 eorrrpacto,
1002 3795 1052 3837 aut
1072 3801 1153 3838 acero

349 3858 458 3921 operta,
480 3858 528 3905 aut
541 3850 613 3902 citro
626 3852 760 3918 crispisse.
796 3853 863 3905 mos
874 3853 998 3907 additum
1009 3861 1153 3921 regentum

348 3923 379 3973 iu
396 3919 516 3988 angulis,
536 3920 681 3988 lineasque
696 3936 747 3987 per
764 3923 970 3974 commissuras
1006 3924 1155 3991 'l‘ympana

347 4006 416 4044 cern
427 4007 458 4043 se
470 3989 569 4042 iurene
581 3990 727 4057 appellata
736 3999 868 4056 stateras,
877 4000 906 4045 et
916 3992 1020 4056 lances,
1030 4008 1098 4060 quas
1107 4007 1155 4045 an·

348 4060 420 4129 tiqui
434 4075 477 4111 nra
498 4059 557 4113 idas
568 4060 788 4127 appellaverant.

387 4130 458 4182 loll.
478 4076 536 4182 Sec
559 4129 641 4196 copia
663 4136 771 4182 tantum
792 4132 900 4197 argenti
917 4129 1004 4184 furuit
1016 4132 1082 4195 rita,
1103 4129 1152 4185 sed

347 4200 472 4252 validius
492 4214 579 4267 paene
597 4201 786 4267 manipretiis:
809 4200 892 4268 idque
910 4202 1100 4268 iampridem,
1121 4210 1152 4252 ut

348 4269 529 4336 igrrosramus
542 4270 629 4321 nobis.
641 4267 799 4336 Delphinus
812 4272 902 4339 quinis
915 4271 1038 4325 millibus
1049 4283 1152 4325 sester-

347 4340 418 4391 tidnr
430 4340 458 4390 in
471 4340 556 4391 libras
565 4346 655 4391 eustos
668 4340 697 4391 C.
709 4339 852 4392 Gracchus
863 4340 968 4393 babuit.
992 4342 1096 4393 Lucius
1107 4356 1152 4393 re·

346 4422 381 4459 ro
394 4409 510 4458 Crassus
532 4415 630 4460 orator
652 4409 722 4461 duos
743 4410 865 4477 scyphos
877 4411 1015 4464 Meritoris
1035 4410 1152 4463 artificis

347 4491 431 4529 sirano
455 4476 579 4528 caelatos
600 4479 739 4531 sestertiis
750 4480 780 4530 C.
819 4478 970 4535 Confessus
989 4488 1081 4534 tamen
1101 4486 1153 4542 est,

348 4559 488 4609 nunquam
510 4559 541 4597 se
561 4545 605 4599 his
627 4549 668 4599 uti
689 4556 804 4615 propter
826 4550 1020 4602 verecundiam
1041 4564 1152 4601 ausum.

349 4616 468 4665 Constat
488 4612 606 4666 eundem
629 4617 789 4675 sestertium
802 4619 837 4671 Vl
852 4619 973 4672 millibus
985 4621 1014 4670 in
1025 4618 1152 4687 singulas

347 4683 434 4735 libras
446 4696 512 4733 rasa
530 4691 605 4737 emta
613 4683 753 4740 habuisse.
789 4688 855 4741 Asia
863 4689 979 4755 primum
991 4688 1101 4751 delicta
1112 4686 1152 4737 lu·

349 4751 458 4803 :curiam
482 4750 559 4803 misit
576 4754 604 4805 in
624 4755 745 4809 ltaliam.
781 4756 925 4825 Siquidem
938 4758 1041 4811 lsucius
1057 4757 1151 4822 Scipio

348 4819 496 4871 transtulit
533 4822 560 4871 in
597 4823 737 4892 triumpho
773 4828 883 4893 argenti
919 4827 1023 4880 anehti
1058 4824 1151 4893 parido

348 4886 503 4968 lllCCCCl..
539 4890 576 4939 lit
589 4907 715 4946 rusorum
732 4910 880 4949 aureorum
905 4898 996 4964 pondo
1010 4895 1067 4949 llll)
1078 4910 1151 4949 anuo

351 4954 481 5011 conditae
502 4957 583 5011 Urbis
604 4960 826 5030 quingentesimo
847 4967 1023 5035 sexagesimo
1044 4966 1151 5031 quinto.

347 5027 455 5079 Eadem
467 5026 532 5078 Asia
544 5026 648 5080 donata
658 5033 747 5085 resulto
758 5036 842 5088 etiam
856 5037 970 5103 granius
979 5034 1082 5088 amisis
1096 5048 1152 5086 mo.

348 5110 403 5161 res,
424 5096 608 5163 inutiliorque
629 5099 747 5152 victoria
759 5106 810 5157 illa
825 5104 969 5159 hereditas
978 5104 1075 5159 Attalo
1086 5117 1151 5172 rege

348 5171 461 5218 ntortuo
475 5163 537 5217 full·
573 5167 647 5217 'l'tllll
659 5167 732 5219 elilttt
745 5169 813 5223 haec
824 5176 932 5228 emendi
945 5175 1051 5228 Rornae
1062 5174 1091 5226 in
1102 5188 1151 5226 qu.

350 5235 491 5289 clientibus
511 5234 598 5305 regiis
611 5238 779 5288 verecundia
789 5254 901 5298 osenna
912 5252 968 5305 est,
987 5244 1070 5296 Urbis
1080 5258 1152 5295 anno

349 5306 551 5359 sescentesimo
563 5306 696 5374 rigerioso
708 5307 838 5368 secundo,
857 5314 955 5365 mediis
968 5314 1151 5381 qninquagin-

348 5384 380 5425 ts
390 5384 497 5441 septem
517 5375 596 5429 annis
618 5372 728 5428 erudita
750 5376 864 5429 ciritato
876 5394 970 5433 entare
982 5383 1078 5445 etiarn,
1098 5396 1152 5432 non

348 5443 439 5494 sillum
450 5445 593 5507 asiniirari,
615 5445 789 5513 opulentiam
799 5454 954 5500 externam:
978 5449 1114 5505 imolenso
1125 5456 1155 5503 et

347 5510 485 5565 Achaicae
499 5518 633 5568 victorine
645 5523 788 5568 nsrrnreuto
805 5515 839 5567 ad
857 5516 1040 5580 impellendos
1051 5535 1155 5581 nrnres,

348 5593 421 5643 quae
433 5590 463 5647 et
471 5584 533 5651 ipsa
544 5583 597 5643 boc
607 5586 771 5653 baranello,
779 5600 852 5641 anno
860 5584 941 5645 llrbis
949 5588 1153 5643 sescentesimo

1021 5772 1078 5827 ‘bb

1203 452 2012 524 acaronem,simsetnbolsspresssincestumque

1203 528 1327 585 deesset:
1400 524 1509 591 iterque
1529 523 1726 578 lotarienses
1746 533 1798 589 est,
1820 533 1850 579 et
1865 524 2008 595 Carthago

1203 597 1326 652 sublata:
1345 602 1389 647 stu
1399 594 1615 663 congruentibus
1626 593 1701 657 fatis,
1721 603 1752 647 ut
1764 595 1864 649 liberet
1876 596 2011 662 amplecti

1204 668 1282 728 ritis,
1294 674 1323 718 et
1334 663 1442 717 liceret.
1479 662 1589 715 l‘etiere
1600 671 1628 716 et
1638 662 1828 730 dignationem
1840 664 1906 716 hinc
1918 665 2011 733 aliqui

1204 744 1339 793 venrant.
1368 735 1398 785 C.
1407 730 1519 787 Marius
1529 740 1592 801 post
1603 731 1750 785 victoriam
1762 735 1929 788 Cimbricam
1940 750 2010 787 cau·

1205 805 1295 863 thoris
1307 809 1419 871 potasse
1439 801 1537 855 Liberi
1557 801 1645 868 patris
1666 803 1793 872 esentplo
1806 803 1938 869 traditur,
1958 803 2011 857 illo

1205 885 1300 931 arator
1309 873 1439 940 Arpinas,
1448 878 1476 924 et
1488 872 1671 939 uranipularis
1683 875 1842 940 imperator.

1242 943 1313 999 biv.
1332 943 1448 1009 Argenti
1461 942 1579 995 usumin
1592 949 1702 994 statuas
1714 943 1832 1010 primurn
1843 941 1909 993 Diri
1920 942 2013 1010 Auge-

1205 1014 1245 1067 sti
1264 1014 1292 1066 in
1314 1011 1475 1066 adulatione
1492 1018 1646 1079 temporum
1658 1013 1808 1074 transisse,
1831 1010 1904 1063 falso
1914 1013 2012 1064 existi·

1207 1092 1309 1139 oratur.
1346 1083 1404 1133 lani
1415 1081 1487 1133 eninr
1499 1079 1639 1148 triumpho
1652 1083 1751 1150 Alsgni
1761 1081 1885 1148 Pompeii
1904 1083 2007 1148 reperi·

1205 1170 1268 1207 ntus
1289 1151 1453 1207 translatam
1467 1150 1624 1213 Pharnacis,
1645 1152 1691 1218 qai
1713 1151 1820 1218 pristim
1838 1151 1965 1219 regnarit
1978 1150 2008 1201 iss

1206 1224 1308 1285 Ponto,
1318 1228 1480 1288 argenteam
1490 1229 1629 1274 statuam:
1647 1223 1717 1273 item
1729 1220 1907 1274 Mithridatis
1919 1220 2008 1288 saps-

1206 1295 1328 1354 toris,et
1339 1306 1437 1342 currus
1447 1305 1547 1344 aureos
1558 1299 1771 1359 argenteisque.
1781 1293 1941 1360 Argenteus
1946 1302 2009 1343 suo·

1207 1362 1282 1416 cedit
1294 1360 1445 1426 aliquando
1458 1369 1487 1413 et
1497 1361 1648 1422 surculosa
1662 1361 1829 1413 ferrriaarnm
1842 1359 2009 1428 plebisconr-

1208 1431 1291 1502 pedes
1302 1431 1356 1481 sibi
1367 1445 1401 1482 ex
1411 1444 1445 1483 eo
1459 1431 1706 1498 facientium,quas
1715 1430 1830 1484 induere
1838 1445 1938 1482 aorem
1946 1443 2007 1482 mos

1207 1502 1305 1561 tritior
1315 1505 1401 1552 vetat.
1422 1498 1550 1557 Vidimus
1561 1498 1653 1566 et'ipsi
1666 1500 1798 1553 Arellium
1812 1499 2007 1560 Pascumtmo·

1207 1578 1265 1624 tum
1279 1569 1402 1636 equestri
1413 1570 1520 1631 orrline,
1539 1570 1575 1621 ob
1599 1570 1733 1639 insignem
1749 1569 1926 1629 ealdorman,
1946 1580 2008 1621 ιιιιιι

1210 1639 1377 1695 celebritate
1388 1646 1594 1692 assectrmentur
1604 1640 1824 1693 adolescentium
1838 1636 1962 1698 scholae)
1973 1646 2008 1688 es

1207 1716 1324 1777 argento
1335 1708 1435 1761 anulos
1447 1708 1602 1765 habentem.
1637 1710 1674 1762 Et
1684 1708 1750 1777 quid
1763 1708 1941 1761 haeeattiaet
1950 1703 2007 1757 col·

1208 1780 1304 1847 ligere,
1325 1794 1386 1831 cunr
1406 1778 1500 1847 capuli
1521 1778 1651 1840 militum,
1670 1781 1754 1832 ebore
1775 1775 2009 1836 etiamfastidito,

1209 1849 1354 1903 caelentur
1373 1855 1500 1916 argento,
1521 1850 1638 1916 ragione
1658 1848 1773 1910 catillis,
1791 1846 1878 1900 baltei
1898 1845 2009 1896 laminis

1208 1916 1364 1984 crepitanti
1383 1920 1440 1970 lam
1454 1933 1518 1971 rero
1527 1918 1702 1985 paedagogia
1719 1917 1755 1971 nd
1767 1918 1910 1970 trarllritum
1922 1911 2010 1965 cirili·

1207 1989 1276 2039 tntis
1287 1986 1482 2038 custodiantur
1493 1994 1623 2051 argentos
1632 1986 1753 2040 feroinus
1764 1986 1896 2043 larerrtur,
1907 1992 1945 2046 et,
1955 1979 2010 2034 nisi

1209 2063 1352 2122 argentea,
1370 2052 1614 2107 soliafastidiontr
1636 2054 1789 2123 eademque
1803 2050 2007 2107 muterinetci·

1205 2123 1260 2185 bis,
1271 2128 1299 2172 ct
1309 2122 1429 2187 probris,
1449 2123 1564 2175 seruiat.
1602 2121 1716 2177 l'ideret
1728 2123 1798 2178 baec
1806 2122 1960 2184 rassin,
1980 2123 2011 2172 el

1208 2197 1313 2245 stratas
1333 2197 1450 2257 arpenta
1470 2191 1618 2245 mulierum
1638 2194 1772 2255 balineas,
1794 2187 2009 2256 itautrestigio

1208 2261 1288 2317 lucos
1299 2261 1411 2321 sorrsit,
1430 2275 1496 2313 cum
1517 2260 1583 2313 riris
1599 2262 1766 2314 lararrtiusn:
1788 2261 1947 2320 Fabricios,
1965 2258 2010 2311 in·

1209 2344 1301 2398 quani,
1321 2329 1368 2395 qui
1388 2329 1538 2381 bellicosos
1558 2331 1739 2396 imperatores
1760 2329 1917 2394 plusquam
1930 2333 2011 2393 pate·

1208 2414 1268 2450 rani.
1279 2405 1308 2453 et
1317 2399 1436 2453 salinum
1447 2414 1481 2451 er
1492 2410 1606 2468 argento
1618 2394 1720 2451 babere
1731 2398 1851 2469 rotabat.
1889 2394 2011 2449 'l'lrleret

1208 2466 1272 2522 hinc
1283 2468 1357 2520 dona
1367 2468 1480 2521 fortium
1493 2469 1562 2530 lieri,
1572 2476 1619 2521 aut
1631 2469 1656 2520 in
1667 2467 1736 2521 llaec
1746 2467 1846 2535 tangi.
1874 2466 1937 2517 lleu
1950 2478 2010 2517 nlo·

1208 2538 1269 2592 res!
1282 2538 1404 2590 Fabricii
1416 2553 1468 2592 nos
1481 2538 1576 2604 podet.

1244 2608 1304 2663 bll-
1316 2608 1420 2661 lllirurn
1431 2608 1459 2659 in
1471 2623 1541 2660 auro
1552 2601 2011 2671 csenoootnolsrolssesenlsen,

1208 2683 1327 2745 argento
1337 2678 1451 2729 medens.
1488 2675 1612 2731 marem
1623 2684 1717 2729 tsnren
1733 2674 1865 2728 laudatus
1876 2672 2008 2727 estillen·

1209 2756 1263 2808 tor,
1284 2745 1318 2798 de
1339 2761 1395 2867 qua
1409 2761 1498 2813 ,supra
1517 2746 1651 2799 (limenas.
1684 2747 1816 2807 Quom
1836 2743 1916 2811 parta
1930 2741 1965 2793 ab
1975 2754 2010 2793 eo

1209 2817 1321 2869 orsinino
1355 2823 1420 2869 acta
1437 2824 1519 2867 sunt:
1541 2830 1573 2869 ac
1584 2816 1642 2869 iarn
1656 2815 1762 2869 nullum
1773 2820 1886 2867 esstote
1898 2811 2011 2872 otmar,

1208 2885 1348 2951 Ephesiae
1369 2885 1474 2937 Dianae
1495 2885 1601 2951 templi,
1621 2895 1672 2941 aut
1692 2883 1849 2951 Capitolini
1869 2879 2010 2937 incendiis.

1210 2954 1299 3007 Varro
1309 2960 1337 3005 et
1349 2969 1460 3005 seruum
1471 2954 1581 3019 siguum
1594 2954 1655 3009 aas
1666 2953 1796 3007 babuisse
1807 2951 1929 3019 scripsit.
1947 2949 2010 3003 Pre-

1209 3022 1274 3076 sirni
1295 3022 1330 3073 ab
1342 3037 1375 3074 eo
1394 3022 1421 3073 in
1441 3022 1772 3090 admiratioseAeragss,
1792 3018 1961 3079 ansatos,
1981 3024 2009 3070 et

1208 3093 1274 3159 Mys
1286 3090 1372 3144 fuere.
1410 3092 1526 3144 Exstant
1548 3090 1766 3146 hodieomniuns
1785 3087 2010 3159 operainiusula

1209 3161 1393 3215 Rhodiorum:
1407 3161 1505 3214 llnetbi
1516 3161 1587 3229 apud
1599 3161 1727 3215 Lindiam
1741 3162 1910 3214 blinerrsmr
1921 3162 2010 3211 ‘Aera-

1209 3234 1301 3300 gautis
1321 3232 1349 3283 in
1362 3232 1466 3298 templo
1479 3230 1573 3283 biberi
1596 3234 1684 3298 patris
1696 3233 1722 3283 in
1735 3232 1799 3299 ipsu
1811 3229 1919 3290 unedo,
1938 3227 2009 3279 liae·

1210 3300 1277 3355 abac
1287 3302 1472 3369 Centaurique
1483 3300 1760 3368 eaelatiinseypbis:
1780 3300 1865 3368 lllyns
1875 3295 2011 3351 incudem

1209 3372 1288 3434 aule,
1299 3377 1328 3423 et
1340 3371 1459 3432 Silenus,
1471 3377 1498 3423 et
1509 3369 1667 3438 Cupidines.
1680 3373 1846 3439 Amagantis
1857 3378 1886 3421 et
1896 3373 2012 3420 renatus

1210 3442 1237 3494 in
1249 3439 1363 3509 scyphis
1374 3456 1474 3511 niagno
1484 3440 1571 3495 fmrra.
1599 3441 1666 3492 Post
1677 3439 1728 3492 lies
1738 3439 1896 3493 celebratus
1907 3444 1950 3491 stt
1961 3437 2014 3489 Cs-

1209 3511 1291 3563 lansis
1302 3518 1329 3563 et
1338 3513 1494 3577 Antipater,
1509 3511 1610 3577 quique
1622 3508 1753 3579 Satyrum
1766 3511 1793 3563 in
1806 3509 1898 3575 phiala
1908 3520 2012 3574 grara-

1210 3587 1267 3633 turn
1278 3596 1377 3634 sonrno
1389 3580 1573 3635 collocarisse
1586 3581 1685 3645 serius,
1693 3595 1773 3647 quasi
1784 3581 1909 3631 caelasse
1920 3575 2013 3627 dictus

1209 3657 1262 3712 est,
1275 3651 1458 3704 Stratonicus.
1494 3650 1562 3703 Illos
1575 3651 1730 3717 Cyzicenus
1742 3649 1904 3701 Tauriscus.
1941 3646 2011 3696 ltern

1209 3718 1321 3770 Ariston
1333 3730 1362 3773 et
1375 3721 1495 3775 Eunicus
1506 3721 1671 3787 Mitylenaei
1692 3718 1857 3777 laudantur,
1876 3724 1905 3767 et
1919 3714 2012 3766 lleca·

1209 3794 1305 3840 meus:
1324 3795 1353 3841 et
1370 3790 1446 3840 ¹circa
1459 3790 1554 3855 Magni
1568 3789 1690 3856 Pompeii
1710 3792 1830 3840 aetatem
1842 3783 2013 3845 Praxiteles,

1209 3855 1376 3911 Posidonius
1388 3856 1532 3922 Ephesius,
1545 3859 1654 3911 lsaedus
1664 3858 1822 3915 stratiotes,
1840 3852 2013 3923 qnipnoelis

1208 3932 1387 3992 armatosque
1399 3926 1531 3982 caelavit.-
1553 3928 1688 3996 Zopyrns,
1710 3926 1755 3992 qni
1767 3923 1964 3991 Anopagltas.
1981 3930 2011 3974 tl

1207 3994 1339 4047 iudicium
1362 3995 1486 4057 Orestis,
1507 3997 1534 4048 in
1551 3998 1660 4051 duobus
1672 3994 1785 4063 scyphis
1797 3992 1878 4045 Μ·
1899 3991 1950 4043 ΧΙΙ
1961 4006 2010 4045 ιθ·

1208 4064 1338 4117 stirrratis.
1375 4064 1441 4116 Fuit
1452 4064 1514 4117 dein
1527 4066 1647 4132 Pytheas
1654 4067 1763 4130 „cuius
1783 4065 1864 4116 birsae
1875 4062 1972 4113 uncme
1984 4059 2011 4112 Χ

1207 4135 1362 4187 uenierunt.
1399 4135 1514 4201 Ulysses
1535 4147 1565 4189 et
1585 4136 1738 4190 Diomedes
1757 4140 1838 4189 erant
1860 4131 1887 4181 io
1899 4128 2010 4197 phialae

1209 4203 1384 4265 einnonem,
1404 4204 1562 4257 Palladium
1575 4207 1769 4274 surripientes.
1807 4201 1885 4254 Ferit
1896 4199 1968 4251 idem
1979 4204 2017 4252 et.

1208 4289 1289 4327 cocos
1302 4273 1462 4342 uragiriscia
1472 4273 1637 4341 appellatos,
1650 4275 1772 4341 parvulis
1783 4272 1916 4341 potoriis,
1935 4268 2009 4321 sede

1207 4343 1308 4410 quibus
1329 4359 1363 4396 oe
1380 4344 1509 4411 esesrpla
1529 4345 1638 4411 quidem
1659 4346 1757 4398 liceret
1766 4342 1933 4407 exprimere,
1952 4347 2010 4390 tant

1208 4418 1364 4479 opportuna
1377 4413 1498 4467 iniuriae
1509 4413 1655 4467 subtilitas
1666 4422 1735 4465 erat.
1748 4409 1855 4462 Habuit
1866 4410 2010 4461 et'l'eucer

1206 4481 1363 4535 austerius
1374 4479 1487 4533 terrimo.
1522 4482 1675 4549 subitoque
1686 4495 1732 4535 ars
1743 4478 1812 4533 haee
1830 4479 1872 4531 its
1880 4476 2009 4535 esolerlls

1206 4558 1237 4603 ut
1248 4551 1374 4605 suisium
1387 4555 1528 4609 vetustate
1548 4558 1703 4611 censeatur,
1722 4563 1810 4616 usque
1824 4547 1897 4601 aleo
1905 4544 2010 4598 attritis

1206 4621 1365 4681 caelaturis,
1390 4619 1765 4687 notgersdiseerniyossn,
1782 4617 1938 4669 auctoritas
1949 4630 2010 4665 coo·

1205 4695 1271 4740 stet.
1282 4692 1432 4759 Argentum
1445 4689 1592 4743 mostis
1603 4689 1681 4756 amris
1693 4687 1914 4762 iudiciorumque
1925 4685 2010 4737 etism

1205 4758 1302 4812 afflatu
1313 4759 1400 4821 salso,
1411 4761 1484 4813 sieut
1496 4760 1523 4813 in
1535 4756 1743 4816 urediterrtaeis
1752 4754 1914 4817 llispsnsse.

1241 4827 1314 4881 l.vl.
1334 4829 1363 4879 ln
1375 4832 1484 4896 argenti
1495 4834 1525 4882 et
1544 4829 1604 4881 auri
1615 4825 1739 4881 asetsllis
1749 4827 1902 4875 sanantur
1912 4822 2010 4875 etissr

1208 4912 1273 4949 nuru
1286 4898 1437 4964 pigmento,
1460 4897 1495 4949 sil
1506 4904 1535 4950 et
1545 4897 1713 4953 comulensi.
1749 4890 1791 4945 sll
1806 4890 1917 4958 prrmrie
1929 4891 2011 4943 limus

1208 4976 1258 5019 est.
1280 4966 1422 5032 Optimum
1435 4980 1468 5018 es
1480 4982 1513 5019 eo
1527 4966 1601 5034 quod
1612 4965 1737 5018 Atticuss
1748 4968 1873 5015 roratur.
1887 4960 2009 5043 Pretium

1206 5035 1530 5170 nllllltlltdd:
1560 5029 2010 5169 titulltlltbttlnd.

1226 5175 1281 5226 nod
1296 5173 1346 5226 alii
1357 5172 1484 5239 Syricum
1496 5180 1595 5227 vocent
1611 5187 1648 5225 es
1660 5172 1750 5227 insula
1761 5172 1844 5239 Syro.
1882 5171 1939 5223 lam
1951 5167 2010 5235 qni·

1207 5191 1270 5295 Sem
1283 5250 1310 5296 et
1321 5259 1354 5297 ex
1366 5240 1486 5307 Achaia,
1505 5258 1558 5310 quo
1571 5249 1689 5295 utnrrtur
1703 5242 1740 5294 ad
1752 5241 1877 5311 picturae
1889 5238 2009 5291 uorbras.

1207 5312 1328 5366 Pretium
1338 5317 1365 5366 in
1378 5312 1474 5375 libras,
1485 5311 1562 5365 l{·S.
1575 5313 1641 5366 bisi.
1671 5312 1831 5379 Dependiis
1844 5324 1909 5360 vero
1921 5308 2011 5360 detra·

1206 5383 1269 5445 ctis,
1285 5383 1358 5450 quod
1370 5382 1489 5435 lucidum
1500 5389 1611 5445 vocant,
1631 5398 1647 5435 e
1658 5382 1753 5439 Gallia
1763 5382 1890 5433 seniensi
1901 5376 1955 5429 hoc
1962 5391 2010 5456 ιιι·

1206 5459 1263 5506 tem
1277 5462 1306 5506 et
1316 5452 1408 5505 Attico
1420 5453 1454 5506 sd
1467 5452 1572 5504 lonrins
1582 5460 1707 5505 utuntur:
1723 5452 1759 5505 sd
1769 5452 1942 5509 abacos,non
1953 5458 2009 5526 aral

1206 5537 1390 5583 marmoroso,
1413 5522 1543 5590 quoniam
1556 5537 1678 5576 nrarrnor
1700 5522 1727 5574 ln
1743 5536 1778 5574 eo
1792 5516 1896 5573 resistit
1905 5528 2007 5569 mirari·

1209 5591 1404 5649 tudinicnlcis.
1441 5588 1864 5651 Effoditaratadllllubllrbe
1878 5583 2001 5653 lapidem
