4356 6014
690 164 703 191 t

359 294 419 355 let
494 289 527 351 C.
560 288 707 351 PblNll
742 284 947 349 SECUNDI
980 281 1150 343 Nerua.
1172 278 1359 341 lllsrult.
1394 278 1480 341 illi.
1503 278 1578 339 XV.
1619 277 1713 345 CAP.
1736 277 1859 336 22·28.

357 440 573 507 lautiampomi,
594 441 752 491 absumunt:
774 434 848 501 quod
859 434 890 484 dt
900 437 930 485 et
938 432 1046 499 sponte.
1081 431 1160 484 ldae·

358 527 413 578 que
424 511 515 561 licetis
528 510 673 574 caprificus
690 504 879 569 praenrittitur
895 503 930 553 ad
941 505 1079 554 rationem
1093 517 1158 553 ren·

269 564 275 595 ‘¹
350 584 390 643 ti,
409 587 442 630 ut
454 579 537 631 ilntus
549 578 690 627 evolantes
702 574 728 621 in
741 572 807 621 deus
816 571 897 623 ierat.
932 572 998 624 lnde
1008 579 1159 636 repertum,

356 655 390 701 ut
400 649 499 699 illatae
510 659 617 710 qnoque
632 641 758 701 aliunde,
780 646 808 692 et
825 642 899 692 iuter
915 656 946 692 se
957 641 1108 709 colligatae
1119 643 1159 691 in·

357 719 508 770 iieerentur
519 714 585 762 lico:
604 709 676 777 quod
687 710 716 760 in
727 724 820 761 uracro
831 710 892 761 solo
905 716 934 762 et
950 711 1093 777 aquilonio
1104 725 1159 760 non

357 787 549 840 desideratur:
569 778 698 845 quoniam
716 786 814 844 sponte
826 788 954 831 arescunt
972 782 1027 833 loci
1039 785 1104 842 situ,
1124 781 1160 829 ri·

357 856 466 920 mirque
476 848 581 912 eatlenr,
604 862 676 913 quae
688 849 805 899 culicum
817 863 911 915 opera,
934 866 1019 902 causa
1030 849 1157 916 perlicit:

349 922 423 1043 qnae
442 931 497 970 nou
517 917 562 967 ubi
586 917 687 967 multus
708 917 811 983 pulvis:
830 920 903 985 quod
928 920 1020 970 evenit
1041 918 1158 969 maxime

369 987 498 1055 requenti
516 987 562 1037 ria
578 986 720 1052 apposita:
744 1002 861 1054 namque
879 996 907 1040 et
925 989 1033 1054 pulveri
1050 988 1093 1038 vis
1103 988 1157 1037 sic·

355 1057 456 1119 caudi,
476 1071 643 1123 succumque
662 1056 744 1108 lactis
767 1057 964 1119 absorbendir)
986 1072 1055 1125 quae
1074 1056 1158 1117 ratio,

354 1129 468 1198 pulvere
481 1127 725 1192 etcapriiieatione
736 1124 790 1178 boc
801 1142 911 1193 quoque
923 1134 1055 1194 praestat,
1063 1141 1097 1177 ne
1109 1125 1156 1176 de·

355 1197 458 1257 cidant,
479 1195 608 1246 absunvto
631 1193 746 1249 bunvore
769 1204 883 1259 terrere,
903 1202 932 1249 et
954 1211 1016 1247 cunr
1038 1193 1157 1263 quadam

354 1266 509 1333 fragilitate
519 1264 685 1331 ponderoso.

388 1335 465 1387 Ficis
485 1334 580 1385 mollis
601 1333 731 1385 onmibus
754 1337 860 1385 tactust
880 1332 999 1385 maturis
1017 1332 1158 1385 frumenta

352 1406 446 1457 intus:
465 1419 562 1455 succus
573 1403 823 1455 maturescentibus
836 1403 926 1465 lactis,
944 1403 1081 1469 percoctis
1091 1402 1158 1454 mel·

352 1474 398 1526 lis.
434 1473 589 1525 Senescunt
604 1474 633 1523 in
653 1473 763 1535 arbore,
781 1487 904 1538 anusque
921 1472 1062 1523 distillant
1081 1486 1158 1539 gum·

353 1544 439 1595 mium
451 1543 575 1592 lacrima.
620 1540 714 1592 Siccae
726 1539 815 1591 bonos
825 1542 954 1592 laudatas
965 1548 1060 1595 serrat
1071 1541 1100 1591 in
1111 1556 1156 1591 ca-

353 1612 422 1678 psis,
430 1608 621 1660 Ebusoinsula
629 1610 893 1673 praestantissimas,
905 1611 1158 1674 anrplissimasque,

355 1695 420 1731 mox
433 1680 462 1729 in
472 1676 648 1729 Marrucinis.
684 1678 720 1728 At
732 1675 778 1726 ubi
790 1677 872 1742 copia
887 1678 1019 1738 abundat,
1037 1678 1156 1742 impleu-

355 1757 402 1802 tur
414 1763 497 1799 orcae
507 1747 535 1799 in
549 1748 623 1807 Asis,
641 1745 702 1797 cadi
713 1753 805 1797 autem
817 1746 845 1795 in
858 1746 983 1812 Ruspina
992 1746 1102 1798 Africae
1114 1760 1158 1795 ur-

355 1821 404 1870 be:
427 1816 558 1885 panisque
579 1816 711 1867 simulet
731 1815 842 1866 obsonii
857 1817 945 1868 vicem
967 1815 1089 1867 siccatae
1107 1814 1157 1864 im·

355 1888 444 1958 pleni:
467 1892 564 1952 utpote
575 1898 636 1934 curn
650 1885 718 1933 Cato
731 1884 839 1934 cibaria
855 1885 926 1933 ruris
936 1884 1073 1949 operariis
1083 1883 1158 1934 iusta

356 1971 405 2009 ceu
418 1955 481 2021 lege
490 1954 627 2013 sanciens,
639 1952 724 2001 minui
735 1951 829 2002 iubeat
838 1965 887 2017 per
898 1951 942 2003 lici
954 1953 1154 2003 maturitatem.

356 2029 422 2080 cum
433 2022 541 2076 recenti
551 2024 604 2075 lico
614 2021 705 2073 salitis
716 2020 777 2071 rlee
788 2022 862 2073 casei
872 2023 955 2083 vesci,
977 2036 1065 2087 nuper
1076 2035 1156 2073 exco-

355 2095 472 2164 gitatum
484 2099 535 2146 est.
572 2092 614 2142 lix
626 2089 791 2157 hecgeuere
805 2095 880 2154 suut,
900 2097 932 2141 ut
943 2090 1073 2153 diximus,
1094 2098 1155 2142 cet·

354 2173 430 2225 tana,
452 2170 480 2215 et
497 2162 617 2213 caricae:
639 2174 764 2226 quaeque
783 2160 981 2212 conscendenti
996 2160 1088 2212 navim
1106 2159 1155 2211 ad·

355 2248 451 2286 rersus
471 2230 590 2282 Parthos
610 2244 691 2280 einen
717 2228 810 2282 iecere
831 2230 870 2282 M.
892 2232 1011 2293 Crasso,
1043 2229 1157 2281 venales

355 2301 541 2371 praedicantis
551 2314 629 2360 rece,
641 2313 789 2351 carnaeae.
825 2300 925 2351 Omnia
935 2297 1004 2351 haec
1016 2302 1042 2349 in
1054 2298 1154 2351 Alben-

356 2388 386 2423 se
398 2388 445 2422 rus
456 2387 471 2422 e
482 2369 566 2436 Syria
575 2368 670 2421 intulit
680 2368 713 2419 1..
725 2367 868 2430 Vitellius,
891 2369 938 2435 qui
949 2376 1047 2435 postea
1058 2383 1157 2420 censor

356 2441 420 2503 luit,
442 2455 503 2491 cum
515 2440 625 2506 legatus
642 2438 672 2489 in
689 2452 723 2488 ea
734 2437 974 2504 preriuciaesset,
995 2438 1156 2490 novissimis

356 2509 462 2577 ‘liberii
472 2509 599 2561 Caesaris
610 2507 791 2574 temporibus.

346 2586 375 2662 †·
390 2578 478 2631 xxti.
496 2578 635 2629 lllslornm
646 2577 825 2644 pirorumque
835 2577 931 2644 generi
938 2576 1157 2632 adnumerentur

355 2664 417 2702 ture
428 2647 546 2714 mespila
556 2654 640 2713 atque
652 2647 745 2698 sorba.
773 2646 904 2712 Mespilis
916 2649 973 2715 tria
983 2664 1096 2716 genera,
1106 2665 1154 2701 an·

355 2716 468 2779 tlredon,
489 2718 613 2769 setania:
632 2715 746 2767 tertium
763 2716 935 2787 degenerat?
946 2717 1099 2770 anthedoni
1117 2726 1157 2770 ta-

355 2802 418 2840 men
429 2788 557 2850 similius,
577 2774 801 2854 quodleatncum
814 2791 922 2836 vocant.
939 2794 950 2821 ⁴
960 2787 1090 2840 setaniae
1100 2803 1158 2839 ma·

354 2858 400 2908 ius
410 2871 530 2922 potuum,
550 2854 760 2920 candidiusque,
777 2854 851 2905 acini
863 2854 992 2909 molliore
1003 2856 1093 2925 ligno:
1115 2871 1158 2909 ce·

356 2926 426 2978 teris
438 2925 530 2975 miurus
541 2938 663 2990 pomum,
674 2922 723 2974 sed
737 2922 823 2974 odore
834 2927 1031 2989 praestantius,
1043 2932 1071 2977 et
1082 2926 1155 2992 quod

357 2995 462 3046 diutius
477 2999 611 3043 servetur.
648 2992 737 3043 Arbor
751 2992 813 3057 ipsu
824 2992 858 3043 de
878 2995 1067 3061 amplissimis.
1102 2994 1155 3046 Fu·

354 3063 404 3123 lia,
423 3068 572 3126 antequam
584 3060 723 3123 decidant,
742 3061 904 3115 rubescunt:
922 3064 1032 3115 radices
1050 3064 1156 3114 nvultae

355 3138 439 3197 atque
450 3130 533 3190 ultae,
553 3135 581 3180 et
592 3127 655 3180 ideo
672 3130 910 3198 inexstirpabilem
945 3131 1010 3184 Non
1021 3134 1076 3183 fuit
1086 3130 1156 3185 haec

355 3200 439 3252 arbor
449 3198 478 3248 in
490 3197 572 3251 ltalia
584 3199 698 3250 Catonis
710 3215 789 3253 aere.

390 3266 491 3318 xxiii.
511 3266 608 3321 Sorbis
619 3269 792 3338 quadruplex
802 3268 969 3322 differentis.
997 3269 1067 3321 Aliis
1079 3271 1154 3322 enim

324 3366 334 3375 .
356 3351 452 3391 eorum
473 3338 633 3389 rotunditas
653 3339 728 3400 mali,
748 3339 813 3390 aliis
834 3338 989 3399 turbinatio
1008 3341 1070 3409 piri,
1092 3341 1156 3392 aliis

356 3413 441 3459 ovata
455 3407 573 3472 species,
593 3422 643 3459 ceu
660 3408 797 3459 mulorum
812 3406 966 3473 aliquibus:
984 3407 1053 3461 haec
1070 3409 1157 3461 obno-

354 3477 404 3528 xia
414 3476 499 3526 acori.
536 3476 629 3527 Odore
645 3484 674 3528 et
687 3478 827 3528 suavitate
841 3477 962 3528 rotunda
971 3480 1155 3544 praecellunt:

356 3543 457 3596 ceteris
468 3544 526 3597 vini
536 3560 632 3611 sapor:
651 3546 876 3612 generosissima,
887 3548 985 3612 quibus
997 3547 1071 3598 circa
1082 3549 1156 3613 pedi·

321 3640 339 3665 a
356 3614 435 3666 culos
455 3620 551 3666 tenera
566 3613 646 3665 iulia.
684 3615 820 3675 Quartum
832 3631 919 3684 genus
939 3615 1093 3677 torminale¹
1110 3631 1157 3682 ap·

355 3681 470 3751 pellant,
492 3683 618 3734 remedio
633 3688 742 3735 tantum
761 3684 916 3750 probabile,
935 3682 1078 3736 assiduum
1090 3700 1155 3751 pro·

353 3754 449 3813 ventu,
469 3751 667 3833 minimumque
684 3766 777 3815 pomo,
800 3755 901 3803 arbore
912 3753 1057 3815 dissimile,
1077 3753 1156 3805 iuliis

354 3834 442 3887 paene
454 3819 570 3886 platani.
607 3817 668 3866 Non
685 3816 781 3865 lerunt
798 3824 863 3869 ante
880 3822 1021 3872 trimatum
1041 3838 1077 3875 ex
1097 3824 1157 3875 ullo

354 3904 465 3957 genere.
502 3889 571 3938 Cato
580 3892 608 3937 et
616 3883 794 3952 sochondi
805 3898 873 3949 sapa
883 3885 978 3939 tradit.

388 3953 489 4009 XXIV.
510 3956 551 4007 Ab
568 3954 610 4004 his
626 3952 717 4002 locum
735 3951 921 4018 amplitudine
937 3954 1155 4021 vindicaverunt,

354 4042 425 4095 quae
447 4040 556 4078 cessere
576 4019 755 4079 auctoritati,
778 4036 863 4073 nuces
882 4021 1044 4088 iuglandes:
1066 4040 1166 4091 quan-x

354 4111 436 4165 quani
449 4100 478 4146 et
497 4094 575 4159 ipsae
592 4089 759 4157 nuptialium
771 4090 1008 4144 Fescenninorum
1028 4096 1155 4157 comites,

353 4166 473 4217 multum
494 4162 584 4230 pineis
605 4164 727 4213 minores
754 4161 956 4223 universitate,
985 4162 1156 4229 eaedemque

354 4235 485 4300 portione
501 4231 653 4300 anrpliores
669 4228 776 4281 nucleo.
813 4230 872 4282 Nec
889 4246 942 4284 non
958 4237 987 4283 et
1003 4230 1093 4285 honor
1112 4231 1156 4283 iris

354 4308 471 4354 naturae
492 4301 653 4369 peculiaris,
685 4299 795 4421 genuino
816 4301 952 4367 protectis
971 4304 1156 4369 operimento,

376 4366 493 4420 ulrinriti
516 4373 635 4439 primum
656 4385 689 4421 ca
700 4370 778 4437 ycis,
799 4385 860 4422 nvos
885 4370 972 4437 lignei
993 4372 1154 4438 putaminis.

355 4384 435 4495 auae
456 4453 540 4490 causa
554 4457 602 4492 eas
619 4442 724 4507 nuptiis
739 4440 808 4492 iecit
822 4439 981 4507 religiosas,
1000 4448 1044 4492 tot
1064 4442 1155 4494 modis

357 4504 433 4555 iectu
445 4506 566 4559 munito:
586 4510 659 4574 quod
671 4517 713 4561 est
723 4509 914 4573 verisimilius,
938 4525 1019 4576 quum
1034 4511 1101 4577 quia
1111 4527 1156 4563 ca·

357 4569 447 4623 dendo
458 4572 608 4637 tripudium
620 4578 759 4628 convivium
776 4578 891 4632 iaciant.
929 4581 966 4631 Et
978 4578 1027 4631 nas
1038 4596 1053 4632 e
1065 4580 1155 4632 Persi·

356 4639 391 4693 de
401 4653 419 4688 a
432 4641 543 4706 regibus
554 4645 712 4707 translatas,
724 4646 829 4697 indicio
839 4655 902 4699 sunt
914 4649 1023 4702 Graeca
1033 4650 1154 4701 nomina.

357 4707 497 4772 Optimum
518 4712 620 4775 quippe
641 4728 735 4763 earum
757 4713 889 4768 Persicon
911 4726 992 4784 atque
1012 4719 1162 4770 Basilieon

357 4781 465 4826 vocant.
500 4776 538 4826 Et
559 4776 628 4829 haec
646 4780 725 4830 luere
742 4783 830 4845 prima
851 4786 970 4837 nomina.
1008 4788 1155 4855 Geryone

356 4843 458 4909 capitis
470 4844 629 4910 gravedine,
648 4854 762 4913 propter
780 4850 874 4903 odoris
891 4855 1069 4920 gravitatem,
1090 4872 1154 4909 con·

354 4912 430 4965 senil
451 4912 564 4965 dictum.
600 4915 761 4980 Tinguntur
784 4921 887 4974 cortice
902 4938 997 4975 eurum
1015 4925 1107 4988 lanae,
1127 4932 1155 4976 ei

353 4980 464 5034 rufatur
483 4983 598 5048 capillus
620 4985 736 5048 primum
759 4989 958 5053 prodeuntibus
982 4997 1104 5046 nuculis:
1125 4994 1154 5046 id

355 5056 526 5116 compertam
539 5051 649 5104 iniectis
660 5058 783 5106 tractatu
794 5061 931 5113 matribus.
966 5060 1156 5132 Pinguescant

353 5124 504 5175 renatare.

388 5188 457 5241 Sola
467 5188 627 5243 differentia
638 5205 771 5257 generum
791 5193 819 5243 in
833 5200 975 5260 putamine
986 5200 1055 5254 duro
1068 5202 1155 5271 fragi-

356 5259 421 5319 live,
440 5264 468 5310 et
483 5261 557 5310 tenui
577 5274 609 5310 ac
627 5274 730 5323 masso,
752 5261 876 5315 loculoso
893 5274 921 5318 et
936 5268 1065 5335 simplici.
1101 5272 1153 5323 Se·

354 5328 411 5383 lum
423 5325 477 5381 hoc
487 5342 597 5395 paurum
610 5328 709 5381 natura
721 5333 878 5397 compactili
890 5339 1063 5402 operimento
1075 5341 1152 5393 clavs-

352 5398 403 5448 sit.
440 5397 566 5465 Namque
583 5404 646 5448 sunt
663 5399 946 5466 biddaeputanrinum
959 5409 1081 5471 carinae,
1104 5425 1154 5461 nu·

353 5466 533 5535 ulcerumque
545 5467 599 5519 aba
610 5465 816 5536 quadripartita
827 5470 984 5537 distinctio,
1006 5476 1101 5545 lignea
1111 5479 1152 5531 in·

353 5538 528 5591 tercursante
548 5536 715 5590 membrana
750 5539 857 5593 ceteris
868 5540 1003 5611 quidquid
1014 5552 1067 5609 est,
1086 5548 1152 5601 suli.

1212 432 1276 484 dunn
1288 437 1339 493 est,
1356 438 1391 482 ut
1401 429 1430 482 in
1442 427 1585 491 avellanis,
1597 432 1626 479 et
1636 425 1695 493 ipso
1705 440 1804 478 suarm
1817 438 1928 495 genere,
1944 440 2014 493 quas
2039 482 2047 503 ι

1212 510 1295 554 antea
1304 501 1448 553 Abellinas
1459 499 1552 564 patrio
1563 496 1675 548 nomine
1687 494 1877 561 appellabant.
1912 495 1943 546 lu
1953 496 2013 547 Asi·

1212 587 1255 625 am
1268 571 1468 635 Graeciamque
1486 583 1501 619 e
1518 566 1607 619 Ponto
1624 579 1734 627 venere,
1755 571 1784 615 et
1799 564 1865 616 ideo
1879 563 2012 619 Ponticae

1211 656 1295 692 nuces
1307 645 1452 691 vocantur.
1482 636 1544 687 ilas
1556 649 1664 702 quoque
1675 632 1770 684 mollis
1799 635 1906 701 retegit
1915 634 2011 687 barba.

1211 709 1264 761 Sed
1276 707 1416 776 putamini
1426 705 1585 772 nucleisque
1593 648 1850 755 solidarbtunditas
1860 704 1941 756 inest.
1955 706 2012 756 Eae

1211 788 1239 830 et
1252 785 1403 830 torrentur.
1440 774 1592 826 llmlvilieus
1603 773 1660 823 illis
1676 772 1751 824 intus
1760 773 1788 824 iu
1800 779 1898 826 ventre
1909 771 2011 824 medio.

1210 848 1309 900 'l'ertia
1319 846 1354 898 ab
1367 845 1409 897 bis
1419 853 1520 896 natura
1530 841 1697 910 amygdalis,
1708 841 1843 905 tenuiore,
1862 841 1913 894 sed
1924 841 2012 893 simili

1210 917 1383 985 iuglandium
1393 928 1501 965 summo
1512 913 1699 978 operimento:
1716 911 1782 963 item
1793 910 1916 963 secundo
1927 919 2010 978 puta·

1210 987 1300 1039 minis.
1336 984 1458 1036 Nucleus
1469 981 1611 1034 dissimilis
1620 980 1776 1043 latitudine,
1794 980 1822 1032 el
1832 981 1943 1033 acriore
1953 980 2011 1033 cal·

1209 1058 1246 1109 lo.
1284 1056 1364 1106 llaec
1381 1054 1465 1105 arbor
1479 1068 1515 1103 an
1532 1050 1661 1102 fueritin
1677 1050 1762 1101 ltalia
1772 1052 1885 1101 caturcis
1904 1057 2010 1113 aetate,

1210 1124 1367 1177 dubitatum
1389 1122 1519 1190 quoniam
1531 1120 1653 1173 Graecas
1665 1122 1799 1181 nominat,
1815 1135 1886 1187 quas
1896 1119 2010 1186 quidam

1210 1202 1238 1247 et
1248 1195 1277 1246 in
1289 1192 1458 1261 iuglandium
1471 1206 1571 1258 genere
1587 1197 1709 1242 servant
1748 1189 1854 1240 Adiicit
1865 1196 2011 1256 praeterea

1209 1264 1362 1325 avellanas,
1374 1269 1403 1313 et
1411 1263 1519 1330 galbas,
1532 1260 1810 1325 Praenestinas,quas
1823 1260 1940 1309 inarime
1951 1258 2009 1308 lau·

1209 1333 1268 1395 dat,
1281 1341 1308 1385 et
1320 1333 1447 1384 conditas
1459 1331 1524 1382 ollis
1538 1331 1568 1380 in
1584 1336 1662 1381 terra
1678 1331 1782 1379 serrari
1799 1327 1904 1379 virides
1915 1327 2007 1379 tradit.

1209 1403 1290 1455 Nunc
1300 1401 1430 1465 Thasiae,
1452 1406 1482 1452 et
1491 1400 1624 1452 Albenses
1636 1397 1821 1458 celebrantur,
1837 1404 1867 1449 et
1877 1396 2007 1449 Tarenti·

1208 1487 1305 1525 narum
1319 1470 1374 1522 duo
1386 1483 1502 1538 genera:
1522 1467 1615 1533 lragili
1626 1467 1779 1533 putamine:
1799 1480 1832 1516 sc
1843 1466 1922 1527 duro,
1939 1480 2009 1533 quae

1208 1548 1314 1595 suntet
1327 1540 1561 1606 amplissimae,et
1572 1537 1685 1587 minime
1696 1533 1843 1588 rotundae.
1859 1534 2009 1588 Praeterea
2031 1582 2040 1605 ,-

1209 1611 1361 1661 molluscae
1385 1616 1516 1672 putamen
1533 1609 1701 1670 rumpentes.
1738 1603 1808 1655 Sunt
1828 1604 1875 1670 qui
1896 1603 2009 1655 bonoria

1209 1692 1310 1729 nomen
1320 1676 1547 1741 interpretentur,
1563 1680 1592 1724 et
1603 1673 1680 1722 loris
1690 1671 1819 1739 glandem
1832 1686 1894 1725 esse
1905 1674 2008 1726 dicant.

1209 1747 1303 1813 Nuper
1313 1746 1487 1796 consularem
1497 1743 1588 1793 virum
1599 1741 1811 1805 audivi,biieras
1823 1748 1851 1794 et
1862 1742 2009 1811 iuglandes

1209 1831 1293 1868 nuces
1314 1811 1417 1866 habere
1437 1829 1468 1866 se
1480 1814 1665 1880 profitentem.
1704 1811 1750 1863 Dc
1770 1812 1898 1885 piscariis
1917 1822 1947 1864 et
1957 1814 2009 1882 ipsi
2088 1842 2098 1852 ·

1208 1885 1363 1937 retulimus.
1388 1884 1426 1935 Et
1436 1883 1505 1935 baec
1515 1888 1609 1934 autern
1621 1881 1698 1934 idem
1710 1879 1844 1947 Vitellius
1856 1884 1885 1933 in
1898 1883 2010 1936 ltaliam

1208 1957 1314 2021 primus
1329 1953 1427 2005 intulit
1445 1954 1541 2005 eodem
1557 1960 1696 2018 tempore:
1718 1951 1856 2020 simulque
1871 1956 1900 2003 in
1910 1954 2010 2022 llispa·

1208 2022 1410 2145 qqqqqazqqecus
1420 2022 1568 2091 Pompeius
1578 2037 1663 2089 eques
1673 2020 1823 2088 Romanus,
1843 2023 1891 2090 qui
1903 2038 1965 2075 cunr
1976 2037 2010 2076 eo

1244 2161 1335 2215 XXV.
1354 2160 1446 2214 Nuces
1465 2177 1595 2215 vocamus
1617 2167 1646 2215 ct
1666 2167 1831 2222 castaneas,
1853 2175 2009 2229 quanquam
2040 2196 2054 2219 .

1208 2231 1475 2284 accommodatiores
1497 2232 1639 2299 glaudium
1659 2232 1765 2298 generi.
1811 2234 1953 2284 Armatam
1975 2233 2011 2285 iis
2054 2262 2058 2271 ·

1208 2301 1337 2355 echinato
1349 2302 1445 2367 calyce
1456 2302 1568 2362 vallum,
1589 2301 1663 2366 quud
1682 2299 1840 2352 inchoatum
1853 2300 2009 2367 glandibus.

1207 2373 1375 2436 Mirumque,
1398 2368 1534 2420 vilissima
1554 2383 1615 2420 esse
1638 2384 1707 2435 quac
1726 2376 1805 2420 tanta
1825 2370 2009 2423 occultaverit
2060 2412 2064 2421 ,

1199 2456 1275 2495 cura
1286 2446 1413 2491 naturae.
1451 2437 1531 2488 Trini
1547 2438 1710 2504 quibusdam
1726 2446 1822 2505 partus
1839 2454 1872 2491 ex
1888 2454 1943 2490 unu
1962 2456 2007 2493 cu·

1208 2511 1282 2579 lyce,
1293 2515 1443 2574 comesque
1453 2508 1555 2558 lentus.
1583 2506 1714 2558 Proxima
1724 2523 1791 2560 rero
1805 2509 1917 2575 corpori
1926 2524 2009 2561 nveni-

1209 2583 1304 2641 brana‚
1314 2586 1343 2631 et
1353 2582 1381 2628 in
1393 2576 1444 2639 his,
1467 2582 1497 2627 et
1508 2576 1536 2627 in
1550 2577 1668 2628 nucibus
1679 2592 1817 2643 saporem,
1836 2583 1862 2629 ni
1878 2577 2007 2630 detraha-

1208 2657 1264 2714 tur,
1275 2648 1399 2700 iniestat.
1437 2647 1558 2697 Terrore
1571 2645 1660 2698 basin
1672 2646 1741 2699 cibis
1751 2648 1866 2715 gratius.
1901 2648 2010 2699 Molon-

1208 2728 1255 2771 tur
1265 2720 1363 2781 etiarn,
1386 2723 1414 2768 et
1426 2720 1570 2784 praestant
1580 2716 1683 2770 ieiunio
1696 2717 1860 2769 seminarum
1873 2718 2011 2783 quandam

1208 2787 1359 2856 imaginem
1376 2788 1466 2854 panis.
1502 2786 1635 2840 Sardibus
1651 2802 1701 2839 eae
1716 2781 1868 2854 provenere
1881 2789 2009 2854 privnurn.

1208 2858 1276 2911 ldeo
1298 2857 1370 2924 apud
1391 2856 1513 2908 Graecos
1539 2856 1689 2908 Sardianos
1716 2856 1833 2908 balanos
1855 2857 2010 2923 appellant:

1209 2943 1272 2979 nani
1283 2927 1354 2977 Dios
1366 2926 1494 2977 balanum
1512 2933 1611 2991 postea
1629 2928 1785 2990 imposuere
1797 2925 2006 2978 excellentiori·

1208 2995 1260 3047 bus
1270 3002 1333 3047 satu
1345 2994 1435 3044 luctis.
1472 2993 1552 3045 Nunc
1562 2995 1643 3059 plura
1654 3008 1746 3044 earum
1757 3008 1870 3059 genera.
1906 2996 2012 3046 Turen-

1207 3065 1282 3116 tinae
1293 3062 1400 3123 faciles,
1422 3076 1474 3112 nec
1483 3075 1620 3127 operosae
1631 3061 1701 3121 cibo,
1722 3060 1821 3127 planae
1833 3062 1931 3129 ligura.
1956 3064 2014 3113 llo-

1208 3133 1326 3193 tundior‚
1347 3146 1418 3198 qnae
1429 3130 1562 3182 balanitis
1571 3136 1696 3191 vocatur,
1717 3130 1869 3199 purgabilis
1881 3132 2014 3195 nratinre,

1208 3210 1237 3255 et
1247 3208 1347 3268 sponte
1362 3200 1520 3266 prosiliens.
1555 3199 1629 3250 Pura
1639 3208 1668 3251 et
1679 3198 1761 3265 plana
1773 3206 1817 3251 est
1828 3215 1861 3252 ex
1873 3201 1914 3250 eis
1925 3208 1953 3251 et
1963 3200 2011 3251 Sa·

1207 3273 1327 3324 larianar
1339 3270 1494 3321 Tarentina
1505 3270 1597 3320 minus
1608 3269 1776 3321 tractabilis:
1799 3267 1946 3321 laudatior
1956 3270 2011 3321 Cu·

1207 3342 1334 3404 relliana,
1354 3346 1429 3391 etex
1440 3354 1474 3391 ea
1489 3338 1573 3401 iacta,
1593 3354 1647 3405 quo
1664 3338 1788 3389 dicemus
1804 3337 2011 3399 ininsitismo·

1207 3411 1254 3474 do,
1274 3408 1434 3470 Etersiana,
1456 3423 1537 3475 quam
1555 3408 1656 3460 rubens
1673 3414 1768 3459 cortex
1785 3408 1908 3473 praefert
1919 3408 2008 3460 trian-

1206 3481 1288 3548 gulis,
1308 3486 1337 3531 ct
1349 3478 1531 3546 popularibus
1540 3477 1636 3545 nigris,
1646 3492 1715 3544 quae
1727 3478 1852 3527 coctivae
1864 3482 2009 3529 rorantur.

1207 3549 1304 3602 Patria
1315 3548 1516 3600 laudatissimis
1525 3549 1689 3605 'l‘arcutuna
1700 3552 1728 3596 ct
1739 3546 1765 3596 in
1777 3545 1927 3611 Canvpania
1935 3546 2007 3598 Nea-

1206 3620 1288 3683 polis.
1325 3621 1440 3669 Ceterae
1457 3632 1537 3668 suum
1554 3616 1656 3679 pabulo
1673 3612 1833 3680 gignuntur,
1843 3613 2007 3680 scrupulosa

1207 3685 1320 3739 corticis
1331 3684 1405 3734 intra
1417 3686 1530 3734 nucleos
1540 3698 1649 3749 quoque
1661 3683 1860 3735 ruminatione.

1241 3752 1343 3806 XXVI.
1361 3752 1444 3805 llaud
1455 3751 1552 3818 procul
1570 3751 1666 3804 abesse
1683 3750 1830 3805 videantur
1842 3754 2006 3821 etpraedul·

2146 3578 2161 3605 ἱ

1206 3823 1391 3889 cessiliquae,
1410 3822 1465 3872 nisi
1480 3819 1554 3887 quod
1572 3824 1599 3872 in
1619 3823 1653 3872 iis
1671 3822 1767 3873 corte'x
1784 3825 1842 3890 ipse
1859 3823 2005 3875 manditur.
2058 3812 2094 3851 ·“““
2141 3828 2147 3837 “

1207 3893 1365 3955 Digitorum
1378 3890 1469 3938 omnis
1479 3889 1626 3953 longitudo
1645 3891 1710 3949 illis,
1732 3900 1760 3941 et
1771 3890 1881 3942 interim
1894 3893 2006 3956 falcata,

1207 3956 1338 4027 pollicari
1349 3957 1506 4009 latitudine.
1543 3956 1667 4010 Glandes
1684 3962 1757 4009 inter
1773 3973 1856 4025 ponta
1867 3964 2006 4014 numerari

1206 4042 1261 4078 non
1274 4032 1402 4093 possunt:
1425 4026 1604 4092 quamobrem
1616 4029 1644 4078 in
1655 4043 1705 4078 sua
1716 4035 1814 4080 natura
1825 4029 1959 4081 dicentur.

1241 4094 1356 4147 xxva.
1375 4094 1495 4162 Reliqua
1504 4097 1616 4148 carnosi
1627 4105 1692 4148 sunt
1702 4101 1824 4164 generis:
1847 4114 1934 4166 eaque
1944 4102 2006 4153 bac·

1206 4166 1245 4217 cis
1266 4172 1348 4232 atque
1368 4165 1499 4217 carnibus
1521 4167 1635 4218 distant.
1670 4168 1733 4218 ,Alia
1754 4168 1840 4220 acinis
1862 4170 2006 4233 cerealia

1205 4237 1300 4297 nvoris,
1322 4234 1379 4286 alia
1394 4234 1580 4287 unedonibus:
1603 4244 1631 4290 et
1650 4237 1706 4288 alin
1722 4240 1809 4290 acinis
1825 4239 1901 4292 inter
1916 4246 2004 4291 cutem

1205 4319 1380 4372 succumque,
1391 4304 1449 4357 alia
1460 4308 1561 4373 myxis,
1578 4306 1746 4371 aliebaccis,
1766 4309 1899 4362 utelivis.
1917 4308 2006 4361 Moris
2038 4336 2053 4344 -

1205 4391 1312 4437 succus,
1334 4377 1361 4426 iu
1383 4390 1466 4427 earne
1486 4376 1614 4428 vinosus:
1646 4378 1712 4428 trini
1731 4378 1851 4442 colores,
1871 4378 2006 4431 candidus

1205 4444 1306 4511 primo,
1327 4460 1391 4497 nvox
1412 4446 1523 4508 rubens,
1543 4450 1659 4498 maturis
1671 4447 1760 4514 niger.
1796 4449 1826 4498 ln
1847 4448 2006 4500 nov-issimis

1205 4512 1316 4575 llurant,
1334 4514 1407 4566 inter
1425 4516 1514 4581 prima
1535 4523 1732 4567 maturescunt.
1769 4516 1891 4580 'lingunt
1907 4531 2006 4570 manus

1205 4598 1287 4635 succo
1298 4592 1415 4643 uentura,
1438 4584 1535 4635 eluunt
1553 4586 1662 4636 acerba.
1698 4581 1844 4632 Minimum
1855 4583 1884 4633 in
1897 4580 1949 4635 liae
1959 4601 2005 4638 ar·

1204 4654 1273 4709 bore
1282 4656 1393 4720 ingenia
1405 4654 1589 4717 profecerunt.
1608 4651 1831 4713 bacnominibus,
1843 4660 1894 4703 trec
1904 4652 2006 4719 insitis,

1205 4738 1256 4774 nec
1267 4722 1323 4773 aliu
1336 4721 1428 4781 nvodo,
1450 4736 1530 4786 quam
1544 4722 1617 4786 ponti
1628 4718 1826 4785 nragnitudiue.
1861 4720 2006 4777 Differam

1204 4807 1284 4843 utera
1294 4788 1437 4843 ostiensia
1446 4796 1474 4840 et
1485 4789 1644 4840 Tusculana
1656 4791 1768 4841 nonae
1805 4789 1966 4845 Nascuntur
1975 4800 2007 4846 et

1204 4861 1232 4912 in
1246 4861 1328 4919 rubis,
1349 4858 1466 4909 muitum
1478 4856 1625 4910 differente
1636 4858 1719 4909 callo.

1239 4926 1365 4979 xxviii.
1375 4926 1456 4978 Aliud
1466 4940 1566 4995 corpus
1576 4935 1619 4979 est
1628 4925 1807 4980 terrestribus
1819 4925 1917 4997 fragis,
1929 4932 2005 4983 aliud

1205 4996 1353 5063 congeneri
1363 5010 1459 5047 eorum
1471 4997 1607 5053 unedoni:
1619 4997 1693 5063 quod
1702 4997 1792 5049 sulum
1805 5013 1916 5065 pomum
1928 5002 2004 5052 simi·
2026 5020 2054 5071 ‚c

1205 5068 1232 5118 le
1242 5065 1346 5127 lrutici,
1358 5071 1506 5131 terraeque
1516 5066 1649 5133 gignitur.
1685 5067 1776 5119 Arbor
1785 5068 1847 5134 ipsa
1856 5069 2004 5122 fruticosa.

1204 5135 1324 5186 Fructus
1334 5149 1407 5186 anno
1424 5136 1600 5187 maturescit:
1636 5137 1794 5205 pariterque
1813 5139 2006 5191 llvnretsubua-

1204 5220 1292 5267 scens,
1303 5210 1333 5255 et
1343 5206 1419 5270 prior
1430 5205 1567 5269 coquitur.
1602 5206 1665 5256 Mas
1676 5207 1721 5269 sit,
1732 5223 1768 5259 an
1779 5206 1882 5263 lemine
1891 5208 2007 5271 sterilis,

1203 5274 1415 5327 interauctores
1430 5288 1488 5324 non
1498 5280 1618 5326 constat.
1654 5275 1769 5327 Pontum
1780 5275 1953 5339 inhonorum,
1973 5284 2006 5328 ut

1204 5345 1248 5396 cul
1266 5358 1364 5397 numen
1381 5357 1415 5394 ea
1432 5351 1598 5411 argumento
1612 5345 1651 5395 sit
1666 5361 1751 5397 unum
1768 5353 1876 5399 tantum
1895 5346 2006 5399 mendi.

1203 5413 1320 5467 Duobus
1330 5421 1424 5465 tamen
1436 5411 1488 5465 boc
1498 5415 1656 5467 nominibus
1666 5415 1810 5483 appellant
1819 5416 1919 5469 Graeci
1930 5450 1938 5476 ,
1959 5432 2005 5467 cn·

1205 5498 1302 5535 maron
1314 5489 1343 5535 et
1353 5483 1541 5551 Qnrepylon:
1563 5500 1618 5550 quo
1629 5492 1746 5553 apparet
1758 5486 1875 5538 totidem
1886 5500 1947 5538 eave
1959 5500 2005 5551 gs·

1205 5568 1280 5607 aera.
1318 5550 1355 5603 iit
1374 5551 1445 5618 apud
1466 5568 1516 5607 nos
1536 5554 1594 5608 alio
1615 5556 1727 5609 nomina
1747 5555 1862 5609 arbatus
1878 5558 2003 5607 vocatur.
