4356 6014
7 2836 10 2981 l

305 305 338 365 C.
371 300 526 365 PLlNll
562 302 767 364 saeuum
801 305 969 367 Nerua.
1004 305 1191 371 tristes.
1226 305 1315 369 LlB.
1338 254 1441 372 xlii.
1471 310 1703 377 creat-ae.
1769 317 1827 380 171

175 454 246 508 ΧΙΠ
257 452 408 519 digitorum
420 451 547 519 optimis:
559 450 616 503 duo
626 451 812 504 detrahuntur
822 452 982 506 hieratieae.

177 524 323 577 Panniuna
334 523 420 574 denos
432 521 529 573 babet:
551 528 644 574 etune
661 522 752 574 miuus
770 520 982 589 amphitheatri-

179 610 225 647 ca:
248 595 393 660 pauciores
404 591 521 643 Saitica:
542 607 593 643 nec
605 591 707 644 malleo
717 591 834 644 suflicit:
853 606 916 644 nam
928 608 983 644 ent·

179 663 325 732 poreticae
340 661 463 712 brevitas
479 675 528 712 sex
540 660 647 726 digitos
658 675 713 712 non
725 662 846 714 excedit.
870 661 982 713 Praete·

179 749 229 785 rea
239 736 403 799 spectantur
412 732 439 780 in
452 729 565 791 chartis,
576 732 709 791 tenuitas,
720 730 856 793 densitas,
868 730 981 793 candor,

179 804 285 854 laesor.
321 799 471 850 Primatum
486 799 603 850 mutarit
615 799 745 850 Claudius
757 802 873 851 Caesar:
894 800 981 851 niuria
1023 842 1027 845 ,

178 872 280 940 quippe
290 871 433 935 Augustae
452 869 574 920 tenuitas
594 868 749 921 tolerandis
761 884 816 920 uon
826 869 981 921 sufficiebat

178 941 305 993 calamis.
333 938 374 990 Ad
387 935 440 989 hoc
451 939 641 990 transmittens
652 938 750 989 literas
760 939 864 991 liturae
876 946 979 990 metum

177 1009 318 1063 afferebat
327 1022 361 1059 es
372 1008 491 1059 eremis:
504 1013 534 1059 et
545 1007 615 1057 alias
627 1006 761 1067 indecoro
772 1008 832 1059 dau
842 1016 981 1075 pertrans·

178 1079 281 1134 lucida.
305 1078 395 1145 igitur
406 1075 552 1128 esecundo
563 1077 641 1127 corio
653 1078 807 1128 statumina
816 1076 979 1130 factasunt:

176 1167 192 1202 e
205 1153 302 1217 primo,
315 1145 499 1214 subtegmina.
525 1147 610 1199 Auxit
620 1151 648 1196 et
659 1145 843 1199 latitudinem.
869 1146 980 1199 Pedalis

176 1227 238 1271 erat
249 1230 387 1276 mensura,
397 1221 426 1266 et
437 1214 568 1266 cubitalis
581 1215 772 1267 macrocollls:
783 1215 832 1268 sed
844 1216 920 1267 ratio
932 1216 979 1268 de·

177 1285 324 1356 prehendit
342 1287 449 1346 uitium,
469 1284 553 1335 unius
574 1283 693 1336 schedae
709 1285 867 1336 revulsione
886 1285 979 1351 pluras

176 1357 326 1410 infestante
336 1353 462 1421 paginas.
492 1353 534 1405 Ob
547 1352 614 1405 haec
624 1354 752 1419 praelata
763 1354 889 1405 omnibus
901 1354 981 1405 Clau·

176 1427 231 1489 dia,
251 1428 393 1491 Augustae
405 1423 433 1473 in
445 1421 574 1489 epistulis
586 1424 738 1475 auctoritas
750 1422 861 1475 relicta:
884 1422 977 1475 Liria-

176 1511 211 1548 na
232 1510 311 1545 suam
333 1492 434 1555 tenuit,
457 1492 502 1543 cui
523 1491 595 1545 nihil
615 1494 802 1559 primaeeret,
823 1491 873 1544 sed
886 1494 980 1544 ornnis

176 1564 321 1621 secundae.

211 1634 296 1687 XXV·
318 1630 458 1684 Scabritia
470 1630 628 1700 laevigatur
640 1631 731 1693 dente,
751 1628 908 1684 conchevet
927 1630 977 1683 sed

159 1696 297 1755 lcaducae
310 1700 410 1753 literae
423 1701 500 1753 liunt.
528 1702 622 1753 Minus
632 1704 728 1754 sorbet
740 1703 862 1769 politura
874 1698 979 1763 charta,

175 1776 266 1842 magis
275 1770 411 1839 splendet.
432 1771 563 1824 Rebellat
574 1786 658 1838 saepe
668 1769 767 1823 humor
777 1772 917 1823 incuriose
929 1769 977 1821 da·

175 1852 221 1895 tus
235 1842 333 1910 primo,
345 1841 502 1909 malleoque
513 1840 742 1907 deprehenditur,
755 1842 899 1892 autetiam
912 1839 979 1889 ‹rdo-

175 1926 216 1975 re,
238 1926 299 1964 cunt
311 1910 396 1963 luerit
409 1910 609 1978 indiligentior.
645 1910 872 1976 Deprehenditur
883 1917 911 1961 et
923 1909 979 1960 len·

176 1986 234 2049 tigo
245 1980 348 2033 oculis:
364 1980 413 2033 sed
425 1981 534 2032 inserta
544 1980 643 2032 mediis
654 1980 863 2047 glutinamentis
875 1979 978 2039 taenia,

176 2050 263 2119 lungo
275 2050 373 2117 papyri
384 2050 490 2112 bibula,
504 2051 550 2101 vix
563 2051 616 2101 nisi
627 2049 710 2101 litera
720 2049 854 2101 fundente
865 2065 907 2099 se:
919 2054 978 2098 tan·

175 2128 232 2171 tum
244 2122 316 2172 inest
327 2119 443 2171 fraudis.
457 2120 536 2172 Alius
544 2120 631 2186 igitur
641 2119 740 2169 iterum
753 2118 878 2171 texendis
889 2117 977 2169 labor.

210 2189 311 2241 xxvi.
331 2188 475 2240 Glutinant
493 2188 609 2256 vulgare
629 2187 770 2254 apollinis
793 2186 977 2254 iluretcmpe·

175 2267 255 2310 ratur
265 2258 389 2310 fervente
402 2273 486 2326 aqua,
502 2259 616 2309 minimo
627 2258 699 2310 aceti
711 2272 840 2324 aspersu:
864 2272 926 2307 nam
940 2256 977 2307 la-

174 2328 253 2390 brile,
276 2330 457 2395 gemmaque,
474 2328 588 2394 fragilia
598 2334 671 2378 sunt.
707 2327 877 2395 Diligentius
898 2340 976 2376 cura:

175 2398 272 2449 mollia
283 2397 361 2462 panis
374 2398 535 2450 fermentati
546 2397 641 2449 colata
651 2411 724 2463 aqua
737 2397 875 2449 fervente:
897 2394 978 2445 ruini·

174 2481 248 2517 mura
260 2464 313 2517 hoc
327 2467 410 2518 modo
422 2467 581 2533 intergerii:
602 2473 685 2532 atque
704 2467 786 2517 etiam
807 2465 857 2516 lini
875 2464 976 2514 lenitas

174 2543 330 2601 superatur.
379 2535 467 2586 Omne
486 2542 579 2585 autem
596 2535 748 2599 glutinum,
769 2548 821 2583 nec
842 2532 977 2583 uetustius

173 2619 237 2655 esse
258 2603 342 2654 debet
362 2616 419 2652 uno
436 2602 489 2664 die,
510 2616 560 2652 nec
569 2605 720 2651 recentius.
756 2601 859 2652 Postea
873 2601 977 2651 malleo

172 2679 318 2728 tenuatur,
339 2671 478 2719 etiterum
500 2668 610 2734 glutino
623 2671 801 2734 percurritur,
820 2671 977 2735 iterumque

173 2736 333 2791 constricta
343 2743 485 2804 erugatur,
506 2744 589 2804 atque
608 2736 767 2789 extenditur
786 2738 898 2788 malleo.
936 2737 978 2788 lta

172 2813 241 2862 saint
260 2805 413 2873 lpuginqua
435 2813 613 2865 ntonumenta
627 2807 735 2858 Tiberii
756 2807 870 2873 Caiique
891 2807 975 2859 Grac·

174 2879 290 2931 chorum
310 2890 416 2939 uranus,
436 2891 506 2942 quae
528 2876 602 2942 apud
624 2875 805 2942 Pomponium
820 2876 974 2928 Secundum

173 2956 266 3001 tatem
288 2944 431 3013 ciuemque
453 2945 638 2996 clarissimum
660 2945 719 2995 vidi
734 2961 820 2997 annos
841 2946 899 2997 iere
912 2951 976 3012 post

95 3016 111 3051 P
175 3018 228 3079 QG,
247 3016 303 3067 lam
315 3029 382 3066 roro
392 3016 541 3095 Qccrnnis,
552 3029 585 3065 ac
594 3013 658 3081 [ip-r
670 3015 796 3084 Augusti,
809 3015 975 3085 llirgilijque

176 3098 375 3152 saepenumero
385 3083 516 3134 videmus.

213 3151 327 3205 xxvii.
346 3153 470 3221 ingentia
481 3153 606 3219 exempla
618 3152 858 3206 contraVarronis
869 3158 977 3203 senten·

176 3224 242 3276 tiam
264 3222 299 3275 de
320 3222 426 3273 chartis
438 3224 621 3288 reperiuntur.
660 3222 785 3289 Namque
796 3221 906 3287 Cassius
917 3224 974 3283 lie·

176 3292 473 3357 spi-rvaggmustissimus
484 3299 581 3354 auctor
591 3290 746 3357 Apualium,
768 3299 868 3359 quarto
880 3305 974 3342 eorum

177 3363 249 3414 libro
268 3360 399 3428 prodidit,
421 3363 469 3412 Cn.
482 3361 643 3413 Terentium
656 3361 774 3412 scribam
788 3375 885 3429 ugrum
896 3375 975 3413 suum

175 3434 204 3483 in
216 3430 338 3483 laniculo
349 3432 578 3497 repastinantem,
600 3430 749 3483 offendisse
761 3445 864 3492 arcam,
883 3430 911 3481 in
923 3446 976 3497 qua

176 3499 277 3564 Numa,
288 3502 334 3568 qui
347 3500 451 3552 Romae
461 3500 600 3567 regnavit,
610 3502 682 3551 situs
693 3498 802 3551 inbuet.
838 3501 867 3551 ln
878 3496 973 3551 eadem

178 3568 264 3620 libros
285 3570 344 3621 eius
364 3575 490 3636 repertos
509 3568 709 3632 P.‚Cornelio,
729 3568 763 3619 L.
785 3567 815 3619 F.
838 3568 975 3637 Cethego,

176 3636 214 3688 M.
225 3638 345 3701 Baebio,
372 3639 405 3702 Q.
418 3638 448 3689 li.
459 3637 608 3705 Tamphilo
621 3640 698 3700 Coss.
722 3637 756 3689 ad
779 3653 848 3704 quos
860 3653 876 3688 a
888 3653 974 3705 regno

176 3707 282 3760 Numae
304 3704 476 3775 colliguntur
496 3708 559 3760 anni
580 3705 722 3769 DXXXV,
743 3713 772 3757 ct
792 3706 842 3765 hos
860 3705 975 3767 Missae

166 3775 286 3841 m:
298 3778 405 3832 maiore
417 3778 568 3830 etiamnum
580 3776 725 3837 miraculo,
736 3775 809 3842 quod
822 3782 865 3826 tot
876 3776 973 3827 infossi

176 3847 345 3900 «iuraverunt
355 3848 447 3898 annis:
468 3853 639 3927 qqpprupter
649 3847 677 3896 in
689 3860 719 3897 re
730 3852 809 3896 tanta
821 3846 907 3912 ipsius
918 3848 975 3897 lle·

175 3919 265 3969 minae
276 3917 362 3969 verba
371 3931 471 3983 ponam
483 3934 489 3967 z
517 3916 696 3967 Mirabantur
708 3914 769 3976 alii,
781 3915 920 3981 quomodo
932 3915 973 3966 illi

174 3986 237 4038 libri
250 3986 352 4038 durare
364 3986 535 4052 potuissent:
556 3985 608 4036 ille
627 3985 668 4035 ita
679 3985 813 4035 rationem
824 3983 974 4036 reddebat:

174 4054 310 4122 Lapidem
330 4055 418 4107 tuisse
438 4056 603 4122 quadratum
626 4054 738 4106 circiter
759 4055 786 4104 in
808 4054 975 4105 mediaarce

174 4126 298 4176 cinctum
311 4123 432 4177 candelis
452 4138 668 4192 quoquoversus.
704 4124 735 4175 ln
747 4137 782 4175 eo
793 4123 886 4189 lapido
899 4126 973 4174 insu·

176 4208 225 4260 per
246 4193 335 4246 libros
355 4195 501 4261 impositos
523 4194 625 4245 illisae:
647 4199 796 4260 propterea
813 4193 975 4244 arbitrarier

176 4277 225 4314 eos
235 4276 292 4313 non
305 4264 513 4330 computruisse.
532 4263 569 4314 Et
579 4264 665 4315 libros
674 4264 791 4314 citratos
801 4261 898 4312 fuisse:
913 4275 976 4327 pro·

176 4337 276 4398 pterea
286 4333 449 4384 arbitrarier
459 4335 549 4384 tineas
560 4347 615 4384 non
627 4332 764 4400 tetigisse.
799 4330 829 4381 ln
841 4329 884 4380 his
895 4330 974 4381 libris

175 4401 292 4466 scripta
293 4399 826 4469 grantuphjlosophiaai'ythrqgoricae.
862 4400 974 4466 Easque

175 4469 337 4521 combustos
347 4486 365 4522 a
375 4471 407 4535 Q.
418 4471 520 4523 Petilio
533 4476 670 4537 praetore,
693 4470 759 4536 quia
781 4468 974 4535 philospphiae

175 4540 413 4607 scrr‘ptaesseut)j
425 4542 488 4592 lloc
508 4541 583 4592 idem
604 4539 693 4591 tradit
709 4538 742 4589 L.
752 4537 818 4590 Piso
830 4539 974 4590 censorius

176 4611 265 4677 primo
286 4611 566 4662 commentariorum:
594 4608 643 4660 sed
668 4608 754 4672 libros
776 4612 883 4673 septem
898 4606 974 4665 juris

175 4680 318 4749 Difficili
339 4680 512 4747 totidemque
524 4677 727 4746 Pythagoricos
738 4677 835 4737 luisse:
858 4676 974 4729 Tudita-

177 4763 226 4801 nus
246 4749 463 4813 decimotertio,
484 4749 594 4801 Numae
605 4748 780 4800 decretorum
792 4745 891 4815 luisse:
913 4747 974 4814 ipse

175 4815 263 4870 Varro
275 4820 469 4871 Humanarum
483 4816 679 4886 antiquitatum
702 4822 791 4878 sexto,
812 4816 910 4868 Antias
929 4831 972 4866 se·

176 4887 275 4949 eundo,
295 4887 366 4939 duos
378 4888 559 4940 Pontificales
571 4888 697 4950 Latinos,
719 4885 836 4950 tetidem
850 4886 973 4936 Graecos

175 4964 327 5023 praecepta
336 4956 532 5024 philosophiae
542 4957 724 5021 continentes.
743 4956 819 5006 ldem
832 4957 914 5007 tertio
927 4971 973 5022 pn·

174 5025 222 5088 nit,
244 5041 302 5094 quo
313 5028 438 5079 comburi
452 5042 501 5081 eos
512 5026 658 5094 placuerit.
694 5027 771 5078 luter
794 5040 889 5077 onrnes
905 5038 972 5077 sero

44 5099 78 5152 it
85 5097 304 5149 ,seaaecoonvenit
313 5095 450 5164 Sibyllam
466 5098 502 5149 ad
515 5097 696 5165 'l'arquinium
708 5094 863 5162 Superbum
874 5103 931 5146 tres
942 5093 974 5144 li·

172 5164 238 5217 bros
254 5166 397 5218 attulisse:
419 5181 454 5218 ex
471 5165 573 5233 quibus
592 5168 648 5232 igni
667 5166 721 5217 duo
733 5165 849 5217 cremati
860 5165 894 5214 ab
905 5164 974 5230 ipsa,

172 5237 273 5287 tertius
285 5252 348 5288 eum
360 5235 501 5303 Capitolio
512 5235 636 5287 Sullanis
647 5235 827 5301 temporibus.
845 5232 972 5285 Praeter·

172 5304 365 5357 eaMutianus
385 5312 430 5357 ter
450 5304 546 5356 consul
568 5303 691 5370 prodidit
712 5318 798 5369 nuper
817 5303 973 5369 selegisse,

172 5388 232 5427 cum
254 5374 430 5442 praesideret
449 5374 566 5441 Lyciae,
587 5372 757 5439 Sarpedonis
778 5371 973 5422 a'l'roiascrl·

171 5451 245 5509 ptam
258 5446 286 5496 in
297 5443 419 5511 quodam
429 5442 534 5509 templo
545 5443 682 5511 epistolae
693 5441 826 5494 chartam.
845 5434 927 5501 Quod
939 5454 973 5491 eo

171 5514 263 5580 magis
279 5514 377 5575 miror,
397 5513 424 5566 si
435 5513 587 5564 etiamnum
600 5510 724 5565 Homero
736 5509 873 5563 condente
884 5513 971 5577 Aegy·

169 5589 236 5648 ptus
248 5599 304 5636 nna
317 5589 392 5637 erat:
412 5580 635 5644 sescundum
647 5580 692 5635 hic
702 5586 766 5635 erat
776 5594 850 5643 usus,
872 5579 900 5631 in
912 5580 973 5645 ipsa

1034 455 1086 507 illa
1098 455 1186 524 Lycia
1197 457 1406 525 bellerophonti
1428 460 1583 515 codicillos.
1595 462 1685 528 datos,
1705 480 1759 519 non
1769 471 1828 536 epi·

1034 525 1131 586 stolas,
1143 527 1273 592 prodidit.
1295 528 1478 582 sterilitatem
1489 533 1576 583 sentit
1588 531 1640 585 hoc
1649 549 1773 605 quoque:
1786 538 1828 592 ia·

1035 598 1165 659 ctumque
1184 594 1239 646 iam
1250 597 1367 649 Tiberio
1383 600 1506 666 principe
1517 600 1611 668 inopia
1628 603 1750 667 chartae,
1772 615 1829 661 ute

1034 664 1136 712 senatu
1159 662 1291 714 darentur
1307 667 1404 717 arbitri
1425 668 1641 736 dispensandae:
1662 673 1732 727 allas
1743 676 1771 727 in
1783 685 1830 728 tu-

1034 729 1121 781 multu
1134 730 1193 781 rita
1204 739 1272 782 erat.

1068 797 1199 850 xxvru.
1214 797 1369 919 Aethiopia,
1377 806 1505 874 Aegypto
1516 811 1695 873 contermina,
1707 811 1829 881 insignes

1032 868 1152 949 arbores
1168 881 1221 919 non
1237 868 1295 920 iere
1331 872 1405 933 abet,
1427 876 1693 940 praeterlaniieras,
1714 896 1828 947 quarum

1032 942 1133 988 natura
1144 952 1172 987 ιιι
1185 936 1370 1004 descriptione
1381 940 1508 995 ludorum
1524 951 1609 1012 atque
1619 949 1737 1003 Arabiae
1754 952 1829 1004 dicta

1032 1012 1083 1057 est.
1102 1006 1221 1072 Propior
1232 1013 1325 1058 tamen
1337 1006 1402 1059 huic
1411 1019 1510 1063 tratura
1520 1014 1610 1078 lanae,
1624 1019 1768 1087 maiorque
1778 1021 1830 1073 lul·

1033 1074 1133 1127 lieulus
1144 1078 1252 1142 granati
1264 1077 1347 1128 modo
1360 1078 1440 1128 mali:
1451 1082 1609 1150 similesque
1620 1093 1648 1138 et
1659 1088 1735 1140 inter
1744 1106 1774 1142 se
1788 1106 1830 1143 ar·

1031 1145 1114 1197 bores
1125 1146 1210 1211 ipsae.
1235 1145 1351 1199 Praeter
1361 1144 1430 1198 hanc
1440 1150 1556 1214 palmae,
1567 1155 1663 1219 quales
1674 1158 1828 1212 retulimus.

1032 1213 1186 1265 insularum
1206 1214 1321 1267 arbores
1342 1216 1448 1268 ambitu
1462 1217 1644 1287 Aethiopiae,
1666 1232 1694 1278 et
1714 1243 1829 1281 nemora

1032 1282 1160 1347 odorata,
1172 1285 1199 1334 in
1212 1284 1354 1337 mentione
1364 1301 1459 1338 carum
1471 1286 1629 1342 dictasunt.

1066 1352 1166 1403 xxtx.
1185 1354 1262 1405 Atlas
1285 1369 1363 1405 mons
1386 1356 1520 1423 peculiari
1544 1360 1673 1424 proditur
1692 1364 1771 1427 silua,
1792 1366 1827 1421 de

1032 1421 1226 1489 quadiximus.
1264 1424 1391 1477 Contineo
1412 1425 1438 1477 ei
1462 1425 1563 1490 Mauri,
1586 1430 1685 1497 quibus
1708 1435 1828 1500 plurima

1032 1493 1115 1541 arbor
1127 1491 1199 1554 citri,
1212 1501 1240 1545 ot
1251 1509 1407 1546 mensarum
1419 1496 1536 1558 insania,
1548 1499 1749 1563 qussdnnrinae
1759 1505 1826 1555 riris

1032 1556 1130 1612 «deutra
1142 1562 1310 1628 margaritas
1323 1569 1462 1631 regerunt.
1474 1565 1576 1616 Exstat
1587 1565 1714 1620 hodieM.
1723 1572 1829 1624 Cicero-

1031 1630 1074 1681 nis
1085 1631 1112 1680 in
1123 1629 1174 1681 illa
1186 1638 1360 1698 paupertate,
1376 1640 1405 1685 et
1417 1632 1490 1699 quod
1502 1636 1591 1703 magis
1601 1637 1700 1688 mirum
1714 1645 1765 1701 est,
1776 1641 1828 1693 illo

1031 1715 1099 1752 aevo
1111 1706 1186 1752 emta
1195 1702 1355 1754 sestertium
1371 1702 1462 1755 docies
1475 1707 1597 1755 centenis
1610 1706 1742 1759 millibus.
1770 1709 1829 1762 Mc·

1032 1775 1156 1821 moratur
1167 1777 1195 1821 et
1208 1769 1285 1822 Galli
1295 1771 1392 1836 Asinii,
1413 1773 1572 1824 sestertium
1591 1776 1722 1828 undecies
1735 1785 1828 1831 ceute·

1031 1839 1073 1888 nis
1086 1839 1154 1889 mill.
1185 1838 1377 1894 venumdatae
1387 1847 1452 1893 sunt
1464 1847 1492 1892 et
1502 1840 1598 1895 duaea
1611 1845 1677 1895 iuba
1688 1861 1755 1914 rege
1766 1860 1832 1912 pen·

1031 1906 1141 1960 dentes:
1163 1923 1279 1974 quarum
1290 1910 1374 1961 alteri
1384 1905 1502 1977 pretium
1521 1910 1575 1963 sart
1587 1916 1746 1966 sestertium
1761 1916 1829 1967 duo·

1031 1977 1121 2028 decies
1140 1984 1257 2029 centena
1280 1980 1378 2042 millis,
1399 1979 1481 2034 alteri
1494 1981 1686 2046 paulominus.
1723 1984 1831 2037 interiit

1031 2061 1119 2113 nuper
1137 2047 1266 2099 incendio
1287 2063 1305 2098 a
1319 2047 1449 2117 Cethegis
1466 2049 1648 2113 descendens,
1668 2055 1830 2106 sestertium

1031 2114 1245 2182 quatuordecies
1265 2119 1388 2169 centenis
1409 2118 1478 2170 mill.
1501 2126 1666 2185 permutata,
1687 2122 1830 2176 latifundii

1031 2186 1187 2247 taxatione,
1196 2188 1219 2236 si
1232 2188 1294 2252 quis
1308 2188 1423 2253 praedia
1433 2189 1505 2239 tanti
1516 2192 1634 2243 mercari
1646 2192 1734 2244 malit.
1763 2193 1828 2245 Ma·

1030 2255 1147 2320 gnitudo
1158 2255 1328 2321 amplissima
1342 2256 1431 2310 adhuc
1442 2255 1506 2319 init,
1526 2261 1607 2312 unius
1619 2263 1783 2314 commissae
1794 2278 1829 2315 ex

1030 2325 1143 2376 orbibus
1154 2325 1308 2376 dimidiatis
1320 2327 1437 2390 duobus,
1459 2343 1476 2379 a
1486 2342 1552 2394 rege
1562 2329 1755 2383 Mauretaniae
1766 2332 1830 2384 Pto·

1030 2392 1147 2453 lemaeo,
1167 2400 1289 2459 quatuor
1310 2396 1408 2462 pedum
1430 2403 1458 2448 et
1477 2398 1628 2465 semipedis
1647 2401 1827 2467 permedium

1030 2462 1172 2524 ambitum,
1192 2465 1376 2516 crassitudine
1397 2466 1582 2533 quadrantali.
1619 2469 1766 2535 Maiusque
1779 2472 1829 2521 mi·

1029 2530 1153 2581 raculum
1172 2530 1200 2581 in
1221 2538 1309 2583 esest
1320 2536 1397 2594 artis,
1418 2535 1520 2586 latente
1532 2536 1676 2599 iunctura,
1687 2553 1769 2604 quam
1781 2552 1828 2604 po-

1030 2599 1129 2650 tuisset
1140 2614 1201 2650 esse
1212 2606 1339 2654 naturae.
1375 2602 1490 2653 Solidse
1500 2612 1592 2654 autem
1604 2620 1622 2654 a
1633 2607 1732 2656 Nomio
1744 2607 1828 2658 'tihe-

1029 2667 1064 2717 rii
1076 2668 1204 2718 Caesaris
1218 2667 1321 2720 liberto
1333 2684 1487 2737 cognomen
1504 2670 1649 2733 trahentis,
1666 2675 1756 2725 tribus
1766 2675 1828 2724 sici-

1030 2736 1092 2787 licis
1109 2736 1182 2787 inlra
1194 2743 1313 2802 quatuor
1323 2739 1421 2804 pedes,
1443 2738 1614 2804 totidemque
1625 2741 1699 2792 inira
1708 2744 1825 2809 semipe-

1030 2805 1091 2857 dem
1103 2806 1303 2856 crassitudinis.
1339 2807 1401 2868 (lua
1416 2808 1443 2857 iu
1454 2822 1484 2859 re
1496 2823 1549 2859 non
1559 2810 1742 2862 omittendum
1754 2812 1828 2863 ride·

1029 2881 1083 2936 tur,
1100 2875 1215 2926 Tiberio
1226 2875 1343 2942 principi
1356 2891 1476 2929 inensam
1489 2884 1607 2943 quatuor
1618 2879 1703 2945 pedes
1714 2888 1825 2932 sextan-

1030 2952 1059 2996 te
1079 2944 1188 2995 sicilico
1210 2943 1399 3009 excedentem,
1417 2952 1479 2996 tota
1494 2961 1560 2997 vero
1579 2948 1764 3000 crassitudine
1785 2966 1828 3002 sa·

1029 3012 1169 3076 scunciali,
1190 3014 1363 3079 operimento
1373 3014 1493 3067 laminae
1504 3015 1635 3067 vestitam
1647 3016 1744 3081 luisse,
1766 3034 1826 3071 cum

1028 3091 1085 3135 tam
1097 3084 1190 3150 opima
1201 3082 1301 3134 Nomio
1314 3083 1414 3134 liberto
1426 3084 1485 3135 eius
1496 3090 1579 3136 esset.
1615 3087 1710 3138 'l'uber
1722 3086 1773 3137 hoc
1783 3095 1827 3140 est
1908 3085 1913 3091 ’

1029 3153 1140 3213 radicis,
1152 3152 1326 3217 maximeque
1336 3152 1487 3215 laudatum,
1500 3152 1572 3219 quod
1584 3153 1635 3204 sub
1648 3161 1723 3207 terra
1735 3162 1824 3207 tntum

1029 3221 1129 3272 luerit:
1153 3228 1181 3271 et
1198 3221 1288 3271 rarius
1309 3234 1390 3286 quam
1411 3236 1482 3288 quac
1498 3235 1627 3287 superne,
1647 3227 1824 3293 quaequegi·

1028 3297 1150 3359 gnuntur
1161 3291 1245 3341 etiam
1257 3291 1283 3339 iu
1296 3290 1392 3341 rumis.
1413 3291 1580 3358 proprieque
1591 3292 1662 3358 quod
1674 3295 1744 3345 tanti
1757 3295 1823 3347 enti-

1028 3368 1082 3423 tur,
1099 3361 1228 3411 arbarum
1240 3359 1337 3410 vitium
1349 3364 1408 3421 est,
1419 3375 1532 3427 quarum
1544 3361 1698 3426 amplitudo
1710 3377 1743 3414 nc
1754 3364 1826 3415 radi-

1028 3444 1073 3483 ces
1095 3426 1237 3480 aestimari
1256 3436 1371 3495 possunt
1387 3444 1421 3480 ex
1437 3429 1560 3482 orbibus.
1589 3430 1660 3481 Sunt
1670 3438 1763 3484 erstem
1777 3448 1824 3483 cu·

1028 3514 1124 3566 presso
1136 3498 1256 3550 feminae
1268 3502 1416 3549 etiamnum
1427 3498 1546 3551 silvestri
1558 3499 1664 3552 similes
1676 3501 1826 3563 lallando·
1868 3548 1872 3563 ,

1028 3585 1065 3629 re,
1076 3568 1198 3620 caudice.
1210 3568 1462 3619 Ancorariusmons
1472 3575 1589 3620 vocatur
1599 3568 1825 3624 citeriorisMau·
1846 3560 1900 3615 ’(ϋί

1027 3639 1163 3759 {letaniae
1183 3640 1229 3703 qul
1252 3636 1473 3690 laudatissimam
1493 3636 1570 3690 dedit
1580 3640 1691 3703 citrum,
1711 3641 1764 3692 iam
1779 3656 1824 3693 es·

1045 3714 1150 3758 austus.

1062 3777 1150 3827 XXX.
1169 3775 1278 3828 Mensis
1289 3776 1438 3842 praecipua
1450 3776 1500 3828 dos
1511 3778 1538 3829 in
1547 3792 1644 3830 venam
1657 3778 1765 3844 crispis,
1781 3778 1824 3831 rel

1026 3847 1187 3899 inum-tices
1199 3859 1307 3910 parvos
1342 3845 1415 3896 illud
1436 3846 1557 3915 oblongo
1578 3847 1670 3898 evenit
1689 3847 1824 3911 discursu,

1027 3916 1146 3981 ideoque
1166 3914 1301 3981 tigrinum
1321 3915 1497 3982 appellatur:
1520 3915 1572 3968 hoc
1583 3918 1699 3977 intorto,
1710 3924 1748 3968 ·et
1761 3916 1823 3969 ideo

1027 3985 1101 4037 tales
1111 3981 1292 4051 pantherinae
1303 3990 1445 4035 vocantur.
1463 3983 1564 4036 Suntet
1575 3985 1697 4036 undatim
1707 3987 1823 4051 crispae,

1027 4055 1134 4105 maiore
1146 4055 1250 4120 gratia.
1262 4053 1287 4105 si
1299 4067 1436 4172 gavanum
1450 4054 1553 4106 caudae
1565 4054 1661 4105 oculos
1671 4054 1822 4105 imitentur.

1026 4124 1206 4190 Magnarero
1218 4130 1281 4189 post
1321 4137 1351 4173 as
1362 4122 1463 4191 gratia,
1482 4131 1564 4174 extra
1584 4121 1749 4188 praedictus,
1770 4123 1823 4172 cri·

1027 4194 1084 4259 spis
1095 4191 1179 4243 densa
1190 4192 1273 4243 relati
1284 4193 1364 4258 grani
1374 4193 1513 4259 congerie,
1534 4205 1603 4258 quas
1614 4190 1650 4241 ob
1660 4188 1689 4239 id
1700 4206 1717 4240 a
1726 4190 1822 4241 simili·

1027 4261 1123 4313 tudine
1134 4260 1243 4326 apiatas
1253 4266 1362 4311 vocant.
1382 4260 1494 4311 Summa
1504 4275 1569 4310 vero
1580 4258 1701 4310 omnium
1712 4260 1739 4309 in
1751 4258 1824 4311 colo·

1027 4346 1065 4383 re.
1102 4329 1288 4381 llicmaxime
1300 4329 1382 4379 mulsi
1394 4329 1495 4395 placet,
1513 4328 1571 4378 suis
1583 4325 1725 4395 refulgens
1737 4329 1822 4381 veni„
1850 4362 1869 4397 l,
1945 4370 1948 4379 ¹

1027 4400 1094 4452 l’ost
1111 4397 1179 4449 haec
1199 4397 1355 4464 amplitudo
1367 4404 1422 4448 est:
1440 4397 1497 4449 ism
1509 4396 1561 4447 tuti
1574 4399 1703 4450 caudices
1714 4399 1823 4451 iuvant:
1843 4398 1922 4427 ·'‘'¹‘'‘
1956 4394 1961 4405 ⁴

1028 4469 1175 4536 pluresque
1186 4467 1213 4517 in
1226 4482 1288 4517 una.

1062 4537 1177 4589 Mensae
1188 4536 1267 4587 vitia:
1279 4535 1789 4604 lignum,itovocaturmatcriasurda,
1797 4544 1824 4590 et

1025 4607 1168 4674 indigesta
1177 4604 1353 4671 simplicitas,
1370 4611 1418 4655 aut
1427 4605 1534 4671 platani
1544 4605 1676 4658 loliorum
1689 4606 1770 4658 modo
1781 4608 1823 4659 di·

1025 4686 1117 4746 gesta:
1136 4675 1203 4727 item
1216 4675 1322 4741 ilignae
1334 4689 1421 4726 ιειιιιιε
1432 4675 1598 4739 similitudo,
1609 4677 1653 4728 rel
1666 4676 1782 4729 coloris:
1796 4685 1824 4728 et

1026 4748 1126 4815 quibus
1136 4748 1256 4796 maxime
1272 4744 1407 4795 obnoxias
1419 4744 1513 4797 lacere
1523 4753 1617 4797 aestus
1627 4746 1767 4813 sentique,
1788 4748 1824 4797 ri·

1026 4832 1097 4878 mae,
1107 4822 1156 4867 aut
1167 4813 1363 4881 capillamenta
1372 4814 1457 4866 umas
1468 4814 1587 4867 imitata.
1607 4815 1707 4867 Postea
1717 4830 1824 4867 murae·

1026 4902 1062 4937 na
1081 4885 1159 4953 nigro
1180 4893 1371 4936 transcurrens
1392 4882 1494 4936 limite:
1525 4884 1663 4952 uariisque
1684 4886 1823 4936 cornicum

1024 4956 1136 5023 punctis
1148 4951 1349 5021 apprehensus,
1366 4968 1533 5020 papaverum
1555 4954 1637 5014 nodo,
1656 4955 1722 5005 etin
1734 4960 1823 5005 totum

1027 5023 1314 5089 atropropiorcnlos,
1336 5026 1494 5076 maculaeve
1516 5023 1678 5075 discolores.
1714 5020 1825 5074 virides

1027 5101 1103 5146 terra
1114 5092 1235 5142 condunt
1247 5090 1366 5153 barbari,
1378 5098 1406 5144 et
1417 5093 1529 5151 illinunt
1541 5108 1613 5144 cera
1642 5092 1769 5143 Artilloes
1778 5104 1824 5140 re·

1027 5178 1058 5214 ro
1071 5162 1201 5213 frumenti
1218 5161 1327 5212 acervis
1345 5162 1489 5228 imponunt
1499 5162 1624 5228 septenis
1635 5160 1742 5219 diebus,
1758 5158 1824 5209 toti-

1027 5233 1089 5284 dem
1100 5230 1281 5282 intermissis:
1292 5230 1445 5297 mirumque
1456 5229 1573 5298 ponderi
1584 5236 1715 5297 quantum
1727 5227 1769 5278 ita
1780 5226 1825 5276 de·

1026 5299 1162 5353 trahatur.
1183 5297 1336 5365 Naatragis
1344 5299 1463 5352 docuere
1474 5314 1570 5367 nuper,
1578 5298 1763 5374 huncquoque
1770 5308 1824 5343 mu·

1027 5370 1126 5424 teriam
1147 5374 1277 5420 siccatam
1298 5370 1378 5431 mari,
1400 5369 1502 5422 duritie
1522 5372 1684 5430 incorrupta
1700 5363 1824 5427 spissari.

1027 5455 1083 5492 non
1104 5438 1163 5489 ullo
1184 5437 1267 5490 modo
1288 5437 1487 5490 uehementius.
1523 5436 1690 5488 Nutriantur
1708 5429 1824 5494 optime.

1027 5509 1285 5577 splendescuntque,
1300 5522 1382 5558 manu
1393 5508 1468 5559 sices
1480 5506 1597 5557 irlcstae
1607 5498 1754 5581 sobelineis
1767 5513 1822 5549 ma-

1026 5582 1117 5635 xime:
1137 5594 1189 5632 nec
1198 5591 1215 5630 a
1224 5576 1296 5630 vinis
1307 5575 1465 5672 laeduqtur,
1476 5581 1506 5625 ut
1516 5573 1558 5625 his
1568 5573 1688 5640 genitae.
