4340 6018
290 322 322 382 C.
357 319 508 382 PLlNii
544 318 752 380 SECUNDi
788 320 951 383 NATUR.
985 320 1169 385 HISTOR.
1206 322 1289 383 utu.
1313 322 1376 383 xi.
1409 324 1503 386 CdP.
1531 326 1652 389 oti-ot.
1718 330 1807 393 ‘¹63
1842 264 1844 270 ⁸

143 472 325 529 hirundinum
334 470 461 540 palliati
471 470 534 540 quis
544 475 633 534 eruat,
645 471 753 523 renasci
763 469 889 524 tradunt.
910 471 953 524 in·

146 552 284 601 sectorum
296 541 430 605 omniurn,
451 547 480 593 ct
490 542 606 594 testacei
619 541 797 607 operimenti,
808 540 883 593 oculi
894 556 953 593 mo·

146 624 259 678 rentur,
278 613 352 666 siout
368 610 578 681 quadrupedum
595 625 686 663 aures.
719 609 954 680 amaminguia

147 687 329 755 operimenta,
339 682 374 734 iis
386 682 461 735 oculi
472 683 545 733 duri.
577 680 677 732 Omnia
687 680 766 742 talia,
777 691 806 734 et
814 680 913 748 pissas,
923 688 954 735 et

147 759 261 819 insecta,
267 767 324 805 noa
334 749 436 804 habent
444 766 538 820 genas,
547 763 598 802 nso
607 751 736 818 integunt
741 750 848 803 oeulos
859 752 953 803 Ouini-

147 828 197 881 bus
208 824 370 877 membrana
379 820 447 873 vitri
459 821 541 873 modo
552 820 727 873 translucido
738 820 907 876 obtenditur.

181 892 253 948 LVl.
272 892 428 960 Palpebrae
439 891 466 942 in
476 889 555 958 genia
567 887 675 942 homini
683 890 822 958 utrinque.
850 890 952 944 Mulie·

148 965 222 1019 ribus
234 976 302 1014 vero
313 964 399 1014 etiam
412 959 535 1012 iniectae
545 959 720 1026 quotidiano.
748 962 842 1014 Tanta
854 967 897 1013 est
908 960 955 1013 de·

148 1036 221 1087 coris
230 1031 389 1094 affectatio,
408 1039 440 1083 ut
451 1031 596 1097 tingantur
606 1029 679 1081 oculi
691 1044 809 1098 quoque.
844 1031 909 1082 illia
920 1029 954 1084 de

148 1118 230 1158 causa
240 1102 294 1154 boc
303 1107 407 1154 natura
416 1100 542 1162 dederat,
549 1113 599 1151 ceu
610 1098 713 1152 vallum
724 1098 862 1168 quoddam
870 1101 954 1162 risus,

147 1182 174 1227 et
184 1172 345 1241 prominens
363 1170 564 1222 munimentum
584 1174 685 1221 contra
699 1171 876 1222 occursantia
897 1170 955 1220 ani·

148 1244 239 1305 maiia,
248 1247 299 1293 aut
309 1239 366 1290 alia
376 1239 494 1291 fortuitu
505 1237 671 1291 incidentia.
684 1237 814 1292 Deiluere
826 1250 873 1289 cas
881 1236 954 1288 haud

147 1311 285 1366 immerito
298 1307 406 1361 Venere
421 1308 627 1360 abundantibus
643 1307 767 1360 tradunt.
799 1309 841 1359 Ei
853 1307 954 1360 ceteris

147 1381 214 1435 nulli
223 1385 297 1441 sunt,
308 1378 361 1429 nisi
371 1377 471 1445 quibus
482 1383 512 1429 et
521 1380 551 1428 in
560 1376 668 1443 reliquo
680 1392 797 1445 corpore
808 1377 867 1445 pili.
899 1376 954 1429 Sed

147 1449 370 1522 quadrupedibus
380 1448 408 1498 in
419 1446 563 1514 superiore
573 1454 682 1497 tantum
694 1462 775 1515 gena,
793 1446 954 1499 vobicrtbus

147 1527 175 1575 in
186 1519 337 1573 inferiorer
357 1525 386 1570 et
396 1517 495 1584 quibus
506 1515 591 1569 niolio
603 1523 709 1584 tergus,
720 1524 751 1568 ut
760 1517 954 1584 serpentibus:

148 1600 176 1645 ct
186 1585 398 1660 quadrupedum
410 1600 481 1657 quaa
491 1601 545 1639 ovs
555 1588 679 1654 pariunt,
689 1592 722 1639 ut
733 1586 864 1639 Incertae.
876 1586 954 1638 Stru-

148 1657 440 1781 thiooguq'elusalitum
452 1657 528 1722 sola,
548 1662 581 1709 ut
592 1654 693 1719 humo,
713 1656 846 1725 utrinque
858 1656 954 1724 palpe-

147 1732 211 1783 bras
241 1735 314 1781 aet.

182 1799 265 1853 LVli.
283 1802 343 1851 Nec
352 1809 441 1867 genae
451 1795 562 1864 quidem
573 1795 715 1850 omnibusr
734 1794 800 1848 ideo
811 1809 902 1863 neque
913 1793 953 1844 ni·

148 1870 284 1923 ctotiunea
295 1869 345 1929 iis,
365 1880 435 1935 quae
447 1866 551 1919 animal
560 1872 703 1935 generant
739 1866 892 1918 Graviores
904 1864 953 1916 ali·

147 1948 205 1992 tum
217 1938 350 1991 inferiore
361 1951 433 2005 gena
444 1937 601 1989 connivent.
618 1936 741 1988 Eaedem
754 1936 903 1995 nictantur,
913 1934 950 1985 ab

148 2008 256 2076 augulis
276 2008 436 2060 membrana
454 2005 586 2059 obeunte.
622 2006 774 2059 Columbae
788 2012 818 2058 st
837 2003 952 2068 similia,

148 2086 265 2145 utraque
285 2078 441 2129 connivent.
477 2081 512 2129 st
531 2076 725 2143 quadrupedes
746 2091 818 2144 quae
835 2090 888 2127 ova
906 2088 953 2141 pa·

148 2150 232 2210 riunt,
245 2153 276 2198 ut
286 2146 451 2208 testudines,
461 2144 748 2206 crocodili,inieriore
759 2152 880 2207 tantum,
892 2145 952 2195 sine

148 2217 205 2269 ulla
213 2217 375 2279 nictatione,
387 2222 498 2283 propter
510 2215 662 2284 praeduros
673 2214 778 2267 oculos
789 2215 952 2266 Extremum

149 2287 281 2340 ambitum
293 2300 382 2356 genae
394 2285 556 2354 superioris,
574 2285 681 2351 antiqui
694 2284 790 2337 cilium
802 2298 953 2336 vocavere:

148 2355 219 2408 uude
230 2362 258 2409 et
269 2356 426 2424 supercilio.
439 2356 503 2408 iioc
512 2355 627 2407 vulnere
638 2355 733 2423 aliquo
746 2354 952 2406 diductumnon

149 2426 289 2490 coalescit,
300 2435 331 2478 ut
342 2427 370 2478 in
381 2426 478 2493 paucis
490 2424 603 2478 hainoni
615 2425 740 2492 corporis
751 2425 890 2475 membris.

181 2495 279 2550 LVlli.
300 2494 377 2547 inira
395 2495 492 2547 oculus
512 2495 603 2546 mulsa
619 2494 727 2547 homini
739 2498 864 2554 tantum,
884 2503 954 2557 quaa

145 2566 231 2632 prisci
242 2580 330 2632 genas
339 2563 485 2624 vocabant,
495 2562 548 2613 xit
557 2564 714 2614 tabularum
727 2562 880 2613 interdictu
892 2559 954 2611 rudi

144 2634 286 2687 aluminis
296 2636 489 2682 caeretantes.
517 2630 634 2681 Pudoris
645 2628 817 2682 haecsedes.
840 2629 883 2680 lbi
897 2643 954 2680 nra

142 2704 221 2757 xime
232 2699 391 2753 ostenditur
400 2698 493 2750 rubor.

178 2768 256 2822 ΗΧ.
275 2769 354 2819 lutra
375 2781 422 2819 eas
441 2765 614 2817 hilaritatem
634 2766 777 2834 risumque
797 2765 954 2817 indicantes

143 2842 258 2893 buccae.
296 2840 333 2889 lit
344 2835 430 2888 altior
440 2833 548 2887 homini
560 2841 678 2898 tanturm
690 2850 772 2902 quern
784 2837 849 2886 nori
860 2850 954 2887 mores

147 2905 285 2962 subdolae
297 2904 423 2957 irrisioni
433 2904 570 2967 dicavere,
585 2920 677 2956 uasus.
714 2904 776 2957 Non
788 2905 837 2956 alii
849 2909 954 2956 animu-

145 2979 214 3031 lium
226 2989 308 3027 nares
321 2977 451 3028 eminent.
488 2974 599 3038 Avibus,
620 2974 810 3041 serpentibus,
832 2974 955 3042 piscibus

147 3045 286 3126 foramina
297 3051 405 3096 tantum
417 3042 453 3094 ad
465 3042 595 3122 allectus,
611 3045 673 3095 sine
683 3045 805 3095 naribus.
842 3045 879 3094 Et
890 3043 957 3095 hinc

147 3110 956 3308 {adubitabili:auiditati?ii:

180 3268 235 3307 are.

183 3322 241 3375 Lii.
263 3322 374 3385 Labra,
395 3321 528 3389 aquibus
539 3317 627 3372 Bochi
639 3319 787 3372 Labeones
805 3319 883 3371 dicti.
918 3317 957 3370 lit

149 3408 182 3446 oa
201 3392 317 3459 probum
336 3391 483 3453 duriusve,
503 3391 607 3443 animal
626 3390 839 3458 generantibus:
860 3388 956 3455 protis

150 3476 252 3514 cornea
261 3468 292 3512 et
304 3460 556 3513 acutauolucribus
567 3466 670 3512 rostra.
706 3460 811 3510 Eadem
824 3464 906 3525 rapto
916 3458 956 3509 ui·

149 3531 276 3585 recubus
287 3530 409 3583 aduncae
430 3530 561 3589 collecto,
572 3536 666 3580 rectas
683 3528 784 3581 herbas
795 3529 956 3579 eruentibus

148 3601 308 3669 limumque,
324 3600 393 3661 lata,
407 3605 439 3651 ut
449 3608 528 3651 suum
539 3598 645 3666 generi.
681 3598 817 3652 iumentis
828 3597 888 3648 vice
899 3611 956 3648 ma·

149 3687 201 3724 una
211 3671 247 3723 ad
258 3670 416 3738 colligenda
427 3669 540 3737 pabula,
559 3682 622 3718 urar
643 3669 789 3735 apertiora
797 3666 903 3718 laniatu
916 3668 956 3718 vi·

149 3741 285 3794 rentibus.
294 3740 423 3793 hiantum
435 3739 504 3791 nulli
517 3745 630 3806 praeter
640 3736 955 3800 hominemnecmalae.

149 3811 281 3864 manitas
292 3808 446 3861 crocodilus
456 3814 564 3861 tantum
576 3809 736 3875 superiores
748 3813 855 3859 moreti
866 3812 954 3859 terre·

149 3888 220 3933 atres
231 3878 433 3947 quadrupedes,
454 3879 560 3942 eodem,
582 3892 637 3947 quo
648 3885 751 3942 cetera,
766 3892 854 3942 more,
874 3891 955 3944 prae·

149 3956 246 4018 terque
257 3950 286 4001 in
299 3949 454 4015 obliquum.

182 4020 254 4073 uxi.
274 4018 409 4071 Dentium
420 4021 602 4086 triageuera:
625 4019 743 4081 serrati,
764 4023 815 4069 aut
824 4015 956 4078 continui,

149 4097 198 4142 aut
211 4090 326 4142 exserti.
363 4088 471 4141 Serrati
492 4088 654 4154 pectinatim
676 4093 818 4150 coeuntes,
841 4101 876 4139 ne
892 4100 956 4137 con·

148 4161 238 4211 trariu
249 4172 367 4210 occursu
378 4164 551 4210 atterantur:
576 4163 608 4208 ut
619 4157 803 4224 serpentibus,
824 4156 958 4224 piscibus,

149 4230 275 4281 mnibus.
287 4228 427 4290 continui,
438 4233 468 4278 ut
478 4224 592 4289 homini,
601 4241 684 4296 equo.
699 4227 822 4290 Easerti,
834 4232 866 4278 ut
878 4239 957 4291 apro,

148 4296 361 4365 hippopotamo,
382 4295 541 4364 elephanto.
578 4296 791 4359 Continuorum,
811 4296 860 4416 qui
880 4295 956 4363 dige-

147 4376 218 4419 runt
229 4365 340 4423 cibum,
360 4366 449 4419 iatiet
460 4366 549 4418 acuti:
572 4366 619 4433 qui
635 4367 794 4428 conticium,
834 4365 955 4431 uplices:

149 4436 198 4505 qui
218 4434 409 4487 discriminant
425 4452 489 4499 eos,
512 4435 603 4487 canini
618 4435 805 4503 appellantur.
842 4434 880 4486 ill
892 4438 958 4485 sunt

151 4504 273 4559 serratis
283 4502 446 4571 longissimi.
468 4505 610 4568 conam,
622 4513 672 4557 aut
681 4511 800 4573 utraque
810 4510 890 4572 parte
901 4506 959 4554 oris

150 4582 230 4637 sunt,
249 4579 282 4626 ut
292 4587 378 4639 equor
400 4582 449 4627 aut
461 4576 606 4642 superiore
617 4577 754 4642 primores
766 4589 821 4627 nnn
833 4581 906 4637 sunt,
928 4579 959 4624 ut

151 4646 250 4706 bubus,
260 4643 368 4705 oribus,
378 4645 569 4712 omnibusque,
582 4660 655 4713 quae
666 4646 815 4697 ruminant.
851 4647 890 4699 Ca
910 4659 959 4697 rae

153 4714 310 4782 superiores
322 4728 376 4764 uon
388 4720 463 4775 sunt,
475 4720 586 4780 praeter
596 4715 732 4783 primores
743 4715 876 4783 geminos.
920 4713 961 4764 ul·

151 4783 172 4835 li
184 4784 298 4847 exserti,
308 4782 407 4850 quibus
418 4784 526 4836 seruati.
558 4784 632 4837 liaeo
644 4783 773 4846 feminae,
784 4792 914 4838 ettamen
925 4783 961 4835 si·

152 4869 186 4906 us
197 4868 257 4907 usu.
294 4853 392 4920 ltaque
413 4866 476 4905 cum
493 4854 555 4920 apri
570 4856 743 4922 percutiant,
762 4855 960 4909 lentinaesaes

152 4924 288 4976 mordent.
325 4922 418 4985 Nulli,
439 4924 608 4987 cuicornuu,
629 4929 747 4979 exsertir
767 4926 816 4978 sed
833 4926 960 4977 omnibus

151 4994 274 5055 meavi,
284 4995 388 5045 ceteris
399 4993 497 5046 dentes
508 4993 602 5048 solidi.
635 4995 754 5049 Piscium
765 4996 893 5048 omnibus
903 5009 962 5047 ser·

151 5063 341 5130 ratiqpraeter
350 5076 476 5116 scarunm
488 5063 554 5117 huie
565 5066 613 5117 uni
623 5066 789 5134 aquatilium
802 5066 886 5132 plani.
912 5066 963 5118 ce·

151 5139 214 5185 tero
226 5132 324 5185 multis
333 5149 430 5187 corum
439 5134 468 5185 in
479 5134 577 5203 lingua
587 5143 616 5188 et
625 5142 689 5187 toto
701 5150 764 5188 ore:
775 5142 806 5186 ut
818 5134 964 5188 turbarat-

151 5217 247 5255 nerum
269 5204 409 5267 molliant,
429 5218 502 5273 quae
519 5206 620 5257 attritu
637 5205 766 5275 subigere
784 5221 838 5257 non
850 5211 961 5273 queunt.

151 5271 250 5325 Multis
261 5279 290 5325 et
302 5272 329 5324 in
342 5274 449 5341 palato,
460 5283 543 5343 atque
554 5276 639 5328 etiam
651 5278 680 5328 in
692 5276 788 5327 cauda.
811 5276 964 5328 Praetores

148 5341 224 5464 m:
236 5345 586 5465 'Zsseg'tef’.'⁰l⁰¹⁰⁵d⁸”t
598 5346 662 5410 cibi,
676 5346 783 5398 nullum
796 5343 963 5399 habentibus

224 5428 259 5463 ea
279 5428 318 5464 ra
340 5428 512 5465 mrnrcuum.

185 5481 273 5534 Llili.
291 5480 408 5536 Similes
419 5481 527 5551 aspidi,
548 5490 579 5537 et
588 5485 780 5552 serpentibus:
801 5481 851 5534 sed
865 5480 942 5532 duni

147 5565 252 5618 supera
259 5552 475 5620 parte‚deatera
484 5552 620 5620 laesaque
632 5552 880 5622 longissimi,tenui
888 5551 928 5600 tis·

147 5619 179 5671 ia
190 5622 346 5685 pectorati,
365 5630 400 5675 nt
408 5622 588 5689 scorpionum
598 5622 703 5686 aculei,
724 5636 857 5676 venenum
874 5621 892 5664 ἱΓ

184 5689 280 5747 Pura.
298 5692 399 5749 iiras.
417 5703 539 5749 sarua.

1004 469 1112 531 dantes.
1137 471 1201 527 Non
1212 473 1289 527 aliud
1301 472 1354 551 hoo
1364 487 1435 539 esse,
1447 488 1529 543 qnam
1540 475 1772 546 iclserpentium,
1781 487 1812 535 et

1004 541 1069 596 inde
1081 543 1158 595 renis
1172 546 1222 597 sub
1233 547 1313 612 spina
1324 543 1360 595 ad
1377 560 1410 596 oa
1422 549 1580 613 pervenire,
1600 548 1811 618 diligentissimi

1005 616 1135 664 auctores
1146 612 1281 665 scribunt.
1318 613 1440 676 Quidam
1451 630 1535 666 unum
1548 632 1609 670 esse
1619 635 1694 672 eum:
1707 626 1736 672 st
1746 623 1811 688 quia

1005 683 1045 735 sit
1054 680 1194 745 aduncus,
1216 683 1386 749 resupinari,
1408 699 1470 737 eum
1487 688 1676 741 momorderit.
1711 691 1812 758 Aliqui,

1006 760 1073 803 tuno
1084 750 1213 804 decidere
1224 766 1296 813 eum,
1306 766 1459 821 rursusque
1471 768 1637 819 recrescere,
1646 758 1811 813 facilemde·

1005 834 1089 873 cursu
1099 840 1105 874 r
1117 827 1146 874 et
1156 822 1216 873 siue
1225 835 1260 873 eo
1271 836 1340 885 esse,
1351 837 1421 889 quos
1433 825 1550 877 tractari
1560 840 1713 881 cernamus.
1732 828 1813 881 Scor·

1006 892 1098 959 pionis
1109 888 1217 943 caudae
1227 892 1319 943 inesse
1331 904 1411 954 eum,
1432 893 1613 962 et‘plerisque
1625 905 1729 948 tenos.
1765 897 1813 950 Vi·

1006 976 1089 1030 perae
1101 960 1198 1013 dentes
1208 957 1328 1028 gingiuis
1338 959 1504 1015 conduntur.
1531 966 1610 1019 liaeo
1620 964 1718 1018 eodem
1729 979 1810 1034 prae·

1006 1042 1095 1100 gnam
1105 1045 1228 1093 veneno,
1250 1030 1385 1095 impresso
1403 1029 1525 1083 dentium
1537 1035 1650 1100 repulsu
1659 1034 1738 1087 ricus
1749 1035 1810 1089 iun·

1007 1101 1047 1152 dit
1057 1098 1085 1151 ln
1096 1114 1215 1152 morsus.
1227 1098 1377 1151 Volucrum
1389 1099 1457 1151 nulli
1467 1100 1691 1171 denteapeacter
1701 1120 1811 1173 vesper·

1007 1171 1142 1222 titionem.
1179 1168 1308 1221 Gamelus
1319 1184 1373 1220 una
1386 1183 1419 1219 ea
1432 1169 1480 1231 iis,
1497 1186 1569 1236 quae
1580 1188 1634 1224 nun
1644 1180 1710 1225 sunt
1720 1176 1811 1229 coral-

1006 1253 1085 1307 gera,
1095 1242 1123 1290 in
1135 1238 1274 1305 superiori
1286 1237 1402 1288 niaailla
1412 1238 1546 1303 primores
1556 1257 1610 1292 nnn
1623 1241 1717 1295 habet.
1747 1247 1812 1297 Cor·

1007 1323 1061 1359 uria
1080 1306 1241 1361 habentium
1261 1306 1332 1358 nulli
1355 1307 1465 1358 serrati.
1502 1308 1539 1358 Et
1560 1310 1692 1366 cochleae
1713 1313 1812 1368 dentes

1006 1376 1125 1429 habent:
1147 1375 1252 1429 indicio
1271 1382 1315 1429 est
1331 1379 1414 1429 etiam
1431 1392 1448 1427 a
1464 1378 1584 1430 minimis
1601 1395 1696 1433 earum
1712 1381 1813 1437 derosa

1005 1448 1078 1498 ritis.
1114 1448 1151 1498 itt
1160 1447 1189 1498 in
1200 1445 1315 1498 marinis
1328 1452 1454 1498 crustata
1472 1453 1502 1499 et
1511 1449 1698 1518 cartilaginea
1710 1455 1811 1518 primo·

1006 1532 1050 1569 res
1061 1515 1178 1579 habere,
1201 1516 1271 1567 item
1282 1514 1388 1568 echinis
1399 1517 1499 1582 quinos
1510 1531 1588 1580 ease,
1609 1518 1683 1570 unde
1691 1521 1813 1591 intelligi

1006 1586 1138 1654 potuerit,
1148 1589 1246 1638 miror.
1283 1585 1417 1638 Dentiunt
1425 1587 1486 1638 rice
1497 1587 1611 1646 aculeus
1622 1588 1743 1641 insectis.
1771 1590 1813 1643 Si·

1007 1658 1079 1709 miae
1089 1656 1194 1719 dentes,
1203 1664 1234 1706 ut
1245 1654 1361 1707 homini.
1377 1653 1534 1721 Elephanto
1545 1657 1623 1709 intus
1636 1658 1671 1710 ad
1683 1658 1813 1711 manden-

1006 1726 1070 1778 dum
1081 1733 1212 1792 quatuor:
1225 1731 1392 1793 praeterque
1402 1740 1460 1789 eos,
1469 1726 1517 1794 qui
1529 1728 1698 1793 prominent,
1706 1740 1813 1781 mascu-

1006 1795 1040 1846 lis
1053 1795 1158 1858 reileai,
1180 1794 1292 1847 feminis
1302 1796 1372 1846 recti
1381 1801 1464 1862 atque
1474 1799 1564 1863 proni.
1600 1796 1746 1849 Musculus
1757 1810 1814 1850 ma·

1006 1867 1090 1927 rinus,
1102 1867 1150 1931 qui
1161 1864 1309 1917 balaenam
1322 1865 1471 1926 antecedit,
1482 1865 1575 1917 nullos
1586 1864 1686 1917 habet:
1702 1867 1750 1919 sed
1764 1882 1814 1935 pru

1005 1936 1049 1997 iis,
1069 1936 1137 1987 setis
1149 1935 1223 1984 intus
1236 1949 1267 1985 oa
1279 1934 1392 1997 hirtum,
1411 1942 1443 1987 et
1453 1935 1577 2002 linguam
1588 1936 1684 2000 etiam,
1696 1953 1730 1991 ac
1739 1938 1815 2004 pala·

1005 2011 1075 2056 tum.
1100 2004 1291 2057 'l'errestrium
1304 2003 1419 2055 minutis
1429 2005 1666 2074 quadrupedibus,
1677 2007 1813 2074 primores

1004 2075 1063 2127 bini
1074 2075 1204 2142 utrinque
1215 2072 1382 2142 longissimi.
1837 2086 1840 2091 ·

1040 2144 1140 2197 Lliiii.
1160 2145 1270 2196 Ceteris
1281 2159 1343 2196 curn
1355 2142 1424 2211 ipsis
1435 2150 1601 2196 nascuntur:
1613 2144 1729 2209 honrlni,
1741 2157 1815 2214 post·

1006 2229 1087 2283 quam
1099 2220 1249 2276 natusest,
1270 2214 1389 2281 septimo
1401 2228 1505 2267 mense.
1542 2213 1668 2283 Reliquis
1681 2224 1815 2284 perpetuo

1006 2291 1126 2335 nranent.
1161 2283 1309 2336 Mutantur
1318 2282 1432 2346 homini,
1455 2282 1539 2347 leoni,
1555 2286 1687 2349 iumento,
1700 2287 1772 2349 carri,
1787 2294 1816 2340 et

1005 2353 1218 2406 ruminantibus.
1254 2352 1309 2406 Sed
1321 2353 1397 2405 leoni
1408 2359 1437 2406 et
1448 2354 1520 2415 canl,
1536 2369 1590 2406 non
1602 2356 1655 2407 nisi
1667 2357 1759 2408 canini
1769 2370 1816 2424 ap·

1006 2424 1113 2489 pellati.
1129 2424 1203 2489 Lupi
1213 2421 1313 2475 dexter
1323 2423 1447 2485 caninus,
1458 2423 1487 2473 iu
1499 2426 1607 2491 magnis
1620 2424 1740 2478 habetur
1751 2440 1815 2494 ope·

1006 2492 1091 2543 ribus.
1116 2492 1291 2555 Nasiliarea,
1301 2493 1349 2559 qui
1359 2499 1424 2542 sunt
1434 2506 1451 2543 a
1463 2491 1580 2555 caninis,
1592 2493 1700 2546 nullum
1711 2495 1815 2547 aninral

1007 2568 1105 2613 mutat.
1132 2561 1248 2613 Homini
1260 2561 1413 2622 novissimi,
1425 2561 1471 2626 qui
1484 2562 1595 2626 genuini
1608 2569 1752 2626 uocantur,
1763 2563 1816 2614 cir·

1007 2631 1078 2681 citer
1088 2629 1251 2682 vicesimum
1263 2644 1363 2682 asinum
1375 2629 1540 2697 gignuntur:
1557 2630 1651 2681 multis
1662 2639 1691 2682 et
1701 2638 1814 2699 octoge-

1008 2698 1205 2757 iterarentur
1234 2712 1339 2764 uoquo:
1350 2698 1400 2749 sed
1413 2698 1512 2763 quibus
1523 2697 1551 2747 in
1561 2698 1677 2751 iuuenta
1688 2715 1743 2750 non
1757 2698 1815 2751 fue·

1007 2785 1038 2821 re
1049 2768 1117 2820 nati.
1144 2714 1280 2819 uuidere
1292 2768 1321 2818 in
1334 2774 1456 2829 senecta,
1467 2773 1497 2818 et
1508 2780 1573 2818 nior
1585 2769 1694 2821 renosci
1705 2774 1813 2829 certum

1007 2845 1058 2890 est.
1084 2837 1205 2890 Zanclen
1217 2835 1475 2899 Samothruccnum,
1486 2837 1532 2889 cui
1544 2837 1634 2887 renati
1646 2844 1740 2890 essent
1750 2846 1815 2906 post

1008 2913 1118 2961 centum
1129 2915 1158 2958 et
1169 2912 1289 2973 quatuor
1299 2919 1398 2968 annos,
1418 2905 1566 2958 Mucianus
1578 2907 1667 2958 risum
1680 2922 1737 2960 nse
1748 2922 1813 2977 pro·

1008 2977 1087 3029 didit.
1125 2978 1226 3029 Cetera
1236 2977 1361 3029 maribus
1372 2976 1474 3043 plures,
1493 2988 1574 3043 quam
1586 2975 1708 3040 feminis,
1723 2977 1751 3029 in
1764 2977 1813 3030 ho·

1008 3047 1091 3108 nilne,
1103 3045 1216 3113 pecude,
1226 3048 1325 3113 capris,
1336 3060 1396 3097 sue.
1431 3042 1594 3096 'l'imurchua
1607 3045 1729 3097 Nicoclis
1740 3047 1814 3100 iilius

1008 3115 1106 3182 Paphii
1118 3115 1188 3165 duos
1198 3115 1313 3165 ordines
1324 3111 1424 3165 habuit
1437 3114 1621 3166 niaxillarum.
1641 3114 1742 3168 Frater
1754 3116 1814 3169 eius

1008 3200 1061 3235 nun
1074 3183 1192 3234 mutauit
1201 3183 1346 3250 primores,
1357 3182 1474 3249 ideoque
1488 3185 1643 3248 praetririt.
1658 3185 1710 3236 Est
1719 3199 1813 3237 exem·

1009 3253 1083 3320 plum
1096 3252 1203 3316 dentis,
1226 3251 1330 3302 hunrini
1346 3251 1417 3302 etin
1436 3249 1531 3316 palato
1542 3253 1640 3318 geniti.
1676 3254 1711 3304 st
1723 3253 1814 3305 canini

1008 3321 1103 3373 anrissl
1116 3334 1181 3371 casu
1193 3319 1302 3387 aliquo,
1323 3333 1463 3387 nunquam
1476 3328 1670 3374 renascuntur.
1706 3322 1814 3378 ceteris

1008 3397 1121 3444 senecta
1132 3389 1291 3451 rubescunt,
1302 3402 1374 3456 equo
1385 3396 1492 3439 tantum
1504 3389 1679 3443 candidiores
1691 3390 1769 3445 liunt.

1043 3458 1142 3512 LXIV.
1152 3458 1718 3513 Aetaareterinorumdentibusindicutur.
1734 3463 1814 3532 Equo

1007 3537 1074 3583 sunt
1084 3543 1198 3581 numero
1210 3527 1269 3580 XL.
1296 3529 1409 3581 Amittit
1419 3529 1561 3581 tricesimo
1572 3543 1667 3583 niense
1678 3530 1814 3598 primores

1007 3602 1137 3667 utrinque
1149 3599 1241 3650 binos:
1251 3600 1380 3665 sequenti
1391 3612 1463 3650 anno
1473 3597 1814 3666 totidemproximos,cam

1007 3671 1127 3722 subeunt
1143 3668 1210 3720 dicti
1221 3668 1423 3721 columellares.
1460 3667 1564 3729 Quinto
1577 3682 1650 3720 anno
1661 3670 1815 3736 incipiente

1006 3740 1087 3792 binos
1099 3739 1216 3802 amittit,
1227 3740 1273 3806 qui
1283 3744 1363 3790 sesto
1375 3751 1449 3790 anno
1460 3744 1652 3790 renascuntur.
1688 3738 1814 3806 Septimo

1008 3824 1103 3863 omncs
1115 3808 1199 3861 habet
1210 3815 1239 3861 et
1254 3816 1381 3868 renatos,
1402 3814 1431 3860 et
1445 3807 1641 3859 immutabiles.
1678 3809 1757 3875 Equo
1769 3825 1814 3862 ca·

1007 3885 1097 3931 meato
1110 3879 1195 3945 prius,
1211 3891 1265 3929 non
1278 3876 1413 3930 decidunt
1424 3875 1532 3929 dentes.
1567 3878 1713 3929 asinorum
1726 3895 1814 3946 genua

1008 3948 1150 4001 tricesimo
1162 3961 1257 4000 mense
1266 3947 1396 3999 similiter
1408 3946 1526 4010 amiittit,
1543 3946 1644 3998 deinde
1655 3947 1728 3999 senis
1741 3963 1815 4000 rnen·

1007 4018 1093 4070 sibus.
1131 4016 1211 4081 Quod
1228 4017 1254 4069 ai
1269 4031 1324 4069 non
1336 4016 1413 4083 priua
1423 4030 1570 4083 peperere,
1589 4030 1670 4084 quam
1683 4015 1815 4067 decidant

1007 4087 1149 4155 postremi,
1159 4086 1296 4140 sterilitas
1305 4092 1391 4139 certo.
1401 4086 1492 4138 Boves
1502 4085 1569 4137 bimi
1582 4089 1699 4136 mutant.
1711 4084 1815 4138 Suibus

1008 4157 1141 4209 decidunt
1151 4170 1301 4223 nunquam.
1337 4157 1471 4208 absumta
1481 4153 1534 4206 bac
1547 4153 1749 4215 observatione,
1769 4170 1814 4208 ae·

1009 4233 1107 4280 nectus
1117 4228 1144 4277 ir
1156 4226 1246 4294 equis,
1257 4232 1286 4279 et
1296 4226 1397 4278 ceteris
1408 4224 1550 4286 veterinis,
1566 4222 1740 4290 intelligitur
1752 4222 1816 4276 den·

1008 4297 1079 4349 tium
1090 4293 1266 4359 brochitate,
1285 4294 1497 4361 superciliorum
1513 4293 1631 4356 canitie,
1655 4300 1684 4344 ct
1699 4293 1818 4345 circaea

1011 4367 1128 4429 lacunis,
1147 4382 1210 4418 cum
1230 4365 1290 4417 iere
1308 4362 1430 4417 sedecim
1452 4377 1588 4413 annorum
1610 4363 1817 4416 existimantur.

1010 4435 1161 4488 Honrinum
1174 4434 1302 4487 dentibus
1313 4431 1450 4501 quoddam
1461 4432 1533 4484 ineat
1543 4431 1629 4483 uirus.
1650 4431 1776 4501 Namque
1788 4438 1818 4487 ei

1010 4502 1118 4574 speculi
1138 4504 1258 4557 nitorem
1276 4518 1309 4556 cx
1321 4502 1439 4554 adrersn
1450 4499 1549 4552 nudati
1566 4499 1712 4566 hebetant,
1733 4511 1762 4556 et
1773 4518 1816 4556 co·

1010 4575 1167 4628 lanhamm
1178 4573 1272 4627 iectus
1283 4572 1431 4639 implumes
1442 4577 1549 4624 necem.
1565 4570 1683 4639 lieliqua
1696 4572 1731 4626 de
1742 4573 1778 4625 iis
1788 4576 1816 4625 in

1011 4645 1192 4713 generatione
1202 4642 1342 4695 hominum
1353 4640 1511 4694 dictasunt.
1522 4642 1738 4709 Erumpentibus
1745 4658 1818 4695 mnr-

1010 4716 1039 4767 hi
1056 4729 1175 4783 corpora
1191 4711 1342 4765 infantium
1359 4711 1508 4780 accipiunt.
1544 4711 1664 4779 Reliqua
1675 4712 1818 4775 animalia,

1011 4800 1082 4856 quae
1092 4790 1215 4837 serratos
1226 4780 1339 4845 habent,
1350 4782 1513 4834 saevissima
1523 4779 1661 4835 dentibus.

1016 4898 1019 4903 .
1045 4853 1132 4907 bxv.
1151 4852 1279 4921 Linguae
1300 4866 1354 4904 nnn
1372 4853 1500 4905 omnibus
1518 4852 1617 4905 eodem
1633 4851 1726 4906 modo.
1762 4853 1817 4906 Te·

1012 4925 1333 4994 nuissimaserpentibua
1345 4928 1373 4975 et
1383 4922 1510 4986 trisulca,
1531 4923 1657 4984 vibrans,
1679 4921 1733 4975 atri
1744 4922 1819 4975 colo·

1012 4996 1066 5061 rim
1087 5002 1116 5047 et
1126 4994 1149 5046 si
1161 4993 1302 5055 esmahas,
1322 4991 1490 5060 praelongs:
1510 4991 1626 5043 lacertis
1636 4990 1724 5047 biddu
1735 5000 1763 5045 et
1774 4992 1816 5058 pi-

1014 5066 1089 5117 losa:
1109 5064 1204 5115 ritulis
1224 5077 1333 5131 qunque
1349 5064 1465 5114 marinis
1481 5061 1597 5128 duplex:
1619 5060 1669 5112 scd
1680 5059 1817 5129 suprodi-

1014 5134 1068 5188 ctls
1089 5133 1280 5201 capillamenti
1297 5132 1449 5184 tenuitate:
1470 5131 1572 5183 ceteris
1589 5130 1624 5182 ad
1646 5129 1819 5183 circumlam-

1013 5203 1106 5258 benda
1125 5212 1184 5253 trra.
1221 5201 1346 5254 Piscibus
1364 5200 1447 5270 paulo
1469 5199 1559 5251 minua
1577 5204 1639 5251 tota
1654 5197 1818 5259 adhaerens,

1015 5271 1166 5327 crocodilis
1175 5278 1245 5323 tota.
1282 5270 1338 5323 Sed
1348 5270 1513 5338 ingustata,
1528 5268 1642 5337 linguae
1652 5268 1712 5323 rice
1723 5278 1819 5321 carno·

1014 5356 1076 5393 sum
1087 5339 1255 5407 aquatilibus
1268 5341 1400 5407 palatum.
1435 5336 1590 5402 Leonibus,
1609 5338 1712 5406 pardis,
1732 5332 1821 5387 omni·

1014 5412 1120 5432 “··--··
1134 5409 1244 5460 “uaeris
1255 5412 1324 5463 eius.
1337 5409 1421 5461 etiam
1433 5405 1542 5469 felibus,
1561 5406 1727 5460 imbricatae
1738 5417 1819 5471 aspe-

1236 5476 1383 5537 >*esimilla
1402 5482 1606 5544 attenuansque
1616 5471 1763 5525 lambendo
1774 5486 1820 5524 cu·

1281 5560 1313 5597 ae
1322 5560 1408 5596 causa
1417 5544 1500 5597 etiam
1512 5538 1713 5604 mansuefacta,
1724 5540 1773 5594 ubi
1784 5539 1820 5595 ad

1346 5608 1819 5730 rssnitaslirminritaiadrablem.
