4352 6012
257 302 291 363 ι’.
311 298 463 362 PblNll
486 296 699 357 secunus
727 295 898 357 NATUR.
923 295 1118 362 HlS'l'OR.
1147 298 1235 362 iiis.
1256 298 1564 389 xxxv11.,car.
1586 303 1705 365 itt-60.
1757 308 1818 369 423

197 452 271 507 bvi.
292 448 425 503 &danitis
436 447 535 501 eadem
547 453 633 509 esset,
653 461 734 515 qoam
748 446 902 500 Ostracitln
913 460 964 499 ro·

163 528 246 578 csnt=
267 522 321 573 nisi
341 519 415 587 qood
431 516 501 570 lsane
521 518 669 569 caeruleae
688 518 830 569 interdum
851 519 965 585 cingunt

162 592 265 647 bullae.
300 589 405 641 cnllais
422 585 585 655 sapphirum
607 588 741 650 imitatur,
761 588 915 651 candidior,
937 594 966 641 et

162 662 280 716 litoroso
292 659 363 711 mari
383 658 492 710 similis.
529 658 654 741 capnitis
677 658 839 725 quibusdam
857 659 966 712 ridetur

163 725 968 868 mammaeamstetissem

164 870 188 922 ri
199 869 307 921 similis.
344 867 485 922 calisium
495 877 622 921 vocante
634 871 748 922 turbide
761 871 892 922 callaina.
912 869 966 920 Fe·

165 946 230 993 runt
249 939 345 1006 plures
366 937 450 989 simul
470 938 591 989 inveniri
608 939 777 991 coniunctas.
814 938 967 991 cntechitis

144 1028 149 1043 ⁴
165 1010 295 1061 corsicae
307 1007 380 1073 lapis
392 1014 445 1069 est,
463 1009 566 1059 ceteris
578 1008 667 1059 maier
681 1026 687 1058 ε
710 1009 856 1072 mirabilis,
866 1009 891 1060 si
900 1021 968 1061 rara

163 1076 320 1136 traduntur,
329 1077 488 1143 impositam
499 1091 610 1128 manum
622 1077 711 1129 veluti
719 1079 824 1144 gummi
835 1079 968 1131 retinens.

164 1146 338 1214 cntopyritis
359 1147 386 1195 in
403 1145 580 1212 cappadocia
600 1148 738 1212 provenit.
771 1147 887 1214 cepitis,
906 1148 967 1198 sive

165 1215 333 1283 cepolatitis,
354 1216 471 1267 candida
483 1222 535 1278 est,
558 1229 689 1268 resarum
701 1216 782 1269 nodis
794 1216 967 1277 coeuntibus,

77 1312 79 1319 ι
164 1284 286 1338 madore
298 1284 447 1351 imaginem
459 1299 602 1353 segerens.
633 1288 795 1349 ceramites,
814 1292 907 1337 testae
919 1298 967 1335 co·

164 1355 252 1408 ierem
265 1353 358 1407 habet.
397 1356 547 1407 Cinaediae
560 1355 740 1407 inveniuntur
755 1356 784 1405 in
801 1354 916 1407 cerebro
926 1354 968 1421 pi·

163 1427 219 1476 sois
228 1423 350 1477 eiusdem
360 1426 488 1485 neminis,
508 1423 645 1476 candidae
656 1432 685 1476 et
695 1424 843 1492 oblongae,
853 1430 967 1476 eventu·

165 1508 220 1562 qua
231 1494 383 1556 mirandae,
403 1494 427 1544 si
439 1494 523 1543 niodo
534 1500 577 1546 est
590 1492 668 1555 tides,
690 1494 852 1560 praesagire
864 1507 911 1545 eas
922 1491 969 1543 ha·

165 1563 254 1614 bitum
267 1561 370 1623 maris,
392 1562 488 1613 nubilo
499 1563 595 1613 colore
609 1569 657 1613 aut
669 1563 884 1631 tranquillitate.
919 1562 970 1623 ce·

164 1632 227 1684 ritis
241 1645 324 1683 cerae
342 1631 445 1683 similis
464 1638 521 1682 est:
543 1632 640 1681 circos
650 1633 795 1698 accipitri:
818 1629 969 1683 corsoides

164 1700 280 1752 carsltici
289 1698 427 1753 hominis:
443 1696 669 1752 corolloachates
682 1702 789 1752 corallo
802 1701 897 1753 aureis
907 1705 969 1766 gut·

164 1776 200 1827 tis
210 1774 363 1826 distinctae.
405 1768 526 1821 corallis
538 1768 626 1819 minio
636 1770 736 1820 similis
749 1772 875 1837 gignitur
887 1770 915 1820 ia
926 1770 968 1820 ln·

163 1844 249 1898 «linet
259 1844 360 1913 Syene.
392 1837 545 1895 craterites
564 1837 639 1889 inter
655 1836 862 1905 chrysolithum
874 1843 903 1891 et
914 1837 969 1888 cic·

162 1919 253 1967 ctrum
264 1913 386 1964 colorem
397 1909 491 1971 habet,
504 1905 661 1976 praedurae
670 1915 798 1961 naturae.
832 1904 968 1959 crocallis

162 1994 289 2037 cerasum
300 1986 500 2049 repraesentat.
545 1979 625 2098 ὒζῐίε
635 1978 712 2029 circa
722 1980 831 2044 copton
842 1975 970 2027 nescitam

163 2049 299 2113 eandida,
320 2048 552 2104 atrideturintus
583 2048 803 2114 aberepetram,
824 2059 968 2114 quaesen-

161 2121 344 2174 tiaturstiam
357 2120 484 2183 strepitu.
519 2113 728 2182 chalcophonos
740 2117 821 2184 nigra
838 2120 900 2177 est,
919 2110 969 2164 sed

161 2192 241 2243 illisa
261 2187 337 2239 aeris
348 2188 480 2238 tinnitum
492 2185 595 2248 reddit,
616 2185 769 2252 tragoedis,
789 2192 821 2236 ut
841 2183 969 2243 suadent,

162 2256 309 2329 gestanda.
338 2255 520 2309 Chelidoniae
532 2253 650 2304 duorum
666 2261 731 2305 sunt
741 2268 892 2320 generum:
923 2249 966 2301 iri·

162 2327 312 2383 runcinum
324 2326 437 2376 colores
455 2329 485 2376 et
504 2322 595 2374 altera
616 2330 695 2388 parte
711 2336 870 2390 purpureae
880 2321 968 2387 nigris

162 2395 410 2464 interpellantibus
420 2392 546 2446 maculis.
585 2389 720 2443 Chelonia
730 2392 829 2442 oculus
842 2397 883 2444 est
894 2388 969 2442 indl-

163 2482 216 2521 ene
235 2465 395 2527 testudinis,
414 2463 459 2515 vel
479 2461 720 2528 portentosissima
731 2460 878 2527 Magorum
897 2472 972 2509 men·

165 2536 263 2589 daeiis.
299 2532 387 2585 Melle
398 2533 473 2584 enim
484 2530 628 2592 cellutam,
651 2538 679 2583 et
688 2530 803 2597 linguae
814 2527 971 2597 impositam

164 2606 323 2659 futurorum
335 2602 480 2654 scientiam
491 2607 640 2667 praestare
651 2600 817 2666 premittunt
828 2613 835 2647 ε
865 2597 972 2664 quinta·

165 2674 278 2727 decima
287 2674 378 2735 Luna,
390 2677 420 2724 et
428 2669 540 2732 silente,
551 2675 614 2721 tota
625 2669 684 2721 dier
707 2670 887 2722 decrescente
897 2679 971 2728 vero,

165 2747 231 2796 ante
243 2740 318 2793 Solis
333 2747 426 2793 erasm
438 2758 445 2790 r
461 2739 562 2791 ceteris
574 2738 682 2800 dicbus,
695 2753 711 2788 a
723 2740 813 2807 prima
823 2738 853 2789 in
863 2742 971 2790 sextans

164 2811 273 2865 horam.
310 2809 381 2862 Sunt
392 2817 421 2862 et
432 2807 616 2861 chelonitides
627 2808 800 2860 testudinum
813 2807 926 2868 similes,
938 2818 972 2856 ει

185 2882 266 2934 uibus
277 2879 313 2931 ad
324 2885 507 2946 tempestates
527 2877 667 2929 sedandas
677 2879 765 2930 multa
776 2878 971 2929 vaticinantur.

165 2898 209 3004 {a
220 2965 287 3003 rere
300 2984 308 3013 ,
330 2966 400 3019 quae
410 2951 447 3000 sit
457 2944 551 2999 aureis
561 2942 667 3016 guttis',
687 2962 749 2999 cum
761 2947 912 2999 scarabaeo
923 2943 971 2995 de·

166 3026 260 3082 cocta,
282 3027 312 3071 et
324 3019 472 3072 deiectain
488 3032 587 3084 aquam
600 3017 769 3083 terrentem,
789 3020 972 3082 tempestates

164 3089 281 3142 moveri.
317 3087 452 3140 Chioritis
464 3084 591 3139 herbacei
602 3086 710 3139 eoloris
718 3092 772 3150 est,
783 3101 865 3154 qnam
876 3083 972 3135 dicunt

165 3160 243 3226 Magi
254 3159 373 3209 inveniri
384 3174 413 3208 m
425 3156 583 3208 motacillae
595 3156 654 3206 avis
664 3161 769 3217 ventre,
794 3155 970 3222 congenitum

165 3229 206 3280 ci:
226 3228 357 3291 ferroque
368 3225 474 3277 includi
486 3226 593 3288 iubent,
614 3225 649 3276 ad
662 3224 796 3293 quaedam
808 3223 973 3291 prodigiosa

166 3295 318 3348 moriseni.
356 3295 514 3360 choaspitis
533 3311 551 3346 a
569 3294 683 3346 humine
705 3296 781 3347 dicta
799 3301 843 3346 cst
863 3291 971 3352 uiridis,

166 3365 288 3434 fulgoris
298 3364 385 3417 aurei.
421 3362 632 3432 chrysolampis
644 3365 673 3415 in
681 3362 834 3430 Aethiopia
845 3361 974 3423 nascitur,

168 3435 279 3504 pallida
289 3434 344 3498 dic,
365 3442 391 3484 et
404 3434 430 3484 in
442 3440 524 3484 nocte
534 3436 624 3499 ignea.
660 3433 813 3502 chrysopis
825 3446 920 3483 aurum
933 3431 972 3481 ri·

165 3505 251 3556 detur
261 3520 331 3555 essa.
369 3501 523 3569 Cepenides
534 3502 562 3552 in
575 3502 699 3554 Aeolidis
710 3506 822 3567 Atarne,
843 3516 916 3553 nunc
927 3514 973 3568 pa·

166 3587 216 3643 go,
238 3572 375 3639 quondam
398 3571 510 3638 oppido,
536 3578 695 3635 nascuntur,
716 3573 811 3623 multis
832 3570 974 3622 coloribus

166 3641 379 3701 translucentes,
400 3642 469 3692 alias
481 3643 597 3704 vitreae,
609 3642 679 3693 alias
691 3642 883 3709 crystallinae,
904 3639 973 3690 alias

165 3711 325 3777 iaspideae.
364 3709 418 3762 Sed
430 3717 457 3761 et
469 3710 590 3762 sordidis
601 3718 694 3764 tantus
705 3718 748 3763 est
761 3713 844 3773 niter,
862 3717 894 3761 nt
904 3710 973 3761 ima·

165 3781 247 3852 gines
259 3779 386 3841 reddant,
397 3796 448 3832 eeu
459 3779 583 3846 specula.

203 3850 292 3903 LVll.
322 3848 479 3917 Daphniam
491 3851 656 3901 Zoroastres
666 3848 771 3902 morbis
784 3848 973 3901 comitialibus

167 3920 351 3973 demonstrat.
395 3916 555 3970 Diadoehes
576 3918 685 3987 beryllo
708 3918 808 3971 similis
829 3929 879 3971 est.
925 3919 973 3971 Di

165 3988 257 4058 physs
268 3989 379 4054 duplex,
402 3988 522 4039 candida
532 4004 564 4037 ac
577 3989 665 4054 nigra,
686 4002 748 4038 mas
757 4004 790 4039 ac
803 3988 914 4049 lemine,
927 4002 973 4056 ge·

165 4059 255 4111 nitale
267 4060 413 4121 utriusque
434 4072 516 4107 sexus
538 4057 727 4121 distinguente
744 4056 828 4107 linea.
865 4057 972 4123 Diony*

165 4129 227 4179 sias
247 4126 328 4192 nigra
348 4138 380 4175 ae
392 4124 461 4175 dnra
481 4125 578 4175 mixtis
601 4124 765 4174 rubentibus
787 4125 914 4174 maculis:
938 4138 973 4175 ex

166 4209 244 4262 aqua
254 4195 325 4244 trita
335 4207 463 4258 saporem
476 4193 530 4244 rini
548 4192 635 4254 iacit,
657 4199 686 4243 et
696 4192 828 4243 ebrietati
841 4192 974 4242 resistere

164 4268 294 4334 putatur.
331 4261 508 4324 Macenites,
531 4262 590 4313 sive
609 4260 767 4322 dracontia,
789 4262 930 4313 ecerehre
943 4261 974 4310 iit

166 4334 343 4386 draconum:
370 4332 418 4383 sed
441 4332 494 4383 nisi
513 4332 668 4382 seirentibus
689 4329 812 4382 abscisso
835 4343 973 4397 nunquam

164 4400 344 4474 gemmescit,
355 4400 462 4453 invidia
474 4401 603 4452 animalis
614 4402 683 4453 nturi
696 4400 894 4452 sesentientis.
920 4398 973 4465 igi*-

164 4481 216 4525 tur
227 4470 427 4522 dormientibus
438 4477 593 4536 amputant.
618 4469 745 4531 Sotacus,
756 4469 803 4538 qui
814 4470 901 4521 visam
911 4482 974 4521 eam

167 4555 308 4610 gemmam
322 4538 375 4590 sibi
389 4540 460 4606 apud
472 4554 565 4605 regem
580 4541 711 4606 scripsit,
733 4540 807 4607 bigis
820 4537 880 4592 rehi
891 4553 974 4606 quae·

166 4616 264 4663 rentes
277 4609 383 4661 tradit:
405 4617 434 4662 et
454 4613 518 4660 riso
536 4610 656 4663 dracone
677 4625 809 4678 spargere
829 4608 974 4661 somnifica

171 4680 396 4741 medicamenta,
415 4686 499 4746 atque
521 4681 562 4731 ita
582 4680 754 4748 praecidere.
790 4680 859 4731 Esse
881 4686 973 4731 autem

167 4748 293 4803 candere
305 4749 478 4801 translucido
489 4786 499 4815 ,
519 4765 570 4802 nee
581 4756 681 4816 postea
697 4748 781 4816 peliri
794 4783 808 4811 ,
822 4752 870 4799 aut
882 4755 972 4801 artem

168 4818 331 4872 admittere.

206 4886 305 4940 LVlil.
323 4888 460 4941 Encardia
477 4888 691 4956 cognominatur
702 4885 846 4939 etariste=
869 4901 933 4948 una,
946 4890 973 4938 in

168 4970 227 5024 qna
237 4957 318 5025 nigra
331 4956 436 5026 effigies
447 4959 539 5009 cordis
551 4958 667 5010 eminet:
689 4956 787 5018 altera,
812 4956 908 5008 eedem
923 4972 972 5007 no-

167 5026 252 5086 mine,
271 5026 350 5077 viridi
373 5028 486 5090 colore,
507 5027 598 5079 cordis
618 5028 738 5093 speciem
761 5031 973 5092 repraesentat:

166 5096 257 5147 tertia
269 5110 318 5147 cor
328 5096 436 5164 nigrum
448 5096 591 5160 ostendit,
616 5097 725 5163 reliqua
736 5097 778 5147 sui
792 5102 870 5161 parte
883 5096 974 5146 candi-

167 5164 216 5216 da.
253 5164 390 5217 linorchis
401 5166 520 5219 candida
533 5173 584 5229 est,
603 5166 747 5233 divisaque
756 5164 922 5231 fragmentis
933 5174 973 5217 te-

166 5231 255 5285 stium
269 5234 387 5301 eiiigiem
399 5242 601 5353 reqraesentat.
637 5235 796 5286 Exenennm
809 5235 973 5286 Zoroastres

165 5303 328 5369 speciosam
341 5309 369 5353 et
380 5317 429 5354 can
451 5304 525 5354 idam
541 5305 628 5356 tradit
642 5340 649 5365 ,
670 5320 725 5371 qua
735 5303 864 5354 aurifices
876 5320 972 5356 aurum

164 5370 293 5441 peliunt.
326 5370 460 5425 Eristalia
471 5388 530 5423 cunr
543 5374 580 5423 sit
593 5371 718 5434 candida,
729 5374 763 5424 ad
776 5372 972 5426 inclinationes

160 5438 448 5497 massmannum,
486 5442 735 5509 Eretyles,eadem
752 5440 932 5510 amphicome,
945 5451 973 5497 ct

515 5513 607 5562 ecrite
619 5512 750 5567 laudatur
761 5513 790 5564 in
801 5517 972 5580 argumentis

527 5590 560 5623 =es
571 5577 598 5625 in
610 5578 718 5629 Bactris
730 5582 867 5647 nascitur,
899 5585 972 5638 silici

1017 451 1136 505 similis:
1157 451 1205 505 sed
1218 452 1305 520 capiti
1323 455 1470 520 supposita
1485 454 1545 508 risa
1561 461 1697 511 necturna
1710 456 1819 510 oraculi

1017 523 1100 574 modo
1113 522 1211 575 reddit.
1248 523 1414 575 Eumithren
1424 525 1486 575 lleli
1500 540 1655 592 gemmam,
1676 527 1820 580 sanctissi-

1018 597 1056 647 mi
1067 594 1183 646 dcorum
1194 592 1257 656 sibi,
1277 594 1384 660 Assyrii
1397 594 1548 660 appellant,
1569 596 1696 661 porracei
1707 595 1819 657 coleris,

1017 663 1265 731 superstitionibus
1281 670 1399 729 gratam.
1436 663 1588 730 Eupctales
1602 674 1722 732 qustum
1741 665 1817 717 colo·

1018 732 1171 795 reshabst,
1191 733 1364 793 caeruleum,
1384 733 1511 797 igneum,
1533 734 1628 797 minii,
1650 734 1726 786 mali.
1761 733 1817 785 Eu-

1018 819 1086 855 neos
1105 804 1205 859 nuoleo
1226 801 1316 853 elisae
1336 801 1437 853 similis
1455 810 1506 865 est,
1529 803 1631 855 striata
1652 802 1818 853 concharum

1018 872 1112 933 modo,
1122 888 1175 922 nnn
1186 871 1256 921 aden
1268 869 1392 923 candida.
1421 871 1553 923 Euretias
1564 873 1620 924 situ
1633 871 1744 923 ridetur
1756 886 1819 937 ope·

1017 943 1075 993 rire
1097 942 1250 1009 nigritiam.
1286 942 1411 992 Eusebes
1433 957 1466 992 ex
1487 957 1521 993 eo
1534 941 1626 1008 lapide
1646 947 1700 1005 est,
1715 956 1749 992 ex
1765 954 1820 1009 que

1017 1010 1143 1062 traditur
1154 1010 1225 1076 Tyri
1235 1013 1261 1061 in
1273 1010 1404 1063 Herculis
1417 1011 1521 1077 templo
1533 1009 1610 1063 iacta
1620 1011 1710 1072 sedes,
1720 1025 1753 1062 ex
1766 1024 1821 1076 qua

1017 1080 1055 1132 dii
1066 1079 1149 1131 facile
1160 1081 1322 1147 surgebant.
1352 1080 1531 1147 Epimelasiit
1542 1117 1552 1145 ,
1573 1095 1634 1132 eum
1653 1080 1683 1133 in
1702 1079 1822 1132 candida

1017 1164 1129 1220 gemam
1139 1163 1256 1215 superne
1268 1149 1487 1219 nigricatcolos.

1052 1218 1126 1271 htx.
1146 1218 1291 1270 Galeriam
1304 1218 1389 1286 aliqui
1399 1219 1552 1287 galactiten
1564 1225 1673 1282 recent,
1700 1218 1820 1272 similem

1017 1290 1144 1356 proxim
1155 1288 1239 1339 dictis
1249 1327 1258 1354 ,
1278 1288 1330 1340 scd·
1340 1289 1588 1341 intercurrentibus
1599 1288 1758 1356 sanguineis
1770 1294 1820 1340 aut

1018 1356 1146 1409 candidis
1157 1359 1245 1410 renis.
1273 1357 1423 1410 Gaiactitis
1435 1374 1469 1411 ex
1482 1358 1556 1420 Nilo,
1568 1358 1663 1410 celere
1675 1358 1755 1409 lactis
1767 1364 1819 1410 ert.

1018 1426 1144 1479 Eandem
1160 1426 1256 1479 dicunt
1271 1427 1469 1496 leucogaeam,
1489 1436 1518 1480 et
1531 1426 1756 1495 leucographlam
1770 1441 1819 1493 ap·

1018 1495 1136 1562 peltant,
1156 1502 1185 1548 et
1195 1496 1379 1564 synophiten,
1401 1499 1496 1549 tritam
1509 1498 1592 1549 laetis
1603 1512 1686 1549 succo
1697 1512 1730 1547 ac
1740 1511 1820 1563 sapo-

1017 1566 1222 1618 rcnetabilem.
1258 1567 1290 1618 ln
1311 1566 1475 1618 educatione
1495 1566 1650 1618 nutricibus
1670 1564 1820 1617 lactisloe·

1019 1634 1193 1686 tarditatem
1206 1652 1214 1686 r
1234 1634 1385 1686 infantium
1399 1651 1508 1704 quoque
1525 1636 1644 1704 alligata
1659 1636 1733 1687 collo
1751 1634 1819 1686 sali·

1018 1718 1082 1755 vam
1092 1702 1188 1755 lacere
1198 1704 1318 1767 dieitur,
1338 1704 1367 1755 in
1379 1712 1529 1757 creantem
1544 1705 1711 1772 liquescere.
1746 1706 1820 1757 lian-

1019 1773 1080 1825 dcm
1091 1773 1255 1826 memoriam
1266 1773 1388 1825 adimere
1400 1773 1502 1825 dieunt.
1523 1775 1615 1826 Mittit
1626 1790 1685 1826 eam
1699 1781 1727 1825 et
1737 1771 1822 1825 Ache·

1019 1841 1192 1893 lousamnis.
1230 1842 1300 1893 Sunt
1321 1843 1369 1907 qui
1388 1843 1564 1910 smaragdum
1586 1843 1657 1895 albis
1678 1844 1823 1896 reniscir·

1019 1910 1200 1978 cumligatum
1212 1912 1367 1977 galactiten
1379 1919 1489 1964 recent.
1526 1912 1655 1964 callaica
1666 1910 1820 1980 argyroda-

1019 1980 1108 2030 manti
1119 1979 1222 2029 simiiis
1233 1988 1287 2042 est,
1307 1979 1390 2045 paule
1402 1979 1545 2031 sordidior
1556 1998 1564 2032 r
1585 1982 1763 2032 inveniuntur
1774 1995 1822 2032 au·

1019 2054 1076 2099 tem
1095 2046 1180 2099 binae
1200 2048 1245 2099 vel
1267 2054 1373 2099 ternae.
1409 2048 1579 2102 Gasidanem
1600 2049 1677 2101 Medi
1699 2050 1823 2111 mittunt,

1020 2115 1128 2168 celeris
1144 2117 1263 2179 crithini,
1282 2115 1367 2168 veluti
1386 2114 1500 2167 floribus
1522 2132 1656 2184 sparsam.
1693 2118 1824 2170 Nascitur

1020 2194 1048 2239 ct
1059 2187 1088 2237 in
1099 2185 1217 2238 Arbelis.
1254 2187 1331 2238 llaec
1347 2200 1456 2253 qnoque
1470 2201 1581 2254 gemma
1596 2187 1742 2254 concipere
1758 2187 1825 2237 diei·

1021 2264 1077 2317 tur,
1097 2261 1128 2306 et
1147 2256 1221 2306 intra
1237 2270 1268 2307 se
1284 2261 1393 2322 partum
1411 2256 1498 2309 lateri
1513 2271 1656 2320 concussa,
1677 2256 1824 2323 concipere

1021 2330 1115 2376 eutem
1126 2324 1262 2375 trimestri
1279 2325 1380 2389 spatio.
1418 2325 1604 2394 clossopetra
1618 2327 1730 2395 linguae
1748 2326 1825 2378 simi·

1022 2394 1057 2446 lis
1068 2391 1205 2444 humanae
1217 2407 1271 2443 non
1282 2394 1399 2445 interra
1409 2398 1484 2446 nasci
1496 2396 1607 2458 dicitur,
1618 2397 1667 2449 sed
1679 2396 1824 2450 deficiente

1022 2463 1104 2514 Luna
1114 2461 1194 2513 coelo
1206 2459 1354 2525 decidere,
1375 2464 1526 2514 memoriae
1537 2479 1647 2532 queque
1657 2466 1823 2516 necessaria.

1022 2528 1105 2594 Quod
1117 2545 1151 2581 ne
1161 2528 1323 2591 credamus,
1345 2531 1472 2595 promissi
1488 2546 1598 2598 quoqne
1615 2533 1724 2584 vanitas
1735 2532 1824 2585 lucit:

1023 2603 1123 2652 ventos
1139 2601 1211 2650 enim
1227 2614 1260 2651 ea
1279 2598 1423 2664 comprimi
1441 2607 1563 2652 narrant.
1600 2600 1743 2668 Gorgonis
1755 2601 1825 2654 nihil

1022 2666 1101 2721 alirrd
1123 2674 1177 2730 est,
1199 2682 1280 2786 quam
1304 2668 1469 2719 corallium:
1492 2669 1612 2720 nominis
1634 2684 1730 2732 causa,
1750 2669 1825 2739 quod

1021 2741 1050 2791 in
1063 2736 1198 2789 duritiam
1221 2735 1311 2803 opidis
1328 2734 1463 2787 hrutatur.
1498 2738 1615 2789 Emollit
1626 2739 1724 2791 morio.
1762 2739 1826 2790 Ful·

1023 2806 1144 2860 minibus
1156 2813 1184 2858 et
1203 2804 1322 2872 typhoni
1339 2806 1471 2858 resistcre
1484 2806 1631 2858 affirmant.
1670 2808 1825 2860 Gonineam

1023 2877 1122 2932 eadem
1132 2875 1255 2928 vanitate
1271 2874 1445 2927 inimicorum
1461 2891 1565 2944 peenas
1581 2876 1689 2932 efficere
1708 2878 1823 2944 promit·

1024 2953 1097 3000 tunt.

1057 3014 1119 3067 LX.
1136 3013 1346 3081 Heliotropium
1363 3014 1489 3067 nascitur
1504 3015 1533 3066 in
1544 3014 1702 3083 Aethiopia,
1722 3013 1826 3078 Africa,

1023 3087 1127 3153 cypro,
1145 3085 1273 3152 porracei
1287 3085 1399 3146 calmis,
1420 3087 1581 3152 sanguineis
1599 3088 1674 3139 renis
1687 3084 1825 3138 distincta.

1024 3156 1116 3207 causa
1126 3154 1257 3215 nominis,
1278 3155 1406 3221 quoniam
1424 3156 1533 3208 deiecta
1551 3157 1577 3207 in
1589 3172 1637 3207 ras
1649 3154 1752 3224 aquae,
1768 3154 1824 3207 lul-

1023 3238 1119 3293 gercm
1130 3221 1205 3274 Solis
1215 3224 1343 3276 accendit
1355 3226 1507 3291 sanguineo
1520 3241 1693 3293 repercussu,
1705 3227 1826 3278 maxime

1024 3291 1197 3360 Aethiopica.
1233 3293 1337 3346 lisdem
1350 3301 1430 3345 extra
1446 3311 1546 3361 aquam
1564 3294 1669 3361 speculi
1682 3295 1764 3346 modo
1776 3290 1827 3346 Su·

1025 3364 1079 3415 lem
1099 3360 1218 3428 accipit,
1240 3362 1475 3430 deprehenditque
1496 3364 1642 3427 delectus,
1662 3363 1826 3415 subeuntem

1025 3432 1132 3485 Lunam
1149 3430 1306 3483 ostendens.
1342 3433 1488 3501 Magorum
1506 3432 1695 3500 impudentiae
1710 3433 1753 3484 rel
1767 3447 1825 3483 ma·

1025 3501 1235 3554 nilcstissimum
1256 3499 1309 3551 hoc
1322 3516 1430 3569 queque
1452 3504 1608 3569 ercnrplum
1622 3508 1674 3564 est,
1696 3503 1826 3570 quoniam

1025 3572 1151 3624 admixta
1161 3570 1248 3623 herba
1257 3569 1446 3638 heliotropio,
1478 3573 1641 3638 quibusdam
1655 3586 1764 3640 quoque
1776 3571 1825 3621 ad·

1024 3643 1091 3693 ditis
1108 3640 1404 3707 praecantationibus,
1424 3650 1565 3708 gerentem
1578 3642 1699 3708 conspici
1715 3649 1826 3707 negent.

1025 3709 1219 3779 Hephaestitis
1232 3725 1340 3779 quoquo
1357 3711 1463 3779 speculi
1480 3718 1607 3763 naturam
1624 3710 1706 3762 habet
1724 3711 1750 3761 in
1763 3708 1825 3760 resl-

1024 3781 1123 3833 dendis
1134 3781 1312 3848 imaginibus,
1323 3795 1477 3849 quanquam
1490 3781 1617 3832 rutilans.
1647 3779 1827 3848 Experimen-

1025 3858 1083 3903 turn
1095 3857 1147 3912 est,
1169 3851 1193 3901 si
1205 3849 1358 3902 terrentem
1371 3866 1470 3917 aquam
1487 3851 1583 3903 addita
1598 3853 1693 3907 statim
1707 3849 1825 3915 refrige—

1025 3928 1085 3975 ret:
1107 3927 1156 3971 aut
1167 3921 1196 3981 si
1208 3921 1236 3971 in
1255 3918 1321 3972 Sole
1337 3920 1434 3972 addita
1451 3919 1558 3973 aridam
1576 3919 1828 3971 materiamaccen·

1025 3990 1083 4041 dut.
1119 3989 1254 4042 Nascitur
1273 3990 1301 4040 in
1324 3991 1440 4057 coryco.
1478 3989 1677 4048 Horminodes,
1693 4002 1726 4036 ex
1748 4001 1828 4053 argu·

1025 4065 1118 4109 niente
1128 4060 1279 4110 viriditatis
1291 4058 1318 4108 in
1333 4059 1452 4110 candida
1460 4074 1569 4125 genrma
1579 4059 1625 4109 rel
1634 4057 1724 4122 nigra,
1736 4060 1764 4104 et
1775 4054 1826 4104 ali·

1024 4126 1133 4193 quando
1148 4124 1264 4192 pallida,
1284 4125 1423 4177 ambiente
1436 4128 1540 4177 circulo
1561 4123 1762 4184 aureieoleris,
1782 4137 1828 4188 ap·

1025 4196 1154 4261 pellatur.
1210 4193 1462 4245 liexecuntalithes
1483 4195 1510 4244 in
1531 4209 1616 4261 parra
1635 4189 1827 4259 magnitudine

1003 4322 1004 4325 Ἴ
1025 4262 1195 4325 multicolor,
1215 4261 1269 4312 hoe
1289 4264 1345 4314 sibi
1365 4278 1464 4315 nonrcn
1486 4262 1641 4329 adoptavit.
1677 4259 1828 4325 lieperitur

1024 4335 1050 4383 in
1063 4330 1270 4398 'l'regledytica
1281 4332 1404 4399 regione.
1439 4331 1593 4384 llierncitis
1604 4331 1725 4382 alternat
1736 4328 1826 4380 milri·

1025 4403 1067 4453 nis
1080 4400 1221 4468 nigrisque
1230 4400 1317 4452 ueluti
1330 4400 1440 4468 plumis.
1477 4400 1626 4452 liammitis
1639 4402 1697 4451 oris
1709 4398 1827 4466 piscium

1026 4471 1128 4523 similis
1139 4478 1192 4531 est,
1212 4476 1240 4522 et
1251 4469 1308 4522 alia
1325 4471 1401 4522 reiut
1418 4471 1491 4523 nitro
1505 4471 1669 4537 composita,
1688 4468 1829 4539 praeduro

1025 4539 1137 4607 alioqui.
1172 4539 1339 4592 llammonis
1352 4554 1438 4592 cornu
1460 4542 1534 4593 inter
1553 4543 1755 4592 sacratissimas
1774 4539 1828 4599 Ae.-

1026 4609 1147 4677 thiepiae
1157 4624 1290 4678 gemmas,
1311 4610 1514 4672 sarcocolam,
1533 4610 1644 4663 arietini
1659 4626 1756 4662 cornus
1768 4609 1827 4665 effi·

1025 4682 1097 4748 giem
1109 4680 1418 4746 reddens,premittitnr
1429 4680 1590 4747 praedivina
1600 4681 1708 4731 sonrnia
1718 4694 1828 4746 reprae-

1027 4758 1147 4803 sentare.
1186 4750 1354 4801 Hermesien
1365 4751 1439 4801 inter
1449 4751 1623 4818 gratissimas
1636 4750 1781 4816 aspicitur,
1794 4765 1828 4802 ert

1024 4822 1106 4888 ignca
1120 4819 1215 4873 colore
1227 4820 1340 4870 radians
1352 4834 1430 4881 auro,
1451 4828 1579 4887 portante
1591 4837 1683 4873 seeum
1696 4821 1724 4873 in
1738 4828 1828 4873 estre·

1025 4891 1169 4941 mitatibus
1180 4889 1324 4941 candidam
1337 4889 1442 4954 linceus,
1468 4890 1616 4958 Hyaeniae
1626 4906 1660 4944 ex
1673 4892 1762 4943 oculis
1776 4890 1826 4957 hy-

1025 4975 1120 5020 aenae,
1141 4964 1170 5010 et
1182 4959 1217 5009 eb
1229 4958 1261 5008 id'
1270 4958 1391 5021 inrasae,
1401 4959 1517 5011 inveniri
1529 4960 1674 5014 dicuntur:
1688 4970 1724 5025 et,
1735 4962 1759 5013 si
1771 4974 1827 5012 cre·

1026 5028 1125 5090 dimus,
1145 5028 1257 5094 linguae
1268 5026 1387 5079 hominis
1403 5029 1532 5082 subditae
1547 5030 1643 5082 fotura
1654 5031 1826 5098 praecinere.

1025 5097 1201 5149 Haematites
1213 5098 1241 5148 ia
1254 5097 1404 5164 Aethiopia
1416 5098 1526 5165 quidem
1538 5101 1718 5167 principalis,
1737 5096 1785 5147 sed
1798 5103 1827 5148 et

1024 5166 1052 5217 in
1063 5167 1168 5219 Arabia
1179 5172 1208 5218 et
1219 5166 1314 5218 Africa
1324 5167 1471 5230 invenitur,
1491 5171 1643 5239 sanguineo
1673 5167 1759 5227 olore,
1771 5180 1825 5215 non
1912 5198 1919 5207 ·

1025 5235 1179 5289 emittenda
1191 5238 1335 5304 premissis
1346 5237 1386 5289 ad
1392 5239 1581 5306 coarguendas
1593 5241 1642 5291 bar
1662 5250 1772 5287 ararum
1787 5235 1826 5284 in·

1024 5304 1119 5357 sidias.
1154 5305 1302 5359 zachalias
1313 5307 1486 5375 Babylonius
1498 5309 1525 5360 in
1538 5309 1581 5361 his
1593 5307 1671 5360 libris
1683 5318 1750 5369 quos
1761 5302 1827 5354 seri·

1025 5375 1080 5442 psit
1090 5376 1124 5428 ad
1142 5391 1237 5445 regem
1253 5376 1465 5441 Mithridatem,
1481 5376 1602 5430 huniana
1616 5373 1733 5444 gemmis
1745 5371 1826 5424 altri-

1024 5446 1087 5496 buit
1098 5444 1172 5498 lata:
1194 5446 1264 5499 hane
1285 5464 1340 5498 nnn
1350 5454 1498 5501 contentus
1515 5448 1657 5500 oculorum
1671 5447 1699 5493 et
1721 5443 1827 5496 incinc-

1024 5529 1083 5566 rum
1097 5516 1415 5580 medicinadecorasse,
1435 5533 1453 5568 a
1469 5531 1534 5583 rege
1546 5515 1628 5567 etiam
1639 5509 1744 5578 aliquid
1754 5512 1826 5583 peti·

1023 5584 1095 5638 turis
1117 5584 1214 5651 dedit,
1235 5588 1382 5641 stlitibus
1401 5584 1565 5651 iudiciisque
1583 5582 1766 5648 interposuit:
1799 5584 1826 5634 in
