4368 6008
344 304 406 364 rsa
492 303 523 362 c.
557 299 704 361 ceruit
733 280 943 359 seruum
972 294 1140 358 uarun.
1169 286 1363 357 uisroa.
1393 295 1473 355 mu
1502 293 1578 355 xx.
1607 294 1700 389 car.
1725 298 1841 359 re-rc.

347 454 431 507 niella
440 461 470 507 et
482 452 566 505 nitro.
602 451 770 520 sangiunem
781 447 888 501 narium
898 448 982 501 sistit.
1020 448 1151 518 hdparo·

346 524 421 577 tisias
432 522 598 591 decoquitur
609 536 670 573 cunr
679 518 833 571 hordeacea
845 519 943 572 farina.
979 519 1021 572 sd
1032 521 1152 572 arterias

347 609 463 661 asperas
482 608 544 644 cum
566 590 642 658 galla
652 597 680 640 et
693 588 775 640 melle
787 591 900 640 teritur:
921 587 957 639 ad
968 587 1070 641 lienem
1081 587 1153 641 iolla

348 678 410 717 cum
423 662 507 716 melle
518 669 546 713 ct
556 659 625 711 sale.
661 659 820 711 Crassiores
832 658 949 725 pituitas
961 666 990 711 et
1001 658 1096 725 nigras
1106 674 1152 711 ex·

348 740 446 785 tenuat
457 736 567 783 coctum
578 743 641 780 cum
651 733 731 779 aceto
743 734 771 780 et
780 728 850 789 sale,
870 734 991 780 sumtum
1005 728 1150 794 paulatim.

348 803 437 871 liegio
459 798 556 851 morbo
579 796 676 849 tritum
693 812 755 848 com
767 798 830 850 oleo
842 800 870 847 in
890 811 971 849 nares
982 796 1149 850 infunditur.

348 873 429 924 lassi
436 873 629 937 perunguntur
638 882 672 919 ea
683 882 726 928 eo,
734 867 775 918 ita
784 875 815 917 ut
827 882 861 918 ne
871 872 971 919 tenter
981 867 1150 935 attingatur.

347 935 529 1007 epinyctidas
541 950 602 987 cum
614 936 675 1004 pice
686 942 775 988 sanat.
803 936 977 988 Furunculus
988 936 1077 1004 aperit
1088 952 1150 989 cum

348 1012 400 1062 lico
411 1007 492 1060 trito:
513 1011 634 1058 strumas
654 1022 716 1057 eum
728 1006 792 1059 oleo
811 1012 839 1057 et
850 1012 930 1059 aceto
943 1012 971 1056 et
982 1006 1075 1058 farina
1086 1004 1150 1057 hor·

347 1081 459 1133 deacea.
496 1076 609 1130 Lateris
622 1075 734 1128 dolores
745 1091 805 1127 cum
819 1077 871 1129 lico
883 1075 996 1127 illitum.
1031 1074 1148 1127 Fluxio·

347 1165 396 1202 aes
408 1147 553 1217 sanguinis
565 1146 592 1197 in
602 1145 769 1214 genitalibus
782 1153 883 1210 tusum,
904 1151 933 1197 et
944 1150 1024 1199 aceto
1034 1145 1149 1198 illitum.

346 1219 491 1285 Reliquias
502 1217 697 1285 purgationum
709 1230 726 1266 a
738 1221 829 1281 parto.

241 1336 245 1346 Δ
345 1322 361 1351 -,
383 1287 470 1340 LXX.
489 1287 638 1353 Lepidiuor
649 1285 724 1336 inter
739 1283 847 1336 urentia
857 1284 1036 1352 intelligitur.
1065 1282 1152 1336 Sient

348 1360 374 1410 in
386 1357 458 1409 forie
471 1351 927 1417 cotememendateahulcerando,
939 1360 971 1405 ut
983 1361 1074 1407 tanuen
1087 1368 1153 1407 cera

348 1436 376 1481 et
399 1440 513 1478 rosaceo
535 1422 620 1476 facile
636 1428 761 1475 sanctur.
798 1423 995 1492 Sicetlcpras,
1014 1430 1043 1476 et
1054 1439 1152 1491 psoras

331 1496 427 1549 -roliit
438 1508 548 1561 semper
559 1493 652 1555 facile,
665 1498 694 1545 et
705 1493 868 1545 cicatricum
880 1492 1002 1546 hulcera.
1021 1494 1152 1547 Tradunt

347 1568 374 1617 in
386 1566 483 1617 dolore
507 1562 631 1614 dentium
650 1562 836 1631 adalligatum
853 1562 968 1617 brachio
980 1564 1151 1632 quaduleat,

348 1641 513 1687 convortere
524 1631 659 1685 dolorem.

332 1724 347 1759 a
383 1703 483 1755 LXXl.
497 1701 564 1765 Gith
573 1700 793 1765 exGraecis,alii
806 1701 1039 1766 melanthioo,alii
1051 1704 1152 1757 melan·

347 1787 478 1857 spasmon
490 1778 600 1824 vocant.
624 1772 776 1839 Optimum,
788 1787 869 1839 quam
882 1775 1073 1826 excitatissimi
1086 1775 1152 1826 odo·

347 1860 396 1908 ris,
407 1849 435 1896 et
447 1856 529 1910 quam
541 1841 731 1910 nigerrimum.
767 1843 899 1896 Mcdctur
908 1844 1079 1910 serpentium
1094 1842 1151 1910 pla-

349 1915 393 1981 gis
405 1920 433 1968 et
444 1912 632 1980 scorpionum.
670 1913 748 1964 lliini
759 1927 793 1964 es
804 1919 883 1965 aceto
895 1928 928 1964 ac
938 1912 1022 1967 melle
1033 1914 1152 1981 reperio,

348 1986 518 2049 incensoque
538 1990 681 2048 serpentes
692 1980 795 2050 fugari.
831 1982 943 2035 Bibitur
956 1980 1087 2035 drachma
1097 1998 1154 2035 una

349 2059 377 2105 et
388 2059 486 2105 contra
501 2065 630 2104 araneos.
667 2051 892 2105 Distillationem
915 2053 1024 2104 narium
1037 2052 1152 2105 discutit

1203 464 1274 518 quo,
1296 442 1396 518 qulbus
1419 448 1588 502 succinctum
1610 451 1654 500 est
1675 460 1796 517 corpus,
1817 448 2009 508 utilissimum.

1203 520 1323 573 Prodest
1342 526 1371 573 et
1393 519 1497 587 capitis
1515 514 1659 569 doloribus
1671 519 1807 572 instillari
1819 535 1933 573 succum
1945 538 2009 576 cum

1203 590 1266 642 oleo
1279 588 1397 642 decocti
1433 588 1495 642 Non
1516 586 1596 638 aliud
1613 587 1710 639 utilius
1720 589 1813 643 renui
1826 597 1855 643 et
1866 592 2009 647 intestinis

1203 666 1319 727 putant:
1340 659 1407 712 ideo
1429 657 1615 726 dysentericis
1635 664 1663 710 et
1674 657 1702 708 iu
1714 665 1840 711 tenesmo
1860 658 1946 713 datur
1967 668 2011 714 to·

1202 736 1284 780 stum.
1296 729 1386 796 Aliqui
1395 726 1502 779 addunt
1514 731 1543 779 et
1555 728 1657 793 opium,
1663 726 1760 793 pilulis
1770 729 1799 779 ia
1812 728 1858 782 die
1869 730 1957 782 ternis
1969 730 2010 783 lu·

1203 801 1260 865 pini
1274 797 1467 866 magnitudine
1480 800 1507 849 in
1519 795 1579 848 viai
1590 795 1693 863 cyatho
1705 796 1811 849 dilutis.
1830 797 2011 867 Dieucheset

1202 867 1238 920 ad
1250 869 1405 921 lutoborum
1417 867 1531 919 dolores
1542 880 1625 918 succo
1635 880 1701 919 usus
1713 873 1766 922 est.
1794 865 1897 922 Samen
1908 869 2012 939 hydra·

1203 938 1274 1005 picis
1286 944 1314 989 et
1325 937 1456 991 coeliacis
1478 936 1557 989 dedit
1573 935 1672 988 tritum
1689 952 1751 990 curn
1771 943 1879 991 menta:
1896 940 2011 995 Euenor

1203 1007 1325 1059 radicem
1338 1006 1372 1059 ad
1385 1021 1473 1059 renes.
1511 1006 1614 1069 Dalion
1626 1003 1772 1060 herbarios
1783 1008 2011 1076 parturientibus

1204 1091 1237 1129 ex
1250 1090 1283 1128 co
1294 1077 1466 1142 cataplasma
1476 1076 1610 1144 imposuit
1621 1091 1681 1128 cum
1694 1077 1771 1145 apio:
1783 1079 1851 1132 item
1863 1079 2008 1134 vulvarum

1203 1146 1308 1201 dolori:
1331 1144 1465 1214 deditque.
1476 1145 1624 1197 bibendum
1639 1161 1700 1198 cum
1714 1145 1818 1200 anetho
1830 1150 2009 1217 parturienti·

1202 1216 1263 1268 hus.
1299 1214 1473 1268 Phreneticis
1485 1229 1595 1283 qunque
1605 1215 1722 1268 illinirit
1734 1231 1830 1271 recens
1841 1234 1901 1272 cum
1915 1222 2009 1288 polea·

1202 1291 1242 1337 ta.
1279 1283 1325 1337 Sic
1345 1290 1374 1338 et
1384 1284 1539 1338 infantibus
1551 1286 1692 1339 comitiale
1703 1288 1813 1352 titium,
1834 1298 1883 1340 aut
1895 1297 2007 1343 contra·

1204 1355 1314 1407 ctioues
1325 1354 1520 1408 sentientibus.
1539 1353 1715 1422 Pythagoras
1726 1357 1839 1425 quidem
1852 1366 1935 1428 negat
1947 1375 2007 1413 cor-

1202 1425 1259 1492 ripi
1269 1424 1339 1477 ritio
1350 1424 1487 1478 comitiali
1498 1424 1526 1476 ia
1538 1440 1621 1476 manu
1633 1425 1780 1478 habentes:
1793 1427 1911 1496 ideoque
1923 1443 2007 1496 quam

1203 1494 1355 1563 plurimum
1368 1494 1445 1547 domi
1456 1494 1615 1547 serendum.
1651 1494 1754 1548 Parere
1775 1512 1885 1565 quoque
1895 1497 2006 1553 facilius

1205 1565 1383 1618 olfactantes.
1412 1567 1449 1618 Et
1460 1565 1556 1617 statim
1569 1571 1675 1632 sparto
1688 1564 1810 1617 dandum
1822 1569 1900 1634 potui
1910 1570 2007 1638 polen-

1205 1640 1235 1687 ta
1245 1650 1368 1703 aspersa.
1387 1634 1546 1687 Sosimenes
1558 1639 1656 1685 contra
1666 1649 1763 1687 omnes
1773 1635 1892 1690 duritias
1903 1654 2006 1695 exace-

1204 1714 1235 1757 to
1247 1721 1313 1756 usus
1323 1711 1367 1757 est
1378 1719 1422 1768 eo,
1442 1712 1469 1756 et
1480 1710 1579 1755 contra
1590 1703 1780 1768 lassitudines,
1801 1707 1830 1758 in
1851 1706 1914 1761 oleo
1927 1708 2008 1762 deco·

1205 1790 1291 1842 quens
1303 1772 1401 1826 addito
1413 1773 1497 1825 nitro.
1534 1772 1648 1825 Seminc
1660 1774 1721 1826 eius
1733 1783 1809 1842 poto,
1832 1776 2006 1832 lassitudinis

1205 1844 1340 1897 auxilium
1353 1843 1508 1897 uiatoribus
1519 1841 1678 1909 spopondit.
1708 1845 1872 1913 Heraclides
1884 1848 1920 1902 ad
1931 1849 2009 1902 iniis·

1205 1915 1297 1966 tiones
1319 1912 1455 1965 stomachi
1474 1928 1569 1965 semen
1592 1913 1683 1967 tribus
1701 1913 1797 1982 digitis
1809 1932 1870 1969 cum
1884 1921 2009 1972 castorei

1205 1983 1297 2036 obolis
1307 1983 1415 2035 duobus
1431 1999 1465 2037 ex
1482 1983 1572 2037 mulso
1585 1983 1673 2039 dedit.
1709 1983 1845 2039 Similiter
1855 1985 1891 2038 ad
1903 1988 2009 2041 evernis

1204 2051 1641 2108 autintestinoruminflatioues.
1676 2055 2008 2125 Etorthopuoieisquod

347 2130 440 2176 tusum
452 2121 482 2173 in
492 2119 610 2173 linteolo
622 2121 766 2174 olfactum.
805 2121 913 2190 Capitis
925 2122 1038 2175 dolores
1049 2122 1152 2175 illitum
1200 2123 1292 2175 ternis
1303 2123 1403 2192 digitis
1414 2121 1595 2192 prehenderit
1605 2125 1726 2188 seminis,
1739 2125 1905 2178 tantundem
1920 2125 2006 2195 hyos-

349 2208 384 2246 ex
395 2197 518 2246 aecto‘et
534 2190 656 2244 infusum
678 2194 800 2244 naribus.
837 2194 904 2244 Cum
916 2192 990 2244 irino
1007 2194 1151 2244 oculorum

349 2261 498 2331 epiphoras
510 2269 540 2315 ct
548 2269 682 2315 tumores.
700 2262 831 2315 Dentium
843 2261 957 2314 dolores
969 2270 1078 2315 coctum
1091 2278 1153 2314 cum

348 2343 440 2387 aceto.
478 2332 605 2385 llolccra
624 2332 681 2385 oris
701 2335 797 2384 tritum
818 2339 867 2384 aut
884 2333 1152 2386 commanducatum.

348 2404 418 2455 item
431 2403 524 2469 lepras
536 2408 564 2454 et
574 2401 725 2470 lentigines
736 2417 770 2454 ex
782 2407 870 2455 aceto.
894 2400 1084 2455 Difficultates
1095 2402 1152 2468 spi·

349 2471 431 2525 rartdi
442 2470 539 2523 addito
552 2471 627 2524 uitro
640 2478 748 2536 potum.
767 2472 906 2533 Duritias,
918 2478 1043 2526 tumores
1063 2488 1097 2525 ue
1109 2487 1154 2525 vs·

349 2550 436 2605 teres,
458 2540 722 2607 etsuppuratiunes,
744 2538 856 2593 illitum.
892 2542 984 2593 Lacte
1004 2488 1152 2592 modiorum

350 2617 436 2681 auget
446 2609 586 2661 coutinuis
606 2609 705 2661 diebus
719 2617 849 2661 sumtum.
887 2609 1036 2678 Colligitur
1055 2626 1153 2662 succus

351 2683 421 2743 cius,
433 2687 464 2731 ut
474 2677 650 2800 lqvoscyami.
686 2677 878 2748 Similiterque.
889 2678 1003 2749 largior,
1019 2695 1153 2733 venenum

351 2758 403 2815 est,
423 2765 479 2819 quo
519 2749 668 2801 miremur:
690 2763 752 2800 cum
774 2765 868 2802 semen
889 2750 1048 2818 gratissime
1067 2764 1154 2817 panes

312 2838 317 2848 ·
338 2818 569 2874 ‘ctiamcondiat
606 2818 710 2871 Oculos
726 2832 836 2888 quoque
857 2826 969 2888 purgat:
991 2820 1101 2872 urinam
1124 2826 1153 2871 et

349 2907 460 2945 meuses
481 2891 546 2944 ciet.
583 2886 658 2950 Quin
674 2890 759 2940 immo
771 2889 887 2942 linteolo
900 2889 1033 2957 deligatis
1044 2896 1153 2941 tantum

350 2962 448 3030 grauis
458 2959 539 3012 XXX
549 2956 684 3010 secundas
696 2957 769 3010 trahi
780 2960 900 3025 reperio.
935 2959 1020 3010 Aiunt
1029 2965 1056 3013 et
1067 2959 1153 3011 claris

347 3034 376 3084 io
388 3029 504 3099 pedibus
516 3027 623 3082 mederi
634 3028 732 3081 tritum
741 3028 771 3080 in
782 3030 877 3082 urina:
889 3029 992 3083 culices
1001 3028 1096 3083 suffitu
1107 3044 1154 3082 ne·

349 3115 429 3152 care:
445 3100 516 3151 item
529 3113 650 3151 muscas.

332 3200 354 3213 -.
384 3167 499 3220 LXXll.
517 3168 555 3219 lit
577 3169 683 3233 anuum
703 3166 836 3219 adversm
855 3167 1016 3235 scorpiones
1037 3183 1072 3220 ex
1089 3168 1153 3221 uiuo

348 3238 466 3301 bibitur,
484 3234 664 3306 Pythagorae
676 3238 748 3290 inter
759 3253 847 3306 pauca
856 3236 1011 3302 laudatum,
1022 3238 1081 3291 sire
1093 3253 1154 3291 cru·

257 3315 262 3324 '
350 3309 426 3372 dum,
439 3308 497 3361 sive
509 3307 662 3360 decoctum.
687 3308 758 3360 item
768 3308 859 3360 viride
870 3306 1153 3373 aridumveomnibos

349 3396 421 3450 quae
434 3378 609 3442 condiuntur,
621 3393 749 3447 quaeque
758 3378 1151 3448 intinguatundesideratum.

348 3450 433 3509 Panis
455 3450 540 3506 etiam
562 3449 665 3502 crustis
676 3447 855 3503 inferioribus
870 3449 1021 3503 subditum.
1057 3448 1152 3503 Saccis

369 3537 459 3590 uoquc
471 3521 593 3574 additur.
617 3523 684 3576 cunt
697 3521 801 3573 amaris
813 3520 929 3579 nucibus
939 3521 1005 3574 rina
1016 3535 1153 3574 commen·

349 3538 406 3644 dat.
441 3592 619 3660 Quioipsum
644 3593 701 3645 oris
721 3590 838 3647 halitum
860 3591 1050 3647 iucundiorem
1072 3589 1152 3656 facit,

348 3662 541 3730 foetoremque
548 3662 622 3715 tollit
632 3663 825 3715 manducatum
836 3665 982 3717 matutinis
993 3679 1055 3716 cunr
1063 3678 1152 3733 smyr·

348 3732 404 3793 nio,
426 3730 550 3786 etmelle
569 3732 680 3799 exiguo,
702 3734 844 3785 moxrino
857 3733 1001 3787 collatum.
1036 3732 1151 3787 Vultum

348 3801 486 3855 iuniorem
509 3808 643 3868 praestat.
680 3799 822 3852 insomnia
842 3801 918 3856 leuat
938 3818 1104 3871 suspensum
1123 3804 1152 3854 in

348 3872 471 3941 puluino,
491 3879 523 3922 ut
539 3869 711 3923 dormientes
726 3870 870 3923 olfaciant.
905 3871 1100 3939 appetentiam
1113 3872 1151 3925 ci·

347 3943 447 3995 borum
478 3947 594 4003 rocstat,
605 3938 716 4009 quaudo
727 3940 757 3992 id
768 3955 877 4008 quoque
889 3942 962 3993 inter
972 3942 1092 3996 artificia
1103 3941 1151 3996 de·

348 4013 434 4066 liciae
450 3956 554 4073 ἄπετε,
573 4025 607 4063 ex
619 4024 673 4077 quo
685 4009 766 4063 labor
777 4010 859 4063 desiit
868 4011 945 4064 cibos
956 4027 1079 4079 poscere.
1109 4012 1152 4066 Oh

347 4082 398 4137 has
410 4098 509 4136 causas
540 4079 634 4133 uidam
645 4080 784 4134 amasium
797 4079 827 4132 id
837 4096 980 4134 eocarere.

383 4152 510 4207 LXXlll.
571 4149 769 4203 udatissimunr
779 4157 822 4203 est
833 4152 982 4214 Creticum,
993 4152 1152 4220 proximum

347 4224 525 4293 Aegyptiam.
563 4222 627 4274 lior
647 4220 775 4304 ligustici
785 4220 869 4273 ricem
883 4223 1046 4287 praestatio
1056 4221 1150 4275 condi·

347 4294 457 4345 urentis.
480 4291 600 4345 Dolores
611 4280 801 4360 capitislevat
812 4291 933 4344 suffitum
945 4292 1068 4345 naribus.
1086 4292 1153 4360 Epi·

350 4361 444 4426 phocis
462 4363 605 4415 oculorum
620 4362 732 4427 Ereuor
752 4361 875 4415 radicem
887 4361 948 4415 eius
960 4368 1051 4414 tusam
1063 4362 1151 4430 impo-

348 4429 405 4480 nit:
427 4429 514 4485 lollas
535 4433 627 4500 ipsum
644 4449 706 4486 cum
728 4447 810 4485 croco
822 4434 883 4500 pari
896 4430 1017 4485 modoet
1028 4433 1103 4495 rino,
1123 4438 1152 4486 et

349 4512 399 4564 per
410 4512 440 4549 se
452 4501 548 4551 tritum
562 4516 623 4552 cum
636 4504 753 4568 polenta
763 4503 798 4555 ad
811 4516 926 4572 magnas
936 4500 1085 4563 fluxiones,
1106 4516 1152 4553 eu·

293 4598 296 4611 .
349 4564 556 4634 trahendisque,
579 4569 603 4621 si
620 4572 819 4639 quaiuoculos
840 4571 998 4626 inciderint.
1017 4571 1152 4624 'Narium

349 4650 459 4703 quoque
469 4638 632 4692 carcinodes
644 4641 781 4694 consumit
791 4642 893 4694 illitum
905 4657 938 4694 ex
950 4656 1030 4710 aqua.
1067 4640 1154 4697 Sedet

349 4704 467 4773 anginas
488 4721 549 4760 cum
572 4708 655 4762 melle
675 4717 704 4763 et
714 4710 839 4780 hyssopo
852 4725 885 4763 es
897 4721 977 4766 aceto
988 4711 1151 4780 gargariza-

350 4784 420 4827 tum.
454 4776 576 4829 rioribus
594 4776 751 4832 infunditur
766 4795 829 4832 cunr
849 4795 977 4833 rosaceo.
1013 4779 1153 4834 'l'horacis

348 4844 468 4914 pituitas
485 4854 585 4913 purgat
605 4854 721 4900 tostum:
743 4863 805 4902 cum
816 4850 899 4903 melle
911 4856 1032 4902 sonitum
1045 4850 1152 4906 melius.

350 4916 419 4967 Cum
443 4906 590 4967 acetabulo
610 4915 681 4967 anisi
692 4932 775 4970 nuces
784 4933 895 4972 cataras
906 4919 930 4971 1.
941 4925 1076 4988 purgatas
1091 4928 1153 4973 tere

347 4984 378 5038 in
389 4982 473 5038 melle
484 4984 520 5035 ad
532 4983 640 5036 tussim.
676 4985 824 5041 Facillime
835 5006 903 5042 uero
922 4991 993 5042 anisi
1004 4987 1153 5041 drachmae

348 5063 418 5115 tres,
438 5052 584 5120 papaueris
604 5050 675 5106 duae
694 5056 847 5111 misceatur
858 5058 941 5113 melle
953 5059 990 5112 ad
1000 5059 1082 5112 fabae
1094 5074 1152 5112 ma·

347 5124 535 5195 guitudiuem,
547 5128 575 5175 et
585 5122 673 5173 ternis
684 5121 782 5176 diebus
791 5135 948 5182 sumuntur.
969 5128 1153 5196 Praecipuum

349 5202 445 5248 autem
457 5198 502 5245 cst
517 5193 552 5244 nd
564 5197 673 5244 ructus:
686 5192 751 5245 ideo
761 5195 955 5251 inflationibus
964 5199 1112 5262 stomachi,
1123 5204 1152 5250 et

346 5263 545 5317 intestinorum
558 5261 733 5325 torminibus,
748 5271 776 5317 et
786 5266 917 5321 coeliacis
927 5269 1066 5324 medetur.
1095 5269 1151 5323 Siu-

368 5334 444 5387 ultus
454 5340 484 5387 et
494 5333 628 5387 olfactum
639 5331 1085 5406 decoctum,potumque,tuhibet.
1103 5339 1155 5391 Po·

363 5404 395 5457 ”s
406 5404 530 5459 decoctis
541 5402 646 5473 digerit
657 5400 821 5457 cruditates.
857 5406 962 5460 Soccus
972 5408 1083 5462 decocti
1093 5425 1154 5461 cum

349 5475 416 5541 apio
427 5473 549 5530 olfactus
556 5472 902 5529 sternutamentsiuhibet.
920 5476 1019 5529 Potum
1027 5494 1154 5532 somnum

347 5546 484 5598 concitet:
495 5546 620 5600 calculos
627 5546 721 5615 pellit:
732 5545 900 5597 vomitiones
910 5544 1068 5608 coiribeeet
1076 5564 1155 5616 prse-

346 5612 507 5671 cordiorum
519 5624 654 5672 tumores.
680 5618 717 5673 lit
726 5624 873 5686 pectorum
884 5614 970 5679 uitiis,
983 5617 1075 5669 nereis
1086 5633 1153 5686 quo·

1204 2192 1295 2262 cyami
1313 2208 1376 2245 cum
1397 2193 1470 2246 lacte
1486 2195 1606 2247 asinino.
1641 2193 1726 2247 lliulti
1745 2196 1894 2251 vomituris
1916 2206 2008 2252 aceta-

1204 2264 1271 2316 hula
1281 2264 1343 2317 eius
1355 2270 1385 2318 et
1395 2262 1466 2316 folia
1477 2264 1549 2317 lauri
1566 2266 1661 2318 decem
1673 2267 1743 2319 trita
1753 2266 1781 2318 in
1793 2283 1876 2335 aqua,
1887 2267 2009 2323 bibenda

1205 2334 1280 2386 iuter
1292 2348 1407 2389 coenam
1419 2333 1547 2386 suadent.
1567 2334 1764 2404 strangulatus
1774 2337 1883 2403 r'ulrae,
1894 2339 1918 2391 si
1929 2354 2007 2391 man·

1206 2404 1324 2456 ducetur
1334 2411 1363 2457 et
1375 2404 1481 2456 linatur
1491 2403 1674 2467 calidum,rel
1686 2406 1710 2457 si
1722 2407 1835 2459 bibatur
1845 2423 1906 2460 cum
1918 2415 2009 2461 casto·

1205 2489 1254 2526 reo
1265 2474 1294 2525 in
1307 2480 1387 2526 aceto
1397 2480 1425 2526 et
1437 2474 1529 2538 melle,
1538 2473 1627 2527 sedat.
1656 2473 1816 2546 Vertigines
1828 2492 1844 2528 a
1855 2484 1935 2545 partu
1946 2493 2006 2530 rum

1205 2544 1313 2596 sentiae
1335 2546 1490 2596 cucumeris
1505 2550 1533 2595 et
1545 2544 1597 2596 lini
1610 2545 1669 2612 pari
1681 2561 1811 2600 mensura
1820 2552 1927 2599 ternum
1939 2547 2008 2614 digi-

1208 2619 1311 2675 torum,
1322 2613 1381 2665 viul
1392 2612 1448 2665 albi
1463 2613 1551 2666 tribus
1561 2615 1671 2682 cyathis
1682 2615 1805 2669 discutit.
1830 2616 2009 2682 Tlepolemus

1206 2680 1242 2733 ad
1254 2689 1406 2750 quartanas
1419 2683 1507 2736 ternis
1519 2684 1615 2752 digitis
1626 2687 1741 2738 seminis
1752 2685 1823 2739 anisi
1836 2695 1864 2739 et
1874 2685 2007 2739 foeniculi

1207 2764 1274 2802 usus
1286 2759 1329 2805 cst
1340 2752 1369 2804 in
1383 2758 1464 2806 aceto
1476 2761 1504 2806 et
1516 2754 1609 2806 meilis
1620 2751 1723 2822 cyatho
1734 2771 1798 2808 uno.
1817 2755 1899 2809 Leoit
1909 2757 2010 2807 artico·

1207 2821 1281 2873 lares
1294 2821 1417 2884 morbos,
1428 2837 1488 2873 cum
1501 2824 1606 2875 amaris
1619 2824 1735 2877 nucibus
1746 2825 1861 2893 illitum.
1880 2824 1950 2878 Sunt
1961 2823 2010 2892 qui

1208 2897 1237 2944 et
1248 2891 1376 2959 aspidum
1392 2891 1505 2943 venenis
1524 2892 1664 2943 adversari
1682 2899 1809 2945 naturam
1829 2897 1888 2946 eius
1903 2900 2010 2961 putent.

1206 2960 1321 3012 Urinam
1334 2960 1397 3012 ciet.
1416 2959 1496 3011 Sitim
1509 2957 1628 3013 cohibet
1648 2954 1782 3013 Venerem
1794 2963 1931 3016 stimulat.
1942 2965 2010 3016 Cum

1207 3031 1273 3082 vino
1286 3027 1417 3081 sudorem
1429 3028 1531 3081 leniter
1541 3034 1675 3094 praestat.
1712 3027 1814 3082 Vestes
1827 3047 1939 3101 quoque
1950 3050 1967 3086 a
1977 3034 2011 3086 ti·

1205 3100 1266 3153 nciu
1277 3097 1411 3152 defendit.
1448 3096 1598 3149 Eflicacius
1608 3112 1718 3165 seraper
1730 3113 1838 3162 recens,
1858 3110 1889 3153 et
1899 3117 1955 3169 quo
1966 3103 2010 3154 ni·

1205 3170 1292 3292 qrius.
1319 3164 1468 3222 Stomacho
1478 3172 1572 3219 tamen
1584 3166 1685 3220 inutile
1695 3172 1747 3232 est,
1760 3176 1957 3239 praeterquam
1968 3172 2012 3225 in-

1226 3245 1283 3293 ato.

1241 3305 1368 3361 LXXlV.
1383 3303 1519 3361 anethum
1533 3322 1641 3375 quoque
1651 3311 1747 3360 ructus
1758 3314 1862 3372 moret,
1873 3315 1903 3361 et
1913 3311 2010 3362 tormi.

1207 3395 1243 3433 na
1254 3378 1344 3433 sedat.
1379 3379 1475 3431 Alsum
1486 3377 1573 3430 satit.
1607 3376 1758 3445 Epiphoris
1769 3377 1878 3432 radices
1894 3379 2008 3432 illinon·

1206 3456 1253 3502 tur
1265 3465 1299 3503 ex
1310 3463 1384 3516 aqua
1393 3448 1438 3500 vel
1450 3447 1522 3500 rino.
1558 3444 1704 3517 Singultus
1724 3444 1837 3501 cohibet
1848 3462 1943 3504 semen
1953 3449 2008 3502 fer·

1206 3536 1284 3584 rens,
1294 3518 1437 3573 olfactum.
1473 3516 1601 3570 Sumtum
1612 3532 1646 3569 ea
1655 3532 1738 3587 aqua,
1752 3517 1835 3571 sedat
1845 3518 2008 3573 cruditates.

1206 3590 1282 3644 Ciuis
1293 3588 1354 3642 cios
1366 3603 1448 3641 uram
1460 3590 1489 3640 iu
1500 3588 1628 3642 faucibus
1637 3587 1728 3642 ierat:
1752 3587 1848 3642 oculos
1859 3594 1889 3643 et
1899 3589 2008 3659 genitu·

1205 3675 1266 3716 rant
1277 3658 1400 3712 hebetat.

1240 3727 1352 3784 LXXV.
1372 3726 1564 3797 sacopenium,
1584 3725 1659 3796 quod
1677 3725 1958 3799 apudnosgiguitor,
1978 3729 2008 3783 ia

1205 3808 1295 3857 totum
1306 3799 1495 3855 transmarino
1512 3797 1661 3851 alienatur.
1697 3797 1770 3851 lllud
1789 3802 1861 3853 euim
1872 3800 2005 3853 Hasnmo·

1205 3872 1282 3926 niaci
1292 3872 1432 3938 lacrymae
1441 3870 1543 3934 simile,
1558 3883 1718 3939 sagapenon
1729 3876 1853 3924 vocatur.
1888 3868 2007 3923 Prodest

1204 3944 1327 3997 laterum
1338 3949 1367 3995 ct
1379 3940 1501 4009 pectoris
1512 3940 1665 4005 doloribus,
1672 3941 1823 4006 convulsis,
1829 3940 1953 3995 tussibus
1964 3957 2008 3993 ve·

1204 4014 1299 4075 iustis,
1321 4011 1625 4080 exscreationibusque,
1646 4011 1874 4080 praecordiorum
1890 4011 2005 4065 tumori·

1205 4086 1265 4138 bus.
1301 4081 1390 4134 Sanat
1399 4089 1427 4135 et
1437 4081 1598 4150 aerugines,
1619 4082 1764 4145 tremulos,
1775 4079 1997 4149 opisthotonicos

1204 4154 1304 4215 lienes,
1313 4151 1434 4217 lumbos,
1446 4152 1649 4220 perfrictiones.
1677 4152 1770 4205 Datur
1779 4160 1807 4205 et
1819 4149 2007 4204 olfactandum

1205 4240 1240 4278 ex
1252 4229 1334 4276 aceto
1346 4224 1374 4274 in
1384 4222 1563 4291 strangulatu
1575 4221 1681 4274 vulvae.
1711 4222 1819 4276 Ceteris
1831 4230 1860 4275 et
1870 4221 1948 4291 potui
1960 4219 2006 4273 da-

1206 4301 1260 4358 tur,
1277 4300 1378 4347 etcum
1390 4293 1454 4347 oleo
1465 4292 1622 4347 infricatur.
1657 4290 1778 4347 Prodest
1789 4299 1816 4346 et
1828 4299 1926 4346 conus
1935 4290 2008 4342 mala

1204 4364 1418 4419 medicamenta.

1241 4434 1368 4489 LXXVI.
1388 4433 1539 4501 Papaveris
1551 4431 1636 4486 satiri
1648 4434 1705 4486 tria
1715 4433 1838 4486 diximus
1848 4446 1966 4502 genera:
1980 4436 2009 4483 et

1205 4512 1307 4572 sponte
1318 4504 1460 4557 nascentis
1470 4505 1526 4556 alia
1538 4504 1727 4571 promisimus.
1748 4505 1888 4565 Baeticis,
1898 4501 1954 4553 albi
1966 4514 2008 4550 ca-

1206 4574 1255 4643 lyx
1266 4576 1328 4643 ipse
1341 4575 1452 4637 teritur,
1472 4585 1501 4625 et
1512 4588 1527 4625 e
1538 4572 1602 4625 trino
1614 4573 1720 4627 bibitur
1729 4572 1820 4625 somni
1833 4588 1927 4624 causa.
1963 4568 2010 4621 Sc·

1205 4660 1269 4697 mea
1282 4643 1466 4712 elephantiasi
1479 4641 1615 4694 medetur.
1651 4643 1764 4709 linigro
1776 4653 2010 4708 papaveresopm·

1206 4714 1334 4783 gignitur
1344 4729 1428 4779 scapo
1438 4712 1535 4773 inciso,
1556 4717 1588 4761 ut
1598 4709 1738 4777 Diagoras
1748 4707 1857 4769 suadet,
1878 4723 1940 4759 cunr
1954 4716 2009 4761 tur·

1227 4785 1314 4838 escit:
1334 4789 1365 4834 ut
1387 4780 1480 4844 iollas,
1500 4794 1562 4831 cum
1576 4778 1741 4841 deflorescit,
1762 4777 1932 4829 irorasersai
1945 4777 2010 4840 diei,

1205 4799 1259 4907 Hoc
1269 4861 1386 4916 est,cum
1399 4865 1446 4902 ros
1456 4851 1485 4900 in
1497 4864 1530 4902 co
1538 4849 1688 4902 exaruerit.
1701 4844 1893 4899 lucidiiubcnt
1902 4846 1956 4899 sub
1968 4863 2010 4901 ca·

1205 4924 1262 4991 pite
1283 4926 1311 4973 ct
1330 4921 1437 4988 calyce.
1472 4918 1532 4973 Nec
1546 4919 1576 4970 in
1586 4917 1643 4970 alio
1654 4931 1758 4988 genere
1770 4916 1862 4984 ipsum
1874 4916 2011 4989 inciditur

1206 5007 1239 5044 ca
1257 4996 1297 5043 ut.

1239 5006 1344 5113 {occos
1356 5064 1385 5110 et
1396 5057 1451 5120 hic,
1461 5064 1490 5111 et
1500 5056 1604 5110 herbae
1614 5057 1811 5124 cuiuscunque,
1830 5057 1895 5110 laaa
1904 5056 2009 5124 excipi-

1206 5135 1264 5182 tur:
1277 5135 1326 5180 aut
1335 5128 1360 5179 si
1372 5129 1489 5196 exiguus
1499 5136 1552 5189 est,
1562 5141 1653 5195 ungue
1665 5126 1785 5194 pollicis,
1796 5134 1828 5179 ut
1839 5127 1968 5190 metaris,
1978 5132 2008 5178 st

1206 5204 1320 5268 postero
1331 5197 1378 5251 die
1391 5200 1480 5265 magis
1490 5197 1564 5265 quod
1575 5197 1688 5249 inaruit.
1715 5197 1865 5265 Papaveris
1875 5211 1942 5250 vero
1952 5196 2010 5248 lar·

1206 5284 1258 5339 gos
1266 5268 1409 5328 densatur,
1416 5276 1445 5318 ct
1455 5268 1483 5320 in
1493 5267 1624 5335 pastillos
1636 5271 1719 5321 tritos
1729 5269 1758 5320 in
1768 5268 1868 5320 umbra
1877 5267 2007 5327 siccatur,

1207 5356 1263 5393 noa
1274 5339 1302 5392 ei
1312 5334 1470 5406 sopomfers
1489 5337 1583 5400 modo,
1602 5353 1697 5391 verum
1708 5340 1734 5391 si
1745 5338 1886 5408 copiosior
1896 5335 2008 5389 hauris·

1207 5416 1263 5472 tur,
1274 5410 1358 5463 etiam
1371 5407 1520 5461 mortifera
1529 5422 1580 5474 per
1589 5422 1715 5461 sumum:
1736 5413 1822 5478 opion
1832 5415 1943 5461 vemt.
1962 5404 2010 5458 Sic

1206 5480 1310 5533 nmmos
1330 5470 1508 5531 interemtum
1528 5477 1632 5530 Licinii
1653 5481 1789 5534 &scinne
1808 5475 2010 5546 praetoriiriri

1207 5556 1315 5618 petrosa
1326 5550 1354 5600 iu
1365 5548 1504 5614 llispauia
1513 5547 1618 5612 Barili,
1627 5565 1689 5601 eum
1700 5549 1833 5604 ualetudo
1844 5545 2008 5616 impatibilis

1209 5616 1532 5677 odiumritnsierisset:
1553 5618 1622 5674 item
1631 5619 1780 5689 plerosque
1792 5618 1873 5672 alios
1902 5613 2009 5681 ooaue
