4340 6018
270 287 301 376 'C
349 266 504 376 PblNll
539 310 751 375 saeuum
792 312 966 376 NATUR.
1003 314 1199 377 Hieron
1234 317 1321 377 nte.
1343 317 1385 379 X.
1423 320 1664 385 cares-oi.
1737 331 1796 392 143

150 469 204 521 lere
214 480 278 518 crus
287 464 349 519 iere
359 469 531 518 senene:
546 461 574 514 id
585 466 629 515 est
638 462 747 531 signum
763 464 947 517 consummati

152 536 246 588 virium
256 534 382 587 roboris:
405 534 525 587 sentinae
535 530 589 584 hoc
600 533 675 584 idern
686 531 816 585 sidentes.
846 532 947 585 Partus

153 604 279 667 duodeni,
300 604 401 672 quibus
415 601 648 657 numerosissimi:
669 607 763 654 cetero
774 601 859 669 quini,
879 603 948 667 seni,

153 672 428 742 aliquandosinguli,
450 672 523 741 quod
553 671 853 740 rodigioauntputant,
874 674 948 724 sicut

153 756 242 796 onnes
253 756 347 794 mares
358 748 408 794 ant
419 756 515 795 omnes
526 687 645 794 feminas
656 741 742 810 gigni.
760 741 871 793 Primos
882 757 948 809 quo-

153 825 302 881 quemares
314 812 439 879 pariunt:
458 812 488 863 in
499 810 601 864 ceteris
612 810 761 863 alternant.
788 813 921 863 ineuntur
931 825 949 862 a

152 886 317 952 mnusexto
328 896 431 933 arenae.
448 882 572 932 Octonos
582 881 740 932 Laconicae
750 881 870 947 pariunt.
880 879 949 931 Pro·

168 952 207 1004 ria
216 952 244 1001 in
256 964 291 1003 eo
302 965 403 1018 genere
415 951 537 1003 maribus
545 947 650 1002 laboris
662 949 805 1001 alacritas.
841 948 948 1003 Virunt

150 968 279 1073 kanonici
289 1020 369 1070 annia
379 1018 468 1082 donis,
483 1020 604 1071 feminae
613 1018 768 1071 duodenis:
788 1024 884 1072 cetera
902 1032 949 1086 ge·

151 1105 211 1143 nera
221 1089 377 1157 quindenos
388 1102 484 1152 annos,
495 1087 645 1156 aliquando
657 1095 686 1141 et
698 1090 822 1140 vicenos:
842 1102 894 1140 nec
904 1093 947 1139 to·

151 1168 237 1212 tssua
247 1164 342 1211 aetate
353 1165 497 1226 generant,
508 1159 566 1210 fere
575 1171 593 1209 a
602 1158 767 1210 duodecimo
779 1156 948 1211 desinentes.

151 1229 254 1283 Pelium
265 1234 295 1281 et
304 1226 516 1281 ichneumonum
528 1227 644 1295 reliqua,
664 1235 812 1280 utcsnum.
840 1228 949 1284 vivunt

151 1296 320 1351 annmseuis.

180 1363 348 1435 Dasypodes
359 1366 435 1418 omni
454 1379 548 1419 mense
560 1365 681 1433 pariunt,
700 1372 728 1418 et
746 1364 947 1434 superinstant,

150 1439 217 1491 sicut
226 1437 346 1505 lepores.
364 1436 476 1502 apertu
487 1435 754 1503 statinrirnplentur·
773 1435 948 1507 concipiunt,

151 1509 270 1575 quamuis
280 1506 367 1557 ubera
377 1506 499 1557 siccante
511 1505 598 1558 ioetu.
634 1505 751 1557 Pariunt
760 1518 826 1557 vero
839 1519 947 1559 caecos.

150 1576 307 1645 Elephanti,
330 1580 361 1625 ut
378 1575 508 1636 diximus,
529 1574 784 1643 pariuntsingqus‚
806 1575 946 1643 magnitu-

150 1645 210 1699 dine
221 1646 303 1698 rituli
313 1645 472 1698 trimestris.
486 1644 590 1697 Cameli
601 1643 747 1695 duodecim
758 1645 897 1695 aiensibus
908 1643 948 1696 ic·

149 1722 226 1767 runt:
246 1716 361 1766 trimatu
377 1716 490 1780 pariunt
508 1728 582 1775 rere,
603 1714 757 1781 iterumque
768 1719 833 1780 post
844 1727 944 1764 annum

148 1784 296 1851 implentur
308 1799 325 1835 a
336 1791 427 1850 partu.
451 1784 545 1850 Eques
556 1789 648 1835 autern
661 1790 725 1849 post
736 1782 851 1841 tertium
863 1782 947 1844 diem,

149 1862 197 1905 aut
209 1859 274 1920 post
290 1866 375 1903 unum
387 1853 422 1903 ab
433 1854 515 1903 enixu
534 1852 642 1904 utiliter
652 1851 764 1904 admitti
776 1858 882 1919 putant,
902 1866 947 1905 co·

150 1930 270 1990 guntque
289 1921 403 1971 inritas.
431 1920 469 1969 Et
489 1919 591 1970 mulier
607 1922 727 1985 septimo
745 1920 790 1972 die
801 1921 948 1987 concipere

148 1992 281 2042 facillime
302 1989 432 2043 creditur.
462 1988 602 2055 Equorum
622 1988 703 2040 iubas
718 1990 949 2053 tonderepraeci·

149 2061 236 2127 piunt,
256 2066 288 2111 ut
305 2059 447 2112 asinorum
468 2057 496 2107 in
507 2057 583 2108 coitu
595 2057 737 2123 patiantur
747 2055 947 2108 humilitatem:

149 2135 290 2191 comantes
302 2129 374 2181 enim
386 2127 476 2195 gioria
486 2126 639 2193 superbire.
675 2128 694 2177 Α
708 2126 784 2177 coitu
796 2125 873 2177 solae
886 2125 945 2177 ani·

149 2194 385 2251 malium'rurrunt
395 2210 429 2248 ex
439 2195 556 2249 adverso
566 2196 703 2263 Aquilone
710 2196 948 2261 Austrore,prout

148 2283 251 2320 maren:
264 2275 314 2319 aut
326 2266 458 2319 ieniinam
470 2278 630 2331 concepere.
659 2264 786 2316 colorem
803 2263 878 2314 illico
889 2278 946 2314 rnu-

148 2343 206 2389 tant
216 2337 346 2389 rubriore
356 2336 425 2404 pilo,
444 2335 489 2387 rel
500 2334 654 2402 quicunque
665 2334 712 2397 sit,
734 2332 876 2399 pleniore:
896 2331 959 2383 hoe·

146 2414 311 2476 argumento
324 2405 453 2469 desinunt
463 2405 620 2463 admittere,
630 2406 715 2454 etiam
727 2401 860 2453 nolentes.
889 2400 949 2453 Nec

146 2476 267 2544 impedit
278 2482 374 2542 partus
386 2474 519 2541 quasdam
530 2473 565 2525 ab
576 2487 670 2539 opere,
688 2470 844 2588 falluntque
856 2469 947 2537 gravi·

146 2544 207 2597 dae.
255 2546 361 2597 Vicisae
381 2543 512 2608 Olympia
536 2548 733 2606 praegnantem
755 2540 796 2589 Ee
816 2537 949 2590 erratidis

144 2614 276 2666 Thessali
296 2611 457 2663 invenimus.
487 2611 581 2674 Equos
598 2613 626 2658 et
637 2622 723 2658 canes
735 2614 763 2658 et
773 2621 838 2657 sues
850 2607 947 2656 initum

144 2684 314 2735 matutinum
335 2684 476 2743 appetere,
497 2676 615 2726 feminas
626 2682 718 2727 autern
731 2680 795 2740 post
806 2675 948 2726 meridiem

143 2748 278 2809 blandiri,
298 2745 491 2813 diligentiores
502 2745 624 2796 tradunt.
660 2744 755 2809 Eques
766 2743 887 2795 domitas
899 2742 950 2793 Lx

140 2816 356 2882 diebusequire,
366 2820 516 2882 antequam
528 2811 669 2881 gregales:
679 2827 744 2864 sues
755 2818 861 2863 tanturn
873 2811 949 2863 coitu

141 2899 274 2955 spumam
292 2897 341 2935 ore
360 2881 490 2934 lundene:
510 2882 755 2935 uerremsubantis
768 2880 949 2952 auditarum,

142 2957 197 3007 nisi
210 2954 385 3013 admittatur,
406 2951 497 3002 cibum
510 2967 563 3003 non
574 2965 674 3017 capere
685 2967 716 3002 us
737 2966 771 3003 ue
781 2951 810 3001 in
821 2951 949 3001 maciem:

143 3024 267 3078 leminea
278 3028 371 3073 autem
382 3021 410 3071 in
421 3026 529 3070 tanturn
540 3018 667 3081 efferari,
685 2968 865 3071 utffiominem
878 3021 948 3071 luee-

144 3090 341 3154 reat,candida
351 3091 470 3141 maxime
483 3094 559 3140 reste
569 3088 706 3139 indutum.
725 3087 827 3140 Rabies
838 3103 872 3139 ea
883 3103 946 3139 oce·

146 3170 173 3215 to
187 3162 336 3226 mitigatur
346 3166 464 3210 naturae
475 3172 598 3223 asperso.
628 3157 757 3208 Aviditas
768 3157 859 3207 coitus
870 3163 949 3223 puta-

146 3234 192 3283 ιιι·
201 3236 232 3282 et
243 3230 313 3281 cibis
324 3230 382 3280 lieri
394 3227 483 3278 :sicut
493 3230 555 3278 viro
565 3230 660 3289 eruca,
672 3227 765 3293 pecori
776 3229 851 3293 cepa.
869 3228 949 3288 Quae

146 3316 180 3352 ex
190 3298 263 3352 ieris
273 3298 445 3367 mitigentur,
456 3312 509 3348 non
519 3296 675 3361 concipere,
685 3303 717 3345 ut
729 3309 853 3346 anseres:
866 3308 948 3361 apros

146 3384 211 3421 :ero
223 3367 315 3430 tarde,
336 3372 365 3419 et
376 3380 481 3428 cervos,
501 3380 552 3417 nec
563 3364 617 3415 nisi
630 3365 664 3435 ab
675 3363 796 3415 infantia
806 3363 948 3426 educatos,

148 3439 246 3489 mirum
261 3442 313 3488 est.
333 3433 546 3502 Quadrupedem
559 3440 745 3502 praegnantes
757 3431 892 3485 Venerem
905 3449 948 3484 ar·

148 3514 220 3570 cent,
231 3513 347 3573 praeter
356 3519 453 3573 equam
464 3510 494 3555 et
504 3518 591 3556 sueni.
627 3502 683 3555 iisd
694 3502 887 3570 superinstant
898 3501 948 3555 da·

200 3591 232 3629 ιιι
245 3582 275 3627 et
287 3576 368 3642 lepus
378 3580 494 3626 tantum.

210 3643 336 3696 xxxiv.
364 3645 550 3711 Quaecunque
565 3641 796 3708 animnlpariunt‚
816 3641 951 3708 incapite

148 3713 276 3782 gignunt,
289 3714 459 3767 circumacto
470 3714 522 3764 sub
534 3711 645 3763 enixum
657 3711 749 3764 foetu:
770 3712 840 3763 alias
850 3713 878 3762 in
889 3719 949 3763 ute·

147 3797 178 3834 ro
188 3790 330 3852 porrecto.
349 3781 550 3848 Quadrupedes
561 3781 835 3848 gestantureatcnsis
846 3780 880 3832 ad
891 3781 949 3833 lon·

149 3852 302 3920 gitudinem
310 3852 447 3913 cruribus,
457 3857 486 3903 et
494 3849 626 3902 adalvum
638 3866 716 3903 suam
728 3850 888 3919 applicatis:
896 3849 950 3903 ho·

148 3934 192 3972 mo
203 3922 234 3975 in
247 3929 336 3975 semet
347 3919 541 3989 conglobatus,
561 3920 635 3970 inter
655 3920 710 3972 duo
728 3935 819 3989 genua
834 3920 948 3972 naribus

148 3991 219 4043 aitis.
255 3991 357 4054 Molas,
369 3991 404 4043 de
416 3990 514 4057 quibus
526 3993 591 4041 ante
602 3987 730 4054 diximus,
751 3990 829 4057 gigni
841 3996 948 4057 putant,

149 4059 194 4111 obi
205 4060 308 4112 mulier
318 4078 374 4114 non
385 4075 420 4112 ex
429 4073 516 4122 mare,
525 4072 620 4111 rerum
632 4073 666 4110 ex
677 4060 828 4126 semetipsa
838 4065 946 4111 tantum

149 4131 326 4198 conceperit:
342 4131 407 4182 ideo
423 4144 474 4182 nec
490 4128 622 4191 animari,
641 4130 707 4194 quia
718 4143 773 4180 non
784 4128 821 4179 sit
832 4144 866 4180 ex
878 4128 947 4180 duo-

148 4197 213 4248 bus:
236 4198 416 4265 altricemque
436 4197 538 4249 habere
558 4213 609 4265 per
625 4213 655 4249 ae
674 4198 758 4249 :itam
769 4197 856 4261 iham,
877 4213 950 4267 quae

147 4266 223 4318 satis
243 4266 440 4334 arboribusque
459 4267 614 4334 continget.
651 4267 693 4317 Ex
715 4267 856 4330 omnihus,
875 4283 948 4335 quae

145 4332 289 4398 perfectos
308 4333 408 4399 taetus,
425 4351 489 4389 aues
508 4342 617 4387 tantum
638 4341 837 4389 etnumerosos
849 4336 947 4389 edunt:

143 4403 218 4455 item
237 4401 342 4468 plores,
363 4412 459 4459 contra
477 4412 605 4459 naturam
624 4404 818 4474 solidipedum,
838 4412 889 4458 ant
908 4406 949 4458 hi·

31 4474 33 4495 *
144 4470 297 4524 sulcorum.

86 4536 92 4553 ⁸
179 4539 323 4596 LXXXV.
339 4542 430 4612 Super
449 4550 602 4598 cunctaeat
613 4546 730 4596 murium
742 4544 851 4596 iaetus:
871 4542 950 4596 houd

146 4609 207 4661 sine
228 4613 405 4667 cunctatione
424 4614 564 4675 dicendus,
585 4629 741 4681 quanquam
762 4613 813 4665 sub
832 4620 952 4665 auctore·

999 463 1027 516 ni
1039 477 1156 533 quoque.
1174 468 1242 519 cnm
1254 467 1359 522 diversi
1367 471 1478 538 generis
1488 470 1598 525 coicere
1609 473 1749 539 animalia,
1759 477 1800 529 ita
1889 504 1893 511 -

999 531 1108 585 demum
1127 544 1270 601 generant,
1291 539 1316 589 si
1337 544 1446 606 tenipus
1467 541 1597 594 nascendi
1618 558 1670 611 par
1686 543 1795 600 habent.

998 602 1214 684 quadrupedum
1237 620 1290 657 ora
1310 607 1480 675 gignentium
1497 610 1619 664 lacertae
1640 627 1689 666 ore
1700 628 1798 680 parere

999 675 1041 735 (ut
1053 671 1285 740 crediturrulgo)
1305 678 1471 730 Aristoteles
1491 686 1591 746 negat:
1613 695 1703 750 neque
1723 683 1798 735 ineu·

998 741 1067 793 bant
1077 739 1202 803 eaedem,
1222 743 1328 795 oblitae
1349 760 1403 811 quo
1414 749 1470 799 sint
1481 747 1511 799 in
1523 749 1585 801 loco
1597 752 1706 814 enixae,
1729 767 1797 819 quo·

999 811 1075 863 niam
1085 808 1151 861 huic
1162 811 1277 863 animali
1288 811 1368 866 nulla
1378 819 1521 870 memoria.
1549 818 1648 887 ltaque
1657 834 1707 887 per
1718 837 1748 873 se
1756 836 1798 873 ca·

999 881 1053 932 tuli
1063 887 1220 946 erumpunt.
1279 887 1283 894 ’

1034 949 1188 1002 LXXXVl.
1207 954 1331 1017 anguem
1342 965 1379 1003 ea
1389 952 1512 1006 medulla
1522 954 1643 1009 hominis
1653 958 1749 1024 apinae
1759 960 1799 1026 gi-

1000 1018 1058 1088 gni,
1071 1019 1222 1086 accipimus
1235 1035 1253 1072 a
1263 1019 1368 1071 multis.
1404 1020 1540 1091 Pleraque
1561 1027 1633 1077 enim
1650 1029 1760 1079 occulta
1770 1035 1799 1079 et

1000 1103 1083 1142 caeca
1093 1089 1205 1157 origine
1215 1089 1388 1155 proveniunt,
1400 1090 1485 1142 etiam
1496 1092 1524 1143 in
1536 1094 1742 1162 quadrupedum
1753 1110 1799 1164 ge-

1000 1173 1084 1212 nere:
1106 1160 1180 1210 sicot
1189 1158 1375 1223 salamandra,
1397 1159 1500 1212 animal
1512 1160 1609 1215 lacerti
1620 1165 1718 1232 ligura,
1730 1166 1797 1217 atel·

998 1228 1255 1296 latum,nunquam,
1276 1228 1332 1280 nisi
1342 1229 1451 1295 magnis
1460 1230 1604 1294 imbribus,
1624 1235 1799 1300 proveniens,
1841 1274 1844 1281 .

998 1304 1028 1350 et
1038 1300 1192 1351 serenitate
1202 1297 1343 1350 delicians.
1371 1299 1445 1350 Huic
1456 1304 1551 1350 tantus
1561 1302 1647 1367 rigor,
1665 1310 1697 1354 ut
1707 1304 1799 1373 ignem

998 1374 1076 1420 tactu
1087 1368 1252 1436 restinguat,
1261 1383 1316 1420 non
1327 1367 1385 1418 elio
1395 1366 1488 1431 modo,
1501 1383 1581 1434 quam
1591 1369 1701 1434 glacies.
1720 1374 1799 1425 Eius·

999 1437 1061 1489 dem
1072 1438 1160 1500 sanie,
1171 1452 1242 1505 quae
1254 1439 1344 1490 lactea
1354 1451 1402 1490 ore
1411 1438 1542 1499 vomitur,
1548 1452 1709 1506 quacunque
1718 1447 1799 1509 parte

999 1508 1126 1572 corporis
1138 1505 1251 1558 humani
1262 1511 1399 1570 contacta,
1421 1507 1474 1558 toti
1494 1505 1619 1559 defluunt
1630 1507 1696 1573 pili:
1717 1509 1798 1577 idque

999 1576 1071 1642 qnod
1082 1583 1239 1628 contactum
1252 1584 1303 1639 eat,
1313 1575 1434 1628 colorem
1446 1577 1475 1628 in
1486 1576 1653 1643 vitiliginem
1666 1583 1763 1629 motat.

1031 1644 1199 1698 LXXXVli.
1217 1644 1359 1708 Quaedam
1371 1660 1436 1698 :ero
1448 1646 1602 1714 gignuntur
1612 1659 1646 1697 ex
1658 1660 1712 1697 non
1723 1649 1799 1713 geni·

998 1713 1044 1775 tia,
1053 1719 1083 1766 et
1091 1714 1153 1767 sine
1162 1713 1220 1764 ulla
1228 1715 1315 1764 simili
1326 1715 1444 1782 origine,
1449 1722 1481 1767 ut
1490 1729 1577 1782 supra
1585 1713 1675 1767 dicta:
1685 1720 1714 1767 et
1720 1730 1801 1781 quac·

998 1798 1105 1850 cunque
1121 1789 1229 1850 tempus
1245 1783 1311 1834 anni
1324 1791 1450 1901 generat.
1485 1785 1528 1834 Ex
1539 1786 1575 1835 iis
1586 1784 1721 1852 quaedam
1731 1783 1801 1835 nihil

998 1851 1127 1919 gignunt,
1147 1859 1178 1901 ut
1199 1851 1324 1903 salaman
1346 1866 1403 1902 roe.
1439 1849 1536 1919 Neque
1547 1854 1637 1905 estiis
1647 1868 1734 1921 genus
1746 1868 1802 1905 nia·

998 1920 1136 1974 sculinum
1157 1918 1375 1972 femininumve:
1404 1918 1478 1970 sicut
1497 1936 1588 1989 neque
1607 1923 1638 1974 in
1660 1922 1802 1989 anguillis,

999 1990 1182 2054 omnibusque
1193 2000 1264 2053 quae
1274 2002 1325 2039 nec
1346 1985 1457 2048 animai,
1478 2004 1528 2042 nec
1539 2004 1621 2043 ovum
1632 2006 1668 2044 ex
1679 2006 1741 2044 sese
1751 2002 1799 2062 gr·

999 2062 1104 2107 nerant
1134 2055 1270 2109 Neutrum
1281 2062 1324 2108 cat
1336 2062 1365 2108 et
1376 2056 1476 2109 ostreis
1487 2073 1585 2127 genua,
1595 2065 1623 2112 et
1634 2061 1739 2113 ceteris
1749 2063 1799 2115 ed·

998 2123 1177 2178 haerentibus
1192 2124 1262 2176 vado
1283 2124 1327 2177 rel
1347 2138 1425 2193 saxo.
1462 2129 1539 2191 Quae
1552 2135 1644 2180 autem
1655 2143 1801 2200 persege·

998 2200 1138 2254 necantur,
1158 2194 1220 2244 siin
1231 2208 1321 2246 mares
1331 2208 1364 2246 ac
1375 2194 1492 2249 feminas
1502 2197 1591 2250 descri
1612 2205 1641 2251 ta
1653 2205 1730 2264 sunt,
1752 2214 1799 2268 ge·

998 2271 1098 2317 nerant
1109 2262 1220 2330 quidem
1231 2262 1336 2330 aliquid
1349 2264 1432 2327 coitu,
1442 2266 1491 2318 sed
1503 2269 1576 2335 impe
1605 2274 1695 2321 ectum
1707 2276 1734 2321 et
1746 2270 1800 2322 dis·

998 2334 1099 2395 simile,
1112 2338 1140 2383 et
1150 2347 1185 2385 ex
1196 2346 1251 2399 quo
1261 2330 1330 2384 nihil
1343 2335 1462 2399 aniplius
1473 2336 1612 2404 gignatur,
1624 2343 1655 2388 ut
1665 2340 1800 2391 vermicu·

999 2402 1041 2453 los
1051 2417 1170 2453 muscae.
1193 2401 1223 2452 ld
1235 2405 1324 2468 magis
1334 2402 1484 2455 declaravit
1494 2412 1592 2457 natura
1603 2421 1709 2469 eorum,
1729 2423 1800 2475 quac

998 2471 1106 2522 insecta
1116 2470 1253 2531 dicuntur,
1264 2471 1367 2523 arduae
1377 2472 1582 2538 explanationis
1595 2476 1693 2539 omnia,
1705 2483 1733 2527 et
1743 2479 1807 2541 pri·-

1000 2540 1082 2590 ratini
1094 2539 1187 2590 dicato
1199 2554 1285 2604 opere
1297 2540 1445 2592 narranda.
1470 2543 1648 2609 Quapropter
1658 2545 1799 2611 ingenium

1001 2606 1213 2675 praedictorum,
1224 2607 1372 2672 etreliqua
1383 2609 1546 2661 subtexetur
1556 2611 1724 2663 dissertatio.

1034 2673 1213 2727 cxxxviii.
1241 2676 1284 2726 En
1306 2676 1433 2727 sensibus
1453 2684 1517 2729 ante
1539 2677 1797 2732 ceterahoniinite·

1000 2752 1073 2805 ctus,
1097 2742 1161 2795 dein
1183 2749 1325 2810 gustatus:
1346 2744 1464 2811 reliquis
1487 2753 1673 2813 superatura
1692 2749 1798 2800 multis:

999 2813 1116 2879 Aquilae
1136 2812 1236 2863 clarius
1252 2819 1385 2863 cernunt:
1407 2816 1532 2865 vultures
1544 2817 1671 2882 sagacius
1682 2817 1800 2870 odoran-

1000 2890 1059 2933 tur:
1070 2880 1204 2949 liquidius
1213 2880 1331 2931 audiunt
1342 2881 1435 2948 talpae
1446 2884 1563 2936 obrutae
1574 2892 1657 2945 terra,
1665 2892 1721 2937 tam
1733 2886 1798 2939 den·

999 2967 1030 3001 so
1052 2956 1138 3016 atque
1159 2949 1245 3026 surdo
1266 2957 1383 3002 naturae
1397 2950 1543 3004 elemento.
1573 2952 1721 3007 Praeterea
1733 2972 1800 3008 rore

999 3021 1120 3070 omnium
1133 3022 1160 3069 in
1171 3018 1289 3071 sublime
1299 3019 1432 3072 tendente
1452 3034 1607 3072 :emonem
1627 3023 1798 3076 exaudiunt:

998 3095 1027 3141 et
1047 3091 1071 3139 si
1094 3087 1128 3139 dc
1143 3088 1183 3139 iis
1202 3088 1325 3155 loquare,
1345 3088 1505 3157 intelligere
1518 3090 1602 3142 etiam
1614 3090 1750 3155 dicuntur,
1771 3100 1799 3144 et

999 3158 1155 3224 profugere.
1184 3156 1301 3207 Auditus
1312 3160 1356 3207 cui
1369 3156 1509 3211 hominum
1522 3160 1610 3225 primo
1622 3172 1737 3229 negatus
1747 3168 1799 3223 est,

999 3227 1062 3278 huic
1072 3233 1100 3277 et
1111 3226 1248 3277 sermonis
1268 3241 1333 3276 usus
1343 3225 1455 3279 oblatus
1466 3246 1473 3278 ι
1496 3242 1548 3279 nec
1556 3235 1621 3280 sunt
1632 3230 1799 3283 naturaliter

997 3294 1084 3357 surdi,
1105 3300 1137 3346 ut
1148 3309 1202 3345 non
1214 3293 1299 3346 iidem
1310 3295 1369 3346 aint
1379 3302 1407 3346 et
1418 3296 1495 3347 muti.
1525 3298 1556 3348 ln
1575 3298 1688 3349 marinis
1698 3301 1798 3352 ostreis

998 3364 1124 3417 auditum
1137 3379 1208 3427 esse,
1219 3378 1274 3415 non
1286 3371 1328 3416 eat
1339 3365 1503 3415 verisimile:
1514 3365 1562 3416 sed
1573 3367 1608 3416 nd
1621 3381 1716 3418 sonum
1729 3383 1799 3420 mer·

998 3450 1065 3503 gere
1074 3450 1104 3485 se
1119 3433 1250 3485 dicuntur
1269 3433 1388 3486 solenes.
1416 3434 1481 3486 ideo
1493 3441 1523 3486 et
1533 3434 1674 3488 silentium
1687 3438 1716 3488 in
1727 3437 1798 3490 muri

999 3503 1179 3571 piscantibus.

1033 3573 1188 3626 cxxxix.
1205 3572 1300 3625 Pisces
1311 3572 1422 3640 quidem
1434 3572 1545 3627 auditus
1557 3589 1607 3626 nec
1618 3577 1742 3627 membra
1753 3575 1799 3628 ha·

999 3646 1073 3705 bent,
1094 3658 1145 3695 nec
1166 3641 1319 3695 toramine:
1340 3642 1438 3694 audire
1458 3649 1613 3695 tameneos
1633 3645 1726 3710 palam
1743 3655 1797 3697 est:

998 3721 1031 3766 ut
1041 3718 1128 3780 patet,
1150 3726 1211 3764 cum
1224 3711 1324 3778 plausu
1341 3713 1507 3779 congregari
1520 3712 1596 3764 ieros
1608 3713 1642 3765 ad
1654 3715 1745 3766 cibum
1756 3730 1798 3766 as·

999 3783 1145 3835 suetudine
1155 3782 1182 3834 io
1195 3781 1358 3850 quibusdam
1369 3781 1485 3833 vivariis
1506 3788 1658 3849 spectetur:
1679 3784 1745 3836 etin
1755 3785 1796 3850 pi·

998 3853 1083 3905 acinis
1098 3852 1231 3920 'Caesaris
1252 3864 1355 3920 genera
1374 3851 1492 3919 piscium
1512 3850 1546 3902 ad
1568 3866 1667 3904 nomen
1689 3853 1798 3915 venire,

999 3920 1334 3990 quosdamqueaingulos.
1363 3920 1626 3988 ltaqueproduntur
1642 3921 1726 3974 etiam
1744 3922 1798 3973 clo·

1000 3992 1109 4044 rissime
1128 3989 1222 4044 audire
1240 3990 1336 4060 mugil,
1347 3989 1535 4059 lupus,salpa,
1546 3988 1677 4054 chromis,
1694 3990 1798 4044 etideo

999 4063 1026 4112 in
1037 4060 1109 4111 vado
1120 4061 1222 4112 virere.
1867 4062 1877 4080 ⁸

1033 4131 1090 4182 XC.
1101 4127 1240 4181 olfactum
1251 4130 1285 4181 iis
1297 4145 1360 4182 esse
1369 4127 1517 4181 manifeste
1528 4134 1621 4196 patet:
1632 4126 1732 4195 quippe
1744 4142 1799 4178 nnn

1001 4214 1096 4252 ornnes
1107 4197 1203 4251 eadem
1215 4214 1280 4251 esca
1290 4200 1452 4265 capiuntur:
1473 4203 1502 4249 et
1517 4198 1602 4264 prius,
1624 4210 1705 4263 quan:
1717 4210 1798 4262 appe·

999 4274 1069 4328 tant,
1080 4267 1239 4320 odorantur.
1261 4267 1403 4330 Quosdam
1416 4274 1445 4319 et
1456 4267 1595 4333 speluncis
1607 4266 1737 4327 latentes,
1746 4264 1800 4316 sal·

999 4336 1123 4389 ramento
1135 4337 1215 4388 illitis
1225 4336 1351 4389 saucibus
1362 4337 1471 4404 scopuli
1481 4338 1603 4401 piscator
1613 4334 1799 4401 expellinrel·

998 4407 1040 4458 uti
1050 4407 1094 4456 sui
1106 4405 1247 4458 cadaveris
1259 4405 1429 4474 agnitionem
1443 4404 1593 4471 fugientes.
1613 4404 1799 4455 Conveniunt·

999 4491 1051 4543 que
1072 4488 1107 4527 ex
1127 4475 1185 4525 alto
1207 4475 1291 4526 etiam
1311 4474 1347 4526 ad
1367 4472 1503 4542 quosdam
1515 4473 1626 4538 odores,
1645 4480 1677 4524 ut
1695 4474 1798 4542 sepiam

998 4552 1099 4606 ustam,
1107 4549 1136 4595 et
1146 4543 1214 4611 poly
1233 4559 1291 4595 um:
1303 4557 1374 4612 quae
1383 4544 1449 4595 ideo
1460 4542 1645 4595 coniiciuntur
1654 4543 1682 4594 in
1693 4558 1797 4595 nassas.

999 4613 1133 4668 Sentinas
1156 4558 1266 4681 quirfem
1288 4614 1400 4666 narium
1420 4612 1533 4665 odorem
1554 4612 1651 4681 procul
1672 4610 1798 4680 lugiunt:

146 4678 297 4733 Aristotele
307 4688 336 4734 et
346 4683 500 4736 Alexandri
510 4681 761 4750 Magnimilttibus.
794 4681 945 4735 Generatio
999 4684 1224 4747 maximetamen
1234 4681 1351 4749 piscium
1362 4683 1534 4752 sanguinem.
1571 4683 1632 4734 Non
1646 4688 1796 4751 potestpe·

147 4761 241 4801 tonum
251 4749 400 4805 lambendo
411 4758 547 4814 constme,
557 4768 611 4804 non
619 4753 706 4814 coitu,
717 4752 835 4804 dicitur:
847 4767 880 4805 ex
891 4766 948 4804 una
999 4751 1292 4821 nnarellipolypua:
1312 4752 1388 4804 idem
1408 4751 1500 4807 cunila
1520 4746 1641 4814 admota,
1660 4751 1696 4805 ab
1712 4752 1799 4802 odoro

147 4820 254 4884 genitos
265 4821 341 4874 CXX
358 4822 552 4876 tradiderunt:
573 4823 645 4889 apud
656 4820 760 4874 Persas·
771 4837 848 4883 vero,
870 4836 947 4889 prae·
999 4824 1124 4893 protinus
1137 4822 1236 4875 resilit.
1248 4820 1392 4890 Purpurea
1403 4836 1510 4890 quoque
1521 4820 1633 4874 foetidis
1644 4821 1791 4889 capiuntur

32 4872 38 4953 ¹,
146 4892 729 4959 grantesetinventreparentisrepertas.
767 4890 945 4960 Etsalisgu·
999 4894 1069 4945 Nam
1091 4892 1126 4943 de
1147 4893 1255 4959 reliquo
1274 4892 1436 4944 animalium
1457 4905 1561 4958 genere
1582 4889 1645 4958 quis
1666 4890 1802 4942 dubitati

147 4962 221 5011 statu
241 4958 304 5012 deri
323 4970 512 5029 praegnantes
533 4961 691 5029 opinantur.
727 4962 823 5029 itaque
846 4960 949 5013 desinit
999 4957 1626 5028 cornuseervinioumeserpentes'iugantur,
1646 4959 1797 5011 aedmeri·

145 5024 244 5079 mirum
256 5030 457 5091 ease,underis
467 5036 545 5083 tanta
555 5046 659 5082 niesses
669 5031 817 5097 populetur
827 5033 946 5082 murium
998 5044 1043 5084 me
1054 5031 1193 5098 styracis:
1215 5031 1335 5098 origani,
1355 5036 1403 5082 aut
1415 5029 1509 5091 calcis,
1530 5036 1581 5095 put
1591 5026 1731 5096 sulphuris
1743 5027 1799 5079 ior·

145 5098 311 5165 agrestium:
330 5100 359 5150 in
370 5099 470 5167 quibus
480 5100 547 5153 illud
561 5114 671 5167 qunque
681 5098 772 5150 adhuc
783 5100 860 5161 latet,
879 5114 946 5167 qun·
998 5099 1086 5153 mirae
1098 5106 1237 5150 necantur.
1257 5099 1367 5153 Calices
1380 5097 1459 5151 acida
1471 5102 1582 5164 petunt:
1593 5096 1628 5148 ad
1639 5097 1733 5149 dulcia
1742 5111 1797 5147 non

144 5166 303 5219 nammodo
314 5168 367 5219 illa
378 5169 528 5220 multitudo
541 5176 655 5236 repente
666 5167 783 5221 occidat.
814 5169 884 5220 Nam
897 5183 948 5220 nec
998 5169 1137 5222 advolant.
1173 5169 1278 5222 Tactus
1288 5183 1386 5220 sensus
1397 5167 1524 5219 omnibus
1536 5166 1688 5229 est,etiam
1701 5166 1798 5235 quibua

144 5236 288 5290 exanimes
298 5239 484 5305 reperiuntur,
504 5254 592 5307 neque
613 5240 762 5306 exstatqui
774 5251 879 5288 murem
891 5237 949 5290 hie·
998 5238 1093 5290 nuilus
1110 5236 1199 5287 alius:
1218 5238 1447 5301 nametostreis3
1468 5243 1496 5289 et
1506 5234 1692 5300 terrestrium,
1701 5233 1799 5287 rernri·

145 5316 187 5357 tae
204 5304 235 5357 iu
256 5322 326 5375 agro
342 5307 481 5360 effoderit
511 5308 627 5359 Plurimi
639 5308 681 5359 ita
691 5308 726 5358 ad
736 5306 874 5358 Troadem
884 5321 948 5374 pro·
998 5309 1179 5373 busquoque.

109 5406 120 5417 ·
144 5374 277 5427 veniunt:
290 5383 320 5428 et
331 5376 387 5429 iam
399 5377 465 5429 inde
477 5375 643 5444 fugaverunt
653 5376 768 5429 incolas.
793 5374 948 5428 Proventu:
1033 5375 1104 5427 XCI.
1121 5373 1346 5430 seminaverim
1366 5374 1493 5429 amnibus
1508 5388 1619 5427 sensum
1632 5379 1662 5426 et
1723 5372 1799 5419 tete·

143 5456 243 5496 eorum
253 5444 444 5500 siccitatibus:
461 5447 576 5499 tradunt
586 5446 671 5497 etiam
683 5446 803 5498 obituris
812 5444 948 5497 vermicu·
997 5459 1078 5500 asse:
1101 5458 1152 5495 cur
1168 5442 1239 5497 enim
1251 5446 1322 5499 alios
1341 5445 1398 5499 alia
1408 5458 1522 5512 sapores
1532 5448 1666 5512 appetant
1700 5438 1729 5488 in
1743 5451 1798 5558 qbuo

142 5509 199 5563 lun:
212 5514 242 5564 in
254 5514 346 5580 capite
356 5516 445 5597 gigni.
473 5516 621 5582 Aegyptiis
631 5514 755 5568 muribus
766 5515 853 5567 dorus
864 5513 948 5580 pilus,
998 5512 1572 5582 veipraecipuanaturaearehitectaevis.
1595 5505 1745 5561 ainornm
1766 5521 1800 5558 ns

141 5580 215 5635 sicut
226 5580 396 5637 herinaceis.
418 5583 506 5638 iidem
517 5582 633 5650 bipedes
640 5584 798 5648 ambulant,
808 5598 860 5638 ceu
871 5581 947 5651 Alpi·
999 5582 1179 5651 praedantur,
1186 5585 1243 5637 alia
1252 5584 1401 5650 unguibus,
1408 5582 1465 5632 alia
1476 5588 1560 5632 rostri
1570 5575 1731 5629 aduncitate
1743 5590 1801 5628 rar·
