4356 6014
810 785 857 870 C.
916 786 1174 872 PLlNll
1231 787 1563 874 SECUNDI

427 930 1150 1117 narosnsrs

1246 967 1950 1071 Hrsrolilaa

911 1170 1258 1244 LIBER
1344 1171 1473 1244 XIV.

1075 1378 1306 1389 ——n--c

355 1531 379 1581 l.
390 1489 562 1577 Excussis
574 1521 698 1582 arbores,
706 1516 896 1588 indocilesque
906 1520 981 1571 nasci
992 1519 1071 1582 alibi,
1080 1533 1161 1585 quam

356 1598 405 1650 ubi
416 1596 579 1660 coepere,et
591 1603 661 1657 quae
672 1592 700 1641 in
711 1588 816 1641 alienas
827 1604 882 1641 uon
893 1596 1049 1641 commeant
1060 1596 1161 1654 terras,

355 1667 492 1720 hactenus
513 1661 573 1714 lere
594 1666 667 1713 sunt.
702 1657 837 1725 Licetque
852 1659 907 1709 iam
923 1659 957 1711 de
970 1658 1161 1711 communibus

355 1737 451 1806 loqui,
472 1746 587 1802 quarum
605 1730 726 1782 omnium
738 1728 888 1794 peculiaris
899 1742 1000 1794 parens
1010 1727 1100 1782 videri
1110 1743 1160 1795 po·

355 1804 509 1859 testltalia.
520 1800 675 1854 Nosceutes
685 1805 792 1850 tantum
804 1798 1109 1861 meminerintnuturas
1116 1812 1161 1850 eo·

355 1891 417 1930 rum
430 1872 537 1926 anobis
546 1869 658 1923 interim
673 1867 738 1929 dici,
748 1882 802 1919 non
815 1868 953 1920 culturas:
964 1883 1119 1937 quanquam
1131 1874 1161 1921 et

356 1943 467 1999 colendi
478 1943 597 1994 niaxime
609 1940 636 1989 in
648 1944 749 1990 nutura
759 1939 853 2004 portio
865 1944 917 1989 est.
946 1937 1018 1989 illud
1029 1940 1100 1990 satis
1111 1940 1161 1989 mi·

354 2016 477 2067 rariuon
487 2024 568 2079 queo,
588 2008 729 2059 interiisse
741 2007 911 2073 quarundam
924 2008 1098 2070 memoriam,
1118 2014 1160 2059 at·

373 2100 409 2137 ue
419 2083 504 2135 etiam
517 2079 666 2139 nominum,
685 2091 756 2144 quae
766 2082 895 2128 auctores
906 2074 1069 2142 prodidere,
1087 2076 1160 2129 nuti·

353 2161 432 2206 tram.
468 2147 696 2212 Quirenimnom
715 2147 922 2198 communicato
942 2147 1009 2199 orbe
1021 2152 1157 2200 terrarum

354 2223 504 2277 maiestate
523 2216 642 2270 Romani
663 2215 782 2282 imperii,
806 2215 958 2283 proiecisse
977 2216 1063 2268 vitam
1080 2223 1159 2281 putet

355 2290 521 2347 commercio
533 2301 627 2341 rerum
639 2299 673 2337 ac
684 2285 819 2335 societate
835 2284 926 2336 testae
943 2286 1032 2351 pacis,
1053 2284 1158 2335 omnia·

355 2379 408 2433 que
419 2362 515 2421 etiam,
534 2370 605 2425 quae
615 2353 726 2406 occulta
735 2358 800 2404 ante
812 2351 938 2416 inerant,
959 2354 987 2404 io
1000 2352 1158 2419 promiscuo

354 2427 510 2486 usuiactal
531 2423 705 2479 lithercules
720 2437 774 2473 non
791 2425 983 2488 reperiuntur,
1004 2422 1053 2489 qui
1065 2422 1159 2473 norint

356 2500 487 2556 multaab
500 2495 620 2563 antiquis
633 2492 758 2561 prodita:
772 2497 851 2544 tarsto
862 2491 1016 2558 priscorum
1028 2506 1096 2543 cura
1106 2490 1160 2543 ier·

355 2572 437 2624 tilior
446 2576 496 2621 aut
508 2564 646 2619 industria
655 2562 766 2616 felicior
776 2560 840 2624 fuit,
850 2567 913 2613 onte
923 2561 1014 2613 millia
1024 2576 1159 2613 annorum

293 2642 303 2653 ‘
355 2644 430 2694 inter
441 2637 575 2706 principia
586 2635 729 2687 literarum
740 2632 867 2683 Hesiodo
886 2639 1037 2699 praecepta
1053 2632 1159 2699 agrico-

355 2711 392 2763 lis
405 2709 526 2776 pandere
537 2720 615 2767 orso,
635 2701 845 2768 subsecutisque
862 2715 916 2752 uon
928 2702 1023 2769 paucis
1033 2699 1103 2754 hanc
1114 2716 1157 2752 cu·

355 2796 415 2833 ram
426 2780 496 2841 cius,
506 2775 581 2827 unde
591 2774 670 2827 nobis
681 2772 767 2824 crevit
778 2769 873 2824 labor:
887 2774 987 2840 quippe
999 2788 1059 2824 conr
1070 2770 1160 2839 requi·

355 2848 444 2901 renda
459 2849 515 2898 sint
531 2859 585 2896 uon
600 2844 689 2895 sulum
701 2848 801 2909 postea
817 2843 949 2907 inventa,
968 2857 1062 2895 rerum
1075 2844 1158 2893 etiam

357 2935 400 2980 ea,
410 2931 480 2985 quae
491 2915 654 2967 inuenerant
666 2912 757 2979 prisci,
773 2911 881 2965 desidia
892 2927 982 2965 rerum
994 2911 1158 2965 internecio·

356 3003 393 3041 ne
403 2984 555 3038 memoriae
567 2982 690 3034 inducta.
703 2981 787 3032 Cuius
797 2982 888 3033 sonmi
899 2997 999 3034 causas
1012 2981 1158 3050 quisalius,

357 3068 440 3122 quam
451 3051 576 3134 publicas
588 3049 691 3111 usundi,
702 3051 859 3102 invenerit!
880 3050 1018 3102 Nimirum
1030 3050 1078 3102 alii
1091 3049 1155 3100 sub·

356 3125 416 3176 iere
435 3127 522 3182 ritus,
544 3119 671 3184 circaque
687 3117 744 3170 alia
756 3123 862 3171 orentes
878 3119 1018 3171 bominum
1030 3118 1156 3170 detiucn·

356 3200 413 3254 tur,
425 3196 454 3242 et
462 3186 597 3240 avaritiae
608 3193 715 3239 tautum
726 3194 800 3239 artes
811 3188 949 3240 coluntur.
970 3189 1060 3239 Antea
1070 3185 1157 3237 inclu-

357 3262 399 3314 sis
408 3260 532 3328 gentium
542 3257 666 3325 imperiis
676 3257 752 3308 intra
762 3257 844 3324 ipsas,
862 3257 979 3324 ideoque
990 3262 1019 3308 et
1030 3255 1158 3336 ingeniis,

357 3328 476 3403 quadam
487 3326 639 3380 sterilitate
649 3325 907 3388 fortunae,necesse
919 3334 979 3377 erat
988 3328 1073 3377 anion
1084 3323 1157 3374 bona

358 3413 503 3454 exercere:
524 3412 658 3466 regesque
679 3396 815 3449 innumeri
838 3395 942 3447 honore
964 3397 1064 3447 artium
1086 3392 1158 3445 cole·

355 3470 467 3532 bantur,
488 3474 517 3521 et
539 3467 569 3517 in
589 3467 776 3519 ostentatione
790 3464 840 3517 has
858 3463 1054 3530 praeferebant
1065 3477 1158 3528 opum,

356 3537 597 3592 immortalitatem
610 3535 662 3588 sibi
675 3551 723 3602 pcr
738 3536 802 3588 illas
820 3534 967 3600 prorogari
980 3532 1158 3586 arbitrantes.

357 3611 450 3672 Quare
462 3606 640 3660 abundabant
656 3613 684 3657 et
699 3603 821 3671 praemia
837 3609 865 3654 ct
876 3617 977 3668 operae
990 3602 1070 3653 ritae.
1107 3599 1159 3651 Po·

356 3679 439 3730 steris
449 3678 552 3729 laxitas
563 3675 656 3728 mundi
668 3681 696 3725 et
706 3688 797 3727 rerum
810 3671 965 3738 amplitudo
979 3671 1080 3721 damno
1090 3669 1157 3721 iuits

355 3754 501 3816 postquam
513 3752 626 3798 senator
638 3757 720 3794 censu
730 3740 787 3808 legi
797 3748 920 3806 coeptus,
930 3740 1013 3793 iudex
1026 3739 1085 3791 lieri
1097 3755 1158 3791 cen·

354 3833 404 3879 ιιι,
426 3815 618 3882 magistratum
639 3811 794 3875 ducemque
813 3808 883 3858 nibil
904 3810 993 3877 magis
1015 3823 1158 3872 exornare,

356 3899 437 3955 quam
450 3897 560 3934 census:
581 3884 727 3946 postquam
740 3890 859 3942 coepere
879 3878 984 3930 orbitas
995 3878 1023 3928 in
1035 3878 1156 3929 auctori·

355 3961 416 4010 tate
427 3965 535 4005 summa
546 3954 574 4002 et
585 3948 710 4015 potentia
721 3961 791 4008 osse,
801 3947 927 4012 captatio
939 3946 967 3998 in
979 3955 1096 4014 quaestu
1105 3948 1158 3998 ier·

354 4023 496 4084 lilissimo,
505 4034 539 4072 ao
549 4019 611 4070 sola
620 4015 722 4085 gaudia
732 4015 759 4065 in
773 4014 954 4082 possidendo:
976 4032 1085 4084 pessum
1099 4019 1157 4068 iere

353 4096 429 4149 sitae
439 4090 543 4160 pretias
565 4101 714 4154 omoeoque
726 4100 743 4136 a
754 4085 874 4137 maximo
885 4084 959 4137 bono
971 4086 1102 4138 liberales
1114 4086 1156 4137 di·

355 4168 516 4227 cracantes,
537 4159 564 4212 in
576 4158 744 4210 contrarium
757 4155 889 4218 cecidere,
908 4171 942 4207 ac
951 4157 1086 4217 servitute
1095 4156 1158 4207 sola

354 4234 453 4301 proliei
476 4238 614 4300 coeptum.
650 4225 731 4278 Hanc
746 4224 816 4276 alius
832 4224 888 4276 alio
900 4225 997 4287 modo,
1016 4227 1082 4278 etin
1093 4224 1157 4276 aliis

356 4303 488 4355 adorare:
500 4303 598 4356 eudem
612 4306 716 4361 tamen,
726 4294 899 4363 habendique
909 4294 944 4346 ad
956 4295 1158 4361 spes,omnium

355 4369 487 4422 tendente
497 4379 571 4423 roto.
603 4369 710 4425 Passim
722 4381 788 4419 vcro
801 4366 884 4418 etiam
897 4365 1003 4433 egregii
1015 4364 1106 4417 aliena
1116 4363 1156 4414 ri·

355 4438 406 4497 ²⁵³,
425 4452 505 4503 quam
516 4441 590 4492 bona
599 4457 660 4503 sua,
680 4438 772 4490 colere
783 4436 873 4489 malle.
887 4435 964 4502 Ergo
976 4434 1100 4487 hercules
1112 4449 1158 4484 ro·

356 4504 448 4571 luptas
459 4506 552 4559 virere
563 4511 663 4575 coepit,
673 4508 804 4574 ritaflrsa
814 4506 903 4560 desiit.
934 4505 987 4558 Sed
999 4519 1049 4555 nos
1060 4503 1158 4555 oblite-

356 4582 419 4626 rata
428 4588 538 4642 quoque
548 4580 746 4629 scrutabimurs
765 4591 815 4630 nec
826 4575 978 4629 deterrebit
988 4572 1157 4640 quarundam

356 4657 450 4696 remim
461 4641 615 4705 humilitas,
625 4645 700 4698 sicut
711 4661 761 4697 uec
771 4644 971 4699 inanimalibus
981 4643 1056 4695 iecit.
1067 4644 1158 4705 Quan-

357 4726 440 4780 quam
450 4710 733 4780 ridemusVirgilium
746 4714 1041 4779 praecellentissimum
1055 4718 1157 4775 ratem,

357 4781 436 4834 eade
448 4794 533 4832 causa
543 4777 687 4832 hortorum
699 4780 779 4833 dotes
791 4782 909 4853 fugisse:
922 4790 950 4836 et
962 4798 977 4834 e
988 4781 1158 4847 tantis,quae

357 4849 465 4913 retulit,
485 4847 568 4900 liores
580 4849 663 4900 modo
674 4864 766 4903 rerum
779 4850 957 4920 decerpsisse,
972 4851 1084 4904 beatum
1096 4849 1158 4902 seli·

357 4933 471 4987 oemque
482 4918 606 4987 gratiae,
626 4915 678 4969 XV
689 4919 802 4968 omnino
819 4922 967 4987 generibus
983 4935 1098 4974 uvarum
1110 4933 1158 4971 nn·

357 4990 485 5052 minatis,
505 4985 594 5037 tribus
606 4985 698 5048 oleae,
718 4986 835 5039 totidem
847 4992 985 5056 pirorum,
1006 4990 1157 5042 malorero

357 5065 465 5111 tantum
477 5055 602 5123 Assyrio,
613 5056 713 5108 ceteris
724 5057 850 5109 omnibus
862 5058 1008 5128 neglectis.

393 5127 425 5177 ll.
445 5125 521 5179 Unde
532 5128 624 5175 auteur
636 5125 729 5191 potius
741 5124 911 5191 incipiemus,
918 5143 999 5195 quam
1008 5144 1026 5180 a
1036 5126 1156 5180 ritihusl

358 5210 473 5266 quarum
484 5194 656 5262 principatus
673 5196 815 5245 intantum
837 5197 985 5262 peculiaris
997 5198 1095 5251 ltaliae
1105 5204 1156 5263 est,

359 5273 390 5317 ut
399 5264 442 5317 sal
454 5262 508 5317 hoc
528 5277 583 5313 uno
594 5264 689 5314 omnia
704 5262 827 5330 gentium
838 5264 948 5329 vicisse,
968 5282 1051 5335 qoam
1065 5267 1156 5319 odori-

1215 1535 1271 1573 ιιι
1280 1521 1473 1590 conspicimus,
1482 1527 1528 1573 tot
1537 1521 1612 1574 aeris
1622 1522 1826 1588 incorruptumc
1837 1521 1904 1575 item
1915 1523 2017 1575 blaesi·

1214 1591 1271 1645 liae
1282 1598 1415 1660 pateram.
1440 1591 1597 1659 Metaponti
1610 1591 1740 1658 ternplum
1752 1593 1865 1644 lunonis
1875 1594 2018 1659 vitigineis

1214 1662 1352 1714 columnis
1363 1662 1452 1714 stetit.
1480 1663 1573 1713 Etiam
1586 1676 1658 1712 nuno
1668 1660 1751 1712 scalis
1763 1667 1868 1712 tectum
1880 1659 2017 1729 Ephesiae

1214 1729 1324 1784 Dianae
1334 1731 1478 1784 scanditur
1488 1747 1542 1783 una
1553 1747 1568 1784 e
1579 1732 1637 1784 rite
1648 1730 1763 1797 Cypria,
1782 1737 1815 1780 ut
1826 1729 1929 1793 lerunt,
1951 1745 2018 1799 quo·

1213 1800 1287 1852 niam
1298 1802 1336 1852 ibi
1347 1801 1382 1853 ad
1395 1802 1574 1869 praecipuam
1586 1799 1797 1867 amplitudinem
1809 1807 1920 1852 exeunt.
1958 1800 2018 1852 Nec

1214 1877 1257 1922 ιιι
1267 1871 1345 1939 ligno
1355 1869 1407 1922 ulli
1417 1871 1560 1923 aeternior
1569 1878 1676 1923 natura.
1704 1867 1805 1920 Verum
1818 1869 1872 1919 ista
1883 1883 1918 1921 ex
1931 1870 2017 1920 sili-e-

1213 1940 1318 1992 stribus
1329 1939 1404 1992 iacta
1414 1940 1589 1993 crediderim.

1248 2009 1296 2062 lll.
1315 2010 1379 2062 llas
1390 2011 1460 2063 vites
1471 2017 1587 2062 tonsura
1597 2023 1689 2061 annua
1699 2013 1869 2069 coercentur,
1881 2005 1961 2056 stris
1972 2020 2019 2057 ea·

1213 2094 1273 2131 rum
1298 2080 1386 2131 omnis
1402 2088 1533 2132 crocatur
1553 2081 1581 2131 in
1594 2080 1732 2147 palmites,
1751 2084 1800 2129 aut
1811 2076 1977 2143 deprimitur
1987 2076 2018 2127 in

1212 2149 1525 2217 propagines,succique
1536 2156 1643 2200 tantum
1655 2148 1746 2217 gratia
1756 2147 1833 2199 exire
1844 2146 1947 2197 sinitur
1958 2144 2019 2212 plu-

1213 2219 1290 2268 ribus
1300 2219 1391 2267 modis
1403 2219 1437 2270 ad
1450 2219 1522 2272 caeli
1534 2234 1636 2280 mores,
1645 2217 1755 2285 solique
1766 2216 1886 2284 ingenio.
1897 2214 1927 2266 ln
1940 2216 2018 2268 Cam·

1213 2300 1286 2352 pano
1301 2300 1370 2353 agro
1392 2288 1502 2353 populis
1524 2291 1643 2338 nubunt:
1667 2284 2019 2354 maritasquecomplexae,

1212 2361 1296 2421 atque
1314 2370 1362 2422 per
1379 2370 1473 2407 ramos
1486 2370 1579 2407 earum
1591 2356 1756 2422 procacibus
1773 2353 1894 2408 brachiis
1906 2355 2018 2424 genicu-

1211 2425 1272 2477 lato
1284 2440 1366 2476 curso
1377 2426 1552 2487 scandentes,
1568 2427 1710 2477 cacunrina
1722 2434 1852 2493 aequant,
1869 2426 1897 2476 in
1907 2431 2017 2481 tautum

1212 2493 1358 2557 sublimes,
1375 2502 1408 2547 ut
1419 2494 1586 2548 vindemitor
1599 2502 1762 2547 auctoratus
1774 2510 1871 2564 rogum
1883 2510 1916 2547 ac
1926 2503 2018 2546 tumu-

1212 2563 1270 2617 lum
1282 2565 1410 2632 excipiat.
1440 2565 1524 2618 Nullo
1535 2567 1589 2618 tine
1601 2570 1737 2627 crescunt,
1749 2565 1898 2632 dividique,
1908 2570 1956 2616 aut
1965 2577 2016 2630 po·

1213 2636 1270 2685 tius
1281 2634 1365 2687 anelli
1377 2642 1526 2703 nequeunt
1563 2635 1655 2688 villas
1664 2643 1693 2687 et
1705 2636 1802 2686 doulos
1814 2634 1914 2686 ambiri
1925 2635 2018 2700 singu·

1212 2704 1301 2756 larum
1322 2705 1485 2772 palmitibus
1501 2721 1534 2757 ac
1554 2705 1719 2774 sequacibus
1737 2705 1805 2755 luris
1822 2704 1956 2757 memoria
1972 2701 2016 2752 di·

1212 2789 1296 2841 gnum
1315 2776 1389 2828 inter
1402 2777 1494 2843 priuis
1504 2774 1668 2827 Valerianus
1686 2789 1796 2841 quoque
1807 2773 1950 2825 Currnelius
1960 2771 2018 2823 exi·

1212 2843 1343 2896 stimavit.
1380 2846 1438 2896 llna
1451 2845 1514 2896 ritis
1524 2845 1628 2896 Ronrae
1640 2845 1667 2895 in
1678 2844 1776 2895 Liviae
1788 2842 1941 2909 porticibus
1951 2841 2018 2893 sub·

1212 2911 1302 2963 diales
1313 2911 1544 2964 inambulationes
1555 2913 1695 2965 uurbrnsis
1706 2911 1827 2978 pergulis
1840 2918 1950 2977 opacat,
1971 2924 2019 2962 ea·
2037 2947 2047 2956 -

1211 2980 1273 3033 elem
1284 2980 1420 3032 duodenis
1432 2982 1517 3031 urusti
1528 2981 1670 3047 amphoris
1681 2979 1827 3031 foecunda.
1851 2981 1945 3030 Ulmus
1958 2980 2020 3046 qui-

1211 3050 1273 3100 dem
1295 3048 1397 3113 ubique
1418 3059 1593 3114 exsuperant.
1628 3048 1818 3114 Miratumque
1838 3048 2019 3101 altitudinem

1211 3133 1304 3173 earum
1316 3116 1426 3168 Ariciae
1437 3117 1530 3168 lerunt
1544 3117 1668 3183 legatum
1690 3115 1765 3183 regis
1776 3113 1876 3183 Pyrrhi
1888 3116 2020 3182 Cineam,

1210 3185 1300 3238 tacete
1319 3185 1421 3238 lusisse
1440 3186 1469 3237 in
1491 3186 1672 3239 austeriorem
1693 3193 1806 3254 gustum
1826 3184 1894 3245 cini,
1912 3188 2020 3239 merito

1209 3257 1398 3323 erius
1411 3257 1531 3322 pendere
1543 3258 1570 3306 in
1583 3255 1812 3324 imm-Qec.
1829 3254 2019 3308 Rumbntinus
2070 3295 2079 3310 .

1209 3330 1333 3388 vocatur,
1347 3326 1444 3378 etalio
1456 3326 1566 3379 nourine
1576 3326 1693 3394 populus
1703 3322 1787 3379 arbor
1799 3316 1897 3377 ltaliae
1908 3320 2017 3377 Padum

1210 3397 1403 3467 transgressis,
1416 3396 1494 3447 cuius
1505 3392 1632 3448 tabulata
1642 3396 1670 3446 in
1683 3396 1778 3447 orbem
1789 3394 1883 3461 patula
1895 3395 2018 3460 replent,

1211 3480 1336 3533 puroque
1345 3465 1495 3532 perductae
1507 3466 1627 3519 dracone
1640 3466 1668 3516 in
1681 3466 1800 3532 palmam
1813 3464 1887 3524 eius,
1906 3464 1970 3516 inde
1983 3464 2017 3514 in

1210 3536 1357 3588 subrectus
1368 3550 1506 3588 ramorum
1519 3535 1624 3603 digitos
1635 3534 1748 3602 llagella
1758 3534 1931 3600 dispergunt.
1943 3533 2017 3584 Eae·

1211 3603 1272 3657 dem
1285 3604 1389 3657 modici
1400 3604 1518 3656 hominis
1538 3603 1689 3657 altitudine
1709 3602 1925 3655 adminiculatae
1940 3600 2017 3652 sudi·

1210 3673 1261 3725 bus
1272 3671 1563 3740 horrentvineamqnc
1575 3673 1695 3725 iaciunt:
1706 3678 1735 3725 et
1745 3672 1820 3725 aliae
1831 3671 1957 3739 improbo
1966 3685 2013 3723 re·

1210 3748 1289 3810 ptatu
1303 3742 1551 3810 pampinorumque
1572 3741 1773 3810 superfluitate,
1793 3740 2015 3810 peritiadomini

1210 3812 1303 3878 amplo
1314 3811 1443 3863 discursu
1453 3814 1527 3863 atria
1539 3812 1633 3864 media
1643 3812 1825 3879 complentes.
1862 3814 1919 3865 Tot
1935 3808 2017 3863 dille·

1210 3881 1370 3935 reutiasrel
1381 3881 1442 3932 sola
1462 3887 1569 3933 tantum
1581 3882 1665 3933 ltalia
1683 3883 1792 3950 recipit.
1829 3880 1891 3934 Stat
1900 3881 2014 3950 proriu-

1210 3951 1315 4003 ciarum
1333 3951 1486 4017 aliquarum
1498 3967 1548 4018 per
1564 3952 1672 4005 seritis
1690 3953 1750 4006 sine
1765 3952 1826 4004 ullo
1837 3952 2014 4020 pedamento,

1210 4027 1287 4072 artus
1298 4036 1364 4073 suos
1375 4021 1403 4071 in
1414 4035 1444 4072 se
1456 4021 1601 4090 colligens,
1610 4028 1638 4075 et
1649 4022 1788 4076 brevitate
1799 4021 2014 4074 crassitudinem

1210 4105 1333 4213 queens.
1368 4090 1472 4144 vetant
1482 4089 1536 4143 hoc
1547 4092 1633 4145 aliubi
1645 4093 1735 4145 renti:
1761 4099 1792 4144 ιιι
1801 4094 1828 4143 in
1839 4092 1934 4144 Africa
1944 4098 1973 4144 et
1983 4092 2014 4143 in

1237 4160 1398 4212 arbonensis
1408 4162 1569 4227 provinciae
1585 4161 1721 4230 partibus.
1757 4162 1926 4215 Excrsscere
1937 4160 2015 4212 ultra

1209 4244 1275 4281 suos
1286 4229 1402 4295 pollices
1413 4230 1581 4297 prohibitae,
1594 4247 1757 4300 semperque
1769 4232 1919 4300 pastinatis
1932 4230 2013 4281 simi·
2050 4238 2053 4247 ’

1209 4299 1260 4361 les,
1280 4298 1427 4351 herbarum
1449 4301 1532 4353 modo
1543 4309 1680 4372 vagantur
1690 4317 1741 4372 per
1753 4316 1835 4367 arra,
1857 4314 2014 4354 acsuccum

1210 4375 1303 4421 terrae
1313 4369 1414 4436 passim
1427 4372 1489 4423 uris
1499 4372 1607 4435 bibunt,
1622 4388 1692 4441 quae
1703 4372 1738 4425 ob
1750 4371 1779 4424 id
1792 4370 2016 4440 magnitudinem

1210 4437 1356 4492 infantium
1368 4454 1516 4507 puerorum
1528 4444 1555 4495 in
1571 4444 1704 4495 interiore
1714 4440 1824 4495 Africae
1838 4447 1918 4508 parte
1929 4454 2014 4492 ersu-

1209 4514 1317 4576 perant.
1354 4509 1413 4562 Ura
1422 4526 1476 4562 non
1488 4512 1574 4565 aliubi
1583 4513 1693 4581 gratior
1703 4510 1785 4573 callo,
1804 4516 1835 4559 ιιι
1847 4507 1911 4558 inde
1921 4509 2015 4573 possit

1209 4578 1346 4631 inuenisse
1355 4595 1456 4633 nornen
1467 4580 1609 4634 duracina.

1245 4647 1371 4716 Namque
1392 4664 1496 4716 genera
1511 4648 1711 4717 magnitudine,
1733 4644 1836 4706 colore,
1856 4644 2014 4710 saporibus,

1210 4716 1297 4767 acinis
1308 4720 1462 4781 innumera,
1476 4719 1626 4769 etiamnum
1639 4713 1861 4782 multiplicantur
1871 4715 1944 4766 rino.
1957 4716 2015 4768 llio

1209 4784 2015 4923 llilstabibilis‘illittt‘iltttt“tilithi

1209 4936 1275 4974 vero
1285 4936 1464 4974 mammarum
1475 4923 1558 4976 modo
1569 4924 1699 4976 bumasti.
1732 4921 1895 4992 Praelongis
1906 4922 2012 4990 dactyli

1209 4991 1386 5060 porriguntur
1395 4991 1488 5042 acinis.
1524 4993 1575 5045 Est
1583 4992 1629 5045 illa
1639 4998 1753 5043 naturae
1762 4992 1882 5058 lascivia,
1893 5003 1925 5047 ut
1934 5011 2011 5064 prae·

1208 5060 1356 5127 grandibus
1372 5058 1542 5112 adhaereant
1554 5063 1645 5129 parri,
1659 5062 1752 5124 mites,
1768 5069 1796 5114 et
1806 5066 1942 5118 suavitate
1953 5081 2010 5118 cer·

1208 5134 1312 5181 tentes:
1330 5127 1487 5196 leptomgss
1498 5127 1666 5183 hasrocant.
1697 5130 1805 5183 Durani
1815 5133 1884 5187 aliae
1894 5149 1944 5202 per
1954 5132 2009 5188 hle·

1207 5212 1274 5259 mes,
1286 5198 1381 5263 pensili
1395 5205 1602 5252 concameratae
1613 5199 1695 5252 nodo.
1723 5200 1798 5257 abac
1807 5203 1835 5254 in
1845 5220 1896 5256 ιιι
1905 5210 2011 5256 tanturn

1209 5266 1384 5318 commeatur
1405 5266 1496 5318 anima
1515 5267 1575 5321 ollis
1596 5270 1738 5333 tictilibus,
1757 5277 1786 5324 et
1804 5274 1915 5341 insuper
1932 5273 2010 5324 doliis

358 5332 427 5395 isra,
439 5335 526 5400 possit
536 5329 623 5384 rideri
633 5331 719 5383 bona:
740 5345 894 5399 quanquam
905 5336 1060 5402 ubicunque
1072 5336 1155 5402 pube·
1205 5335 1341 5399 inclusae,
1363 5337 1482 5403 stipatae
1503 5338 1622 5391 sinaeus
1640 5341 1911 5394 circumsedentibus.
1947 5341 2011 5394 silis

357 5407 490 5457 mutium
502 5400 580 5454 odori
591 5401 667 5452 sulla
677 5399 800 5453 suavitas
813 5402 978 5468 praefertur.
1004 5404 1084 5458 Vites
1095 5406 1156 5459 iure
1205 5405 1338 5477 gratiam,
1359 5406 1403 5473 qui
1422 5412 1450 5454 et
1464 5406 1548 5469 vinis,
1568 5408 1658 5460 tumus
1674 5410 1770 5474 aliem,
1786 5410 1905 5463 fabrilis:
1923 5412 2010 5479 iisque

357 5471 430 5539 apud
443 5475 547 5540 priscos
564 5469 752 5553 rrragnitudine
768 5482 879 5539 quoque
897 5473 970 5524 inter
982 5474 1154 5527 arboresnu·
1205 5473 1321 5541 gloriam
1346 5473 1521 5541 praecipuam
1546 5476 1573 5527 ln
1598 5475 1757 5532 fornacibus
1780 5480 1885 5533 lineae
1906 5479 2010 5532 Tiberii

356 5542 541 5594 narrabantur.
561 5541 633 5593 lorus
643 5539 821 5594 siusulacrum
834 5541 863 5593 in
872 5542 941 5594 urbe
953 5540 1107 5608 Populonio
1120 5559 1154 5597 er

1207 5544 1330 5596 Οιιιιιιι
1350 5542 1501 5617 apcioritas
1516 5543 1590 5598 lecit.
1626 5550 1695 5602 Ante
1706 5564 1768 5602 eum
1784 5547 1920 5601 libesticis
1934 5551 2009 5616 prior

2072 3230 2089 3282 ζ
