4352 6012
350 296 414 357 422
458 294 489 354 C.
512 292 665 354 PblNll
687 287 894 352 securint
917 283 1089 347 NATUR.
1117 281 1313 343 iitsrott
1341 281 1429 378 lilii.
1451 278 1639 340 xxxvii.
1669 281 1766 342 CAP.
1787 284 1909 348 nti-55.

355 448 435 501 lenes
445 444 591 498 litoribus:
611 443 686 492 intus
702 455 719 491 a
734 446 831 492 centro
849 438 900 490 ceb
918 435 1088 489 stellalucet
1100 432 1154 485 ful·
1206 431 1359 500 potentiam
1380 427 1485 483 hahere
1506 434 1605 482 contra
1625 431 1786 500 scorpiones
1806 433 1949 490 dicuntur.
1985 440 2018 493 ι.

375 518 530 569 orebunae
545 510 653 577 plenae.
690 509 808 572 Quidam
823 521 936 558 causam
954 506 1076 555 nominis
1091 501 1153 554 red·
1206 501 1299 554 Persis
1320 513 1386 551 nero
1408 499 1503 549 suhita
1524 512 1620 548 earum
1639 508 1822 567 tesnpsstates
1845 510 1955 570 averti,
1987 516 2019 560 ee

355 534 435 646 {unt
457 581 530 651 quod
541 579 624 631 astris
642 581 773 645 opposita
785 577 923 644 fulgorem
940 591 971 627 ro
993 576 1049 636 iat,
1071 585 1156 624 nere
1207 568 1490 637 praetereafulmioa.
1527 569 1726 634 Argumentum
1738 586 1813 635 esse,
1831 577 1855 625 si
1868 578 1896 625 in
1909 576 2018 628 ferren-

356 660 447 724 gerat.
484 651 624 716 Optimam
637 649 666 698 in
680 650 827 699 Cumania
837 646 923 715 gigni,
935 590 1060 709 nullique
1071 643 1157 693 obno·
1206 646 1250 690 tes
1261 636 1508 719 eortinasadditae
1518 637 1699 704 refrigerent:
1719 641 1767 690 sed
1779 649 1810 692 ut
1820 645 1941 709 prosint,
1958 645 2018 697 leo·

357 727 430 777 aiam
442 722 518 773 sitio.
555 717 717 769 cerauniam
732 719 802 768 enim
816 716 929 778 vocari,
952 713 1070 780 quaesit
1080 712 1157 764 dete·
1207 710 1279 761 niuis
1295 708 1368 759 iubis
1387 706 1561 774 alligandas:
1584 721 1645 756 nam
1662 704 1788 774 hyaenae
1803 712 1872 778 pelli
1893 715 2018 767 similem

358 796 423 845 rior.
458 788 610 841 Pessimum
623 787 798 839 lucernarum
811 786 910 836 lumini
920 784 1049 835 similem.
1207 775 1613 839 abominantur,discordialem
1625 775 1761 829 domibus.
1780 779 2018 851 liamrero,quae
2050 778 2055 789 '

392 859 490 912 xenii.
510 857 659 909 Celebrant
675 865 704 909 et
723 858 879 918 astruiten,
909 849 1157 920 mirasquelaudes
1210 852 1291 899 unius
1304 846 1406 899 coloris
1417 848 1469 909 sit,
1488 847 1622 898 inuictam
1632 846 1749 898 athletis
1758 862 1827 901 esse.
1864 853 2018 921 Argumen-

357 933 417 983 eius
437 930 466 979 in
486 926 606 993 Magicis
628 928 736 979 artibus
745 927 924 977 zoroastrem
946 922 1091 985 cecinisse,
1111 920 1158 986 qui
1209 920 1348 978 tamaius,
1368 915 1549 983 quodinolla
1564 915 1922 989 plensoleieuctacumpi
1973 939 2019 976 ω.

355 1001 483 1052 dmm
497 996 647 1064 diligentes
658 1004 731 1060 tunt,
743 997 874 1063 produnt.
1209 991 1256 1051 tis,
1268 994 1296 1040 et
1306 988 1381 1038 intra
1392 985 1461 1037 duas
1473 983 1556 1037 horas
1567 985 1782 1049 subfervefacta,
1796 1004 1880 1041 unum
1893 1006 1926 1042 co
1940 1008 2017 1045 orem

392 1069 423 1119 t..
442 1068 612 1119 Astrobulon
626 1065 745 1119 Sudines
762 1067 833 1119 dicit
848 1064 936 1116 oculis
949 1061 1064 1131 piscium
1083 1058 1159 1112 aimi-
1209 1056 1383 1112 exomnibus
1394 1054 1484 1108 faciat
1502 1055 1588 1106 minii.
1624 1057 1734 1121 Acopos
1754 1058 1831 1110 nitro
1849 1061 1953 1113 similia
1964 1070 2016 1125 est,

355 1141 494 1199 ¹01110³⁸02
518 1146 547 1188 et
558 1135 668 1189 radiare
681 1136 810 1198 candido,
822 1137 851 1187 in
862 1135 935 1186 Sole.
1210 1128 1363 1196 pumicosa,
1383 1126 1477 1178 aureis
1499 1127 1589 1191 guttis
1599 1124 1723 1177 stellata.
1760 1129 1828 1178 Cum
1852 1128 1904 1181 hac
1924 1131 2015 1184 oleum

389 1208 435 1259 ΕΙ.
454 1208 506 1257 Est
516 1206 590 1256 inter
605 1205 739 1257 candidas
754 1213 783 1257 et
800 1220 871 1273 quae
888 1201 1020 1255 ceraunia
1033 1203 1158 1260 vocatur,
1209 1195 1443 1249 subfervefactum
1456 1195 1597 1261 perunctis
1608 1195 1801 1249 lassitudinem
1812 1200 1849 1260 (si
1860 1199 2016 1264 credamus)

355 1276 493 1345 fulgorem
507 1276 631 1327 siderum
643 1277 763 1342 rapiens.
800 1275 864 1342 ipsa
873 1271 1048 1340 crystallina,
1070 1268 1160 1338 splen·
1210 1267 1304 1319 solvit.
1340 1265 1525 1321 Alabastrites
1537 1266 1662 1317 nascitur
1676 1266 1704 1316 in
1720 1267 1870 1319 Alabastro
1881 1270 2014 1338 Aegypti,

355 1348 434 1398 doris
455 1343 588 1407 caerulei,
609 1345 639 1395 in
654 1345 802 1397 carmania
820 1359 944 1396 noscens.
979 1339 1075 1393 Albam
1097 1352 1159 1389 ease
1211 1347 1240 1389 et
1260 1336 1287 1387 in
1306 1335 1565 1403 Syriaoliamasco,
1586 1336 1710 1391 candore
1730 1337 1911 1390 interstincto
1932 1343 2014 1393 rariis

355 1414 535 1469 Zenothemis
553 1415 675 1475 fatetur,
697 1414 745 1466 sed
761 1412 863 1467 habere
876 1414 951 1465 intus
968 1410 1080 1462 stellam
1097 1422 1160 1459 con·
1211 1406 1361 1458 coloribus.
1397 1405 1477 1456 Haeo
1495 1412 1621 1456 meniata
1636 1420 1698 1456 cum
1717 1404 1810 1459 fossili
1826 1404 2015 1471 saleactrits,

355 1493 521 1537 cursantem.
559 1483 636 1535 Fieri
649 1490 678 1536 et
691 1484 852 1544 ceraunias,
873 1497 942 1552 quas
955 1481 1028 1532 nitro
1040 1485 1068 1530 ot
1078 1484 1158 1528 aceto
1210 1476 1365 1544 gravitates
1384 1477 1443 1525 oris
1454 1481 1484 1526 ct
1499 1474 1625 1526 dentium
1636 1481 1789 1529 extenuare
1808 1476 1919 1532 dicitur.
1955 1480 2015 1532 Ale·

356 1570 405 1621 per
422 1555 532 1621 aliquot
547 1554 609 1605 dies
625 1560 782 1605 inaceratas
798 1554 944 1619 concipere
963 1550 1076 1602 stellam
1087 1561 1159 1608 cam,
1211 1549 1314 1599 ctorias
1326 1552 1426 1597 vocant
1438 1544 1467 1594 in
1478 1543 1637 1596 ventriculis
1648 1544 1867 1611 gallinaceorum
1879 1548 2014 1613 inventas,

356 1639 427 1691 quae
439 1631 503 1690 pust
513 1622 632 1674 totidem
645 1637 754 1676 menses
766 1624 965 1691 relanguescat.
1001 1620 1119 1670 Sotacus
1130 1623 1159 1667 et
1212 1614 1380 1683 crystallina
1391 1616 1493 1680 specie,
1504 1613 1697 1682 niagnitudine
1708 1613 1808 1670 fabae:
1820 1612 1921 1686 quibus
1932 1619 2013 1672 Milo·

355 1694 412 1744 alia
422 1694 476 1744 duo
491 1692 673 1758 generafecit
685 1693 841 1755 cerauniae,
862 1692 959 1759 nigrae
971 1686 1158 1753 rubentisque,
1211 1701 1273 1737 nem
1285 1684 1492 1736 Crotoniensem
1504 1700 1584 1735 usum
1600 1686 1629 1736 in
1645 1687 1865 1750 certaminibus,
1882 1689 2012 1741 invictum

357 1778 389 1815 sc
400 1761 507 1813 similes
518 1777 566 1813 eas
578 1776 639 1813 esse
655 1763 813 1814 securibus:
836 1763 884 1823 iis,
905 1774 975 1827 quae
987 1761 1084 1825 nigrae
1094 1760 1159 1806 sunt
1210 1753 1299 1806 fuisse
1309 1752 1399 1806 videri
1414 1754 1522 1805 nolunt.
1557 1752 1750 1808 Androdamas
1769 1758 1878 1827 argenti
1894 1760 2013 1810 nitorem

272 1882 275 1888 .
357 1839 385 1885 et
397 1830 545 1896 rotundae,
566 1832 651 1883 urbes
661 1832 815 1899 expugnari
826 1837 854 1883 et
865 1830 977 1890 classes,
999 1839 1101 1891 easque
1113 1825 1158 1875 be·
1211 1823 1304 1887 habet,
1324 1830 1356 1875 ut
1376 1822 1498 1885 adamas,
1518 1822 1665 1890 quadrata,
1674 1840 1838 1894 semperque
1849 1828 1971 1880 tessellis
1981 1828 2016 1879 si·

358 1902 432 1955 tulos
443 1904 551 1954 vocari:
572 1917 643 1970 quae
655 1917 722 1953 vero
734 1903 833 1969 longae
845 1905 918 1961 sunt,
930 1896 1085 1950 ceraunius.
1107 1892 1160 1944 Fa·
1212 1894 1295 1946 milis.
1330 1893 1411 1959 Magi
1423 1900 1521 1960 putant
1537 1906 1637 1945 odnien
1656 1896 1816 1962 impositum
1831 1897 1865 1948 ab
1877 1911 1920 1958 eo,
1940 1896 2016 1964 quod

356 1973 435 2023 ciunt
445 1978 474 2024 et
485 1972 569 2023 aliam
582 1985 675 2023 raram
687 1970 856 2029 admodum,
880 1976 908 2020 et
920 1964 1086 2018 Parthorum
1097 1963 1159 2014 lila-

356 2042 400 2108 gis
414 2042 578 2106 quaesitam,
595 2040 724 2106 quoniam
735 2054 790 2090 non
802 2038 891 2090 aliubi
901 2036 1066 2097 inveniatur,
1078 2047 1159 2100 quam

353 2111 384 2161 in
396 2109 458 2159 loco
469 2107 586 2159 fulmine
597 2110 665 2159 icto.
1056 2166 1062 2177 ¹

393 2177 453 2230 Lll.
476 2177 640 2228 Proximum
652 2177 799 2229 cerauniae
815 2191 914 2229 nomen
925 2173 999 2240 apud
1009 2189 1058 2225 eos
1069 2172 1160 2233 habet,

377 2261 430 2299 uae
444 2243 604 2313 appellatur
628 2247 688 2297 iris.
723 2246 865 2297 Effoditur
883 2248 912 2296 in
934 2242 1052 2309 quadam
1069 2240 1161 2292 insula

357 2264 446 2368 habri
459 2316 556 2376 maris,
577 2329 648 2381 quae
659 2315 748 2366 distat
758 2331 775 2365 a
786 2314 922 2367 Berenice
932 2314 1001 2364 urbe
1014 2312 1161 2378 sexaginta

357 2384 448 2437 millia
458 2399 533 2451 pass.
546 2392 641 2436 cetera
652 2385 695 2435 sui
709 2391 789 2451 parte
798 2383 959 2451 crystallus.
997 2382 1092 2447 ltaque
1103 2380 1162 2447 qui·

358 2455 423 2506 dam
444 2455 567 2506 radicem
592 2453 718 2522 crystalli
730 2469 790 2509 esse
803 2453 944 2505 dixerunt.
979 2449 1105 2502 Vocatur
1126 2464 1161 2500 ex

358 2531 524 2592 argumento
536 2525 594 2576 iris.
631 2522 655 2575 N
659 2538 702 2574 am
714 2525 764 2573 nub
778 2530 854 2575 tecto
865 2536 997 2590 percussa
1008 2520 1082 2581 Sole,
1098 2533 1160 2585 spe·

359 2595 415 2648 cies
425 2600 454 2648 et
465 2594 574 2645 colores
593 2608 674 2644 arcus
688 2592 817 2644 caelestis
833 2593 862 2643 in
875 2592 1019 2658 proximos
1039 2591 1161 2656 parietes

359 2663 524 2725 eiaculatur,
542 2661 660 2715 subinde
670 2669 789 2723 mutans,
800 2675 953 2729 magnaque
965 2661 1102 2711 varietata
1112 2657 1161 2709 ad·

359 2733 537 2784 mirationem
548 2732 592 2782 sui
603 2746 717 2798 augens.
754 2729 942 2798 Sexangulam
958 2743 1037 2790 esse,
1057 2736 1089 2778 ut
1100 2743 1162 2794 cry·

359 2802 481 2866 stallum,
492 2806 611 2854 constat.
649 2799 703 2851 Sed
714 2813 774 2850 esse
783 2799 890 2867 aliquas
900 2797 1006 2850 scabris
1018 2797 1162 2859 lateribus,

359 2879 387 2924 et
398 2871 507 2938 angulis
518 2869 709 2937 inaequalibus
722 2868 824 2930 dicunt,
841 2870 869 2919 in
881 2868 947 2920 Sole
959 2875 1055 2935 aperto
1068 2867 1161 2934 proie-

358 2948 427 3004 ctas,
447 2940 542 2993 radius
552 2941 582 2990 in
600 2954 630 2992 se
646 2939 778 2992 cadentes
793 2940 949 2989 discuteret
974 2937 1084 3003 aliquas
1096 2946 1161 2987 vero

358 3017 423 3062 aute
434 3024 464 3061 se
476 3010 600 3075 proiecto
613 3009 705 3061 nitore
722 3008 880 3060 adiacentia
892 3008 1044 3059 illustrare.
1081 3004 1161 3056 Colo-

358 3093 403 3129 res
414 3091 480 3129 sero
494 3091 549 3127 non
561 3077 658 3128 nisiex
670 3091 760 3144 opaco
773 3077 900 3137 reddunt,
920 3091 972 3127 nec
983 3082 1014 3126 ut
1024 3079 1101 3141 ipsae
1113 3074 1160 3126 ha-

357 3146 454 3206 beant,
475 3144 525 3197 sed
537 3152 568 3195 ut
578 3159 743 3212 repercussu
754 3146 892 3212 parietum
905 3144 1022 3195 elidant:
1046 3146 1163 3211 optima·

358 3230 420 3282 que,
431 3229 502 3282 quae
513 3215 649 3265 maximos
660 3229 742 3266 arcus
754 3214 831 3275 facit,
851 3213 1061 3280 simillimosque
1074 3216 1163 3267 escle·

358 3283 459 3335 stibus.
495 3283 547 3333 Est
558 3289 587 3336 et
599 3285 655 3335 alia
665 3284 723 3346 iris,
734 3290 829 3336 cetero
841 3282 949 3345 similis,
965 3290 994 3334 at
1004 3285 1161 3351 praedura:

359 3368 442 3421 quam
463 3353 558 3404 llorus
569 3360 724 3406 crematam
744 3361 888 3419 tusamque
899 3352 933 3404 ad
951 3351 1161 3405 ichneumonum

300 3442 310 3453 =
359 3436 466 3475 morsus
477 3424 602 3476 ronredio
614 3438 689 3484 esse,
710 3424 787 3475 nasci
797 3432 890 3475 autom
902 3424 929 3473 in
940 3422 1055 3479 Perside
1065 3423 1162 3476 tradit.

393 3491 466 3545 Llll.
485 3492 592 3544 Similis
603 3500 646 3544 cst
662 3499 795 3559 aspectu,
816 3493 865 3545 sed
883 3508 937 3545 non
955 3493 1081 3546 eiusdem
1094 3495 1161 3548 elie·

359 3568 438 3624 ctus,
458 3577 532 3630 quae
544 3569 661 3613 vocatur
672 3577 770 3625 zeros,
789 3562 854 3615 alba
864 3563 1000 3632 nigraque
1012 3564 1122 3617 macula
1133 3566 1162 3616 in

358 3641 549 3700 transversum
560 3630 751 3698 distinguente
763 3633 937 3700 crystallum.

393 3699 465 3753 inv.
486 3700 630 3765 Expositis
647 3714 697 3766 per
710 3716 814 3769 genera
824 3703 949 3755 colorum
967 3703 1161 3769 principalium

357 3768 484 3838 gemmis,
497 3769 619 3836 reliquas
632 3768 775 3823 literarum
787 3773 886 3824 ordine
898 3773 1108 3839 explicabimus.

392 3835 512 3890 Achates
525 3839 552 3889 in
564 3853 667 3907 magna
677 3839 731 3892 fuit
742 3844 926 3904 auctoritate,
949 3843 1061 3892 nuncin
1075 3842 1161 3894 nulla.

359 3907 481 3975 Reperta
492 3911 610 3976 primum
628 3908 656 3960 in
667 3909 765 3962 Sicilia
775 3911 855 3961 iuxta
864 3908 965 3961 flumen
977 3910 1098 3962 eiusdem
1112 3926 1160 3962 no·

357 3979 450 4040 minis,
471 3986 571 4044 postea
581 3979 710 4045 plurimis
721 3979 801 4040 locis,
818 3979 954 4031 excedens
967 3979 1161 4045 amplitudine,

355 4048 540 4102 varietatibus
562 4064 719 4102 numerosa.
755 4048 846 4099 Multa
863 4056 893 4100 et
907 4050 1071 4116 cognomina
1092 4051 1161 4102 eius.

355 4120 481 4172 Vocatur
492 4118 564 4172 enirn
576 4117 761 4185 iaspachates,
779 4116 950 4179 cerachates,
971 4118 1161 4183 sardachates,

356 4188 564 4250 haemachates,
586 4188 772 4250 leucachates,
792 4187 1006 4252 dendrachates,
1026 4188 1104 4241 relat
1118 4206 1161 4242 ar·

355 4257 614 4326 husculainsignis:
638 4256 807 4320 autachates,
829 4274 889 4309 cum
899 4259 999 4320 uritur,
1017 4258 1160 4325 myrrham

355 4328 499 4381 redolens:
530 4326 753 4381 coralloacbates
764 4329 853 4396 guttis
864 4328 957 4380 aureis
967 4327 1093 4396 sapphiri
1103 4343 1161 4381 mo-

356 4395 392 4446 do
404 4411 510 4462 sparse,
527 4399 619 4465 qualis
640 4399 835 4465 copiosissima
856 4399 884 4448 in
904 4398 994 4459 Creta,
1013 4413 1096 4451 sacra
1113 4414 1161 4465 ap·

356 4462 469 4531 pellata.
506 4466 610 4519 Putant
620 4482 681 4519 eam
701 4473 800 4518 contra
820 4481 985 4519 araneorum
998 4470 1160 4535 etscorpio·

356 4548 421 4583 num
438 4534 509 4585 ictus
525 4536 667 4601 prodesse.
704 4536 785 4599 Quod
800 4537 830 4588 in
842 4536 944 4589 Siculis
961 4537 1057 4603 utique
1073 4537 1161 4591 credi·

355 4600 455 4664 derim,
466 4606 595 4671 qnoniam
608 4608 725 4674 primum
738 4607 801 4658 eius
813 4606 971 4674 provinciae
981 4605 1075 4659 afflatu
1087 4622 1161 4658 scor·

1211 1966 1332 2030 impetus
1353 1961 1514 2026 hominum,
1535 1969 1563 2014 et
1585 1963 1746 2017 iracundias
1767 1965 1869 2017 domet.
1905 1966 2014 2018 lisdem

1211 2034 1259 2094 sit,
1280 2048 1314 2083 an
1326 2032 1396 2093 alia,
1418 2031 1636 2100 argyrodamas,
1656 2041 1784 2087 auctores
1796 2049 1851 2087 non
1862 2035 2014 2101 explicant.

1210 2101 1375 2169 Antipathes
1396 2103 1477 2169 nigra
1497 2118 1551 2153 non
1572 2102 1734 2155 translucet.
1781 2105 2013 2172 Experimentum

1211 2172 1478 2293 :ltnlitttt'
1495 2171 2015 2297 lilith,iiinttl'ilht’t'lt

1212 2311 1279 2362 llari
1291 2310 1368 2375 Magi
1388 2310 1494 2360 volunt.
1530 2312 1649 2364 Arabica
1670 2313 1747 2365 ebori
1759 2314 1903 2365 simillima
1913 2324 1967 2376 est,
1987 2322 2014 2364 et

1212 2378 1265 2432 hoc
1276 2379 1427 2441 rideretur,
1440 2380 1493 2430 nisi
1504 2379 1640 2432 abnueret
1650 2381 1761 2432 duritia.
1798 2382 1901 2433 Putant
1913 2390 2014 2434 contra

1214 2446 1807 2515 doloresnerrorumprodessehabentihus.
1843 2452 2014 2503 Aromatites

1214 2526 1242 2570 et
1255 2521 1317 2584 ipsa
1328 2520 1355 2569 in
1369 2517 1472 2569 Arabia
1488 2518 1609 2569 traditur
1623 2520 1709 2587 gigni,
1731 2520 1779 2571 sed
1797 2525 1826 2573 et
1841 2519 1870 2570 in
1886 2525 2014 2588 Aegypto

1214 2589 1288 2640 circa
1298 2586 1396 2654 Pyras,
1407 2587 1509 2654 ubique
1519 2588 1654 2655 lapidosa,
1679 2595 1708 2639 et
1719 2587 1849 2658 myrrhae
1860 2589 1965 2642 coloris
1988 2598 2015 2642 et

1214 2658 1318 2716 odoris,
1330 2655 1365 2707 ob
1379 2656 1431 2708 hoe
1443 2658 1546 2724 reginis
1559 2657 1746 2726 frequentata.
1783 2659 1915 2712 Asbestos
1926 2659 1954 2711 in
1964 2662 2012 2711 Ar·

1214 2727 1310 2779 cadiae
1321 2727 1462 2778 montibus
1473 2729 1606 2790 nascitur,
1626 2729 1731 2780 coloris
1741 2728 1836 2781 ferrei.
1871 2730 2014 2796 Aspilaten

1214 2797 1392 2848 Democritus
1409 2798 1436 2847 in
1458 2798 1561 2848 Arabia
1581 2800 1657 2864 gigni
1678 2797 1783 2860 tradit,
1805 2799 1881 2867 ignei
1901 2799 2009 2851 coloris.

1215 2868 1282 2918 liam
1295 2874 1426 2932 oportere
1442 2868 1539 2918 cameli
1552 2867 1609 2933 pilo
1620 2868 1752 2933 splenicis
1763 2868 1891 2936 alligari:
1910 2868 2013 2920 inteni-

1213 2938 1293 3004 rique
1304 2937 1333 2986 in
1345 2935 1411 2987 nido
1427 2937 1607 2988 Arabicarum
1625 2938 1735 2990 alitum.
1772 2940 1809 2990 Et
1819 2937 1905 2989 aliam
1917 2937 2012 2990 eodem

1213 3008 1323 3059 nomine
1332 3005 1372 3056 ibi
1384 3008 1411 3056 in
1422 3005 1598 3071 Leucopetra
1609 3010 1685 3059 nasci
1697 3008 1827 3075 argentei
1837 3006 1946 3068 coloris,
1969 3021 2012 3057 ra·

1215 3077 1349 3137 dientem,
1366 3080 1463 3126 eontra
1474 3073 1647 3142 lymphatum
1658 3074 1823 3128 habendam.
1859 3077 1973 3128 Atiaoen
1983 3077 2013 3128 in

1213 3146 1292 3199 india
1302 3151 1331 3197 et
1341 3147 1367 3195 in
1380 3144 1492 3197 Perside
1502 3159 1535 3196 ac
1544 3144 1593 3196 lda
1602 3152 1698 3197 niente
1708 3147 1786 3198 nasci
1797 3144 1901 3209 tradit,
1918 3160 2016 3213 argen-

1213 3225 1262 3269 teo
1274 3216 1367 3267 nitore
1379 3214 1541 3282 fulgentem,
1557 3216 1750 3282 magnitudine
1762 3216 2014 3285 triumdigitorum,

1213 3286 1249 3338 ad
1260 3284 1409 3337 lenticulae
1430 3285 1556 3353 figuram,
1576 3284 1671 3337 odoris
1687 3286 1809 3350 iucundi,
1830 3288 2013 3340 necessariam

1214 3357 1307 3423 Magis
1321 3369 1413 3423 regem
1436 3355 1678 3407 constituentibus.
1714 3356 1830 3426 Angites
1850 3356 2015 3410 multisalia

1215 3428 1321 3477 ridetur
1342 3440 1411 3486 esse,
1433 3440 1513 3492 quani
1535 3439 1605 3491 quae
1628 3425 1736 3479 callais.
1772 3426 1938 3493 Amphitane
1957 3427 2013 3477 alia

1215 3496 1326 3547 rnoniine
1338 3493 1496 3561 appellatur
1507 3492 1694 3563 chrysocolla,
1716 3498 1743 3547 in
1756 3496 1850 3547 indiae
1861 3504 1950 3563 parte,
1969 3494 2015 3547 ubi

1214 3565 1347 3617 formicae
1358 3574 1460 3615 eruunt
1470 3580 1577 3626 aurum,
1597 3566 1627 3616 in
1640 3582 1695 3632 qua
1705 3565 1846 3617 inuenitur
1857 3580 1927 3617 auro
1937 3566 2013 3616 slmi-

1213 3636 1249 3687 lis
1260 3635 1397 3701 quadrata
1410 3633 1515 3703 ligura:
1533 3633 1741 3702 affirmaturque
1751 3644 1851 3687 natura
1862 3636 1933 3698 eius,
1944 3648 2015 3702 quae

1214 3703 1367 3772 magnetis:
1379 3704 1432 3754 nisi
1443 3703 1515 3771 quod
1528 3703 1640 3756 trahere
1653 3719 1761 3772 quoque
1770 3719 1868 3756 aurum
1880 3704 2014 3754 traditur.

1212 3773 1410 3841 Aphrodisiaca
1421 3788 1454 3824 ex
1468 3774 1587 3825 candida
1605 3775 1666 3827 rufa
1686 3784 1736 3827 est.
1772 3776 1908 3840 Apsyrtos
1918 3784 2014 3839 septe·

1213 3841 1367 3894 nisdichus
1388 3843 1510 3894 calorem
1532 3853 1608 3896 tenet
1621 3844 1775 3897 excalfacta
1794 3842 1862 3908 igni,
1882 3840 1968 3907 nigra
1980 3857 2015 3894 ac

1214 3913 1382 3980 ponderosa,
1403 3911 1636 3980 distinguentibus
1657 3927 1716 3965 eam
1738 3912 1814 3962 venis
1835 3910 2014 3962 rubentibus.

1214 3982 1318 4033 Putant
1340 3981 1473 4047 prodesse
1494 3990 1593 4035 contra
1605 3984 1717 4051 frigora.
1753 3979 2012 4049 Aegyptillamlac·

1214 4052 1280 4103 chus
1302 4049 1457 4120 intelligit,
1478 4067 1528 4117 per
1548 4054 1639 4104 alnum
1660 4052 1762 4113 sarda,
1780 4052 1916 4119 nigraque
1936 4049 2013 4102 renis

1212 4120 1442 4243 pronepuntibus:
1463 4122 1562 4190 vulgus
1572 4129 1664 4175 autem
1676 4123 1705 4174 in
1718 4121 1798 4189 nigra
1816 4120 1910 4172 radice
1921 4133 2014 4172 caeru·

1224 4206 1285 4243 eam
1308 4191 1374 4242 scit.

1247 4258 1306 4312 LV.
1325 4259 1471 4312 Balanitae
1483 4258 1539 4310 duo
1549 4274 1653 4327 genera
1663 4259 1775 4322 habent,
1796 4257 1964 4321 subvirides,
1986 4264 2014 4309 et

1212 4329 1350 4382 Corinthii
1372 4329 1445 4380 aeris
1465 4329 1661 4381 similitudine.
1697 4330 1751 4383 llla
1771 4332 1870 4395 Copto,
1890 4327 1958 4379 haec
1980 4341 2012 4377 ex

1212 4398 1549 4465 Troglodyticareniens,
1557 4401 1664 4451 medias
1675 4407 1788 4451 secante
1799 4400 1925 4451 flammea
1935 4410 2012 4448 vena

1213 4470 1315 4534 Coptos
1328 4474 1356 4520 et
1367 4467 1545 4520 Batrachitas
1556 4470 1665 4520 mittit:
1696 4484 1779 4520 unam
1797 4482 1879 4519 ranae
1895 4465 2014 4518 similem

1212 4538 1324 4591 colore:
1346 4537 1464 4588 alteram
1488 4537 1586 4590 ebeni:
1608 4538 1720 4591 tertiam
1743 4538 1869 4589 rubentis
1889 4552 1904 4588 s
1923 4536 2012 4597 nigra.

1210 4606 1325 4673 Baptes,
1334 4606 1428 4657 mollis
1438 4607 1552 4674 alioqui,
1563 4608 1650 4660 odore
1662 4607 1810 4659 excellens.
1847 4606 1909 4658 Beli
1918 4604 2014 4656 oculus

357 4669 471 4737 pienum
494 4676 580 4738 pestis
602 4676 799 4745 exstinguitur.
835 4676 873 4727 Et
893 4674 1013 4726 inludia
1030 4677 1161 4728 inventae
1212 4676 1337 4728 albicans
1348 4675 1481 4742 pupillam
1493 4678 1708 4744 cingitnigram,
1732 4676 1948 4727 emedioaureo
1959 4672 2012 4724 ful·

357 4745 456 4790 contra
467 4741 563 4794 eadem
575 4746 691 4811 pollent,
699 4752 728 4799 et
738 4745 802 4797 aliis
812 4746 919 4815 magnis
932 4745 1079 4798 miraculis.
1092 4745 1162 4797 lled·
1212 4761 1281 4814 gore
1292 4744 1439 4798 lucentem.
1474 4746 1555 4797 llaec
1566 4753 1681 4813 propter
1692 4746 1812 4811 speciem
1825 4744 2013 4794 samatissimo

356 4807 1161 4881 dunteaimspeciesfluminum,nemorum,etiumentorum,
1213 4818 1392 4883 Assyriorum
1404 4816 1456 4867 deo
1466 4813 1582 4868 dicatur.
1611 4814 1701 4866 Aliam
1715 4821 1808 4863 autem
1820 4827 1902 4877 quam
1916 4813 2014 4865 Belum

356 4877 443 4930 ellam
459 4879 569 4942 weda,
590 4894 618 4937 et
629 4888 771 4951 staticula,
791 4893 822 4938 et
837 4899 970 4955 equorum
988 4891 1161 4936 ornamenta.
1211 4891 1321 4944 nocant,
1342 4884 1371 4934 in
1392 4884 1503 4936 Arbelis
1515 4887 1601 4939 nasci.
1621 4881 1799 4935 Democritus
1820 4882 1917 4945 tradit,
1938 4880 2014 4932 nucia

356 4945 461 4998 Medici
483 4947 620 5004 coticulas
648 4954 715 5008 inde
736 4956 852 5009 faciunt.
906 4953 1055 5022 spectasse
1076 4954 1160 5005 etiam
1213 4952 1351 5022 iuglandis
1366 4953 1568 5020 magnitudine,
1590 4953 1682 5004 vitrea
1698 4950 1800 5017 specie.
1828 4950 2014 5017 Baroptenus,

355 5014 580 5083 promunturia,
615 5020 697 5073 sitim
714 5039 824 5092 quoque
840 5025 939 5080 sedant
958 5022 1161 5077 inosadditae.
1212 5025 1273 5076 sive
1283 5021 1409 5089 barippe,
1424 5024 1515 5090 nigra,
1534 5022 1694 5090 sanguineis
1706 5028 1736 5074 et
1748 5019 1820 5072 albis
1831 5021 1928 5072 nodie:
1952 5020 2014 5072 aliis

356 5084 498 5155 Phrygiae
509 5086 614 5141 viridia
634 5106 688 5141 non
699 5092 810 5147 habent.
846 5095 950 5148 Thebis
960 5093 1105 5161 Aegyptiis
1120 5107 1162 5146 re·
1213 5092 1424 5154 sacradicitur,
1444 5092 1711 5158 velutportentosn.
1748 5091 1893 5158 llotryites
1909 5087 2015 5141 aliani·

357 5164 455 5220 pentae
466 5164 561 5208 carent
571 5158 735 5213 rubentibus
745 5163 821 5214 renis
834 5172 863 5217 et
873 5164 954 5217 albis.
983 5162 1163 5230 urnaque·
1212 5178 1265 5231 gra
1276 5169 1327 5225 est,
1348 5162 1403 5214 alia
1414 5163 1509 5230 pinea,
1528 5161 1674 5228 incipienti
1686 5176 1757 5214 urae
1767 5161 1875 5212 similis.
1912 5160 2014 5211 Zoraa·

356 5238 409 5290 que
431 5232 531 5278 eontra
549 5241 615 5279 seor
634 5227 712 5280 iones
724 5232 842 5283 validae.
879 5233 984 5286 lisdem
1007 5235 1161 5285 auctoritas
1211 5242 1285 5286 stres
1297 5233 1419 5285 crinibus
1429 5232 1574 5284 mulierum
1585 5231 1748 5285 similiorem
1761 5227 1959 5296 bostrychiten
1970 5240 2014 5277 ro·

357 5295 417 5346 etc
460 5296 510 5348 riis
524 5303 577 5347 est.
614 5296 748 5363 assequi
769 5302 888 5352 maxime
909 5303 1159 5369 probentritreatn
1211 5310 1266 5355 cat.
1303 5303 1443 5356 Bucsrdia
1454 5301 1557 5352 bubulo
1568 5302 1646 5354 cordi
1658 5303 1778 5361 similis,
1797 5298 1946 5367 Babylone
1956 5304 2014 5347 tan·

358 5369 587 5433 perspicuitatem
602 5367 632 5417 is
651 5364 703 5416 his.
740 5368 926 5432 Reperiuntur
944 5381 972 5425 et
988 5374 1017 5424 in
1028 5372 1160 5436 Thracia,
1210 5374 1415 5426 tumnaseitur.
1452 5373 1557 5423 Bronte
1578 5373 1749 5438 cespitibus
1761 5370 1931 5423 testudinum
1944 5364 2014 5419 toni·

355 5438 384 5483 ⁰²
394 5434 469 5487 ⁰5¹⁸?ss
479 5436 589 5496 Oetam·
600 5443 628 5487 et
639 5434 665 5486 5¹¹
679 5434 827 5495 ''fltnasstm
846 5443 875 5488 tt
887 5441 913 5488 in
927 5440 1027 5505 Lesbo,
1038 5459 1073 5496 ac
1083 5445 1159 5496 liles-
1211 5445 1302 5495 tribus
1312 5443 1401 5495 eadit:
1433 5448 1587 5509 putantque
1600 5457 1635 5493 ea
1646 5442 1782 5510 restingui
1792 5439 1888 5490 frilnrir

372 5514 431 5565 Ἢν
451 5504 835 5565 flimilttllmlfumflffllbffls
857 5507 1043 5562 etiannum.
1080 5513 1159 5565 Aliae
1210 5511 1393 5564 sicredlmus.
1428 5512 1518 5564 Boloe
1528 5510 1623 5566 nimbo
1633 5513 1819 5570 inveniuntur,
1833 5509 1864 5574 gl·

392 5572 428 5622 ud
448 5572 549 5643 Magos
571 5575 759 5631 differentiae.
793 5572 937 5627 monins·
956 5576 1023 5641 pelli
1043 5581 1159 5645 slmiles,
1209 5580 1336 5634 litudine.
