4374 6014
263 324 295 386 c.
321 323 465 386 rsrnn
488 319 695 383 sacuam
732 321 897 384 aaron
937 321 1121 385 ersros.
1161 266 1436 383 cia'xxxn.
1476 323 1569 385 cnr.
1590 325 1710 387 rs-ss.
1777 327 1836 390 sn

181 482 269 544 taque
279 473 373 528 cedria
384 473 514 540 plumbea
524 472 628 541 pyxide
650 478 833 527 asservatum.
868 474 988 542 ltapae.

182 560 231 596 ros
249 544 457 609 triangoniaarit
473 542 557 609 Salpe
574 544 720 599 obstetrix.
757 544 861 595 Eadem
875 545 918 594 ris
929 544 988 610 pul·

184 612 261 664 neorii
273 612 392 663 marino:
406 614 510 678 leporis
522 612 622 663 marini
632 613 763 679 sanguini
774 622 801 664 ct
813 612 891 664 l'clli:
909 614 953 665 rel
963 612 988 664 si

184 683 215 735 in
226 682 288 733 olco
302 680 347 733 hic
358 691 482 733 necetur.
520 682 632 743 Cancri,
653 682 855 749 scolopendrae
866 685 988 735 marinae

186 752 255 804 cinis
267 767 328 803 cunr
341 750 419 802 oleo:
437 750 527 801 urtica
538 751 646 801 marina
656 753 725 803 trita
736 767 771 804 ex
782 760 865 804 aceto
872 752 986 804 scillite:

185 820 339 888 torpedinis
350 821 493 873 cerebrum
505 835 566 871 cnm
584 822 705 891 alunrinc
718 823 792 873 illito
807 829 888 873 scita
899 821 986 874 launa.

184 890 279 943 Ranae
300 905 410 958 parrae,
431 904 513 956 quam
528 890 557 941 in
575 891 718 941 oculorum
731 892 876 943 curatione
886 891 988 944 deseri·

184 960 300 1028 palmus,
309 960 399 1012 sanies
411 958 601 1011 efficacissime
611 958 780 1026 psilothrum
791 968 842 1023 est,
858 962 881 1011 si
892 976 988 1013 reeens

184 1030 327 1085 illidatur:
348 1037 377 1080 et
388 1031 449 1095 ipsa
458 1029 584 1082 arelacta
595 1046 627 1082 ac
638 1038 711 1101 tusa,
732 1045 798 1083 mox
809 1029 924 1082 decocta
935 1029 987 1082 tri-

183 1099 237 1153 bus
250 1099 368 1151 heminis
379 1099 414 1150 ad
428 1100 585 1162 tertiamve!
597 1100 625 1152 in
636 1101 700 1153 oleo
711 1099 828 1153 decocta
839 1101 928 1153 aereis
941 1115 986 1150 ra·

119 1198 124 1203 -
184 1170 234 1220 eis.
269 1168 374 1219 Eadem
396 1182 527 1223 merrsura
547 1170 600 1222 alii
617 1186 651 1221 cx
671 1170 989 1238 quindecimraniscon·

184 1236 281 1290 ficiunt
293 1236 470 1304 psilothrum,
484 1242 557 1290 sicut
568 1241 595 1291 in
607 1239 693 1291 oculis
706 1239 835 1291 diximus.
872 1238 988 1305 Sangui·

184 1321 271 1374 angae
282 1321 391 1373 quoque
402 1313 493 1360 tostae
506 1309 534 1359 in
546 1324 613 1361 vase
624 1309 712 1370 liciili,
720 1317 747 1360 et
755 1324 789 1360 ex
801 1315 880 1361 aceto
889 1308 988 1368 illitae,

181 1375 304 1429 culidem
326 1385 426 1428 corrtra
446 1378 517 1443 pilos
538 1377 641 1432 hahent
658 1378 796 1432 effectum.
833 1378 870 1429 Et
881 1377 988 1429 suffitus

185 1446 327 1497 urentium
339 1460 386 1496 eas
398 1454 478 1497 necat
490 1447 602 1500 cimices
613 1449 746 1500 invectas.
775 1448 910 1498 Castorea
921 1461 989 1513 quo·

185 1529 240 1582 que
252 1530 313 1567 cum
325 1515 407 1568 melle
427 1531 476 1582 pro
486 1515 621 1582 psilothro
638 1518 680 1567 usi
716 1518 823 1569 iuribus
834 1516 932 1568 diebus
943 1531 987 1568 re·

184 1584 340 1704 periunqur.
376 1585 407 1636 lo
419 1585 596 1655 omnitautem
609 1587 695 1654 psilot
716 1604 747 1640 ro
759 1586 896 1641 crellendi
909 1585 985 1654 prius

184 1662 250 1706 sont
281 1653 320 1705 li.

220 1668 346 1774 xilvril.
364 1722 515 1775 infantiam
526 1726 648 1793 gingivis
658 1725 918 1792 dentitionibusque
929 1724 988 1791 plu·

184 1792 288 1845 nimum
304 1792 414 1843 conlert
429 1793 551 1860 delphini
565 1811 625 1846 cum
638 1797 720 1848 melle
731 1796 854 1848 dentium
866 1796 946 1855 cinis,
959 1800 988 1845 ei

183 1863 209 1914 si
221 1863 282 1930 ipso
296 1864 380 1915 dente
394 1865 523 1930 gingivae
534 1872 690 1932 tangantur.
727 1865 901 1933 adalligatus
913 1864 986 1914 idem

184 1946 302 2000 pavores
315 1933 477 1998 repentinos
489 1932 572 1984 tollit.
593 1933 665 1984 idem
678 1932 792 1985 effeetus
805 1944 833 1986 et
843 1932 985 1986 caniculae

184 2002 284 2053 clentis.
316 2001 441 2052 llnlcera
453 2016 528 2063 sero,
549 2018 617 2068 quae
630 2003 658 2052 in
671 2003 784 2054 auribus
795 2010 846 2056 aut
857 2003 918 2054 ulla
928 2017 987 2054 cor·

184 2072 262 2139 poris
274 2078 353 2137 parte
366 2072 440 2133 liant,
456 2085 616 2123 cancrorum
629 2072 805 2124 fluviatilium
815 2088 915 2124 succus
925 2086 986 2124 cum

185 2140 278 2191 lurion
288 2137 442 2191 hordeacea
453 2146 542 2191 sanat.
571 2138 651 2193 litati
665 2142 788 2210 reliquos
802 2145 914 2194 morbos
926 2141 987 2192 triti

184 2208 214 2261 in
235 2209 299 2260 olco
322 2209 462 2274 perunctis
482 2216 605 2275 prosunt.
642 2210 817 2278 Siriasesquc
839 2211 986 2263 infantium

185 2279 303 2346 spongia
314 2277 420 2345 frigida
430 2281 528 2330 crebre
540 2277 707 2341 humefacta,
716 2295 784 2331 rana
795 2281 905 2332 inversa
913 2280 988 2330 adol·

184 2347 276 2468 inignta
286 2346 475 2401 ellicaeissime
488 2355 578 2413 mnat,
599 2363 680 2416 quam
694 2348 800 2401 aridam
812 2348 933 2401 inveniri
944 2347 986 2399 al·

208 2425 305 2469 rorant.

221 2486 321 2538 xbix.
339 2485 445 2536 Mullus
456 2486 482 2536 in
493 2488 557 2537 rino
570 2491 694 2548 necatus,
709 2485 754 2537 rel
764 2487 847 2553 piscis
858 2485 987 2548 rubellio,

184 2556 230 2607 rel
242 2554 382 2622 anguillae
394 2555 474 2615 duae,
490 2556 557 2606 item
570 2570 622 2605 ura
633 2555 778 2607 marineio
790 2557 856 2606 rino
866 2554 988 2624 putrefa-

186 2632 242 2684 cto,
255 2624 290 2672 iia
301 2624 347 2688 qui
360 2622 424 2672 inde
435 2623 567 2682 bibcrini,
579 2624 703 2674 taedium
715 2625 770 2675 vini
783 2624 875 2675 alieri.

222 2691 254 2742 1..
268 2691 403 2743 Venerem
415 2690 520 2743 inhibet
531 2691 666 2756 echeneis,
672 2700 701 2745 et
711 2692 900 2763 hippopotami
912 2692 988 2746 iron-

185 2760 225 2811 tis
236 2774 252 2812 e
263 2760 377 2811 sinistra
387 2770 465 2827 parte
479 2761 560 2828 pellis
571 2762 599 2813 in
611 2765 714 2829 agnina
725 2764 893 2830 adalligata,
915 2764 986 2816 ielre

158 2885 162 2894 ‚
186 2829 344 2896 torpedinis
355 2830 436 2881 sirac
447 2830 616 2897 genitalibus
634 2833 745 2884 illitum.
782 2834 931 2885 moereant
943 2850 987 2884 eo·

184 2898 328 2951 chleamm
349 2896 525 2952 lluriatilium
548 2903 716 2954 carnessale
731 2911 898 2965 asservatae,
918 2904 985 2956 etin

183 2974 255 3038 pota
265 2984 299 3020 ex
311 2969 376 3020 rino
388 2968 484 3021 datae:
496 2970 618 3037 erythini
630 2976 657 3023 in
670 2974 733 3023 cibo
745 2974 843 3023 sumti:
856 2974 934 3025 iecur
943 2988 986 3024 ra·

183 3054 238 3091 nae
248 3038 370 3106 diopetis
390 3041 436 3092 rel
452 3038 600 3092 calamitae
612 3042 639 3091 in
653 3042 787 3108 pellicula
799 3044 877 3109 gruis
888 3042 987 3109 alliga·

182 3116 255 3171 tum,
267 3111 310 3162 sci
321 3110 387 3163 dens
400 3109 537 3162 crocodili
549 3111 712 3172 maxillaris,
723 3127 847 3162 arinexus
860 3110 984 3172 brachio,

182 3180 228 3230 sel
249 3177 459 3246 hippocampus,
477 3179 521 3231 rel
542 3181 620 3231 nerri
640 3182 865 3233 rubetaedextro
878 3179 985 3232 lacerto

183 3247 340 3316 adalligati.
377 3253 504 3301 Amorem
526 3250 635 3300 linitio
656 3251 766 3318 pecoris
787 3253 890 3302 recenti
907 3251 985 3303 corio

182 3317 423 3383 robetaullignio.
721 3318 725 3323 '

223 3385 268 3438 iil.
289 3387 428 3453 Equorum
447 3389 566 3440 scabiem
578 3402 663 3441 ranae
675 3389 807 3441 decoctae
819 3390 844 3440 in
858 3403 930 3458 aqua
940 3404 986 3442 ex·

182 3462 313 3515 minuant,
324 3454 413 3508 donec
424 3456 522 3508 illiniri
534 3458 631 3524 possit.
659 3460 743 3510 diunt
756 3461 795 3510 ita
807 3469 919 3512 curatos
931 3475 986 3511 non

181 3526 277 3590 repeti
288 3532 395 3591 postea.
432 3525 514 3593 Salpe
526 3538 609 3596 negat
618 3543 700 3581 mnes
710 3529 825 3593 latrare,
848 3530 947 3597 qemun
958 3534 985 3582 in

182 3594 243 3645 ntia
254 3609 321 3645 rnna
333 3596 395 3647 cira
406 3596 472 3648 data
482 3600 527 3646 sii.

220 3663 280 3714 Lll.
300 3664 376 3717 lntcr
396 3666 534 3732 aquatilia
555 3664 610 3717 dici
627 3665 710 3718 debet
730 3676 760 3720 et
783 3667 986 3735 calamochnus,

120 3786 123 3799 ,
181 3732 287 3785 Latine
306 3734 407 3785 adarca
423 3735 572 3801 appellata.
608 3735 739 3788 Nascitur
749 3735 985 3788 cireaarundines

181 3808 284 3854 tenues
297 3819 421 3871 capuma
432 3819 520 3871 aquae
532 3804 622 3855 duleis
633 3822 665 3856 nc
677 3805 816 3866 niarinae,
836 3806 882 3856 ubl
896 3820 925 3857 se
938 3807 986 3857 mi·

182 3878 272 3923 sceui.
284 3871 436 3925 Vimhabct
443 3876 608 3926 causticam:
621 3873 787 3942 ideoacopis
797 3874 911 3926 additur
919 3890 984 3925 con·

182 3946 231 3991 tra
241 3941 451 4061 perfl'rictionum
463 3944 540 3996 vitia.
577 3944 666 3996 Tollit
677 3951 706 3995 st
718 3944 864 3995 mulierum
876 3943 985 4013 lentigi-

181 4025 275 4063 ncsrn
300 4026 370 4062 aere.

220 4081 258 4131 ist
268 4079 369 4147 calami
379 4079 461 4128 simul
471 4078 523 4130 dici
535 4079 650 4130 debent:
673 4077 839 4148 Phragmitis
851 4079 931 4132 radix
943 4096 985 4134 re·

181 4164 252 4202 cena
273 4154 339 4199 tusa
357 4146 461 4197 luxatis
476 4146 610 4208 medetur,
631 4152 659 4199 et
680 4151 775 4213 spinae
795 4150 940 4202 doloribus
952 4166 986 4203 cx

181 4224 266 4269 aceto
278 4216 362 4266 illita.
391 4214 488 4281 Cyprii
499 4229 573 4275 cero,
586 4216 672 4282 quiet
685 4217 775 4267 donax
788 4226 912 4280 roratur,
924 4234 986 4271 eor·

179 4292 233 4340 tex
244 4284 379 4352 alopeciis
389 4284 515 4335 medetur
524 4292 613 4345 ustus,
632 4291 661 4335 et
672 4283 829 4337 hulceribus
839 4287 986 4338 veteratis:

178 4356 255 4409 folin
266 4352 446 4407 extrahendis
458 4367 528 4420 quae
540 4353 624 4403 iniixa
633 4355 689 4404 sint
699 4355 820 4422 corpori,
831 4361 860 4406 et
870 4357 927 4420 igni
941 4369 986 4407 sa·

178 4440 242 4480 cro.
280 4422 429 4474 Peniculus
439 4420 490 4472 ilos
501 4423 527 4473 si
535 4437 617 4475 aures
628 4423 752 4484 intrarit,
764 4423 907 4477 exsurdat.

220 4493 320 4560 Sepias
332 4498 488 4543 atramento
500 4499 578 4543 tanta
588 4491 630 4543 ris
641 4503 692 4553 est,
704 4501 734 4542 ut
746 4494 772 4544 in
786 4492 898 4545 lucerna
910 4493 985 4545 addi·

178 4571 214 4617 to
225 4562 379 4628 Aethiopas
392 4561 488 4623 rideri,
499 4560 593 4612 ablato
607 4562 699 4629 priore
711 4561 824 4625 lunsine,
836 4563 986 4615 Anaxilaus

178 4633 288 4685 tradat.
309 4632 418 4684 Ruheta
428 4640 543 4682 excocta
553 4646 635 4698 aqua,
647 4634 725 4699 potui
737 4632 812 4695 data,
823 4649 903 4683 soum
916 4650 986 4685 nnn·

178 4702 228 4755 bis
238 4702 381 4754 medetur:
393 4700 435 4752 rel
448 4701 580 4768 cuiusque
590 4716 676 4754 ranae
686 4701 764 4753 cinis.
786 4701 920 4754 Pulmone
930 4719 986 4755 ma·

179 4770 461 4823 rinoslconiricetnr
482 4771 596 4838 lignum,
616 4772 713 4825 ardere
733 4770 851 4835 ridetur,
873 4772 987 4825 adeout

179 4840 313 4893 baculum
326 4844 368 4893 ita
378 4840 548 4908 praeluceat.

219 4909 292 4961 biii.
310 4910 429 4964 Peracta
437 4910 602 4979 aquatilium
615 4907 691 4972 dete,
712 4924 766 4961 non
778 4908 899 4963 alienam
910 4911 988 4964 ride·

178 4986 232 5032 tur
251 4979 374 5034 indicare
394 4996 444 5048 per
458 4989 501 5032 tot
514 4979 611 5042 marla,
632 4986 689 5032 tam
701 4986 789 5043 rasta,
810 4986 839 5032 et
850 4987 894 5032 tot
906 4981 986 5034 milli·

177 5050 236 5103 bus
249 5064 379 5118 passuum
390 5049 986 5117 terraeiniusaextraquecircnmdatamen·

180 5135 253 5174 sura
261 5135 350 5188 paene
360 5120 444 5186 ipsius
456 5120 559 5181 mundi,
567 5135 638 5187 qnae
648 5118 844 5188 intelligantur
854 5121 986 5173 animalia

71 5230 79 5241 .
131 5240 147 5255 „
179 5197 295 5245 matum
316 5190 493 5257 septuaginta
505 5198 625 5259 quatuor
643 5190 755 5243 omnino
770 5205 901 5260 generum
914 5207 986 5253 esse,

179 5275 273 5328 eaque
286 5259 644 5345 ¹nominatimtcomplecti:
665 5260 740 5328 quod
760 5262 788 5313 in
805 5260 985 5343 terrestribus

174 5327 986 5472 leli?liittliltlliititt..litiiiiittlllt:

240 5470 250 5473 ”
298 5464 310 5474 ’
330 5478 370 5506 *aa
392 5470 442 5515 aut
460 5465 597 5529 volucres,
619 5483 680 5520 curn
701 5469 843 5521 hominum
862 5468 984 5533 ipsorum

390 5547 429 5584 *se
445 5534 501 5585 sint
512 5533 702 5602 differentiae,
720 5554 789 5607 quas
799 5538 922 5590 invenire
934 5553 984 5619 po·

414 5598 456 5656 ist
476 5602 521 5657 his
535 5606 710 5673 Taprobane,
730 5608 893 5675 insulaeque
907 5606 984 5661 abac

1041 476 1142 539 Oceani
1159 475 1284 543 fabulose
1299 479 1437 528 camiac.
1475 473 1605 527 Profecto
1623 479 1769 532 conveniet
1784 493 1841 533 non

1042 561 1121 614 [mese
1133 546 1225 596 onmia
1244 560 1348 612 genera
1366 547 1394 595 in
1405 546 1669 612 contemplationem
1681 549 1841 602 universam

1040 616 1146 667 recoli.
1182 617 1215 665 rit
1226 612 1353 667 hercules
1365 615 1393 663 in
1405 620 1484 665 tanto
1499 616 1569 665 nturi
1580 616 1691 668 Oceano
1704 631 1840 683 quaecun·

1041 693 1271 752 quenascuntur,
1293 690 1454 743 certasnat,
1474 686 1650 750 potioraque,
1670 687 1742 752 qnod
1755 688 1841 740 mirc-

1041 769 1111 815 arur,
1128 768 1197 819 quac
1208 751 1346 819 profundo
1357 759 1457 803 natura
1468 753 1574 805 mersit.
1610 754 1646 805 Ut
1656 769 1674 805 a
1684 757 1786 807 belluis
1797 771 1841 807 or·

1041 823 1161 883 diamur,
1173 824 1294 882 arbores,
1305 822 1477 889 physeteraa,
1487 822 1613 884 balenae,
1625 827 1735 890 pristes,
1745 826 1841 876 Trito·

1042 909 1097 955 nes,
1110 890 1254 953 Nereides,
1264 890 1415 958 elephanti,
1432 889 1558 943 homines
1569 894 1614 959 qui
1627 893 1725 943 niarini
1739 908 1839 945 rucan-

1041 969 1096 1024 tar,
1104 960 1195 1022 'rotam
1207 976 1296 1022 orcae,
1309 961 1413 1012 arietes
1424 960 1551 1021 musculi,
1562 960 1649 1011 etalii
1660 962 1773 1027 piscium
1784 962 1841 1013 lor·

1044 1047 1089 1083 mn
1099 1032 1211 1091 arietes,
1222 1028 1539 1096 ‹lelpliini,celebresque
1550 1030 1673 1081 llonmro
1683 1030 1775 1081 vituli.
1786 1030 1841 1082 Lu·

1040 1103 1138 1153 xuriae
1155 1115 1220 1151 rere
1241 1098 1412 1160 testudines,
1431 1106 1460 1148 et
1471 1099 1585 1150 medicis
1601 1099 1677 1161 iibri,
1697 1113 1842 1166 quorunre

1041 1185 1143 1236 genere
1155 1169 1244 1221 lutrae
1254 1184 1391 1236 nusquam
1408 1169 1477 1219 mari
1488 1169 1645 1234 accepimus
1656 1171 1759 1237 mergi,
1779 1176 1842 1219 tan.

1041 1247 1099 1291 tum
1112 1239 1218 1290 niadna
1227 1238 1360 1290 dicentes.
1374 1239 1431 1290 iam
1442 1238 1596 1299 caniculae,
1608 1238 1765 1300 dromones,
1776 1252 1838 1290 eor·

1041 1317 1135 1370 outae,
1157 1309 1253 1377 gladii,
1274 1323 1383 1360 serrae:
1406 1322 1618 1374 communesque
1630 1309 1717 1371 niari,
1737 1315 1841 1373 terrae,

1041 1379 1126 1439 amni,
1146 1376 1348 1445 hippopotami,
1367 1376 1518 1428 crocodili:
1538 1384 1567 1429 et
1591 1378 1666 1428 amisi
1680 1385 1789 1430 tantum
1808 1392 1842 1429 ao

1040 1449 1120 1509 mari,
1132 1446 1240 1515 thynni,
1252 1440 1508 1525 thynnideqsiluri,
1520 1447 1767 1513 coracini,.percae.
1788 1447 1842 1499 Pe·

1040 1519 1159 1569 culiares
1181 1523 1273 1569 autern
1294 1516 1394 1579 maris,
1414 1517 1573 1582 acipenser,
1591 1524 1699 1580 aurata,
1725 1515 1840 1578 asellus,

1040 1586 1169 1648 acharan,
1189 1585 1291 1654 aphya,
1308 1584 1459 1652 alopecias,
1476 1586 1609 1653 anguilla,
1620 1601 1753 1638 araneus:
1773 1587 1840 1647 box,
1931 1604 1936 1617 ·

1040 1658 1122 1720 batis,
1133 1655 1263 1719 bacchus,
1274 1654 1549 1718 batrachus,bel0ne,
1557 1670 1625 1721 quos
1637 1655 1782 1706 aculeatos
1792 1668 1841 1705 ro·

1040 1741 1143 1788 morus,
1163 1726 1291 1776 balanus:
1313 1740 1421 1786 corvus,
1443 1724 1565 1776 citharas
1577 1741 1593 1776 e
1604 1723 1783 1776 rhomborum
1794 1738 1841 1792 ge·

1040 1796 1267 1862 nerepessimus:
1289 1792 1402 1856 chalcis,
1423 1794 1517 1856 cobio,
1539 1793 1669 1847 callariae
1687 1793 1840 1845 asellorum

1060 1869 1160 1925 eneris,
1182 1866 1210 1915 ni
1222 1863 1313 1915 minor
1325 1870 1412 1916 esset:
1435 1864 1523 1917 colias
1534 1863 1592 1914 sire
1607 1862 1760 1925 Parianus,
1779 1863 1841 1913 sire

1040 1880 1188 1987 dexitanus
1201 1948 1217 1984 a
1229 1935 1320 2001 patria
1332 1933 1460 1996 Baetica,
1482 1934 1649 1985 lacertorum
1661 1931 1782 1983 niininri:
1804 1931 1841 1983 ab

1040 2002 1229 2056 iisllloeotici:
1251 2004 1371 2070 cybium,
1392 2003 1434 2054 ita
1454 2009 1571 2055 vocatur
1593 2004 1703 2053 concisa
1715 1999 1842 2067 pelamis,

1040 2089 1110 2141 quae
1133 2077 1196 2140 post
1213 2071 1265 2123 xi.
1284 2072 1343 2123 dies
1358 2087 1376 2122 a
1390 2071 1481 2123 Ponto
1502 2072 1529 2121 in
1541 2070 1667 2122 Mocotin
1677 2069 1839 2121 revertiturt

1040 2143 1176 2210 cordyla,
1197 2147 1225 2193 ei
1236 2140 1304 2194 haec
1315 2140 1431 2208 pelamis
1444 2139 1559 2208 pusilla,
1580 2155 1640 2190 cnm
1653 2140 1681 2189 in
1693 2137 1811 2190 Pontum
1823 2151 1841 2191 a

1039 2210 1186 2263 Moeotide
1198 2213 1266 2273 exit,
1277 2209 1330 2262 hoc
1342 2225 1441 2262 nomen
1454 2208 1550 2260 habet:
1569 2206 1730 2269 cantharus,
1742 2207 1840 2259 callio·

1041 2296 1150 2348 aymus,
1162 2280 1222 2332 sire
1233 2295 1432 2346 uranoscopus,
1444 2277 1552 2330 cinaedi
1562 2278 1615 2330 soli
1630 2277 1743 2345 piscium
1757 2277 1840 2330 lutei:

1040 2350 1127 2413 cnido,
1138 2364 1219 2416 quam
1232 2365 1281 2400 nos
1292 2349 1409 2400 urticam
1421 2362 1566 2400 vocamus:
1585 2362 1748 2399 cancrorum
1759 2360 1843 2417 gene·

1039 2433 1079 2479 ra,
1091 2417 1205 2469 chamae
1214 2420 1340 2481 strictae,
1354 2418 1468 2468 chamae
1480 2418 1587 2469 laeves:
1610 2417 1724 2468 chamae
1736 2416 1840 2481 pelori·

1040 2486 1099 2549 des,
1111 2488 1219 2554 generis
1231 2487 1368 2539 varietate
1380 2486 1515 2537 distantes
1528 2492 1556 2538 et
1567 2486 1753 2537 rotunditate:
1775 2483 1839 2536 cha-

1040 2571 1101 2608 mae
1111 2555 1333 2622 glycymeridcs,
1353 2562 1497 2620 quaesunt
1513 2555 1634 2604 maiores
1646 2567 1727 2620 quum
1739 2553 1842 2620 pelori·

1039 2626 1102 2679 des:
1123 2622 1244 2676 coluthia
1254 2625 1312 2675 sire
1324 2622 1468 2690 corythia:
1488 2622 1657 2674 concharum
1670 2637 1783 2689 genera,
1801 2622 1841 2672 in·

1039 2705 1082 2748 ter
1093 2710 1163 2761 quae
1174 2701 1202 2746 et
1213 2693 1451 2760 margaritiferae:
1474 2691 1614 2751 cochleae,
1633 2704 1748 2758 quarum
1759 2704 1842 2758 gene·

1040 2766 1079 2817 ris
1091 2763 1292 2832 pentndactyli,
1305 2760 1518 2821 meliccmbales,
1530 2758 1734 2826 echinophorae
1747 2760 1842 2810 dicon·

1040 2842 1086 2886 tor
1108 2834 1207 2900 quibus
1227 2838 1353 2884 cantani:
1375 2837 1456 2883 extra
1476 2828 1545 2882 haec
1564 2836 1630 2880 sunt
1651 2827 1790 2881 rotundae
1813 2829 1842 2880 in

1040 2903 1147 2955 oleario
1159 2917 1210 2953 usu
1222 2900 1366 2954 cochleae:
1379 2900 1512 2960 cucumis,
1524 2899 1702 2966 cynnsdexia.
1730 2897 1838 2949 Draco:

1040 2972 1150 3041 quidam
1173 2970 1248 3023 aliud
1266 2972 1364 3022 volunt
1379 2985 1441 3021 esse
1457 2967 1668 3019 dracunculum:
1690 2972 1839 3020 extantem

1059 3041 1195 3095 erriculae
1205 3042 1318 3092 similla:
1330 3040 1441 3090 aculeos
1453 3038 1482 3088 iu
1494 3036 1633 3088 branchiis
1645 3036 1728 3089 habet
1735 3036 1770 3089 ad
1777 3053 1841 3089 can-

1039 3060 1102 3163 dam
1114 3116 1283 3178 spectantes,
1294 3110 1335 3159 slc
1343 3114 1375 3159 ut
1385 3107 1495 3175 scorpio
1507 3106 1604 3169 laedit,
1615 3107 1680 3158 dum
1692 3120 1773 3158 manu
1786 3106 1841 3158 tol·

1040 3181 1115 3231 litur.
1151 3179 1316 3246 Erythinus,
1327 3176 1465 3238 echeneis,
1476 3175 1599 3237 echinus,
1610 3174 1750 3243 elephanti
1764 3176 1841 3228 locu·

1038 3256 1144 3303 siarum
1165 3250 1276 3318 generis
1298 3248 1383 3316 nigri,
1404 3246 1521 3313 pedibus
1540 3248 1690 3314 quaternis,
1711 3245 1839 3299 bisulcis:

1039 3329 1186 3387 praeterea
1207 3315 1322 3370 brachia
1343 3315 1398 3367 duo
1418 3315 1491 3366 binis
1509 3316 1644 3377 articulis,
1664 3316 1708 3367 sin
1732 3316 1841 3383 nlisquc

1039 3391 1182 3443 forhcibus
1195 3386 1383 3440 denticulatis.
1411 3385 1502 3437 Faber
1513 3385 1570 3435 sire
1580 3400 1655 3436 zeus.
1688 3331 1841 3447 Glaucisel,

1039 3461 1140 3530 glanis,
1156 3471 1273 3526 genger,
1289 3471 1394 3524 gerres,
1405 3455 1510 3523 galeos,
1540 3469 1613 3505 arus.
1649 3453 1769 3521 llippus,
1781 3451 1842 3520 hip-

1059 3545 1133 3590 uros,
1154 3526 1282 3586 hirundo,
1302 3524 1499 3591 halipleumon,
1520 3470 1729 3643 hippocampos,
1746 3523 1841 3589 hepar,

1040 3547 1225 3651 llelacatenes.
1261 3594 1332 3647 Sunt
1345 3596 1511 3646 lacertorum
1533 3606 1649 3659 genera:
1682 3592 1840 3659 oligoroli·

1039 3676 1110 3729 tans,
1122 3668 1255 3727 locustae,
1264 3665 1403 3724 lucernae,
1414 3663 1521 3730 liparis,
1538 3666 1671 3729 iamyrus,
1682 3661 1769 3729 lepus,
1780 3662 1839 3714 leo·

1038 3753 1097 3798 nes,
1121 3751 1237 3803 quorum
1259 3733 1375 3786 brachia
1393 3733 1500 3784 cancris
1518 3730 1622 3783 similia
1637 3738 1711 3792 sunt,
1731 3732 1841 3798 reliqua

1038 3822 1102 3875 pars
1115 3808 1249 3859 locustae.
1288 3802 1408 3864 Mullus,
1429 3801 1537 3853 merula
1553 3802 1626 3853 inter
1637 3800 1771 3853 saxatiles
1781 3800 1840 3851 lau·

1038 3878 1113 3939 slata,
1131 3874 1228 3944 mugil,
1249 3873 1419 3933 nielenurus,
1440 3886 1546 3934 moena,
1566 3885 1675 3938 meryx,
1696 3884 1840 3930 muraena,

1039 3962 1109 4014 mys,
1127 3945 1250 4007 mitulus,
1266 3944 1399 4011 myiscas,
1414 3956 1520 3994 murex.
1558 3940 1685 4000 Oculatis,
1696 3936 1840 4004 ophidion,

1038 4025 1142 4076 ostrea,
1164 4015 1233 4066 otia:
1256 4027 1392 4079 orcynus:
1415 4009 1461 4063 inc
1478 4018 1519 4063 est
1537 4008 1704 4078 pelamidum
1725 4007 1837 4073 generis

1039 4086 1184 4144 maximus,
1194 4098 1283 4149 neque
1293 4082 1366 4133 redit
1378 4082 1405 4131 in
1418 4079 1554 4139 Maeotin,
1565 4077 1666 4129 similis
1678 4077 1785 4135 tritoni,
1795 4091 1840 4125 rc·

1038 4158 1144 4204 tustate
1155 4153 1267 4202 melior:
1280 4152 1366 4211 erbis,
1376 4146 1607 4215 orthragnriscns.
1643 4144 1759 4208 l’lrnger,
1771 4141 1841 4210 phy·

1040 4225 1079 4273 cis
1089 4220 1263 4271 saxatilium:
1274 4219 1404 4284 pelamis:
1416 4230 1511 4267 earum
1524 4215 1633 4283 generis
1646 4214 1840 4278 maximaapo·

1039 4291 1127 4343 lectos
1139 4295 1264 4349 vocatur,
1275 4287 1371 4338 durior
1383 4284 1501 4337 tritone:
1523 4283 1653 4351 phorcus,
1672 4278 1839 4347 phthitarus,

1039 4374 1143 4427 passer,
1154 4358 1312 4425 pastinaca:
1335 4353 1502 4424 polyporum
1513 4367 1628 4420 genera:
1648 4353 1772 4416 pectines
1785 4367 1841 4405 ma·

1038 4429 1105 4480 ximi
1127 4434 1155 4479 et
1175 4426 1317 4495 nigerrimi
1340 4430 1457 4485 aestate,
1479 4421 1662 4474 laudatissimi
1683 4418 1840 4488 Mitylenis,

1038 4495 1211 4566 Tyndaride,
1232 4494 1352 4558 Salonis,
1369 4493 1464 4555 sitini,
1479 4492 1560 4554 Antii,
1581 4492 1608 4542 in
1621 4489 1712 4540 irisula
1723 4490 1840 4542 Alexan·

1039 4566 1116 4619 drlae
1134 4568 1162 4619 in
1178 4568 1320 4633 Aegypto:
1345 4563 1517 4645 pectunculi,
1536 4574 1683 4629 purpurae,
1705 4559 1840 4627 percides‚

1038 4631 1840 4771 itltiiit‘tiit,,ilitiolithiilitlifttilt

1039 4775 1131 4837 scilla,
1142 4775 1237 4828 sarda:
1261 4776 1301 4826 ita
1310 4781 1427 4824 roratur
1439 4770 1554 4839 pelamis
1566 4768 1660 4836 longa,
1680 4782 1714 4819 ex
1727 4770 1839 4822 Oceano

1039 4847 1164 4898 renieos:
1176 4845 1311 4907 scomher,
1320 4843 1408 4909 salpn,
1420 4856 1527 4909 sparus,
1544 4852 1705 4905 scorpaena,
1717 4840 1839 4906 scorpio,

1039 4913 1175 4976 scindens,
1187 4915 1308 4975 sciaena,
1319 4910 1514 4979 scolopendra,
1521 4908 1838 4977 smyrus,sepia,strom·

1039 4987 1099 5047 hus,
1119 4985 1207 5047 solen,
1229 4983 1386 5043 sireaulos,
1407 4983 1467 5032 sire
1481 4981 1582 5041 donax,
1605 4981 1664 5032 sire
1676 4993 1762 5047 onyx,
1782 4977 1839 5037 sire

1039 5055 1184 5122 dactylus:
1196 5051 1358 5119 spondylus,
1370 5050 1515 5112 smarides,
1526 5050 1618 5113 stella,
1629 5048 1755 5116 spongia.
1769 5046 1840 5095 Tur·

1038 5126 1090 5178 dus
1101 5126 1175 5176 inter
1184 5123 1319 5174 saxatiles
1334 5120 1450 5172 nobilis:
1470 5119 1602 5188 thynnus,
1622 5118 1737 5177 thranis,
1757 5126 1838 5181 quem

1038 5195 1087 5246 alii
1099 5194 1220 5260 xiphiani
1233 5198 1345 5243 cocant:
1368 5188 1470 5253 thessa,
1483 5189 1610 5257 torpedo,
1621 5186 1729 5239 tethea:
1751 5180 1839 5233 triton

1038 5263 1210 5331 pelamidum
1224 5261 1334 5329 generis
1346 5261 1453 5329 magni:
1475 5275 1509 5313 ex
1522 5274 1556 5312 eo
1567 5271 1654 5309 uraca
1664 5252 1747 5322 cybia
1757 5251 1837 5302 dunt.

1038 5329 1390 5395 Veneriae,ura,xiphiae.
1783 5386 1790 5401 ·

1073 5401 1145 5454 biv.
1172 5401 1224 5453 llis
1245 5399 1406 5451 adiicientes
1427 5398 1463 5450 ab
1484 5394 1584 5449 ocidio
1604 5391 1696 5459 posita
1716 5402 1838 5451 nomina,

1038 5487 1136 5539 quaen
1158 5471 1194 5522 ud
1213 5469 1352 5521 neminem
1369 5468 1453 5519 aliam
1471 5464 1658 5532 reperiuntur:
1678 5456 1838 5510 sedlertas·

1038 5542 1078 5593 sis
1090 5542 1118 5594 in
1131 5487 1222 5593 ilonea
1234 5545 1394 5599 nascuntur,
1402 5537 1450 5589 nbi
1462 5533 1490 5586 id
1501 5526 1838 5595 rolamensupremissuis

1036 5611 1210 5685 temporibus
1224 5607 1388 5727 inchoariq:⁷
1401 5596 1840 5703 fferam,myminsmpulis
