4368 6008
248 294 255 301 ’
298 308 321 369 C
365 301 518 366 PLlel
552 303 761 364 saeuum
798 303 966 368 aarum
1000 307 1196 368 lllsroa
1230 309 1317 371 Llfl.
1339 307 1438 369 xxi.
1468 309 1562 370 cal‘.
1584 312 1727 372 90-101.
1775 313 1835 374 267

182 459 289 529 sinapi,
305 463 472 513 commeare:
493 455 561 508 item
583 454 721 509 stomachi
738 463 769 510 st
787 457 892 510 ventris
907 457 988 511 vitia.

183 533 297 586 Modico
309 527 352 581 his
363 536 459 579 tamen
471 525 604 578 utendum
626 532 679 589 est,
699 529 829 593 quoniam
840 527 989 580 excalfaci-

185 610 244 665 unt,
255 598 379 668 quamvis
392 598 497 648 sistunt
507 595 613 647 airuns:
632 610 705 663 quae
716 598 741 647 si
752 596 931 650 exhulcerata
941 598 987 658 sit,

186 670 292 723 denarii
313 666 422 734 pondus
440 666 469 717 in
491 666 644 717 seamrium
665 668 737 717 aceti
758 674 787 718 et
807 667 900 719 meliis
919 667 987 729 addi

186 745 307 806 oportet.
336 736 406 789 ltem
416 737 442 787 si
453 735 550 787 lateris
561 735 644 787 dolor
652 735 698 797 ait,
709 741 758 787 aut
766 736 841 788 inter
851 738 987 803 scapulas,

187 809 273 861 autin
284 804 421 859 thorace..
444 805 622 857 Praecordiis
635 804 781 857 medeatur
792 821 826 858 ex
835 814 915 858 aceto
926 820 987 859 cum

186 877 269 930 melle
280 894 286 928 r
309 890 380 943 quae
390 877 469 942 potio
481 874 566 926 datur
577 883 606 929 et
616 874 644 924 in
655 874 826 927 alienatione
837 878 944 937 mentis,
955 890 988 928 ac

187 944 404 1001 melancholicis.
439 944 531 997 Datur
551 953 579 997 et
597 943 795 1006 comitialibus,
817 960 987 1010 quoscorre-

187 1024 249 1085 ptos
262 1015 386 1068 olfactus
397 1013 505 1067 excitat
515 1013 614 1082 thymi.
648 1013 737 1066 Aiunt
757 1022 786 1066 ct
806 1013 927 1066 dormire
939 1029 987 1067 eos

187 1092 317 1153 oportere
328 1085 356 1136 in
369 1083 447 1136 molli
458 1083 564 1150 thymo.
595 1082 716 1135 Prodest
737 1089 766 1135 et
785 1083 989 1150 orthopnoicis,¹

188 1164 217 1207 et
227 1155 448 1215 anhelatoribus,
463 1152 665 1221 mulierumque
675 1153 818 1206 mensibus
828 1153 988 1205 retardatis.

187 1224 240 1278 Vel
251 1225 276 1276 si
287 1224 473 1279 emortuisint
483 1222 512 1273 in
523 1222 868 1290 utcropartus,decootum
879 1224 906 1274 in
916 1238 988 1289 aqua

186 1294 222 1348 ad
234 1294 341 1349 tertias.
366 1294 405 1346 Et
416 1293 482 1345 riris
492 1306 558 1346 vero
568 1301 667 1344 oontm
678 1292 836 1345 inflationes
847 1308 908 1344 oum
922 1294 989 1345 mcl-

187 1365 214 1417 le
224 1371 255 1418 et
264 1370 354 1418 aceto.
381 1365 455 1416 Etsi
468 1370 564 1415 venter
574 1370 693 1430 turgeat,
703 1368 835 1424 testesve,
846 1369 896 1414 aut
906 1363 932 1413 si
940 1378 987 1415 ve-

186 1436 261 1487 sicae
279 1433 362 1485 dolor
380 1432 483 1499 exigat.
519 1433 543 1481 ii
555 1431 619 1481 rino
630 1439 755 1482 tumores
765 1439 794 1483 et
804 1433 924 1497 impetus
936 1431 989 1482 tol·

186 1504 221 1557 lit
240 1503 412 1570 impositum.
447 1501 519 1552 ltcm
531 1514 592 1551 cum
604 1507 686 1553 aceto
696 1500 798 1552 caliano
810 1508 838 1552 et
849 1515 988 1553 verrucas.

185 1573 392 1627 coxendicibus
403 1572 564 1639 imponitur,
572 1585 633 1622 cum
643 1571 722 1621 sino:
734 1570 904 1622 articulariis
915 1584 987 1621 mor·

183 1644 238 1704 his,
258 1652 288 1694 et
307 1642 422 1703 luxatis,
442 1642 541 1693 tritum
562 1655 595 1692 ac
606 1639 688 1691 iaaac
698 1639 855 1704 inoportuna
866 1653 899 1690 ex
912 1638 986 1690 oleo.

185 1713 263 1765 Dant
275 1718 303 1764 et
314 1712 453 1777 potionem
470 1710 669 1763 articularibus
679 1708 783 1760 morbis
796 1709 878 1760 trium
890 1708 987 1759 obolo·

186 1796 248 1833 rum
267 1780 391 1847 pondero
410 1781 439 1831 in
451 1781 540 1834 tribus
553 1779 625 1833 aceti
636 1785 665 1832 et
677 1777 780 1831 mellis.
817 1778 854 1829 lit
864 1778 893 1830 in
906 1776 986 1829 fasti·

187 1851 242 1912 din,
253 1852 349 1904 tritum
363 1864 422 1901 cum
435 1849 503 1903 sale.

196 1920 278 1972 axo.
297 1920 509 1974 Hemeroealles
525 1920 662 1990 pallidum
672 1938 688 1975 e
700 1919 786 1975 viridi
806 1926 833 1974 et
845 1918 931 1972 molle
942 1917 988 1971 fo·

187 1990 256 2043 lium
267 1989 359 2052 itabat,
370 1989 463 2043 radice
474 1990 594 2044 odorata
604 2000 688 2061 atque
699 1994 833 2044 bulhosa:
844 2006 914 2059 quae
926 2005 988 2044 cum

189 2059 271 2111 naeilc
291 2059 422 2126 imposita
440 2065 539 2125 ventri,
561 2078 647 2129 aquas
669 2063 760 2130 pellit,
780 2068 810 2114 et
826 2061 988 2128 sanguinem

189 2131 274 2183 etiam
284 2130 419 2182 inutilem.
442 2132 524 2183 Folia
533 2132 676 2201 epiphoris
689 2134 844 2195 oculorum,
854 2146 987 2183 mamma·

188 2214 305 2265 rumque
316 2207 380 2264 post
391 2207 499 2266 partum
510 2201 654 2251 doloribus
665 2203 820 2253 illinuntur.

123 2316 128 2329 ,
223 2268 295 2320 XCl.
312 2269 463 2321 Helenium
474 2271 509 2321 ab
522 2270 641 2332 Helena,
651 2274 682 2319 ut
692 2270 822 2333 diximus,
833 2277 939 2332 natum,
949 2268 991 2320 fa·

190 2353 255 2391 reru
275 2337 398 2390 creditur
418 2337 540 2391 formae:
562 2346 654 2392 cutem
666 2339 814 2391 mulierum
825 2340 854 2390 in
867 2339 939 2390 facie
950 2353 991 2389 rc·

188 2407 321 2476 liquoque
342 2424 459 2474 corpore
486 2410 593 2461 nutrire
613 2409 813 2475 incorruptam.
842 2407 991 2458 Praeterea

187 2484 291 2546 putant
309 2493 360 2528 usu
380 2479 441 2529 cius
462 2477 597 2544 quandum
619 2478 738 2595 gratiam
761 2478 990 2544 iissenercmque

189 2547 345 2599 conciliari.
380 2546 543 2597 anabusne
552 2554 581 2596 ct
592 2544 620 2595 hi
635 2547 745 2597 aritatis
758 2545 886 2597 cocetum
900 2545 990 2597 eidem

188 2623 275 2685 potae
285 2616 313 2664 in
323 2613 608 2682 rino,cumqucquem
616 2612 746 2667 habuerit
757 2614 909 2682 nepenthes
920 2614 990 2665 illud

188 2684 382 2753 praedicatum
394 2683 429 2733 ab
441 2684 637 2751 Homero,qno
650 2684 771 2737 tristitia
781 2685 871 2736 omnis
880 2684 991 2735 abolea-

187 2762 246 2806 tur.
268 2755 318 2804 list
332 2761 425 2805 autom
436 2756 511 2805 succi
525 2753 689 2820 praedulcis.
726 2754 844 2807 Prodest
855 2761 883 2805 ot
895 2752 989 2804 ortho-

187 2824 298 2893 pnoicis
318 2821 400 2874 radix
419 2822 478 2874 eius
489 2823 516 2874 in
531 2839 604 2892 aqua
614 2824 714 2875 ieiunis
726 2832 801 2891 pota.
838 2825 889 2875 Est
899 2830 991 2874 autam

189 2891 311 2946 candida
320 2891 394 2942 intus
406 2898 434 2943 et
445 2892 544 2942 dulcia.
579 2893 694 2941 Bibitur
705 2901 732 2941 ut
743 2900 842 2941 contra
853 2893 991 2956 serpenti-

140 3010 143 3019 .
187 2976 238 3014 utu
260 2963 332 3014 ictus
351 2974 386 3013 cx
403 2962 477 3012 rino.
512 2960 609 3012 Mures
630 2973 741 3028 quoque
760 2960 880 3012 contrita
891 2960 993 3012 dicitur

188 3046 300 3084 necare.

182 3118 192 3129 ·
224 3101 307 3152 Xcll.
325 3101 495 3152 Abrotonum
507 3100 624 3152 duorum
637 3100 761 3153 traditur
769 3114 911 3167 generum,
919 3113 991 3150 cam·

187 3177 284 3239 pestre
295 3186 327 3223 ac
338 3178 511 3221 montanum:
527 3169 581 3235 hoe
591 3169 732 3231 feminam,
751 3170 822 3222 illud
834 3185 937 3220 marem
949 3170 990 3219 irr-

189 3240 282 3308 telligi
300 3240 439 3290 volumus.
474 3240 637 3292 Amaritudo
659 3238 793 3292 absinthii
814 3240 842 3290 in
864 3246 991 3305 utroque.

157 3308 313 3367 :Siculum
333 3309 566 3373 laudatissimum,
588 3310 651 3362 dein
665 3309 833 3361 Galaticum.
869 3309 942 3359 Usus
964 3314 993 3360 et

188 3369 278 3440 thiris,
301 3377 350 3430 sed
373 3378 462 3429 maior
481 3378 581 3431 acarini
602 3379 637 3429 ad
657 3377 906 3431 excalfaciendum:
927 3377 991 3429 ideo

191 3449 286 3500 nervis
303 3446 382 3509 utile,
404 3448 484 3509 tussi,
506 3447 705 3515 orthopnoeae,
727 3448 876 3511 convulsis,
894 3448 992 3514 ruptis,

189 3517 309 3577 lumbis,
324 3517 421 3568 urinae
433 3518 580 3585 angustiis.
617 3517 708 3569 Datur
717 3516 868 3569 bibendum
880 3530 992 3568 manua·

189 3586 266 3640 libus
285 3585 428 3637 fasciculis
449 3586 573 3638 decoctis
592 3588 627 3639 ad
648 3588 746 3639 tertias
757 3593 860 3654 partes.
895 3588 938 3637 Ex
950 3585 993 3636 his

190 3657 334 3726 quaternis
346 3655 455 3723 cyathis
467 3659 582 3710 bibitur.
609 3655 701 3707 Datur
712 3664 740 3709 et
749 3670 846 3709 semen
856 3663 949 3707 tusum
961 3656 990 3706 in

189 3742 264 3793 aqua
282 3724 429 3778 drachmae
441 3726 572 3793 pondere.
608 3726 728 3778 Prodest
739 3727 884 3779 etvulvae.
921 3727 992 3777 Con-

189 3796 286 3863 coquit
299 3810 385 3861 panos
397 3811 457 3847 cum
470 3795 563 3846 farina
573 3794 738 3858 hordeacea,
753 3803 782 3847 et
793 3796 936 3847 oculorum
948 3795 990 3844 in-

188 3864 427 3917 flammationibus
447 3866 577 3925 illinitur,
598 3878 658 3914 cum
680 3863 991 3915 cotoneomalococtn.

189 3935 338 4000 Serpentes
350 3933 439 4001 fugat.
459 3937 563 3986 Contra
575 3933 646 3984 ictus
658 3947 752 3984 earum
764 3935 871 3985 bibitur
881 3947 942 3982 cum
954 3932 992 3981 vi-

189 4019 237 4066 no,
248 4004 431 4071 illiniturque.
468 4003 697 4055 Efficacissimum
710 4010 809 4053 contra
820 4019 863 4063 ca,
875 4015 991 4068 quorum

188 4088 294 4126 veneno
311 4079 448 4125 tremores
459 4078 488 4125 et
507 4072 594 4140 frigus
605 4071 748 4134 accidunt,
767 4077 799 4122 ut
812 4071 992 4137 scorpionum

190 4149 220 4194 et
241 4142 467 4209 phalangiorum:
489 4148 517 4192 et
540 4148 637 4191 contra
651 4156 758 4193 venena
775 4140 830 4192 alia
852 4146 919 4205 pota
930 4152 993 4205 pro·

190 4213 267 4274 dest,
287 4219 316 4263 et
327 4225 438 4278 quoquo
452 4209 534 4259 modo
546 4208 712 4275 algentibus,
730 4216 759 4260 ct
773 4208 808 4260 ad
822 4206 994 4260 extrahenda

189 4298 234 4343 ea,
250 4296 321 4347 quae
333 4278 478 4329 inhaerent
489 4278 660 4344 corporibus.
675 4298 683 4309 ·
697 4276 785 4328 Pellit
795 4284 824 4327 et
834 4277 992 4328 interaneo-

187 4367 251 4405 rum
262 4348 346 4399 mala.
381 4347 469 4398 Ramo
486 4347 554 4406 eius,
562 4345 584 4396 si
596 4346 762 4399 subiiciatur
771 4346 893 4415 pulvino,
903 4342 994 4393 Vene-

187 4435 250 4477 rem
261 4417 403 4471 stimulari
417 4417 511 4468 aiunt:
523 4414 796 4482 efficacissimamque
808 4430 869 4466 esse
880 4412 992 4465 herbam

189 4493 288 4543 contra
299 4486 394 4538 omnia
405 4486 545 4547 veneficia,
558 4486 657 4552 quihus
668 4486 761 4536 coitus
772 4484 938 4536 inhibeatur.

225 4554 323 4610 Xlel.
342 4555 580 4608 Learcanthcmum
593 4555 754 4622 suspiriosis
767 4553 903 4615 medetur,
925 4552 992 4605 dua-

190 4630 244 4680 bus
263 4627 389 4694 partibus
409 4628 480 4678 aceti
502 4627 677 4692 permistum.
713 4621 912 4691 sampsuchum
933 4623 993 4675 sire

190 4711 360 4759 amaracum,
382 4696 411 4747 in
428 4696 521 4763 Cypro
541 4694 763 4746 laudatissimum
780 4700 809 4746 ct
832 4693 994 4745 odoratissi-

190 4782 277 4829 mum,
287 4764 480 4834 scorpionibus
492 4764 666 4825 adversatur,
686 4779 720 4815 ex
731 4770 813 4815 aceto
824 4778 858 4815 ac
870 4763 929 4815 sale
940 4762 995 4814 illi·

191 4844 262 4888 tum.
292 4835 444 4891 lilenstruis
454 4849 563 4901 quoque
575 4835 691 4883 multum
703 4832 812 4885 confert
821 4833 1000 4900 impositum,

190 4905 286 4957 Minor
296 4912 339 4957 est
349 4906 438 4958 eidem
451 4912 517 4971 poto
529 4904 580 4954 ris.
610 4902 729 4955 Cohibet
741 4910 769 4954 et
780 4902 925 4957 oculorum
937 4902 994 4970 cpi·

191 4972 295 5044 phoras
307 4990 367 5027 cum
379 4974 499 5042 polenta.
535 4972 639 5025 Soccus
650 4972 759 5024 decocti
772 4972 896 5024 tormina
905 4973 995 5024 discu-

192 5045 238 5097 tit.
267 5045 305 5096 Et
317 5045 407 5096 urinis
418 5051 446 5095 et
456 5041 617 5111 hydropicis
628 5042 706 5094 utile.
732 5042 829 5095 Movet
847 5049 874 5094 et
885 5042 994 5094 aridum

193 5122 423 5168 sternutamenta.
459 5112 507 5164 itt
523 5127 559 5164 ex
575 5127 608 5164 eo
624 5118 653 5163 et
668 5113 770 5175 oleum,
785 5112 859 5183 quod
873 5128 996 5181 sampsu-

195 5182 307 5236 chinum
328 5192 444 5236 vocatur
454 5190 503 5235 aut
512 5182 712 5244 amaracinum,
723 5182 757 5233 ad
770 5182 994 5235 excalfaciendos

193 5253 416 5323 molliendosque
428 5268 541 5305 nervos:
562 5257 592 5305 et
600 5252 699 5304 vulsas
711 5252 836 5304 calfacit.
873 5253 910 5303 Et
920 5252 991 5303 folia

194 5340 226 5376 au
248 5324 254 5337 ‘
268 5322 335 5375 latis
347 5338 408 5375 cum
419 5323 513 5385 melle,
523 5331 553 5374 et
563 5322 668 5374 luxatis
678 5338 738 5374 cum
752 5337 816 5374 cera
828 5329 953 5388 prosunt.

255 5391 325 5446 clv.
354 5399 509 5445 anemonas
535 5389 698 5444 coronarias
722 5399 832 5444 tantum
857 5391 993 5442 diximus:

191 5478 263 5517 aune
272 5462 421 5516 reddemus
433 5461 601 5515 etmedicas.
638 5462 710 5514 Sunt
726 5464 772 5529 qui
789 5460 924 5527 phrenion
944 5474 992 5511 vo·

192 5540 264 5587 cant.
299 5532 363 5587 Duo
380 5531 440 5584 eius
450 5544 562 5600 genera.
597 5529 741 5584 silvestris
752 5531 849 5597 prima,
862 5529 953 5582 altera
964 5530 993 5580 in
1045 5550 1061 5568 n

193 5603 277 5658 cultis
288 5616 413 5667 nuceas,
428 5606 548 5669 utraque
557 5600 705 5656 sabulosis.
729 5601 821 5655 Baius
830 5600 924 5670 plures
933 5614 996 5669 sps·

1039 461 1105 513 cies.
1139 463 1195 514 hut
1212 461 1284 515 enim
1300 459 1483 531 phoeniceum
1499 461 1594 515 dorem
1609 460 1704 527 hahet,
1719 478 1792 533 quae
1809 472 1838 518 et
1849 454 1882 523 ·”,

1039 532 1232 597 copiosissima
1242 539 1298 584 est:
1319 541 1368 585 aut
1378 547 1556 599 purpureum,
1566 534 1752 586 autlactcum.
1780 536 1837 587 lin.
1885 524 2030 560 1'‘-1o»·'÷
2066 540 2072 553 ·

1038 614 1098 651 rum
1110 601 1193 651 trium
1210 599 1278 653 folia
1294 604 1359 669 apio
1375 603 1481 654 similia
1494 608 1568 653 susat.
1604 602 1663 654 Neo
1677 613 1783 656 temere
1795 621 1838 656 su·

1038 667 1174 735 mipedem
1192 668 1339 724 altitudine
1360 672 1510 733 excedunt,
1538 673 1681 724 cacumine
1699 676 1836 741 asparagi.

1038 738 1106 789 Flos
1116 753 1257 805 nunquam
1268 753 1298 790 sc
1309 739 1408 805 aperit,
1418 742 1470 792 nisi
1482 747 1566 792 rento
1577 741 1713 806 spirante:
1725 743 1798 794 unda
1809 750 1838 794 ct

1038 822 1137 859 nornen
1150 822 1290 874 accepere.
1310 807 1438 860 silvestri
1450 809 1604 878 amplitudo
1616 811 1719 874 maior,
1730 812 1838 863 latiori·

1037 877 1239 943 busquefoliis,
1259 874 1498 944 horephoeniceo.
1534 880 1622 941 Hanc,
1642 893 1739 932 errore
1751 880 1838 944 ducti,

1039 961 1219 1014 argemonem
1230 947 1432 1013 putantmulti:
1453 949 1501 999 alii
1513 962 1608 999 rursus
1619 962 1748 1016 papaver,
1763 949 1931 1016 qnod4'e.
1970 974 1975 993 .
2019 944 2083 983 ἰτ
2124 918 2127 927 ’
2167 924 2170 967 J

1038 1015 1142 1068 rhoean
1158 1016 1369 1083 appellavimus.
1406 1016 1460 1068 Sed
1472 1018 1615 1069 distinctio
1635 1033 1743 1085 magna,
1765 1019 1838 1085 quod
1878 1052 1895 1079 ,ι
1911 1018 1957 1075 say
2049 1052 2055 1065 ,

1038 1093 1156 1152 utraque
1168 1085 1237 1139 haec
1247 1093 1346 1153 postca
1356 1083 1445 1138 floret.
1476 1086 1533 1139 Nec
1544 1094 1592 1138 aut
1601 1101 1714 1141 mecum
1726 1088 1838 1139 illarum

1040 1170 1191 1207 anemonae
1201 1155 1332 1216 reddunt,
1340 1162 1389 1206 aut
1400 1155 1510 1222 calyces
1516 1154 1625 1217 habent,
1633 1159 1746 1211 neonisi
1758 1172 1837 1224 aspa·

1039 1225 1251 1292 ragieacumen.
1290 1226 1409 1276 Prosunt
1419 1239 1574 1277 anemonae
1584 1226 1682 1290 capitis
1694 1226 1838 1278 doloribus

1039 1303 1069 1346 st
1078 1292 1354 1355 inflammationibus,
1370 1294 1461 1345 vulris
1472 1294 1626 1354 mulierum,
1639 1295 1707 1347 lacti
1718 1311 1838 1363 quoquo.

1039 1364 1075 1415 Et
1085 1371 1229 1415 menstrua
1239 1364 1314 1415 cient
1330 1378 1391 1414 cum
1407 1366 1518 1430 ptisana
1530 1370 1650 1426 sumtae,
1669 1372 1719 1417 aut
1735 1367 1839 1418 vellera

1040 1435 1195 1500 oppositae.
1232 1435 1321 1487 Radix
1342 1433 1573 1484 conrnsauducata
1593 1432 1720 1499 pituitam
1742 1434 1838 1496 trahit,

1040 1502 1137 1556 dentes
1147 1508 1243 1555 sanat:
1262 1494 1379 1555 decocta
1389 1502 1534 1554 oculorum
1545 1502 1703 1570 epiphoras,
1723 1510 1752 1555 et
1766 1505 1839 1555 cica-

1039 1572 1133 1623 trices.
1178 1572 1256 1638 Magi
1276 1572 1393 1623 multum
1413 1572 1524 1639 quidam
1543 1575 1579 1627 iia
1593 1572 1726 1635 tribuere,
1747 1588 1841 1640 quant·

1039 1643 1158 1707 primum
1168 1641 1322 1709 aspiciatur
1336 1655 1370 1693 eo
1382 1657 1456 1695 anno
1476 1643 1538 1695 tolli
1559 1644 1701 1695 lubentes:
1722 1642 1842 1709 dicique,

1040 1709 1136 1777 colligi
1157 1711 1366 1773 eamtertianis
1378 1719 1406 1762 et
1417 1713 1561 1778 quartanis
1577 1711 1710 1765 remedio.
1739 1710 1844 1762 Postea

1040 1779 1154 1847 alligari
1170 1778 1267 1833 florem
1288 1795 1380 1849 panno
1391 1794 1483 1843 roseo,
1505 1782 1572 1832 etia
1583 1782 1683 1834 umbra
1693 1780 1842 1842 asservari,

1041 1854 1081 1901 ita
1091 1865 1153 1902 corn
1166 1865 1236 1917 opus
1247 1851 1285 1902 sit
1295 1850 1452 1918 adalligari.
1472 1852 1549 1913 Quae
1561 1864 1595 1903 ex
1606 1848 1648 1900 hls
1658 1848 1844 1916 phoeniceum

1040 1918 1137 1974 florem
1150 1921 1243 1985 habet,
1260 1921 1355 1973 radice
1366 1919 1497 1981 contrita,
1516 1920 1668 1985 cuicunque
1679 1919 1843 1970 animalium

1041 1992 1181 2061 imposita,
1191 1982 1289 2042 hotius
1300 1989 1368 2042 facit
1378 1990 1534 2057 replicari.
1563 1991 1601 2042 Et
1611 1989 1675 2044 ideo
1688 2002 1844 2057 expurgan-

1041 2064 1085 2117 dis
1096 2062 1256 2115 hulceribus
1267 2061 1425 2113 adhibetur.

1078 2132 1163 2187 XCV.
1182 2130 1330 2199 oenanthe
1340 2129 1427 2182 herba
1437 2130 1562 2182 nascitur
1573 2129 1601 2181 in
1610 2129 1707 2199 petris,
1719 2127 1789 2181 folio
1799 2142 1846 2196 pa

1043 2207 1178 2263 stinacae,
1199 2200 1293 2254 radice
1315 2215 1424 2267 magna,
1445 2214 1604 2253 numerosa.
1641 2201 1735 2252 Cauiis
1746 2203 1804 2252 eius
1816 2204 1846 2251 et

1043 2274 1185 2327 fallacum
1198 2271 1282 2323 melle
1293 2284 1326 2321 ac
1336 2270 1401 2320 rino
1422 2271 1504 2336 nigro
1521 2275 1598 2335 pota,
1618 2267 1783 2321 facilitatem
1795 2282 1844 2335 pa·

1042 2342 1133 2396 aiendi
1152 2345 1305 2408 praestant,
1326 2336 1516 2405 secundasque
1536 2345 1663 2407 purgant.
1700 2338 1846 2391 'l'ussims
1945 2352 1950 2362 ’

1044 2412 1128 2465 mcllc
1140 2411 1257 2461 tollunt:
1270 2409 1378 2460 urinam
1391 2408 1473 2460 ciem.
1507 2405 1599 2459 Radix
1609 2413 1639 2459 et
1648 2410 1757 2460 vesicae
1768 2406 1846 2460 vitiis

1042 2480 1179 2535 medetur.

1077 2548 1174 2603 Xch.
1194 2543 1516 2615 Helinchrysum,-qnod
1538 2543 1588 2596 alii
1609 2543 1845 2613 chrysanthemon
1858 2568 1885 2617 q.

1043 2624 1153 2682 vocant,
1173 2618 1297 2669 ramulos
1320 2610 1405 2667 hahet
1425 2614 1575 2676 candidos,
1597 2612 1667 2666 folia
1688 2612 1846 2680 subalbida,

1043 2693 1182 2743 nbrntuno
1193 2686 1312 2738 similia:
1324 2683 1358 2734 ad
1366 2683 1441 2736 Solis
1453 2698 1656 2751 repercussum,
1664 2700 1766 2736 aureae
1775 2686 1845 2737 lucis

1044 2763 1070 2812 in
1092 2758 1187 2810 orbem
1204 2756 1291 2809 veluti
1304 2755 1447 2823 corymbis
1467 2753 1695 2820 dependentibus,
1715 2755 1762 2820 qui
1775 2770 1844 2804 nun·
1866 2810 1876 2821 ⁸

1044 2840 1124 2898 quam
1138 2830 1324 2878 marcescunt:
1340 2839 1396 2891 qua
1407 2823 1443 2875 de
1454 2837 1538 2875 causa
1548 2821 1617 2873 deos
1637 2831 1773 2874 coronant
1785 2823 1846 2886 ilio,

1043 2897 1115 2966 quod
1133 2895 1350 2963 diligentissime
1367 2893 1490 2944 servarit
1500 2890 1679 2942 Ptolemaeus
1692 2906 1741 2943 rex
1752 2893 1845 2960 Aegy·
1883 2949 1887 2953 ,

1047 2968 1094 3034 pti.
1131 2966 1261 3017 Nascitur
1272 2966 1299 3013 in
1311 2962 1448 3014 frutectis.
1485 2961 1549 3012 ciet
1558 2960 1656 3012 urinas
1667 2976 1682 3012 e
1695 2961 1759 3012 rino
1770 2969 1847 3029 pota,

1043 3044 1071 3087 ct
1083 3050 1199 3086 menses.
1218 3032 1346 3084 Duritlas
1356 3038 1385 3083 et
1397 3029 1631 3082 inflammationes
1641 3029 1764 3082 discutit.
1781 3032 1848 3087 Am·

1042 3107 1132 3159 bustis
1143 3117 1204 3155 cum
1215 3101 1465 3167 mellcimponitur.
1481 3102 1586 3152 contra
1596 3099 1848 3166 serpentiumictua

1045 3183 1074 3227 et
1086 3170 1331 3226 lumborum'ritia
1351 3170 1466 3223 bibitur.
1503 3170 1673 3236 Sanguinem
1687 3176 1848 3221 concretum

1044 3244 1149 3297 uentris
1160 3242 1329 3293 autrcsicae
1341 3240 1463 3291 absumit
1473 3254 1534 3291 cum
1556 3240 1655 3290 mulso.
1691 3237 1848 3291 roliacum

1045 3315 1114 3365 trita
1128 3313 1212 3364 trium
1226 3311 1371 3363 obolorum
1383 3309 1505 3376 pondere
1525 3308 1629 3360 sistunt
1639 3305 1775 3373 profluvia
1786 3321 1845 3358 mu·

1044 3385 1142 3435 lierum
1159 3384 1187 3432 in
1201 3382 1266 3432 rino
1287 3380 1362 3431 albo.
1399 3377 1500 3431 Vestes
1510 3375 1703 3431 tueturodoro
1714 3392 1771 3429 non
1785 3378 1843 3430 ine·

1044 3453 1159 3506 leuanti.

1071 3495 1184 3575 οΧΟνΙΙ.
1206 3517 1383 3588 Hyacinthus
1399 3517 1428 3569 in
1449 3518 1544 3570 Gallia
1563 3519 1684 3570 maxime
1707 3515 1846 3583 provenit.

1045 3594 1107 3645 ldoc
1128 3590 1168 3643 ibi
1187 3591 1250 3643 fuco
1272 3588 1420 3657 hysginum
1434 3588 1554 3655 tingunt.
1591 3585 1877 3639 unolxesthulbnv‘.

1044 3678 1101 3723 eea,
1112 3660 1286 3727 mangonicis
1298 3658 1438 3711 venalitiis
1448 3655 1563 3723 pulchra
1573 3662 1652 3707 nuta:
1674 3669 1745 3722 quae
1756 3671 1771 3705 e
1782 3657 1847 3705 rino

1044 3732 1118 3784 dulci
1130 3732 1213 3792 illita,
1224 3731 1397 3795 pubertatem
1410 3732 1528 3785 coercet,
1536 3730 1565 3777 et
1576 3740 1631 3776 non
1642 3726 1751 3791 patitur
1760 3738 1849 3776 erum·

1044 3818 1119 3866 perc.
1156 3800 1337 3851 'torminibus
1347 3804 1375 3847 ct
1388 3808 1553 3846 araneorum
1573 3795 1712 3846 morsibus
1729 3794 1847 3846 resistit.

1045 3869 1157 3921 ilrirram
1172 3868 1301 3934 impellit.
1338 3866 1443 3917 Contra
1459 3868 1603 3930 serpentes
1624 3870 1654 3914 et
1673 3863 1849 3928 scorpiones,

1045 3939 1227 4004 morbumque
1239 3936 1355 4003 regium,
1364 3949 1458 3984 senten
1467 3933 1527 3986 eius
1538 3946 1600 3982 cum
1610 3933 1747 3983 abrotono
1755 3930 1847 3982 datur.

1080 4007 1201 4060 xcvnt.
1220 4003 1341 4072 Lychnis
1363 4018 1472 4070 quoque
1494 3999 1622 4051 flammea
1644 4000 1694 4050 illa
1714 3998 1848 4050 adrcrsua

1045 4083 1196 4143 serpentes,
1214 4066 1384 4139 scorpiones,
1404 4064 1564 4132 crabro'ues,
1584 4067 1753 4133 similiaque,
1773 4065 1847 4118 bibi·

1045 4152 1090 4196 tur
1100 4161 1115 4194 e
1126 4145 1191 4195 rino
1206 4142 1311 4194 semine
1323 4142 1401 4192 trito.
1438 4138 1582 4191 siluestris
1593 4137 1690 4189 cadem
1701 4133 1848 4187 stomacho

1044 4213 1164 4264 inutilis.
1199 4212 1295 4262 Alvum
1307 4210 1400 4260 soluit.
1429 4207 1470 4259 Ad
1482 4204 1683 4256 detrahendam
1695 4203 1780 4254 bilem
1792 4202 1848 4256 elii·

1046 4282 1192 4332 cacissima
1204 4279 1313 4330 duabus
1325 4275 1474 4328 drachmis.
1492 4272 1692 4339 scorpionibus
1703 4271 1773 4324 adeo
1785 4289 1849 4325 con·

1046 4349 1143 4409 traria,
1163 4356 1194 4399 ut
1210 4349 1321 4398 omnino
1340 4345 1445 4396 visaea
1456 4349 1625 4408 torpescant.
1643 4342 1775 4395 Radicem
1787 4343 1848 4397 eiua

1045 4419 1138 4475 Asiani
1151 4418 1255 4489 boliten
1268 4422 1383 4467 uocant:
1402 4427 1457 4480 qua
1469 4412 1587 4480 alligata
1598 4412 1690 4476 oculo,
1702 4413 1848 4482 albugines

1045 4491 1108 4543 tolli
1120 4488 1256 4541 dicuntur.

1052 4576 1059 4613 t
1080 4559 1178 4611 xcix.
1197 4553 1466 4623 Etrincapervinca,
1478 4549 1539 4603 sive
1549 4549 1783 4617 chamaedaphne,
1796 4550 1873 4604 ari-a

1047 4632 1083 4683 da
1094 4637 1158 4682 tusa
1169 4625 1332 4695 hydropicis
1342 4625 1425 4676 datur
1437 4625 1463 4675 in
1475 4637 1557 4690 aqua,
1579 4619 1716 4674 cochleari
1737 4637 1847 4674 mensu·

1046 4716 1088 4763 ra,
1108 4699 1308 4765 celerrimeque
1324 4694 1446 4748 reddunt
1467 4708 1578 4760 aquam.
1614 4693 1718 4745 Eadem
1732 4689 1850 4743 decocta

1046 4772 1074 4821 in
1086 4771 1187 4830 cinere,
1197 4781 1296 4834 sparsa
1305 4767 1381 4828 rino,
1391 4772 1515 4816 tumores
1525 4763 1622 4815 siccat.
1658 4760 1849 4813 Auribursuc·

1046 4856 1079 4891 co
1090 4839 1227 4892 medetur.
1262 4835 1368 4887 divinis
1378 4835 1511 4901 imposita
1529 4833 1646 4885 multum
1658 4831 1793 4899 prodesse
1805 4831 1848 4884 di·

1046 4912 1128 4962 citur.

1082 4981 1112 5031 C.
1132 4976 1215 5030 Rosci
1224 4972 1305 5026 radix
1317 4973 1442 5035 decocta,
1462 4971 1571 5026 bibitur
1580 4972 1698 5024 alternis
1709 4970 1807 5023 diebus
1818 4971 1848 5020 in

1046 5049 1217 5103 calculorum
1229 5043 1398 5106 valetudine,
1411 5050 1439 5094 et
1451 5042 1623 5096 tortuosiore
1633 5042 1723 5103 urina,
1734 5040 1777 5093 vel
1790 5052 1848 5090 cru·

1046 5126 1120 5171 enta.
1157 5115 1287 5169 Radicem
1306 5113 1398 5180 pridie
1409 5115 1471 5165 erui
1491 5118 1611 5179 oportet,
1630 5119 1745 5178 postero
1766 5122 1848 5158 mane

1046 5189 1179 5255 decoqui:
1202 5201 1236 5238 ea
1252 5200 1286 5236 eo
1303 5181 1454 5236 sextarium
1473 5183 1532 5233 sini
1548 5179 1658 5249 cyathis
1676 5180 1784 5231 duobus
1795 5175 1847 5225 mi·

1045 5260 1126 5307 aceri.
1161 5255 1231 5307 Sunt
1252 5254 1298 5322 qui
1319 5258 1347 5304 et
1358 5252 1471 5305 crudam
1483 5251 1606 5303 radicem
1622 5250 1717 5300 tritam
1731 5260 1765 5299 cx
1775 5254 1848 5309 aqua

1044 5326 1154 5377 bibant:
1168 5331 1196 5376 et
1207 5325 1235 5374 in
1249 5329 1337 5374 totum
1349 5322 1384 5372 ad
1395 5322 1500 5386 virilia,
1511 5318 1658 5374 cauliculis
1671 5317 1731 5368 eius
1742 5326 1777 5366 ex
1786 5327 1849 5364 aoe-

1046 5402 1075 5446 to
1086 5393 1173 5456 tritis,
1184 5392 1253 5444 nihii
1265 5391 1362 5443 utilius
1374 5397 1482 5458 putant.

1082 5464 1126 5516 cl.
1144 5462 1223 5515 Batis
1235 5476 1346 5530 quoque
1356 5461 1449 5512 alvum
1461 5458 1563 5509 mollit.
1587 5452 1709 5505 illinitur
1717 5449 1852 5519 podagri·

1061 5534 1068 5544 ⁴
1304 5545 1362 5582 rsa
1394 5528 1499 5582 acinon
1511 5533 1540 5577 et
1549 5534 1712 5575 coronarum
1725 5535 1810 5574 causa
1821 5528 1850 5575 ot
1868 5549 1874 5555 ·

1353 5601 1436 5688 Ἧι..
1461 5592 1620 5657 &deraque
1631 5596 1784 5662 erat‚'quas
1795 5593 1850 5647 oct.
