4340 6018
302 243 332 303 (3.
365 242 512 305 PLlNll
547 241 750 303 SECUNDI
784 240 950 302 NATUR·
986 238 1174 303 starola.
1210 237 1293 298 alli.
1316 234 1356 295 Χ.
1397 233 1630 294 elma-43.

147 398 189 451 ris
198 394 275 447 altra
285 392 389 445 citrave
400 390 552 459 perrolent,
568 403 705 456 nunquam
716 394 810 442 tamen
822 386 947 441 adrenis·

148 483 177 520 sc
189 478 315 531 usquam,
336 462 388 512 nisi
399 467 491 522 noctu,
508 460 710 512 existimantur.
745 456 889 526 Pythonos
902 472 946 509 oo·

148 538 320 587 menroeant
341 534 370 581 in
387 532 453 581 Asia
470 529 630 596 patentibus
642 528 756 594 eampis,
774 528 822 578 ubi
834 541 948 593 congre·

149 610 231 672 gatae
243 602 358 651 interae
371 603 613 659 commurmurant,
626 611 742 664 eamque
752 611 823 664 quae
832 595 947 647 novissi.

148 688 193 724 nra
203 668 552 735 advenialacerant,atque
562 669 604 717 ita
612 665 723 719 abeunt.
735 665 949 730 Notatum,post

149 741 213 794 ldas
224 741 363 803 Augustas
374 751 427 787 non
439 741 544 788 temere
554 735 629 787 visas
639 735 688 787 ibi.
700 734 769 788 Sunt
778 738 823 801 qui
834 732 947 785 cieomis

150 826 203 862 non
217 809 308 859 inesse
319 806 430 871 linguas
442 806 612 856 confirment.
624 805 720 855 Honos
731 803 766 855 iis
777 802 946 870 serpentium

149 877 235 930 exitio
246 882 352 936 tantus,
364 880 394 924 ut
403 872 431 924 in
442 872 590 924 Thessalia
599 872 718 939 capitale
729 871 817 924 luerit
827 868 946 922 occidis·

147 963 189 1009 se:
203 943 354 1009 cademque
365 942 472 1009 iegibus
483 955 584 1008 poena,
599 954 670 1006 quae
680 940 707 990 in
720 940 894 991 homicidam.

180 1013 294 1067 xxxta
315 1010 407 1065 Simili
421 1024 534 1062 anseres
557 1021 665 1076 quoque
687 1017 716 1059 et
734 1007 827 1061 olores
839 1012 947 1059 ratione

148 1087 319 1137 commeant:
340 1079 389 1131 sed
401 1076 497 1130 horum
514 1078 624 1130 volatus
635 1078 772 1130 cernitur:
794 1075 945 1128 liburnica·

147 1167 206 1205 rum
218 1148 302 1200 modo
314 1155 435 1200 rostrato
446 1150 552 1214 impetu
563 1145 703 1207 feruntur,
724 1145 833 1197 facilius
848 1144 889 1196 ita
899 1145 948 1195 bn·

147 1223 244 1273 dentes
255 1232 329 1279 aera,
340 1231 421 1285 quam
433 1218 456 1268 si
468 1224 546 1267 recta
555 1214 647 1267 fronte
658 1214 844 1282 impellerent:
865 1229 882 1265 a
893 1220 948 1265 ter·

146 1305 181 1359 go
191 1289 295 1342 sensim
306 1286 442 1337 dilatante
453 1300 482 1337 se
494 1298 581 1337 cuneo
600 1284 751 1352 porrigitur
761 1298 873 1352 agmesq
895 1282 948 1333 lar·

147 1373 235 1430 geque
245 1355 401 1422 impellenti
421 1354 572 1421 praebetur
581 1368 674 1405 aurae.
711 1351 947 1418 Coliaimpoouut

146 1424 386 1496 praecedentibus:
400 1421 488 1473 fessos
500 1421 583 1473 duces
594 1422 629 1474 ad
643 1428 720 1490 terga
732 1421 877 1487 recipiunt.
902 1420 945 1471 ci·

147 1497 243 1561 ορῃίαο
255 1492 336 1547 nidos
347 1491 457 1543 eosdem
469 1497 611 1557 repetunt:
629 1493 794 1558 genitricum
805 1494 946 1541 senectam

146 1554 412 1629 invicemmedueaut.
448 1556 567 1611 Oloruni
584 1565 674 1611 morte
693 1565 824 1611 narratur
844 1550 947 1610 ilebilis

147 1628 256 1692 cantus,
266 1630 360 1693 (laiso,
371 1636 403 1680 ut
413 1628 555 1690 arbitron)
567 1629 675 1694 aliquot
685 1626 892 1695 experimentis.
911 1626 946 1677 li·

144 1702 209 1756 ilem
222 1706 315 1752 mutua
323 1713 406 1750 earne
417 1703 565 1750 vescuntur
574 1696 648 1748 inter
657 1712 695 1751 se.

180 1766 306 1821 xxxtll.
317 1768 421 1820 Verum
431 1763 500 1818 baec
508 1767 720 1819 commeantium
730 1781 781 1834 per
790 1765 881 1818 maria
891 1772 946 1816 ter·

145 1853 245 1905 rasque
258 1836 445 1904 peregrinatio
457 1850 512 1887 non
526 1834 632 1901 patitur
640 1836 747 1889 differri
755 1837 947 1902 minoresque·

144 1923 206 1976 que,
218 1906 316 1977 quibus
327 1912 370 1957 est
382 1912 482 1956 natura
493 1904 604 1956 similis:
618 1912 757 1974 atcunque
767 1904 840 1957 enim
850 1918 946 1971 supra·

143 1978 234 2030 dictas
254 1973 415 2043 magnitudo
432 1980 460 2025 et
475 1973 546 2026 vires
564 1987 710 2041 corporum
727 1975 848 2026 invitare
860 1971 948 2025 videri

144 2047 262 2113 possint.
299 2044 465 2097 coturnices
481 2050 547 2097 ante
563 2043 648 2095 etiam
664 2059 774 2110 semper
784 2042 947 2105 adveniunt,

145 2130 224 2182 quam
235 2128 331 2182 grues:
353 2115 517 2180 parrensis,
539 2118 639 2165 etcum
649 2112 685 2166 ad
696 2129 747 2164 nos
757 2112 842 2174 venit,
864 2121 948 2164 terre·

145 2184 211 2236 stris
223 2184 327 2250 potius,
345 2197 426 2251 quam
439 2182 575 2236 sublimis.
611 2182 750 2236 Advolant
760 2189 788 2234 et
799 2181 851 2234 bae
862 2180 949 2232 simili

144 2252 237 2313 modo,
246 2267 300 2304 non
310 2252 370 2303 sine
379 2250 504 2320 periculo
515 2251 716 2320 navigantium,
727 2266 787 2305 cunr
799 2250 947 2318 appropin-

143 2335 264 2389 quavere
275 2321 365 2374 terris.
401 2321 511 2388 Quippe
524 2322 594 2374 'selis
609 2336 692 2389 saepe
704 2320 841 2381 incidunt,
856 2326 884 2371 et
896 2319 948 2370 boe

141 2405 253 2457 semper
263 2399 356 2453 noctu,
369 2398 551 2458 merguntque
563 2391 682 2459 navigia.
718 2392 776 2454 lter
787 2396 830 2440 est
843 2387 886 2439 his
898 2401 949 2454 per

141 2458 267 2527 hospitia
278 2470 362 2512 certa.
380 2464 481 2511 Austro
493 2476 546 2510 non
561 2459 664 2520 rolant,
675 2457 789 2509 humido
799 2456 908 2509 scilicet
920 2462 949 2507 et

138 2528 274 2598 graviore
285 2536 379 2580 vento.
390 2530 463 2578 Aura
474 2535 565 2576 tamen
576 2525 637 2575 sebi
648 2526 875 2591 soluntpropter
883 2540 949 2591 pon·

140 2600 194 2651 dus
205 2610 364 2661 corporum,
373 2593 499 2661 viresque
511 2608 619 2658 parvas.
647 2594 722 2643 ilinc
732 2594 886 2644 volantium
897 2591 950 2643 illa

137 2663 309 2733 conquestio
321 2661 417 2712 labore
427 2674 568 2726 expressa.
604 2656 742 2726 Aquilone
750 2676 818 2726 ergo
829 2662 950 2713 maxime

135 2736 243 2787 volant
253 2735 446 2797 ortygometra
456 2729 535 2780 doce.
555 2727 677 2778 Primam
690 2744 786 2778 earam
798 2736 889 2778 terrac
900 2743 950 2793 ap·

134 2801 375 2871 propinquantem
386 2798 520 2864 accipiter
530 2797 612 2863 rapit.
626 2795 742 2863 Semper
752 2795 816 2847 hinc
826 2809 949 2847 remean-

136 2882 185 2926 tes
199 2868 365 2920 comitatum
381 2867 538 2918 solicitant:
561 2865 718 2933 abeuntque
734 2880 790 2917 una
800 2879 949 2932 persuasae

138 2938 255 3012 glottis,
263 2943 295 2991 α
306 2941 379 2997 otus,
389 2941 417 2986 et
430 2934 604 3001 cychramus.

177 3006 286 3059 Glottis
302 3004 481 3070 praelongam
500 3004 604 3055 exserit
618 3003 757 3070 linguam:
778 3001 852 3055 unde
863 3003 888 3055 ei
900 3017 947 3054 no-

139 3090 216 3129 men.
242 3076 321 3126 llane
331 3074 413 3124 initio
425 3071 551 3124 blandita
562 3073 785 3140 peregrinatione
797 3073 878 3124 aride
888 3086 950 3138 pro·

141 3145 262 3206 lectam,
283 3142 457 3210 poenitentia
473 3141 500 3192 in
516 3141 612 3193 volatu
621 3178 629 3205 ,
651 3156 711 3193 cum
723 3141 821 3194 labore
830 3140 948 3201 seilicet,

141 3213 231 3266 subit:
251 3211 353 3264 reverti
375 3211 563 3263 incomitatam
580 3211 666 3278 piget,
686 3218 714 3263 et
727 3212 817 3278 sequi:
840 3225 949 3263 necun-

39 3294 44 3307 ·
143 3297 225 3351 quam
240 3281 301 3347 plus
313 3295 368 3331 uno
381 3281 425 3331 die
436 3282 538 3349 pergit:
559 3280 587 3331 in
599 3280 725 3346 proximo
736 3279 860 3347 hospitio
873 3278 949 3331 dese·

142 3353 190 3404 rit.
218 3348 320 3401 Verum
332 3350 472 3401 invenitur
482 3350 547 3410 alia,
559 3350 739 3401 antecedente
751 3364 823 3401 anno
834 3349 947 3401 relicta:

144 3419 229 3473 simili
246 3419 329 3469 modo
346 3419 374 3469 in
389 3418 514 3487 singulos
528 3418 599 3471 dies.
637 3418 808 3485 cychramus
824 3433 950 3485 perseve-

144 3490 254 3541 rantior
263 3487 379 3540 festinat
389 3488 472 3540 etiam
486 3489 629 3555 pervenire
640 3488 676 3539 ad
684 3489 822 3555 expetitas
834 3487 887 3539 sibi
895 3494 949 3539 ter·

145 3572 200 3610 ras.
211 3559 308 3623 ltaque
320 3564 405 3608 nocta
416 3559 438 3608 is
450 3572 496 3609 eas
508 3558 624 3619 excitat,
635 3557 820 3624 admonetque
831 3557 948 3608 itineris.

145 3627 335 3681 Otusbubono
346 3628 503 3687 minorent,
525 3628 634 3678 noctuis
646 3626 743 3688 oraior,
764 3626 878 3678 auribus
890 3625 949 3693 plu-

144 3698 215 3750 rneis
227 3696 422 3749 eminentibus:
443 3695 516 3749 unde
527 3702 555 3747 et
566 3711 664 3748 nomen
674 3695 730 3747 iili:
748 3695 860 3763 quidam
872 3694 949 3747 Lati·

146 3782 180 3819 ne
192 3767 317 3818 arionem
328 3770 443 3817 vocant:
462 3765 600 3817 imitatrix
612 3766 682 3817 alias
694 3765 753 3816 sris
768 3779 801 3818 ac
815 3767 949 3832 parasita,

145 3842 174 3889 et
184 3836 302 3905 quodam
314 3850 417 3904 genere
427 3835 565 3886 saltatrix.
578 3836 695 3903 Capitur
705 3833 778 3885 haud
792 3833 948 3897 difficulter,

145 3912 175 3957 nt
186 3912 312 3968 noctuae,
322 3906 431 3957 intenta
440 3904 468 3955 in
479 3905 583 3972 aliquo,
594 3905 855 3957 circumeuntealio.
866 3903 947 3965 Quod

145 3973 279 4027 aisantias
290 3989 389 4043 agmen
403 3972 519 4026 adverso
530 3974 597 4025 llutu
607 3974 730 4041 coeperit
741 3971 949 4041 inhiberepon·

146 4043 267 4095 tuscalis
278 4043 401 4112 lapidum
413 4042 607 4110 apprehensis,
628 4052 676 4095 aut
687 4050 801 4110 gutture
812 4058 897 4095 arena
908 4058 948 4093 re·

145 4112 231 4178 plato,
243 4114 387 4165 stabilitae
398 4113 501 4165 rolant.
537 4114 733 4166 coturnicibus
744 4112 844 4165 veneni
854 4127 948 4165 semen

144 4181 322 4249 gratissimus
339 4182 430 4233 cibus:
452 4196 533 4251 quam
545 4183 580 4234 ob
591 4198 701 4233 causam
719 4196 766 4235 eas
783 4180 948 4233 damnavere

142 4263 272 4301 mensae:
291 4251 424 4318 simulque
443 4252 614 4304 comitialem
639 4258 753 4318 propter
763 4252 888 4304 morbum
900 4250 948 4302 de-

144 4317 210 4384 spui
222 4325 341 4379 suetum,
360 4334 437 4387 quem
450 4321 528 4374 solae
538 4321 700 4373 animalium
711 4320 852 4384 sentiant,
871 4334 950 4387 prae·

145 4393 191 4438 ter
201 4383 352 4437 bominem.

180 4454 312 4507 xxxiv.
328 4459 436 4511 Abeunt
446 4466 476 4513 et
492 4459 655 4513 hirundines
665 4459 789 4513 hibernis
799 4461 950 4527 mensibus,

145 4526 207 4579 sola
218 4540 303 4578 carne
313 4543 428 4581 amoena
440 4533 546 4583 avices
559 4532 604 4591 iis,
626 4546 697 4597 quae
709 4531 832 4583 aduncos
843 4546 950 4599 ungnes

146 4609 200 4647 non
222 4595 338 4649 habent:
359 4598 408 4650 sed
429 4599 457 4650 in
479 4600 570 4651 vicina
584 4601 695 4663 abeunt,
713 4599 822 4666 apricos
837 4610 950 4654 secutae

148 4665 283 4717 montium
299 4681 440 4719 recessus:
459 4668 643 4737 inventaeque
660 4670 715 4721 iam
733 4676 798 4720 sant
810 4670 849 4722 ibi
860 4670 950 4723 nudae

148 4740 230 4814 atque
243 4734 395 4802 deplumes.
432 4737 590 4791 Thebarum
611 4746 687 4791 tecta
702 4739 795 4791 subire
805 4748 950 4808 negantur,

149 4815 277 4868 qnoniam
298 4806 363 4857 urbs
377 4805 429 4858 illa
450 4807 563 4874 saepias
580 4815 663 4874 capta
674 4808 723 4860 sit:
744 4824 794 4860 nec
805 4809 910 4877 Bizyae
922 4811 949 4861 in

149 4868 276 4934 Thracia,
286 4881 403 4941 propter
412 4876 521 4930 scelera
531 4878 625 4929 Terei.
659 4878 950 4933 CaecinaVolaterra-

148 4954 198 4991 aas
209 4944 346 5008 equestris
358 4944 478 5007 ordinis,
499 4946 696 5015 quadrigarum
714 4950 856 5012 dominus,
875 4966 949 5003 com·

146 5008 300 5076 prehensas
311 5012 337 5064 in
349 5013 451 5067 Urbem
465 5030 558 5069 secum
577 5014 722 5080 aulercos,
743 5018 951 5073 victoriaenun·

146 5078 201 5130 tias
222 5081 319 5132 amicis
334 5082 473 5147 mittebat,
494 5087 522 5136 in
540 5086 657 5136 eundem
674 5086 770 5136 nidum
788 5093 952 5148 remeantes,

148 5144 223 5199 illito
237 5150 375 5204 victoriae
390 5152 495 5206 colore.
532 5153 632 5206 Tradit
650 5161 679 5206 et
693 5154 797 5207 Fabius
813 5155 908 5208 Pictor
924 5158 951 5206 in

146 5216 296 5271 annalibus
307 5223 380 5284 suis,
401 5238 463 5275 cum
475 5223 653 5277 obsideretur
669 5223 837 5291 praesidium
849 5225 950 5277 lloma·

15 5296 17 5321 ⁵
114 5324 117 5333 .
145 5299 211 5338 anm
224 5289 599 5356 abigustinis,hirundineni
612 5309 629 5346 a
636 5292 723 5360 pullis
734 5292 769 5345 ad
781 5310 811 5347 se
823 5293 951 5345 allatam:

42 5358 49 5369 ’
121 5362 178 5408 *ut
198 5356 258 5409 lino
279 5360 314 5411 sd
336 5360 435 5426 pedem
459 5364 519 5416 eius
541 5364 658 5433 alligato
675 5363 952 5430 nodissigniilcaret,

81 5430 87 5441 ’
115 5430 134 5457 ”’
143 5420 301 5489 quoto‘ffi
302 5428 468 5483 adveniente
479 5433 586 5485 anxilio
596 5432 706 5500 eruptio
718 5434 780 5485 heri
794 5432 917 5485 deberet.

178 5494 296 5548 xxxv.
315 5499 423 5552 Abeunt
435 5508 464 5552 et
474 5501 608 5566 merulae,
622 5501 762 5570 turdique,
773 5508 802 5557 et
811 5501 902 5556 sturni
913 5498 951 5553 sl·

181 5564 280 5617 Pars.
301 5568 397 5622 iirsr.
416 5568 550 5625 aaran

1736 233 1794 299 tar

999 387 1063 439 mlii
1075 388 1156 440 modo
1172 390 1199 440 in
1209 389 1311 440 nicias.
1347 382 1402 437 Sed
1413 383 1574 452 biplamam
1590 385 1800 448 nonamittunt,

1001 471 1052 509 nec
1063 459 1248 509 occultantur:
1267 456 1320 509 risi
1331 470 1415 521 saepe
1425 455 1474 518 ibi,
1494 469 1548 521 quo
1560 452 1705 507 hibernum
1715 456 1800 520 pabu-

999 526 1057 577 lum
1069 531 1178 592 petunt:
1200 528 1292 593 itaque
1303 527 1330 577 in
1342 523 1493 577 Germania
1509 522 1596 576 bieme
1612 524 1799 575 maximetur-

1000 595 1198 647 dicernuntur.
1233 592 1619 654 Veriurturturoccultatur,
1640 606 1799 660 pennasque

1000 665 1114 719 amittit.
1149 661 1461 728 Abeuntetpalumbem
1483 677 1615 729 quonam,
1634 668 1663 714 et
1673 661 1701 712 in
1712 662 1748 713 iis
1759 661 1800 713 in·

1000 738 1116 785 certum.
1146 729 1310 783 sturnorum
1322 731 1418 797 generi
1427 734 1567 799 proprium
1580 731 1746 783 catervatim
1752 745 1799 783 so-

1001 802 1074 863 lare,
1095 805 1124 851 et
1134 799 1255 867 quodam
1271 797 1345 865 pilae
1360 799 1427 851 orbe
1445 800 1610 867 circumagi,
1628 799 1756 852 omnihus
1769 798 1799 851 iu

1000 869 1121 923 modium
1142 883 1243 937 agmen
1256 867 1443 919 tendentibus.
1479 867 1631 921 Volucrum
1643 868 1698 920 soli
1708 865 1801 919 hiran·

1001 939 1059 991 dini
1069 938 1187 991 tlexaosi
1198 937 1310 988 volatus
1320 936 1404 987 relox
1415 935 1556 989 celeritas:
1578 937 1676 1006 quibus
1694 952 1728 989 ex
1739 951 1801 987 eau-

1000 1005 1738 1142 sihilariter:tilll.²ilt.l.⁰l.l⁰.ii.⁰“·
1759 1006 1803 1059 a.

1035 1141 1353 1207 navarraearum
1384 1156 1487 1209 magna
1512 1142 1671 1197 differentia
1694 1144 1801 1196 avibus.

1000 1214 1147 1278 Perennae,
1153 1210 1350 1263 utcolumbac:
1362 1217 1557 1271 semestrequt
1568 1210 1742 1267 hirundines:
1753 1213 1803 1265 tri·

999 1291 1126 1345 mesmes,
1148 1287 1181 1332 ut
1191 1280 1267 1333 turdi
1279 1286 1307 1331 et
1318 1286 1454 1330 turtures:
1477 1284 1601 1344 atquae,
1623 1295 1684 1333 eum
1694 1280 1802 1333 loetum

999 1351 1129 1413 eduxere,
1138 1352 1296 1412 abeant3ut
1305 1348 1420 1417 galgulb
1429 1361 1547 1414 upupae.

1034 1420 1173 1472 xxxva.
1193 1420 1329 1491 Auctore:
1340 1424 1418 1478 sunt,
1438 1416 1566 1467 omnibus
1579 1417 1659 1468 annis
1670 1416 1803 1473 advolare

998 1488 1079 1541 llium
1090 1505 1125 1541 ex
1135 1487 1283 1554 Aethiopia
1301 1502 1381 1548 aves,
1401 1492 1430 1538 et
1442 1483 1592 1553 confligere
1607 1483 1642 1536 ad
1652 1483 1802 1539 Mennoais

999 1559 1147 1621 tumulum,
1158 1572 1226 1624 quas
1236 1558 1271 1609 ob
1283 1555 1310 1607 id
1322 1555 1508 1607 Mennonidas
1519 1561 1628 1605 vocant
1656 1554 1719 1605 lloc
1730 1553 1803 1609 idem

1000 1628 1097 1696 quinto
1108 1642 1218 1695 quoque
1229 1640 1301 1676 anno
1313 1624 1404 1678 iacere
1420 1640 1468 1675 aas
1478 1625 1507 1675 in
1519 1622 1668 1689 Aethiopia
1677 1623 1753 1675 circa
1761 1636 1804 1677 re·

1000 1698 1075 1766 mam
1088 1695 1243 1758 hiennonis,
1258 1694 1433 1762 exploratum
1445 1695 1499 1745 sibi
1511 1694 1668 1759 Crenmtius
1680 1690 1777 1743 tradit.

1034 1763 1190 1818 xxxvio.
1210 1764 1302 1816 Simili
1322 1763 1405 1815 niodo
1426 1769 1550 1843 pugnant
1571 1760 1759 1828 Meleagridea
1776 1758 1806 1813 in
1882 1810 1886 1817 ,

1000 1836 1129 1889 Boeotia.
1165 1834 1276 1887 Africae
1287 1826 1341 1885 hoc
1352 1841 1395 1885 est
1405 1832 1573 1900 gallinarum
1590 1845 1690 1897 genus,
1711 1829 1805 1898 gibba·

1000 1921 1071 1969 rum,
1092 1903 1178 1956 variis
1193 1918 1319 1971 sparsum
1340 1902 1459 1970 plumis:
1481 1899 1807 1968 quaenoyiosimaesunt

1001 1974 1210 2043 peregrinarum
1221 1975 1311 2024 arium
1328 1971 1629 2037 inmensas-„receptae
1640 1976 1755 2037 propter
1765 1969 1807 2021 in·

1000 2050 1111 2166 gratum
1121 2043 1206 2097 sirus.
1238 2036 1340 2095 Verum
1353 2041 1490 2114 Meleagri
1502 2039 1627 2092 tumulus
1637 2038 1746 2093 nobiles
1757 2053 1805 2091 eas

1014 2113 1078 2166 ecit.

1036 2180 1165 2234 XXXIX.
1177 2179 1337 2232 Seleucides
1349 2195 1413 2232 ares
1423 2187 1567 2241 vocantur,
1578 2191 1694 2246 quarum
1705 2176 1805 2229 adven·

1002 2257 1060 2304 tum
1078 2252 1112 2302 ab
1127 2253 1191 2303 lore
1203 2249 1332 2317 precihus
1348 2250 1500 2317 impetrant
1511 2247 1587 2301 Casii
1604 2246 1707 2299 orontis
1730 2246 1807 2298 inco·

1001 2321 1055 2382 lae,
1066 2319 1162 2388 fruges
1173 2334 1271 2370 eoram
1282 2320 1399 2371 locustis
1408 2319 1592 2371 vastantibus.
1609 2316 1668 2369 Nee
1678 2315 1751 2367 uode
1762 2330 1806 2368 re·

1001 2391 1090 2451 niant,
1112 2405 1200 2457 quove
1213 2389 1323 2449 abeant,
1338 2396 1525 2455 compertum:
1545 2400 1683 2454 nunquan:
1694 2399 1807 2452 conspe·

1002 2459 1065 2519 etis,
1075 2459 1128 2509 nisi
1140 2474 1201 2510 cum
1215 2457 1354 2525 praesidio
1367 2472 1460 2510 earum
1471 2455 1619 2522 indigetur.

1038 2526 1097 2578 xl..
1115 2527 1247 2580 lnrocant
1258 2534 1287 2578 et
1297 2526 1425 2593 Aegyptii
1441 2524 1501 2575 thes
1511 2539 1575 2575 suas
1587 2530 1808 2586 eontraaerpea·

1002 2596 1072 2648 tium
1085 2596 1246 2647 adrentum:
1268 2601 1297 2647 et
1307 2594 1370 2649 Elei
1379 2592 1529 2660 Myiagron
1541 2591 1633 2651 deum,
1650 2603 1806 2641 muscarum
1886 2618 1891 2627 ·

1002 2663 1181 2715 multitudine
1202 2662 1392 2729 pestilentiam
1413 2659 1561 2710 afferente:
1588 2673 1660 2726 quae
1678 2658 1806 2725 protinus

1005 2733 1155 2791 intereunt,
1186 2743 1250 2780 ilani
1261 2729 1372 2779 litatum
1384 2735 1428 2778 est
1440 2727 1465 2779 ei
1476 2728 1538 2780 deo.

1038 2798 1114 2850 ΧΗ.
1131 2746 1185 2850 Sea
1197 2798 1225 2849 io
1236 2812 1346 2850 secessu
1357 2797 1448 2848 arium
1466 2802 1495 2849 et
1509 2800 1628 2863 :gortyae
1645 2796 1741 2862 panem
1751 2796 1808 2850 die·

1002 2870 1054 2921 bus
1065 2867 1153 2921 latere
1163 2866 1326 2918 traduntur:
1348 2881 1569 2947 quarumgenus
1584 2866 1611 2916 in
1624 2866 1707 2927 Creta
1718 2865 1809 2929 insula

1003 2945 1125 3006 nonest:
1149 2936 1232 2990 etiam
1245 2935 1335 3002 siqua
1352 2944 1464 2988 inrecta
1481 2936 1534 2997 sit,
1554 2935 1697 2987 enioritur.
1733 2936 1808 2989 Naro

1003 3005 1191 3073 haecquoque
1201 3004 1272 3057 mira
1288 3010 1405 3056 naturae
1422 3003 1596 3056 differentia:
1621 3004 1678 3055 alia
1692 3003 1756 3055 aliis
1767 3005 1808 3057 lo·

1003 3078 1043 3128 cis
1054 3081 1151 3142 negat:
1174 3081 1304 3140 tanquam
1315 3088 1418 3141 genera
1440 3073 1549 3141 frugum
1563 3074 1745 3136 fruticumve,
1766 3073 1808 3126 sic

1003 3151 1031 3197 et
1053 3143 1232 3195 animalium:
1264 3158 1319 3194 non
1338 3143 1429 3205 nasci,
1451 3140 1665 3199 translatitium:
1694 3144 1807 3196 inrecta

1003 3215 1100 3276 emori,
1111 3215 1217 3265 mirum.
1231 3211 1304 3275 Quid
1316 3219 1359 3264 est
1370 3211 1440 3263 illud
1450 3213 1531 3264 unius
1542 3211 1651 3279 generis
1660 3209 1745 3262 saluti
1755 3211 1805 3264 ad·

1002 3281 1130 3335 versum!
1150 3297 1254 3349 quaeve
1264 3283 1319 3333 ista
1329 3289 1445 3333 naturae
1461 3279 1582 3331 invidiai
1601 3280 1708 3346 autqui
1720 3287 1807 3334 terra·

1001 3368 1062 3404 rum
1076 3351 1145 3404 dicti
1157 3346 1254 3403 aribus
1264 3350 1393 3403 termini!
1405 3348 1646 3417 Rhodusaquilam
1653 3348 1806 3403 nonhabet.

1001 3420 1204 3489 Transpadana
1214 3420 1296 3472 ltalia
1306 3418 1473 3487 iuxtaAlpes
1484 3418 1599 3472 Larium
1610 3419 1703 3470 laeum
1711 3419 1807 3488 appel·

1001 3491 1056 3551 lat,
1075 3506 1222 3543 amoenum
1235 3490 1351 3541 arbusto
1362 3504 1447 3556 agro,
1469 3488 1504 3542 ad
1521 3503 1601 3556 quem
1614 3486 1739 3542 ciconiae
1749 3504 1805 3542 noa

1001 3567 1161 3628 permeant:
1182 3561 1265 3611 sicuti
1279 3575 1329 3612 nee
1346 3567 1472 3611 octavum
1484 3558 1560 3610 cirea
1580 3557 1702 3624 lapidem
1714 3560 1750 3612 ab
1761 3575 1804 3613 eo.

1003 3630 1139 3681 immensa
1150 3629 1256 3697 alioqui
1268 3630 1386 3683 finitimo
1397 3629 1554 3681 insubrium
1575 3634 1664 3679 tractu
1676 3631 1806 3684 examina

1002 3697 1483 3767 graeculorummonedularamque,
1494 3697 1538 3750 cui
1549 3697 1603 3749 soli
1614 3698 1659 3749 avi
1671 3696 1806 3752 furacitas

1002 3769 1064 3821 auri
1075 3768 1238 3849 argentique
1247 3769 1394 3836 praecipue
1405 3768 1475 3820 mira
1485 3774 1536 3820 est.
1552 3767 1634 3819 Picus
1645 3768 1765 3821 Martius
1776 3769 1807 3822 in

1002 3839 1234 3907 Tarentinosgro
1245 3844 1364 3906 negatur
1375 3853 1444 3891 esse.
1457 3836 1559 3904 Nuper,
1572 3844 1600 3889 et
1610 3834 1701 3890 adhuc
1713 3845 1805 3891 maren

1001 3923 1075 3970 rara,
1088 3908 1273 3973 abApennino
1286 3908 1321 3959 ad
1333 3906 1433 3959 Urbem
1444 3921 1541 3959 sersus
1551 3906 1627 3959 cerni
1637 3921 1755 3971 coepere
1767 3907 1806 3973 pi·

1003 3992 1095 4029 carum
1106 3991 1225 4044 genera,
1247 3992 1317 4045 quae
1328 3977 1413 4047 longa
1422 3976 1545 4044 insignes
1556 3974 1645 4026 cauda
1655 3974 1748 4026 variae
1759 3989 1806 4040 ap·

1001 4045 1150 4112 pellantur.
1187 4046 1334 4112 Proprium
1353 4046 1396 4097 his
1412 4046 1568 4097 calvescere
1580 4042 1706 4095 omnibus
1717 4043 1806 4107 annis,

1003 4130 1065 4169 eum
1076 4122 1204 4168 serantur
1213 4130 1288 4183 rapa.
1324 4116 1452 4168 Perdices
1463 4130 1517 4164 non
1530 4110 1705 4164 transvolant
1715 4111 1805 4164 Boeo·

1002 4185 1061 4237 tiae
1078 4184 1148 4239 lines
1163 4183 1191 4236 in
1203 4186 1308 4237 Attica:
1329 4199 1379 4237 nee
1394 4184 1452 4234 ulla
1468 4182 1526 4233 aris
1543 4183 1571 4232 in
1593 4180 1693 4243 Ponto,
1712 4181 1807 4235 insula

1021 4268 1058 4304 aa
1069 4254 1195 4320 sepultus
1207 4258 1250 4305 est
1260 4252 1396 4315 Achilles,
1418 4257 1553 4303 sacratam
1565 4248 1592 4303 ei
1603 4249 1709 4301 aedem.
1719 4250 1751 4302 ln
1762 4250 1807 4302 Fi-

1023 4331 1103 4374 cnate
1120 4337 1189 4389 agro
1199 4320 1280 4372 iuxta
1289 4323 1382 4373 urbem
1396 4320 1518 4371 ciconiae
1533 4334 1584 4371 nec
1598 4318 1689 4386 pullos
1701 4336 1753 4373 nee
1762 4321 1804 4375 ni·

1005 4392 1069 4446 duur
1080 4392 1196 4443 iaciunt.
1212 4392 1247 4442 At
1257 4390 1286 4441 in
1299 4405 1395 4457 agrurn
1408 4388 1620 4442 Volaterranum
1633 4389 1804 4458 palumbium

1002 4462 1043 4514 vis
1055 4477 1071 4514 e
1081 4460 1153 4514 mari
1163 4459 1311 4529 quotannis
1323 4458 1445 4512 advolat.
1471 4460 1575 4513 Romae
1585 4460 1614 4513 in
1625 4461 1722 4514 aedem
1733 4461 1806 4514 ller-

1004 4530 1073 4585 culis
1083 4532 1112 4583 in
1122 4529 1187 4584 foro
1197 4529 1302 4581 Boario
1319 4544 1370 4580 nec
1389 4544 1513 4593 muscae,
1532 4545 1583 4583 nec
1594 4546 1676 4583 canes
1687 4531 1805 4585 intrant.
1901 4584 1906 4593 ,

1003 4602 1095 4654 Multa
1105 4607 1252 4669 praetereg
1261 4599 1376 4660 similia,
1387 4615 1458 4667 quae
1470 4600 1589 4668 prudens
1601 4600 1719 4653 subinde
1725 4601 1806 4654 omit·

1003 4679 1033 4724 to
1044 4673 1071 4723 in
1079 4671 1194 4740 singulis
1204 4671 1360 4739 generibus,
1366 4668 1483 4724 fastidio
1493 4684 1622 4736 parcens:
1635 4671 1805 4739 quippccam

1003 4739 1215 4808 Theophrastus
1228 4739 1324 4792 tradat
1339 4739 1500 4813 invectitias
1516 4754 1576 4792 esse
1587 4741 1614 4790 in
1626 4741 1692 4792 Asia
1702 4740 1807 4793 colum·

1002 4813 1062 4873 bas,
1083 4816 1112 4863 et
1125 4825 1256 4879 pavones,
1277 4818 1430 4876 etcorros,
1450 4816 1479 4861 et
1490 4800 1518 4861 in
1529 4808 1685 4877 Cyrenaica
1695 4810 1806 4863 vocales

1003 4895 1094 4932 ranas.

1038 4947 1123 4999 XLll.
1142 4949 1206 5000 Alia
1220 4948 1371 5001 adoriratio
1388 4948 1461 5001 circa
1476 4946 1597 4998 oscines:
1616 4943 1677 4999 lere
1697 4952 1810 4999 mutant

1005 5017 1127 5069 colorem
1150 5032 1300 5084 vocemque
1320 5024 1445 5084 tempore
1462 5014 1540 5075 anni,
1561 5029 1594 5066 ae
1611 5020 1725 5079 repente
1736 5016 1809 5083 liunt

1004 5088 1092 5138 aliae:
1116 5082 1189 5155 quod
1207 5084 1235 5136 in
1250 5086 1402 5154 granffiore
1421 5083 1519 5136 alitum
1536 5096 1637 5151 genere
1654 5095 1738 5148 grues
1749 5087 1811 5133 tan·
1830 5139 1834 5151 ι

1004 5162 1062 5211 tum
1072 5172 1078 5203 ι
1089 5152 1142 5205 hae
1155 5154 1229 5206 enim
1240 5162 1385 5208 senectute
1396 5154 1567 5221 nigrescunt.
1598 5148 1709 5202 Merula
1719 5162 1755 5199 ax
1767 5147 1811 5196 sr-

1003 5239 1056 5292 gra
1066 5219 1192 5285 rufescit,
1203 5225 1278 5275 canit
1289 5229 1407 5286 amiate,
1417 5222 1509 5275 bieme
1519 5217 1650 5277 balbutit,
1666 5215 1740 5293 cirea
1750 5211 1812 5265 rol·

1004 5291 1135 5344 stitinm¹
1182 5298 1188 5304 '
1254 5293 1276 5304 “
1315 5298 1385 5344 *ms
1408 5302 1517 5356 quoque
1536 5282 1670 5338 anniculis
1689 5293 1718 5327 an
1735 5275 1815 5331 ebur

1005 5359 1111 5414 transii
1379 5354 1532 5407 maribus.
1562 5344 1662 5400 'turdis
1672 5342 1818 5395 colerae·

1004 5436 1077 5485 mh
1411 5438 1416 5456 Ι
1435 5411 1819 5526 mmm⁹co-ttiiobilrcf'contimui.
