4368 6008
371 294 433 356 aaa
477 258 1146 350 c.rcrrr11'suouunrns·rua.
1179 284 1375 347 Hrsror.
1409 284 1644 347 bra..xxu,
1678 288 1768 347 epp,
1792 272 1919 391 3434

369 440 582 511 Apollophanes
593 445 622 492 et
631 435 819 505 Apollodorus
832 433 955 488 tradunt.
991 433 1175 490 Foliainfaa·

371 515 439 566 tium
450 509 698 568 destillationibus,
709 505 783 573 quod
794 504 906 557 siriasin
916 505 1110 567 recanaillita
1119 522 1175 560 ma-

372 585 485 636 dentes.
520 580 590 633 item
602 575 855 637 contractionibus,
874 574 959 627 etiam
970 574 997 626 si
1008 574 1036 627 id
1047 577 1175 628 coniitia·

373 654 439 706 liter
450 650 567 704 accidat.
602 647 729 700 Decocte
741 660 851 711 quoque
870 643 962 697 foveri
980 659 1011 697 os
1022 647 1172 699 saluberri-

372 739 447 775 mum
459 728 511 775 est.
546 718 648 771 Potum
659 714 688 766 id
699 714 781 781 pellit
791 714 896 776 tineas,
917 720 946 766 et
955 729 1051 768 renum
1064 730 1172 769 arenas.

373 793 403 846 Si
420 794 556 845 caminam
574 784 733 847 adiicietur,
754 783 876 836 calculos
893 782 1009 852 frangit.
1046 785 1174 851 Decoqui

373 877 434 914 cum
445 857 537 910 radice
548 860 675 922 oportet,
698 868 768 923 quae
778 870 840 906 cum
852 854 928 906 foliis
947 864 977 907 ιι
987 852 1094 909 hircino
1102 870 1172 909 aere

334 948 339 951 ·
373 927 505 999 podagris
516 924 645 977 illinitur.

406 999 532 1050 Alterum
543 1009 639 1063 genus,
658 993 732 1062 quod
745 994 898 1047 tricoccum
910 994 1122 1062 appellavimus,
1144 1000 1172 1047 ιι

373 1068 430 1123 aiio
451 1066 564 1118 nomine
584 1065 749 1131 scorpiuron
763 1071 890 1127 vocatur,
910 1063 990 1116 foliis
1007 1079 1062 1117 non
1078 1064 1171 1117 solum

371 1136 534 1197 minoribus,
544 1135 593 1187 sed
604 1134 687 1187 etiam
701 1134 728 1184 io
740 1140 843 1186 terram
855 1133 1043 1203 vergentibus.
1073 1133 1172 1188 Samen

372 1210 401 1260 ei
412 1215 454 1259 est
464 1206 556 1274 effigie
566 1204 723 1270 scorpionis
736 1203 853 1257 caudae:
865 1219 952 1271 quare
965 1204 991 1257 ei
1000 1219 1109 1256 nomen.
1120 1205 1172 1258 Vis

371 1276 407 1330 ad
421 1277 518 1329 omnia
527 1280 665 1328 venenata
674 1279 703 1325 ιι
715 1270 929 1342 phalangia,sed
939 1280 1039 1327 contra
1050 1275 1173 1342 scorpio·

370 1362 421 1399 nes
433 1345 583 1413 praecipue
599 1343 681 1394 illita.
719 1342 782 1394 Non
798 1342 936 1397 feriuntur
953 1342 1096 1397 habentos.
1133 1344 1172 1395 Et

343 1406 348 1423 ⁸
371 1419 396 1468 si
412 1423 515 1467 terram
536 1414 647 1465 surculo
666 1409 829 1480 heliotropii
844 1414 1054 1466 circumscribat
1064 1415 1171 1481 aliquia,

371 1490 476 1552 negant
487 1483 661 1549 scorpionem
674 1483 778 1549 egredi.
793 1484 928 1551 imposita
938 1499 1005 1537 vere
1017 1482 1110 1546 herba,
1121 1489 1171 1536 aut

370 1555 426 1606 uda
438 1554 550 1604 omnino
563 1567 729 1619 respersum,
741 1553 866 1620 protinus
876 1554 957 1605 mori.
979 1554 1098 1607 Seminis
1110 1568 1172 1621 gra·

370 1639 407 1674 na
417 1629 537 1689 quatuor
546 1629 621 1689 pota,
647 1624 790 1689 quartanis
807 1623 941 1690 prodesse
952 1623 1093 1686 dicuntur,
1112 1624 1171 1675 tria

370 1706 438 1743 sero
450 1693 590 1744 tertianis:
601 1690 645 1744 rel
656 1692 682 1742 si
693 1691 779 1744 herba
788 1692 851 1759 ipsa
859 1700 903 1746 ter
913 1693 1080 1746 circumlata
1087 1693 1170 1746 subii·

370 1762 464 1831 ciatur
485 1761 578 1827 copiti.
615 1760 715 1813 Samen
733 1767 762 1813 et
773 1760 910 1816 Venerem
926 1763 1064 1815 stimulat.
1101 1764 1170 1815 Cum

370 1830 452 1883 melle
464 1845 550 1897 penos
563 1829 686 1882 discutit.
721 1832 759 1883 Et
770 1847 901 1885 verrucas
911 1831 965 1885 hoc
974 1833 1072 1901 utique
1081 1829 1170 1884 helio·

300 1944 307 1953 .
369 1899 492 1966 trepium
504 1898 639 1951 radicitus
650 1899 788 1964 extrahit,
809 1908 838 1954 et
848 1904 1040 1955 excrescentia
1059 1905 1086 1953 in
1097 1902 1170 1954 sedi·

371 1971 430 2022 bus.
466 1968 569 2036 Spirae
581 1984 691 2037 quoque
712 1984 745 2022 ac
756 1969 912 2024 lumborum
933 1972 1095 2039 sanguinem
1107 1986 1169 2024 cor·

369 2044 479 2105 ruptum
492 2036 579 2090 trahit
589 2040 694 2090 illitum
704 2056 808 2104 semen,
819 2048 848 2092 ιι
857 2047 963 2106 potum,
974 2044 1002 2091 in
1014 2042 1076 2093 iure
1086 2040 1167 2109 galli·

370 2107 451 2159 nacti
462 2107 619 2167 decoctum,
631 2112 753 2158 autenm
765 2109 830 2160 beta
840 2115 868 2159 et
880 2106 963 2160 lente.
988 2110 1092 2162 Cortex
1102 2124 1168 2163 rero

369 2175 518 2228 liventibus
528 2175 650 2227 colorem
661 2174 764 2227 reddit.
787 2177 866 2244 Magi
879 2174 1076 2244 heliotropium
1087 2194 1169 2245 quar·

367 2247 442 2297 tanis
454 2251 560 2312 quator,
581 2245 610 2295 in
621 2245 748 2296 tertianis
768 2252 814 2298 ter
830 2247 940 2315 alligari
951 2247 1048 2300 iubent
1060 2249 1094 2300 ab
1106 2249 1167 2315 ipso

368 2330 464 2382 aegro,
485 2313 649 2382 precarique
661 2329 733 2377 eum,
756 2315 911 2368 soluturum
927 2332 959 2370 ιι
969 2317 1057 2370 aedos
1067 2317 1169 2371 libera·

366 2394 436 2447 tuna,
447 2390 476 2436 et
487 2387 527 2436 its
538 2384 630 2435 faeere
642 2398 697 2435 noo
708 2392 820 2437 exemto
830 2384 924 2439 herba.

402 2453 491 2506 XXX.
509 2452 593 2505 aliod
614 2452 729 2505 adianto
753 2455 935 2508 miraculum:
957 2460 1065 2508 aestate
1085 2455 1167 2517 viret,

367 2524 469 2576 bruma
477 2537 535 2574 oon
548 2522 708 2575 marcescit:
720 2539 807 2592 aquas
816 2527 933 2592 respuit,
944 2524 1086 2592 perfusum
1098 2540 1167 2578 mer·

366 2607 463 2646 sumre
474 2593 549 2644 sicco
561 2592 654 2646 simile
665 2599 720 2646 est:
740 2600 822 2646 tanta
842 2594 1005 2648 dissociatio
1016 2594 1168 2661 deprehen·

367 2663 458 2715 ditur:
478 2661 552 2714 unde
564 2667 592 2714 et
603 2677 702 2714 nomen
718 2663 875 2717 uGraecis:
896 2665 1003 2733 alioqui
1020 2664 1115 2716 frutici
1127 2672 1167 2716 to·

367 2733 467 2801 pierio.
480 2730 601 2794 Quidam
613 2731 789 2785 callitrichon
800 2734 966 2799 vocant,alii
976 2732 1167 2802 polytrichon,

365 2811 515 2870 utrumque
534 2803 572 2857 ab
589 2801 698 2855 effectu.
733 2805 916 2873 Tingitanim
933 2804 1074 2872 capillum:
1094 2802 1167 2857 etad

368 2871 420 2924 hoc
431 2870 597 2940 decoquitur
608 2875 636 2924 in
647 2873 712 2925 rino
722 2887 783 2927 cunr
794 2875 901 2927 semine
912 2873 1167 2941 apii,adiecteoieo

364 2942 487 3008 copiose,
507 2949 539 2994 ιιι
549 2944 672 3010 crispum
684 2943 852 3011 densumque
864 2943 963 2996 faciat:
984 2942 1106 2996 defluere
1117 2958 1167 2993 au·

365 3016 421 3062 tem
434 3010 572 3076 prohibet.
610 3013 673 3065 Duo
686 3012 746 3064 eius
763 3028 881 3082 genera:
904 3012 1060 3074 candidius,
1083 3019 1112 3064 et
1123 3012 1166 3063 oi·

364 3093 444 3147 grum
455 3081 632 3148 breviusque.
668 3080 698 3132 ld
711 3083 786 3150 quod
797 3082 887 3134 maius
898 3087 950 3145 est,
972 3079 1165 3149 polytrichonz

365 3147 461 3215 aliqui,
474 3148 660 3201 trichomanes
671 3158 781 3204 vocant.
793 3151 909 3219 Utrique
918 3151 1019 3202 ramuli
1030 3151 1110 3219 nigre
1122 3166 1166 3203 ce·

363 3216 427 3270 lore
439 3217 539 3280 nitent,
555 3217 633 3270 feliis
644 3219 740 3272 filicis:
762 3235 797 3273 ex
808 3222 909 3291 quibua
920 3219 1055 3274 inferiora
1065 3234 1166 3286 aspera

290 3320 297 3331 ·
363 3302 397 3340 ac
408 3287 576 3340 fuscasum:
588 3289 787 3343 omoiaautem
798 3291 948 3344 contrariis
960 3289 1165 3357 pediculiaden·

364 3372 395 3408 sa
405 3357 481 3411 inter
491 3372 568 3411 senx
581 3359 709 3412 adversor
731 3360 812 3413 radix
834 3362 921 3413 nulla.
958 3362 1166 3426 Umbroaaape-

363 3433 431 3489 tras,
452 3428 646 3493 parietumque
667 3431 837 3496 aspergines,
856 3443 890 3481 ac
905 3431 1025 3481 fontium
1043 3431 1164 3484 maxime

363 3510 462 3561 specus
483 3496 618 3564 sequitur,
640 3501 669 3548 ιι
683 3500 916 3551 ιιιιιιιιιιιιιιιιιι
937 3498 1012 3566 quod
1021 3499 1165 3561 miremur,

362 3581 424 3616 cum
435 3578 521 3633 aquas
531 3581 586 3618 non
598 3569 711 3619 ιιιιιιιι.
728 3568 856 3621 calculos
869 3585 884 3621 e
896 3582 1014 3636 corpore
1027 3568 1098 3620 mire
1108 3568 1164 3634 pel·

301 3648 307 3654 ·
362 3635 403 3697 lit,
415 3633 585 3703 frangitque,
598 3637 696 3703 utique
707 3640 827 3705 nigrum.
851 3640 913 3701 Qua
924 3637 958 3689 dc
969 3654 1053 3691 causa
1062 3637 1164 3704 potius,

362 3719 444 3773 quam
456 3706 531 3772 quod
541 3708 570 3758 in
581 3708 658 3757 saxis
671 3711 864 3766 nasceretur,a
874 3708 980 3759 nostris
990 3707 1163 3776 saxifragum

362 3775 535 3842 appellatum
557 3772 733 3824 crediderim.
768 3773 880 3824 Bibitur
899 3790 915 3826 e
935 3776 1010 3837 vino,
1031 3783 1162 3842 quantum

360 3843 438 3895 terni
449 3842 615 3907 decerpsere
625 3839 719 3906 digiti
756 3841 867 3892 Urinam
880 3843 962 3893 cient.
988 3843 1162 3911 Serpentium

362 3918 392 3963 et
403 3922 568 3962 araneorum
580 3908 694 3960 venenis
704 3909 847 3962 resistunt.
882 3912 913 3962 ln
923 3910 987 3963 rino
999 3911 1109 3965 decocti
1120 3914 1161 3966 al-

359 3994 423 4030 rum
445 3978 555 4028 sistam.
592 3976 699 4043 Capitis
713 3978 825 4030 dolores
846 3994 949 4032 corona
965 3997 1000 4034 ex
1014 3981 1058 4035 his
1074 3982 1162 4038 sedat.

360 4050 466 4100 contra
484 4044 687 4115 scolopendrae
708 4050 982 4113 morsusillinuotur,
1005 4053 1103 4105 erebro
1115 4069 1162 4106 au·

360 4114 477 4177 ferendi,
496 4130 530 4168 ne
541 4118 688 4182 perurant:
709 4115 763 4172 hoc
774 4125 802 4169 et
813 4121 841 4170 io
854 4120 997 4187 alopeciis.
1033 4121 1161 4176 Strumas

360 4185 524 4248 discutiunt,
537 4186 715 4258 furfuresque
725 4189 754 4239 in
767 4188 848 4251 facie,
871 4197 899 4242 et
910 4191 1011 4259 eapitis
1022 4194 1163 4247 manantia

359 4251 481 4310 hulcera.
506 4257 658 4309 Decoctum
671 4274 705 4311 ex
718 4258 760 4311 hia
772 4259 885 4327 prodest
893 4263 1064 4328 suspiriosis,
1076 4269 1106 4317 et
1117 4266 1162 4316 io-

359 4325 457 4389 cineri,
469 4332 498 4379 et
508 4326 583 4389 lieni,
595 4336 624 4379 et
635 4326 703 4381 felle
712 4327 835 4394 suffusis,
846 4338 874 4383 et
885 4328 1055 4398 hydropicis.
1066 4332 1161 4387 Stran-

358 4397 457 4462 goriae
469 4395 622 4460 illinuntur,
634 4405 662 4449 et
673 4400 788 4452 renibus
799 4416 861 4452 cum
873 4400 1023 4454 absinthio.
1054 4401 1159 4457 Secun-

359 4465 411 4515 dus
423 4464 508 4525 cicnt,
520 4471 549 4517 ιι
558 4472 709 4519 menstrua.
726 4468 896 4538 Sanguinem
908 4472 1011 4525 sistunt
1022 4487 1056 4524 ex
1067 4480 1159 4537 aceto,

356 4539 407 4584 aut
426 4533 491 4584 rubi
508 4547 592 4585 succo
610 4536 679 4601 poti.
716 4537 840 4592 infantes
860 4540 1155 4609 quoqueexhuicerati

356 4603 639 4669 perunguntorexlis
651 4620 712 4657 cum
731 4621 847 4661 rosaceo
859 4616 889 4662 et
907 4612 1067 4678 rinoprius.
1103 4612 1157 4663 Fo-

359 4671 426 4722 lium
446 4671 474 4721 in
495 4672 577 4722 ariao
595 4675 676 4737 pueri
694 4675 824 4743 impubis,
846 4678 941 4732 tritum
962 4681 1073 4747 quidem
1095 4696 1157 4733 cum

356 4738 532 4806 aphrora'tro,
555 4746 584 4793 ιι
593 4741 700 4794 illitum
712 4746 803 4797 reotri
816 4747 973 4809 mulierum,
993 4765 1028 4802 ne
1038 4764 1157 4818 rugosus

356 4808 417 4870 ilat,
438 4815 583 4876 praestare
595 4809 707 4865 dicitur.
743 4813 875 4868 Perdices
887 4824 916 4869 et
926 4817 1097 4887 gallinaceos
1109 4833 1158 4885 pu·

356 4879 503 4946 giracimes
514 4877 575 4930 fleri
587 4887 700 4945 putant,
720 4883 750 4936 la
761 4884 854 4938 mium
865 4901 960 4939 eorum
972 4887 1091 4940 additis:
1113 4902 1158 4955 pe·

356 4948 470 5013 carique
479 4948 725 5002 mseutllisaimos.

391 5014 493 5069 xxxi.
513 5016 601 5099 l‘lcris
620 5020 654 5071 ab
669 5020 771 5089 insigni
781 5024 969 5079 amaritudine
980 5025 1157 5108 cognomina·

356 5092 412 5148 tur,
428 5091 460 5139 ut
470 5085 607 5138 diximus:
629 5089 751 5141 rotundo
763 5090 844 5145 folio.
881 5095 972 5147 Tollit
983 5095 1084 5149 eximie
1094 5111 1154 5148 rer-

356 5170 447 5209 rucaa.
463 5154 617 5207 ’Thasium
629 5171 740 5224 quoque
755 5174 810 5212 nen
830 5161 961 5216 dissimili
972 5165 1156 5218 amaritudine

296 5230 307 5241 “
357 5231 413 5279 est:
425 5223 474 5278 aed
484 5231 587 5293 purgat
597 5224 704 5277 airum:
715 5227 743 5279 in
755 5244 834 5296 quem
842 5235 1157 5302 prumteriturexaqua.

391 5292 506 5349 xxxii
541 5292 728 5364 asphodelum
755 5297 790 5350 de
812 5299 973 5355 clarissimis
997 5301 1156 5367 herbarum,

357 5380 440 5432 quam
462 5365 577 5419 heroion
595 5365 681 5432 aliqui
699 5367 918 5433 appellaverunt,
939 5371 1079 5425 Hesiodus
1089 5379 1118 5426 ιι
1130 5374 1157 5424 in

355 5434 433 5485 silvis
444 5436 520 5488 nesci
531 5434 617 5488 dixit:
629 5435 794 5504 Dionysius,
806 5452 910 5490 marem
921 5455 954 5494 ac
965 5439 1099 5495 feminam
1112 5458 1155 5495 es·

354 5517 393 5554 se.
419 5503 548 5558 Defectia
558 5506 722 5575 corporibus
733 5513 763 5561 et
773 5504 921 5573 phthisicis
931 5516 1043 5562 constat
1055 5511 1156 5566 bulbos

354 5572 416 5623 elus
426 5586 488 5625 num
500 5577 612 5642 ptisana
624 5577 766 5644 decoctos,
785 5577 1024 5656 aptissimeldasls
1044 5593 1158 5648 panem·

1226 451 1281 504 que
1292 450 1327 490 ex
1338 433 1381 489 his
1392 448 1454 489 cum
1466 433 1561 489 farina
1570 436 1709 501 subactis,
1729 438 1944 495 saluberrimum
1958 459 2029 501 ιιιι.

1226 506 1365 559 Nicander
1374 512 1404 559 et
1417 512 1516 558 contm
1526 515 1669 571 serpentes
1678 523 1711 559 ac
1720 509 1892 576 scorpiones,
1909 514 1953 567 rel
1965 532 2030 569 cuu-

1225 576 1289 639 lem,
1300 591 1379 642 quem
1392 573 1553 627 anthericon
1564 576 1732 640 vocavimus,
1742 580 1784 631 vel
1795 595 1901 644 semen,
1912 584 1957 637 vel
1969 586 2030 639 hal·
2065 594 2067 607 ·

1224 646 1275 697 hus
1287 645 1367 698 dedit
1377 640 1407 696 iri
1418 642 1484 696 rino
1495 636 1586 696 trihus
1598 644 1750 698 drachmis:
1765 648 1974 720 substravitque
1984 672 2031 709 so·

1224 729 1288 766 nino
1310 721 1409 767 contra
1428 712 1479 766 hoa
1497 722 1597 767 metus.
1633 714 1722 767 Datur
1738 724 1767 768 ιι
1778 726 2029 777 contravenenata

1223 784 1341 847 marina,
1351 794 1381 837 et
1391 791 1491 837 contro
1499 783 1698 850 scolopendras
1708 789 1864 841 terrestres.
1887 791 2029 847 Cochleae

1223 854 1294 907 orire
1305 856 1333 907 io
1345 855 1496 921 Campania
1507 852 1616 906 caulem
1633 867 1696 905 eum
1708 862 1920 923 persequuntur,
1941 868 1971 913 et
1981 879 2029 915 su·

1222 923 1315 992 gendo
1326 925 1490 977 arefaciunt.
1526 922 1609 975 Folia
1628 937 1738 991 quoque
1749 924 1895 979 illinuntur
1908 944 2028 985 venena·

1223 1002 1317 1046 torum
1329 994 1489 1046 vulneribus
1503 1008 1537 1045 ex
1551 992 1625 1051 rino.
1641 992 1726 1045 Bulbi
1737 995 1829 1046 nerris
1841 996 2027 1073 articulisque

1223 1078 1285 1116 cunr
1298 1064 1412 1130 polenta
1422 1064 1477 1115 tusi
1487 1063 1643 1114 illinuntur.
1679 1061 1800 1116 Prodest
1811 1070 1840 1116 et
1858 1072 1980 1125 constal,
1992 1091 2027 1127 η

1223 1142 1303 1187 ιιιιο
1315 1132 1440 1186 lichenas
1451 1132 1567 1188 fricare:
1587 1133 1654 1185 item
1667 1130 1828 1188 hulceribus
1840 1145 2024 1205 putrescenti·

1222 1205 1275 1256 bus
1295 1218 1330 1256 ex
1351 1218 1424 1270 aqua
1443 1202 1602 1269 imponere:
1624 1206 1806 1257 memororum
1820 1223 1931 1277 quoque
1943 1216 2024 1266 ette.

1224 1275 1308 1325 atium
1317 1271 1592 1326 inflammationibus.
1619 1271 1738 1325 Decocti
1751 1275 1779 1326 in
1790 1275 1870 1331 faece
1881 1280 1948 1346 vini,
1959 1297 2023 1334 oca·

1221 1342 1312 1394 lorum
1323 1341 1464 1409 epiphoris
1476 1341 1623 1409 supposito
1635 1341 1753 1396 linteolo
1764 1348 1920 1401 medentur.
1952 1351 2025 1406 Fere

1222 1412 1250 1463 in
1264 1428 1427 1481 quocunque
1439 1412 1538 1464 morbo
1549 1411 1638 1479 magis
1648 1411 1775 1466 decoctis
1789 1421 1916 1472 utuntur.
1952 1420 2022 1473 item

1222 1483 1256 1534 ad
1270 1482 1400 1533 tibiarum
1412 1488 1485 1535 tetra
1496 1480 1621 1543 hulcera,
1641 1481 1785 1550 rimasque
1800 1499 1947 1554 corporum
1958 1504 2023 1558 qua·

1221 1552 1473 1620 cunqueinparte,
1494 1550 1586 1603 farina
1596 1551 1795 1605 arefactorum.
1829 1558 2024 1614 Autumnoau·

1221 1626 1277 1673 tem
1291 1620 1470 1689 colliguntur,
1482 1620 1704 1686 cumplurimum
1716 1623 1818 1677 velem.
1842 1624 1947 1680 Saccus
1957 1643 2023 1696 quo·

1221 1705 1275 1758 que
1287 1690 1357 1742 tusis
1378 1705 1524 1758 expressus
1545 1697 1595 1741 aut
1614 1688 1741 1744 decoctis
1758 1695 1837 1746 utilis
1852 1696 1885 1747 fit
1896 1701 2022 1765 corporis

1223 1760 1327 1822 dolori,
1340 1775 1402 1812 cum
1412 1759 1510 1813 niella:
1526 1759 1599 1810 idem
1611 1759 1727 1814 odorem
1737 1764 1862 1832 corporis
1873 1765 2022 1820 iucundum

1220 1828 1434 1892 affectantibus,
1456 1843 1516 1880 cum
1529 1828 1565 1880 iri
1576 1829 1656 1883 arida
1668 1840 1696 1883 et
1707 1831 1775 1883 salis
1785 1834 1899 1902 exiguo.
1938 1837 2021 1889 Folia

1219 1901 1304 1953 eiiam
1315 1914 1399 1966 supra
1409 1898 1489 1949 dictis
1501 1898 1657 1965 medentur,
1677 1906 1706 1953 et
1716 1903 1837 1965 strumis,
1854 1905 1943 1970 panis,
1956 1906 2019 1958 hul·

1220 1971 1329 2023 ceribus
1339 1970 1367 2019 io
1377 1967 1460 2031 facie,
1471 1968 1589 2020 decocta
1598 1968 1629 2020 in
1640 1970 1716 2023 rino.
1740 1971 1815 2022 Ciuis
1826 1987 1841 2023 e
1852 1972 1948 2027 radice
1958 1976 2018 2027 alo·

1220 2043 1313 2106 pecias
1325 2038 1463 2100 emendat,
1479 2043 1508 2089 et
1518 2038 1605 2090 rimas
1615 2039 1727 2106 pedum.
1764 2040 1905 2094 Desertae
1917 2044 2019 2098 radicis

1220 2109 1250 2163 in
1260 2109 1322 2161 oleo
1333 2123 1439 2169 succus,
1461 2109 1609 2174 perniones
1620 2116 1649 2160 et
1660 2111 1797 2162 ambusta.
1832 2112 1870 2163 Et
1880 2111 1915 2164 ad
1960 2115 2017 2166 ari-

1219 2184 1306 2230 tatem
1317 2179 1424 2229 aurium
1437 2176 1608 2228 infunditur:
1624 2193 1642 2230 a
1653 2182 1795 2233 contraria
1805 2196 1873 2234 aure
1883 2183 1912 2233 in
1941 2183 2020 2236 olore

1218 2247 1351 2299 dentium.
1388 2246 1507 2299 Prodest
1521 2252 1559 2299 et
1568 2246 1665 2300 umnae
1681 2256 1749 2316 pota
1759 2250 1868 2304 modice
1878 2252 1968 2315 radix,
1992 2260 2021 2306 ιι

1219 2317 1377 2379 menstruis,
1388 2322 1417 2368 et
1428 2317 1526 2368 latoria
1533 2316 1693 2369 doloribus:
1713 2319 1781 2370 item
1792 2320 1894 2389 raptis,
1904 2323 2019 2373 consul·

1217 2388 1267 2448 aia,
1278 2384 1410 2449 tussibus,
1417 2385 1566 2438 drachmae
1577 2387 1699 2453 pondere
1710 2387 1737 2437 in
1747 2388 1812 2440 rino
1823 2396 1900 2455 pota.
1912 2391 2018 2444 Eadem

1219 2460 1247 2506 et
1258 2455 1421 2509 vomitiones
1432 2457 1546 2508 adiuvat
1557 2457 1794 2509 conrmaoducata.
1821 2459 1934 2511 semine
1943 2475 2019 2512 sum·

1217 2531 1249 2575 ιο
1260 2525 1390 2575 turbatur
1399 2531 1504 2578 venter.
1530 2524 1712 2594 Chrysermua
1722 2534 1751 2579 et
1762 2527 1903 2594 parotidas
1913 2527 1943 2580 ia
1952 2529 2018 2582 rina

1218 2593 1337 2646 decocta
1352 2592 1448 2645 radice
1458 2596 1585 2645 curarit:
1604 2597 1672 2647 item
1689 2604 1820 2659 saumas,
1840 2597 1964 2651 admixta
1975 2614 2018 2652 ca·

1218 2660 1287 2731 chry
1298 2677 1332 2714 ex
1341 2663 1415 2714 vine.
1443 2661 1563 2726 Quidam
1574 2663 1661 2727 aium,
1671 2668 1696 2715 si
1707 2667 1841 2732 imposita
1851 2667 1944 2719 radice
1955 2681 2018 2734 para

1219 2734 1280 2785 eius
1301 2733 1329 2783 iu
1346 2731 1423 2784 fumo
1438 2733 1635 2799 suspendatur,
1656 2740 1811 2801 quartoque
1830 2734 2018 2802 dlesolvatur,

1218 2817 1274 2854 una
1284 2815 1345 2853 cum
1356 2801 1452 2855 radice
1462 2816 1590 2854 arescere
1600 2810 1744 2855 strumam.
1756 2802 1911 2871 Sophoclea
1922 2806 1958 2859 ad
1969 2821 2018 2874 po·

1219 2872 1319 2938 dagras
1330 2877 1449 2939 utroque
1460 2871 1553 2935 mode,
1565 2880 1646 2925 cocta
1657 2873 1808 2940 crudaque,
1819 2880 1888 2926 usus
1899 2881 1950 2927 est.
1976 2874 2017 2929 fid

1218 2940 1362 3008 perniones
1374 2941 1519 2994 decoctam
1539 2956 1574 2995 ex
1596 2941 1659 2995 oleo
1673 2941 1759 3006 dedit,
1781 2949 1810 2995 ιι
1825 2943 1940 2996 suffusis
1951 2945 2017 2999 felle

1217 3011 1246 3062 in
1256 3011 1336 3072 eine,
1355 3016 1385 3064 ιι
1401 3008 1572 3079 hydropicis.
1609 3009 1745 3065 Venerem
1758 3026 1867 3079 quoque
1879 3016 2016 3069 concitari

1218 3095 1280 3132 cum
1291 3080 1358 3131 rino
1369 3085 1399 3132 et
1410 3081 1493 3133 melle
1506 3081 1655 3148 perunctis,
1666 3088 1716 3134 aut
1726 3082 1884 3134 bibentibus
1895 3085 2017 3138 tradide-

1218 3164 1256 3202 re.
1288 3148 1460 3202 Xenocrates
1473 3156 1501 3202 et
1512 3150 1643 3214 lichenas,
1652 3165 1757 3219 psoras,
1768 3151 1872 3217 lepras,
1882 3152 1979 3208 radice
1989 3154 2017 3207 iu

1216 3225 1297 3273 aceto
1309 3219 1433 3282 decocta,
1452 3220 1514 3271 tolli
1526 3218 1605 3274 dicit.
1642 3218 1709 3273 ltem'
1719 3221 1743 3273 si
1753 3228 1834 3274 cocta
1845 3222 1883 3273 sit
1894 3238 1956 3275 cum
1969 3223 2016 3292 hy·

1217 3304 1348 3356 oacyamo
1360 3295 1388 3341 et
1398 3290 1460 3356 pice
1472 3290 1585 3357 liquida,
1603 3291 1711 3343 alarum
1722 3305 1830 3359 quoque
1842 3298 1871 3344 et
1882 3291 2015 3346 feminum

1216 3359 1301 3411 sitia:
1314 3366 1342 3411 et
1352 3359 1483 3427 capillum
1495 3361 1660 3428 crispiorem
1670 3361 1740 3423 fieri,
1750 3376 1815 3414 raso
1826 3362 1904 3429 priua
1915 3365 2015 3431 capite,

1216 3429 1240 3480 si
1250 3429 1344 3481 radice
1360 3444 1395 3481 ea
1409 3428 1534 3483 fricetur.
1572 3429 1664 3483 Simus
1681 3432 1787 3498 lapides
1803 3445 1897 3484 renum
1910 3433 1937 3484 in
1949 3434 2015 3484 sino
2031 3478 2036 3498 ,

1217 3499 1335 3551 ιιιιοιιι
1345 3505 1428 3568 atque
1439 3508 1508 3568 pota
1520 3500 1626 3553 eximit.
1653 3501 1945 3569 Hippocrateaaemen
1954 3503 2016 3554 eiua

1215 3567 1474 3635 adimpetuslieais
1494 3570 1672 3625 dariccnset.
1706 3571 1894 3624 lamentorum
1907 3585 2015 3639 quoque

1216 3637 1330 3689 hulcera
1340 3653 1373 3690 ae
1382 3640 1513 3702 scabiem,
1530 3640 1612 3692 radix
1622 3640 1705 3704 illita,
1714 3647 1764 3692 aut
1776 3640 1907 3693 decoctae
1917 3655 2015 3693 succus

1214 3706 1251 3757 ad
1263 3708 1348 3773 pilum
1361 3708 1477 3760 reducit.
1505 3709 1601 3762 Mures
1613 3711 1697 3765 etiam
1709 3710 1805 3764 eadem
1818 3708 1961 3779 fugantur,
1971 3724 2016 3763 ca·

1213 3791 1299 3828 verna
1310 3777 1457 3842 praeclusa
1469 3783 1632 3832 moriuntur.

1248 3845 1377 3898 xlixlll.
1395 3846 1572 3913 asphodelon
1588 3851 1622 3902 ab
1637 3848 1765 3902 Hesiodo
1782 3847 1892 3916 quidam
1910 3848 2013 3901 alimen
2036 3878 2043 3889 ·

1214 3914 1351 3982 appellari
1366 3915 1570 3979 existimavere,
1593 3918 1665 3986 quod
1684 3919 1785 3972 falsum
1796 3908 2013 3970 arbitroff'lfs't

1214 3985 1287 4036 enim
1298 3998 1349 4036 suo
1361 3984 1472 4038 nornine
1482 3986 1595 4051 alimen,
1615 4004 1669 4041 nnn
1679 3990 1757 4057 parri
1769 3995 1798 4040 ιι
1809 3987 1898 4055 ipsum
1911 3988 2013 4041 erroris

1213 4054 1286 4106 inter
1297 4058 1435 4107 auctores.
1470 4057 1525 4107 aiii
1537 4058 1608 4109 enim
1619 4057 1750 4111 fruticem
1761 4073 1822 4109 esse
1833 4057 1931 4110 dicunt
1948 4056 2012 4108 dro-

1213 4139 1282 4186 sum,
1302 4123 1460 4188 candidum,
1475 4127 1536 4180 sine
1548 4129 1637 4194 spina,
1652 4126 1730 4181 foliis
1741 4127 1831 4190 oleae,
1841 4127 1891 4179 ssd
1901 4125 2011 4179 mollio·

1213 4195 1289 4245 ribus
1299 4213 1306 4246 z
1318 4195 1399 4261 coqui
1411 4202 1505 4247 autem
1517 4195 1587 4249 hacc
1597 4200 1719 4255 ciborum
1732 4198 1834 4266 gratia.
1855 4196 1945 4249 Radix
1957 4202 2012 4247 tor·
2099 4260 2103 4269 ι

1214 4263 1288 4315 mina
1299 4264 1424 4330 discutit,
1443 4266 1591 4319 drachmae
1602 4269 1724 4335 pondere
1734 4268 1764 4319 in
1776 4281 1849 4335 aqau
1858 4266 1948 4318 mulsa
1958 4279 2007 4332 po·

1213 4341 1256 4385 ta:
1270 4335 1337 4387 item
1348 4335 1492 4402 convulsa,
1506 4342 1534 4389 et
1545 4345 1637 4405 rupta.
1653 4339 1706 4391 alii
1717 4339 1778 4389 olus
1788 4336 1957 4399 maritimum
1969 4350 2011 4386 es·

1212 4418 1242 4456 se
1253 4404 1350 4457 dixere
1361 4406 1475 4468 salsum,
1487 4413 1515 4458 et
1528 4408 1592 4460 inde
1603 4424 1712 4472 nomen,
1731 4404 1810 4459 foliis
1820 4410 1848 4458 in
1859 4402 2014 4458 rotundita-

1211 4479 1268 4525 tem
1280 4473 1386 4543 longis,
1407 4474 1550 4528 laudatum
1568 4478 1597 4529 io
1614 4478 1693 4530 cibis.
1729 4474 1854 4528 Duorum
1866 4480 2014 4543 praeterea

1211 4557 1353 4610 generum,
1372 4545 1518 4607 silvestre,
1541 4552 1570 4599 et
1581 4548 1692 4600 mitius:
1713 4552 1863 4612 utrumque
1880 4543 2013 4611 prodesse

1211 4612 1396 4678 dysentericis
1408 4616 1493 4667 etiam
1506 4614 1695 4668 exhulceratis
1705 4628 1767 4666 cum
1778 4628 1858 4679 pane,
1869 4608 2013 4664 stomacho

1209 4696 1277 4734 roro
1287 4697 1321 4735 ex
1332 4690 1422 4735 aceto.
1456 4683 1627 4736 Hulceribus
1639 4681 1757 4735 vetustis
1767 4680 1840 4730 illini
1849 4681 1976 4743 crudum,
1986 4685 2014 4734 ιι

1209 4751 1354 4805 vulnerum
1376 4753 1530 4803 recentium
1552 4752 1671 4820 impetus
1695 4747 1785 4810 leniri,
1806 4752 1835 4797 et
1851 4744 2013 4801 luxatorum

1208 4819 1308 4884 pedum
1320 4836 1353 4870 nc
1363 4820 1473 4872 vesicae
1490 4820 1612 4873 dolores.
1649 4817 1776 4873 silvestri
1792 4813 2028 4881 maurontum.

1208 4888 1258 4940 sed
1268 4887 1298 4938 in
1309 4886 1413 4938 eisdem
1425 4888 1557 4941 remediis
1571 4886 1686 4940 effectus
1697 4885 1828 4945 maiores,
1834 4890 1863 4937 et
1874 4885 1903 4936 in
1913 4901 2012 4939 senaa

1208 4955 1245 5007 da
1256 4956 1395 5007 hominum
1408 4970 1442 5008 ac
1452 4969 1582 5023 pecorum
1593 4957 1698 5008 scabie.
1729 4952 1881 5007 Praeterea
1891 4955 2013 5009 altarem

1208 5023 1320 5091 corpori
1329 5025 1390 5076 heri
1400 5044 1407 5076 r
1418 5024 1602 5094 dentibusque
1613 5026 1772 5086 candorem,
1782 5024 1808 5075 ai
1819 5023 1957 5078 fricentur
1965 5040 2010 5079 ra·

1208 5094 1320 5146 dicens.
1357 5092 1468 5147 Semina
1487 5095 1600 5163 lingum
1620 5094 1736 5147 subdito
1747 5093 1825 5146 sitim
1835 5109 1892 5147 non
1903 5094 2011 5147 sentiri.

1208 5165 1271 5216 iioc
1280 5176 1389 5230 quoque
1399 5164 1505 5228 mandi,
1516 5173 1547 5217 et
1556 5171 1676 5233 utraque
1684 5164 1770 5216 etiam
1781 5165 1898 5217 condiri.
1917 5165 2012 5216 crate·
2026 5168 2045 5201 ὲ

1206 5234 1380 5295 sestertium
1411 5249 1501 5303 uoque
1513 5249 1600 5302 genus
1612 5232 1737 5297 tradidit,
1748 5233 1923 5302 longioribus
1933 5232 2010 5286 foliis

1208 5302 1237 5356 et
1246 5248 1453 5367 hirsutiorihus,
1461 5303 1546 5357 odore
1557 5305 1693 5371 cupressi:
1705 5302 1783 5357 casei
1793 5306 1844 5357 sub
1856 5302 1942 5357 edera
1952 5316 2011 5355 ma·

1208 5377 1294 5425 aisne:
1311 5373 1442 5439 prodesse
1452 5374 1650 5442 opisthotonis,
1664 5374 1906 5428 contractionibus
1913 5384 2011 5427 narro-

1208 5458 1279 5504 rum,
1288 5443 1378 5496 tribus
1389 5443 1480 5496 obolis
1491 5447 1519 5496 in
1531 5444 1684 5498 sextarium
1696 5458 1794 5513 aquae.

1242 5513 1368 5568 xxxiv.
1384 5513 1525 5566 Acanthos
1545 5521 1590 5585 eat
1607 5516 1733 5581 topiaria
1747 5520 1777 5566 ιι
1790 5512 1896 5566 urbana
1912 5508 2011 5571 herba,

1208 5582 1530 5652 siatoioagequsiolio,
1551 5584 1709 5655 crepidines
1722 5584 1895 5652 marginum,
1916 5592 2008 5634 usur·
