4374 6014
301 194 305 201 ’
333 244 398 307 are
442 243 474 305 o.
500 239 646 302 rotun
674 234 880 301 saeuum
909 228 1181 292 naruanms
1210 229 1328 291 ursr.
1364 188 1445 288 aras
1469 227 1650 289 xxxrrr.
1674 229 1767 290 cnr.
1790 191 1888 290 alra.

338 401 424 446 nntea
433 391 572 444 militares
583 386 647 456 eqni
657 400 758 437 nomen
775 382 924 445 dederant,
943 381 997 434 hoc
1008 395 1081 433 nuno
1091 395 1139 448 pe·
1190 381 1290 434 castris
1301 380 1465 432 Latinorum
1478 370 1692 445 expugnatis,bi
1705 380 1783 432 euius
1794 380 1916 434 maxime
1926 397 1997 451 ope·

337 464 435 515 eunme
446 450 551 512 iudices
562 458 694 508 tribum.
714 454 772 505 Nec
781 453 886 519 pridem
900 451 926 501 id
939 449 1052 502 lactum.
1065 451 1138 500 lliro
1190 465 1222 503 ra
1240 456 1320 516 capta
1336 456 1438 508 essent,
1458 444 1529 497 hanc
1546 463 1676 500 cortinam
1690 464 1724 501 ex
1741 450 1847 516 praeda
1863 452 1887 501 is
1906 452 1993 504 dedit.

338 537 465 599 Augusto
477 527 605 579 decuria,
616 523 777 582 ordinante,
799 524 889 572 maier
900 518 1138 586 parsiudicurniu
1190 522 1258 572 item
1278 519 1310 571 1..
1331 518 1467 569 Lentulus
1480 517 1543 567 Cos.
1563 516 1661 567 Servio
1680 519 1810 570 Cornelio
1830 519 1996 585 Merendae,

339 601 432 655 ferreo
443 596 527 649 anulo
538 594 605 644 luit:
624 591 698 656 iique
710 604 764 640 non
783 590 899 656 equites,
911 588 960 639 sed
970 588 1078 639 iudices
1089 603 1137 639 ro·
1190 587 1344 640 Sanrnitum
1354 584 1457 652 oppido
1467 592 1561 650 rupte:
1580 584 1630 635 sed
1642 584 1705 636 huic
1717 589 1836 654 quinque
1848 588 1995 643 librarum.

339 670 483 721 cabantur.
524 664 654 727 Equitum
675 673 775 710 nomen
796 657 965 710 subsistebat
986 658 1015 708 in
1036 655 1139 707 turmis
1190 656 1256 707 Piso
1269 656 1355 721 Frugi
1368 656 1454 705 lilium
1466 667 1500 703 ex
1512 650 1620 719 privata
1632 659 1747 718 pecunia
1756 658 1886 709 donarit:
1915 674 1995 712 eanr-

339 748 472 806 equorum
484 730 668 799 publicorum.
688 727 810 781 iudicum
822 742 931 794 quoque
943 739 997 776 non
1008 725 1063 777 nisi
1075 740 1139 793 qua·
1191 741 1244 793 que
1254 739 1384 777 eoronam
1395 729 1563 774 testamento
1575 723 1601 774 ei
1614 723 1791 793 praelegerit.

339 816 407 857 tuor
418 802 547 853 decuriae
558 798 636 849 luere
648 797 754 865 primo:
773 798 874 864 nixque
886 795 998 863 singula
1010 794 1099 845 millia
1110 794 1138 844 io
1226 794 1286 846 llll.
1307 794 1428 846 Deorum
1440 805 1505 843 reru
1518 790 1619 843 honori
1630 792 1659 841 ia
1673 793 1760 844 moris
1770 794 1841 847 nihil
1852 796 1931 849 eliud
1942 812 1997 850 ea·

340 870 459 925 decuriis
472 869 582 920 inventa
592 874 665 929 sunt,
677 864 796 917 nondum
810 866 959 932 provinciis
970 863 1005 915 ad
1018 862 1070 914 hoc
1081 877 1139 913 mu·
1191 864 1344 929 cogitatum
1367 868 1421 923 est,
1441 874 1522 928 quam
1544 866 1576 910 ut
1596 862 1702 912 auratis
1723 864 1853 915 cornibus
1874 864 1998 929 hostiae,

338 957 390 993 nos
410 937 560 991 admissis:
580 942 772 1002 servatumque
791 937 818 985 in
843 935 1006 986 hodiernum
1029 939 1084 994 est,
1105 945 1140 984 ae
1191 934 1314 984 maiores
1327 931 1493 991 dumtaxat,
1513 930 1735 983 immolarentur.
1771 930 1825 984 Sed
1844 935 1873 985 iu
1892 935 1997 988 militia

340 1010 402 1077 quis
414 1008 519 1060 enoris
531 1007 636 1057 civibus
647 1006 676 1055 in
692 1004 728 1055 iis
740 1003 886 1055 iudicaret.
922 1002 1059 1054 Decuriae
1072 1015 1139 1068 quo·
1194 1016 1303 1068 qunque
1315 1001 1342 1051 in
1354 1006 1461 1051 tantum
1475 997 1599 1051 adolevit
1609 997 1677 1051 haee
1689 1000 1809 1064 luxuria,
1819 1009 1851 1054 ut
1862 1002 1900 1054 M.
1912 1004 1996 1056 Bruti

1194 1072 1222 1121 in
1234 1068 1397 1134 Philippicis
1416 1068 1519 1135 campis
1537 1069 1675 1135 epistolae
1690 1073 1867 1135 reperiantur
1878 1073 1994 1125 tremea-

1193 1145 1254 1201 tes,
1273 1139 1372 1190 libulas
1385 1136 1544 1188 tribunitiae
1555 1152 1588 1189 ex
1611 1153 1678 1189 auro
1691 1139 1760 1206 geri.
1796 1141 1841 1192 lta
1851 1138 1993 1194 hercules:

1193 1207 1349 1260 idemenim
1361 1214 1400 1265 tu,
1419 1206 1517 1267 Brute,
1536 1207 1684 1258 mulierum
1704 1207 1820 1273 pedibus
1841 1225 1937 1261 aunem
1949 1225 1995 1279 ge·

1194 1277 1265 1329 atari
1285 1276 1410 1327 tacuisti:
1430 1282 1458 1326 et
1481 1290 1531 1325 nos
1547 1276 1662 1327 sceleris
1674 1278 1817 1343 arguimus
1839 1279 1927 1341 illurn,
1947 1280 1994 1346 qui

1195 1347 1300 1413 primus
1313 1360 1382 1397 auro
1392 1343 1553 1411 dignitatem
1565 1359 1615 1409 per
1627 1346 1725 1396 anulos
1737 1346 1811 1408 lecit,
1833 1355 1865 1398 ut
1875 1345 1994 1401 habeant

1194 1418 1224 1465 ia
1243 1412 1357 1466 lacertis
1371 1412 1424 1464 iam
1438 1414 1542 1478 pridem
1564 1419 1592 1464 et
1604 1414 1666 1475 riri,
1684 1415 1784 1481 quode
1804 1416 1940 1468 Dardanis
1949 1432 1993 1469 ve·

1194 1485 1246 1546 nit,
1255 1485 1350 1551 itaque
1361 1489 1389 1534 et
1400 1480 1560 1533 Dardanum
1576 1482 1736 1535 vocabatur.
1773 1483 1897 1538 Viniolae
1907 1486 1991 1538 Celti·

1195 1570 1244 1607 eae
1254 1554 1395 1606 dicuntur:
1408 1551 1494 1603 siriae
1505 1549 1698 1605 Celtiberieae.
1734 1554 1863 1607 Habeant
1874 1556 1992 1608 murinae

1194 1626 1224 1676 in
1247 1621 1364 1675 armillis
1384 1619 1534 1687 digitisque
1546 1623 1624 1683 totis,
1645 1622 1728 1683 collo,
1748 1623 1872 1687 auribus,
1894 1625 1990 1691 spiris:

1196 1694 1354 1746 discurrant
1365 1695 1479 1742 catenae
1492 1690 1566 1742 circa
1576 1691 1673 1752 latera,
1705 1699 1733 1742 et
1744 1691 1852 1745 inserta
1862 1693 1993 1762 margari-

1194 1770 1285 1815 tarum
1298 1759 1446 1827 pondorae
1458 1759 1530 1811 collo
1542 1760 1714 1811 dominarum
1727 1776 1795 1813 auro
1807 1762 1951 1829 pendeant,
1961 1769 1993 1813 ut

1195 1834 1223 1883 in
1235 1844 1333 1882 somno
1344 1844 1452 1911 qpoque
1462 1830 1595 1881 unionum
1607 1831 1778 1912 conscientia
1789 1832 1875 1883 adsit:
1896 1833 1994 1884 etiam·

1194 1897 1994 2033 iii‘iliiiliiiir..libitinariiiiiiii}

1196 2039 1349 2092 Honestius
1368 2036 1422 2086 riri
1437 2036 1620 2103 paedagogiis
1639 2037 1667 2088 id
1680 2037 1795 2090 danius:
1815 2039 1994 2107 balineasque

1196 2108 1274 2159 dives
1293 2120 1440 2174 puerorum
1464 2105 1554 2157 lorma
1569 2108 1716 2159 convertit
1754 2109 1809 2159 lam
1824 2123 1887 2160 reru
1909 2109 1994 2160 etiam

1197 2164 1581 2243 liarpocratem,btatuasque
1594 2177 1788 2244 Aegyptiorum
1802 2180 1953 2237 numinum,
1963 2177 1993 2228 in

1200 2247 1295 2313 digitis
1314 2244 1367 2295 riri
1380 2259 1488 2311 quoque
1501 2252 1610 2310 portare
1629 2246 1771 2310 incipiunt.
1809 2246 1874 2296 Fuit
1886 2252 1915 2295 et
1936 2246 1995 2298 alis

1196 2313 1304 2366 Claudii
1317 2314 1472 2379 principatu
1485 2313 1642 2367 differentia
1653 2314 1680 2364 in
1692 2314 1757 2365 solis
1770 2312 1822 2374 his,
1834 2314 1935 2380 quibus
1945 2314 1996 2367 ad·

1196 2384 1355 2436 missionem
1367 2382 1462 2437 liberti
1478 2385 1537 2434 eius
1558 2382 1706 2443 dedissent,
1725 2382 1874 2450 imaginem
1887 2383 1994 2452 princi·

1197 2454 1240 2520 pis
1251 2467 1284 2504 ex
1296 2466 1362 2504 auro
1374 2452 1401 2501 ia
1412 2453 1495 2503 anulo
1505 2450 1627 2519 gerendi,
1649 2466 1749 2518 magna
1759 2451 1903 2502 crinrinum
1915 2466 1997 2503 ocea-

1196 2527 1286 2575 sione:
1305 2537 1376 2590 quae
1387 2521 1480 2572 omnia
1495 2521 1628 2572 salutaris
1638 2527 1751 2572 mortus
1762 2519 1929 2586 Vespasiani
1943 2521 1995 2572 lm·

1196 2594 1334 2661 peratoris
1345 2590 1477 2653 abolevit,
1486 2589 1643 2658 aequaliter
1655 2588 1818 2656 publicando
1830 2589 1995 2656 Principem.

1196 2662 1239 2714 De
1249 2661 1339 2711 anulis
1350 2661 1442 2712 aureis
1454 2674 1604 2727 eorumque
1616 2674 1669 2710 usu
1687 2657 1821 2710 hactenus
1833 2658 1936 2710 dictum
1948 2659 1994 2712 sit.

1231 2731 1305 2782 xiil.
1324 2730 1481 2782 Proximum
1493 2729 1584 2779 scelus
1600 2728 1680 2791 iecit,
1701 2728 1867 2796 quiprimus
1882 2743 1916 2781 ex
1927 2743 1994 2780 auro

1197 2799 1339 2851 denarium
1359 2799 1498 2865 signarit:
1519 2797 1591 2864 quod
1604 2804 1632 2849 et
1642 2799 1731 2865 ipsum
1743 2798 1812 2849 latet
1823 2808 1937 2850 auctore
1956 2798 1996 2848 in-

1197 2875 1283 2921 certo.
1318 2867 1442 2934 Populus
1455 2869 1594 2918 llomanus
1606 2883 1640 2919 ne
1652 2876 1768 2935 argento
1781 2867 1892 2934 quidem
1903 2868 1996 2935 signa·

1197 2945 1236 3001 to,
1246 2943 1310 2990 ante
1322 2934 1458 3002 Pyrrhum
1474 2948 1567 3001 regem
1578 2936 1717 2987 devictum
1735 2953 1800 2989 usus
1811 2943 1863 2988 est.
1897 2936 1996 2987 Libra·

1198 3008 1248 3070 les,
1271 3003 1358 3075 (unde
1371 3004 1454 3055 etiam
1469 3019 1538 3055 nunc
1550 3004 1646 3057 libella
1659 3006 1769 3070 dicitur,
1789 3012 1818 3059 et
1829 3002 1994 3072 dupondius)

1197 3075 1423 3143 appendebantur
1434 3088 1520 3125 asses.
1556 3075 1650 3138 Quare
1663 3077 1738 3128 aeris
1748 3076 1842 3143 granis
1853 3089 1939 3145 poena
1956 3073 1995 3124 dl·

1198 3151 1251 3196 cta.
1286 3141 1423 3196 Etadhuc
1434 3144 1758 3209 expensainrationibus
1769 3144 1910 3197 dicuntur:
1929 3144 1993 3195 item

1196 3212 1346 3279 impendia,
1357 3219 1385 3265 et
1395 3211 1560 3279 dependere.
1597 3214 1670 3277 Quin
1682 3216 1837 3267 etmilitum
1849 3212 1996 3298 stipendia,

1198 3281 1250 3333 hoc
1272 3288 1323 3343 est,
1343 3281 1425 3348 stipis
1437 3281 1559 3348 pondera
1589 3282 1807 3350 dispensatores,
1827 3282 1994 3349 libripendes

1198 3350 1328 3430 dicuntur
1339 3367 1345 3399 :
1358 3364 1411 3416 qua
1421 3318 1619 3403 consuetudine
1630 3352 1659 3402 in
1673 3352 1714 3403 his
1725 3353 1919 3419 emptionibus,
1926 3366 1995 3474 qtae

1197 3430 1327 3482 mancipo
1339 3426 1418 3478 sunt,
1439 3418 1608 3471 etiamnunc
1619 3421 1899 3487 iibrainterponitur.
1954 3436 1998 3473 er·

1197 3485 1434 3550 riusrexprinrus
1454 3485 1576 3552 signarit
1595 3505 1652 3541 aes.
1688 3492 1774 3541 Antea
1794 3490 1999 3542 rudiusoslio·

1197 3570 1260 3607 mae
1270 3555 1402 3606 Timaeus
1413 3554 1509 3605 tradit.
1555 3553 1698 3623 Signatum
1712 3566 1754 3606 est
1765 3566 1831 3609 nota
1843 3559 1997 3622 pecudum:

1197 3624 1272 3675 unde
1283 3628 1312 3674 et
1324 3624 1440 3691 pecunia
1450 3623 1598 3690 appellata.
1634 3622 1772 3675 Maximus
1782 3639 1879 3676 census
1890 3628 1937 3677 cx
1956 3627 1998 3680 M.

1198 3693 1302 3746 assium
1324 3691 1379 3745 luit
1399 3693 1449 3743 illo
1471 3708 1555 3760 rege:
1576 3691 1756 3745 etideohaeo
1776 3690 1865 3756 prima
1887 3692 1997 3746 classis

340 1094 396 1148 que
407 1078 486 1143 ipsae
497 1075 622 1143 pluribus
635 1074 772 1125 discretae
783 1074 939 1124 nonrinibus
950 1071 1037 1133 luere,
1049 1070 1139 1121 tribu-

339 1163 440 1202 norum
463 1146 545 1208 aeris,
566 1153 595 1196 et
610 1143 790 1203 selectorum,
811 1149 839 1192 et
855 1142 987 1193 iudicum.
1026 1139 1140 1190 Praeter

339 1217 393 1271 hos
407 1216 556 1269 etiamnum
569 1212 709 1279 Nongenti
721 1213 899 1270 vocabantur,
912 1224 946 1262 ex
957 1208 1084 1261 omnibus
1095 1222 1138 1258 se·

340 1287 408 1341 lecti
420 1286 453 1336 ad
462 1280 658 1335 custodiendas
672 1280 756 1332 cistas
767 1279 963 1347 suffragiorum
975 1276 1139 1329 incomitiis.

341 1356 379 1407 let
390 1355 496 1404 divisus
507 1351 551 1403 hic
562 1365 670 1418 quoque
682 1349 751 1401 ordo
763 1355 823 1401 erat
834 1347 951 1414 superba
961 1346 1141 1415 usurpatione

342 1425 498 1485 nominum:
519 1435 581 1472 cum
593 1419 663 1470 alius
675 1434 705 1470 se
717 1424 895 1486 nongentum,
913 1417 986 1469 alius
998 1417 1141 1477 selectum,

342 1494 415 1545 alius
427 1492 567 1542 tribunum
580 1489 742 1555 appellaret.

379 1559 451 1611 Vlll.
476 1560 580 1610 Tiberii
604 1558 712 1608 demum
732 1556 903 1624 principatus
924 1570 997 1607 nono
1020 1567 1092 1606 anno
1113 1553 1142 1604 ia

342 1629 479 1681 unitatem
492 1628 568 1679 venit
586 1634 715 1693 equester
734 1626 818 1678 ordo:
838 1627 1037 1693 anulorumque
1049 1629 1143 1674 aueto-

342 1698 421 1750 ritati
432 1697 522 1748 forma
532 1700 684 1748 constituta
694 1701 747 1759 est,
757 1697 786 1746 C.
795 1696 890 1747 Asinio
902 1694 1036 1757 Pollione,
1047 1693 1077 1744 C.
1089 1694 1143 1744 An·

343 1767 426 1820 tistio
439 1766 542 1819 Vetere
552 1767 633 1817 Coss.
644 1780 716 1817 anno
731 1765 807 1817 urbis
818 1764 946 1817 conditae
958 1760 1143 1824 DCCLXXV,

342 1837 417 1903 quod
429 1835 568 1897 miremur,
584 1834 660 1886 lutili
678 1850 766 1902 paene
777 1834 811 1885 de
822 1849 914 1895 causa,
936 1848 997 1883 eum
1010 1832 1039 1882 c.
1050 1829 1139 1897 Sulpi·

343 1907 403 1958 cius
416 1904 514 1967 Galba,
535 1905 598 1956 dum
615 1904 770 1955 iuvenalem
789 1902 891 1954 famam
904 1901 975 1968 apud
987 1901 1141 1967 principem

341 1975 505 2045 popinarum
520 1974 615 2040 poenis
626 1980 792 2040 aucupatur,
814 1979 929 2037 questus
940 1975 1015 2021 esset
1026 1969 1054 2019 io
1064 1980 1143 2019 sena·

343 2050 386 2104 tu,
396 2043 481 2109 vulgo
492 2045 635 2093 institores
646 2043 705 2092 eius
717 2042 817 2107 culpae
829 2038 940 2091 defendi
952 2037 1050 2089 anulis.
1079 2037 1142 2087 Hae

345 2106 381 2164 de
392 2126 478 2163 causa
493 2110 690 2171 constitutum,
708 2125 742 2161 ne
758 2109 803 2159 cui
820 2111 862 2160 ius
880 2108 909 2159 id
925 2112 1013 2169 esset,
1034 2106 1086 2158 nisi
1099 2103 1143 2156 cui

342 2180 464 2248 ingenuo
481 2178 543 2247 ipsi,
565 2178 638 2244 patri
656 2193 761 2244 avoque
777 2182 893 2243 paterno
911 2176 1041 2228 sestertia
1056 2174 1143 2226 CCCC

344 2265 444 2303 census
456 2249 568 2308 inisset,
590 2253 618 2297 et
630 2247 692 2314 lege
703 2247 772 2299 iulia
783 2246 914 2298 theatrali
926 2249 952 2296 in
967 2245 1030 2296 XlV
1040 2243 1143 2295 ordini·

342 2321 396 2371 hus
407 2317 531 2370 sedendi.
554 2317 655 2367 Postea
665 2316 804 2384 gregatim
817 2316 924 2384 insigne
936 2315 964 2366 id
975 2314 1071 2381 appeti
1082 2327 1142 2364 coe·

343 2395 432 2455 ptum.
469 2386 639 2452 Propterque
657 2383 725 2436 haee
744 2384 906 2437 discrimina
921 2383 1004 2436 Caius
1016 2384 1142 2451 princeps

344 2456 486 2507 decuriam
500 2455 621 2522 quintam
635 2453 751 2507 adiecit:
771 2460 930 2522 motumque
941 2460 1036 2505 natum
1048 2459 1092 2505 est
1103 2452 1143 2503 la-

344 2534 414 2586 stus,
436 2531 467 2575 ut
479 2539 548 2590 quae
565 2523 615 2574 sub
633 2523 696 2576 diro
712 2525 836 2591 Augusto
852 2524 963 2590 impleri
981 2538 1036 2573 non
1048 2528 1143 2588 potne-

343 2602 407 2646 rant
420 2593 557 2656 decuriae,
570 2609 623 2643 non
635 2596 745 2660 capiant
756 2608 817 2644 eum
834 2594 966 2652 ordinem,
987 2595 1143 2659 passimque

343 2663 380 2714 ad
391 2670 553 2715 ornamenta
565 2677 599 2714 oa
609 2663 692 2715 etiam
703 2664 837 2714 sarritute
846 2663 957 2714 liberati
971 2660 1142 2712 transiliant:

344 2731 417 2801 quod
430 2739 512 2783 antea
523 2747 661 2797 nunquam
672 2738 732 2783 erat
741 2731 853 2793 iactum,
873 2732 1001 2798 quoniam
1009 2730 1037 2780 in
1051 2728 1143 2781 lbrreo

344 2802 428 2853 anulo
449 2801 558 2867 equites
581 2801 742 2869 iudicesque
760 2800 1001 2867 intelligebantur:
1019 2798 1144 2865 adeoque

342 2869 531 2937 promiscuum
549 2868 577 2918 id
589 2885 650 2921 esse
666 2870 767 2935 eoepit,
789 2875 820 2919 ut
830 2869 903 2935 apud
920 2867 1064 2919 Claudium
1077 2869 1142 2918 Cae·

343 2953 446 2998 sarem,
468 2939 496 2989 in
512 2952 630 2989 censura
645 2938 714 2999 eius,
733 2952 805 2988 unus
819 2952 854 2988 ex
874 2937 1016 3004 equitibus
1030 2934 1144 2986 Flavius

342 3005 477 3057 Proculus
489 3005 709 3073 quadringentos
720 3019 753 3055 es
765 3020 798 3056 ea
810 3020 894 3056 eausa
906 3021 968 3057 reos
979 3004 1143 3070 postularet.

342 3076 388 3127 ita
398 3073 462 3122 dum
473 3082 618 3137 separatur
628 3073 696 3125 ordo
714 3073 748 3125 ab
760 3073 903 3140 ingenuis,
924 3073 1143 3125 communicatus

344 3150 389 3195 est
399 3155 459 3192 enm
470 3139 602 3191 servitiis.

380 3209 502 3263 lodicum
524 3213 617 3260 autem
641 3207 829 3275 appellatione
846 3214 969 3275 separari
990 3226 1051 3263 eum
1072 3211 1145 3263 ordi·

343 3295 416 3342 nem,
427 3278 509 3347 primi
522 3280 643 3330 omnium
654 3277 800 3339 instituere
810 3276 939 3343 Gracchi,
963 3275 1087 3328 discordi
1097 3295 1145 3341 po.

344 3350 497 3419 puleritate
506 3349 534 3399 in
550 3348 746 3400 coutumeliam
758 3355 887 3401 senatus:
905 3363 969 3399 mox
981 3362 1014 3400 ea
1025 3345 1146 3398 debella·

345 3427 384 3482 ta,
395 3420 547 3470 auotoritas
559 3417 680 3468 nominis
693 3420 769 3469 vario
781 3418 948 3470 seditionum
959 3422 1057 3468 eventu
1071 3416 1145 3466 eirca

344 3486 506 3556 publicanos
519 3486 658 3538 substitit:
677 3492 705 3536 et
716 3487 884 3555 aliquamdiu
898 3487 998 3540 tertiae
1008 3486 1083 3536 vires
1094 3499 1144 3551 pu·

343 3557 446 3607 blicani
457 3556 544 3609 luere.
565 3557 677 3606 Marcus
687 3556 783 3608 Cicero
797 3558 904 3608 demum
917 3556 1054 3607 stabilivit
1064 3567 1145 3620 eque·

344 3632 403 3674 stre
415 3638 514 3675 nomen
528 3623 557 3674 in
571 3623 719 3674 consulatu
736 3639 797 3688 suo,
818 3626 981 3676 catilinanis
998 3624 1088 3684 rebus,
1110 3637 1144 3672 ex

345 3706 421 3743 eoae
433 3690 529 3741 ordine
542 3691 694 3756 profectum
707 3709 768 3745 esse
779 3693 932 3755 celebrans,
948 3696 1061 3759 eiusque
1072 3693 1145 3742 vires

344 3759 480 3828 peculiari
501 3758 689 3827 popularitate
710 3776 852 3826 quaerens.
889 3764 929 3813 db
949 3762 999 3812 illo
1019 3769 1144 3825 tempore

344 3831 428 3898 plane
449 3825 501 3880 hoe
522 3829 633 3880 tertium
652 3843 752 3895 corpus
769 3830 796 3879 in
813 3830 956 3894 republica
969 3829 1071 3880 iactum
1092 3835 1144 3891 est,

346 3899 493 3967 coepitque
503 3897 585 3950 adiici
596 3899 710 3950 senatui
720 3898 877 3965 populoque
883 3898 1007 3949 liumano
1024 3905 1053 3949 et
1064 3913 1145 3963 eque·

345 3976 405 4022 ster
416 3970 493 4021 ordo.
530 3968 592 4030 Qua
605 3967 639 4020 de
650 3983 734 4020 causa
743 3975 849 4020 etnuno
859 3975 922 4034 post
934 3966 1064 4035 populum
1076 3968 1144 4019 scri·

345 4038 432 4101 bitur,
464 4039 510 4090 uia
522 4040 667 4090 novissime
678 4045 793 4105 coeptus
806 4044 849 4090 est
860 4037 954 4089 adiici.
1044 4076 1055 4093 .

381 4110 430 4162 lx.
475 4108 582 4176 quitum
602 4107 714 4231 quidem
728 4108 814 4161 etiam
831 4122 929 4161 nomen
950 4106 1041 4173 ipsum
1062 4120 1145 4173 saepe

344 4181 483 4232 variatum
496 4184 547 4240 est,
570 4178 598 4229 in
629 4180 652 4229 is
668 4192 776 4245 quoque
787 4178 834 4247 qui
844 4176 879 4228 ad
890 4179 1042 4246 equitatum
1054 4175 1145 4227 trahe-

344 4248 453 4300 bantur.
490 4249 602 4300 Celeres
622 4249 671 4300 sub
687 4248 806 4299 Romulo
823 4249 989 4317 regibusque
1010 4244 1145 4313 appellati

344 4324 422 4366 sunt:
442 4317 727 4370 deindnflexemines:
746 4316 976 4384 posteatrossuli,
997 4315 1144 4381 cumoppi·

346 4384 453 4433 domm
470 4386 569 4437 Tuscis
585 4388 657 4437 eitra
672 4386 813 4439 Volsinios
828 4401 958 4453 passuum
974 4384 1010 4437 lX
1028 4385 1067 4436 Μ.
1083 4385 1144 4435 sine

346 4449 407 4499 ullo
418 4451 537 4517 peditum
550 4455 709 4506 adiumento
721 4457 860 4522 cepissent
870 4456 928 4508 eius
939 4453 1081 4506 vocabuli:
1103 4452 1144 4503 id·

347 4533 401 4584 que
422 4518 531 4572 durarit
550 4523 625 4575 ultra
644 4524 673 4574 C.
685 4523 848 4576 Gracchum.
885 4525 980 4576 lunius
1000 4528 1086 4583 certe,
1097 4523 1142 4588 qui

347 4587 383 4637 ab
395 4586 515 4640 amicitia
527 4592 584 4642 eius
592 4592 770 4644 Gracchanus
778 4578 934 4660 appellatus
947 4599 999 4652 est,
1009 4594 1143 4657 seriptum

345 4653 461 4720 reliquit
473 4654 515 4707 his
527 4660 632 4711 verbis:
652 4662 734 4723 erod
748 4661 782 4712 ad
795 4669 951 4729 equestrem
964 4661 1087 4712 ordinem
1100 4666 1143 4711 at·

347 4724 428 4783 tinet,
435 4729 516 4774 antea
527 4730 815 4793 trossulosrocabaut,
826 4746 897 4782 nunc
909 4731 1017 4797 equites
1027 4735 1143 4781 vocant:

348 4790 471 4857 ideoque
481 4793 548 4859 quia
563 4811 617 4847 non
633 4798 794 4867 intelligunt
812 4800 950 4852 trossulos
965 4813 1064 4852 nomen
1080 4796 1144 4867 quid

347 4861 451 4921 valeat,
463 4860 565 4912 multos
577 4865 661 4929 pudet
670 4867 809 4919 trossulos
819 4868 923 4920 vocari.

381 4928 417 4981 X.
437 4926 506 4980 Sunt
528 4929 615 4983 adhuc
634 4934 742 5001 aliquae
763 4952 818 4988 riou
837 4935 1008 4990 omittendae
1027 4934 1054 4986 in
1077 4948 1144 4985 auro

347 4998 529 5051 differentiae.
565 5001 674 5053 Auxilia
690 5005 790 5072 quippe
805 5013 834 5058 et
850 5013 982 5059 externos
998 5004 1144 5070 torquibus

347 5068 440 5122 aureis
452 5066 601 5129 donavere,
621 5076 650 5119 at
661 5071 733 5123 cives
745 5089 799 5125 oon
812 5074 864 5126 nisi
877 5074 1027 5142 argenteis.
1063 5072 1145 5125 Prae·

346 5144 454 5220 terque²
475 5137 599 5189 armillas
620 5137 724 5190 civibus
740 5140 854 5205 dedere,
874 5160 942 5213 quas
964 5159 1018 5196 noa
1041 5141 1145 5195 habent

347 5214 462 5259 externi.

381 5275 430 5329 xl.
447 5274 532 5329 iidem
543 5269 634 5343 (quod
645 5275 732 5343 magis
746 5275 891 5341 miremur)
905 5295 1022 5333 coronas
1033 5295 1067 5332 ex
1078 5295 1145 5332 auro

348 5344 448 5397 dedere
460 5345 572 5397 civibus.
610 5343 678 5406 Quis
690 5346 794 5412 primas
805 5342 925 5400 donatus
937 5349 977 5400 sit
988 5365 1029 5411 ea,
1039 5363 1092 5400 non
1105 5351 1144 5400 ln-

347 5413 422 5465 reni:
440 5414 488 5466 sed
500 5413 561 5483 quis
573 5413 690 5482 primum
702 5414 855 5474 donaverit,
875 5430 893 5467 a
903 5416 1045 5468 lnPisooe
1057 5417 1144 5470 trudi·

348 5487 399 5531 tur
415 5484 444 5533 h.
459 5481 616 5537 Postumius
639 5484 771 5538 dictator.
807 5482 885 5552 llpud
898 5483 989 5534 laeum
1005 5486 1143 5551 Regillum

1197 3765 1348 3830 Argentum
1369 3763 1509 3828 signatum
1530 3768 1574 3815 est
1593 3777 1663 3815 anno
1675 3759 1755 3811 Urbis
1765 3758 1999 3826 coccuxxliV,
2081 3818 2093 3837 ⁸

1198 3832 1231 3893 Q.
1247 3829 1377 3899 Ogulnio,
1398 3831 1426 3881 C.
1437 3831 1524 3883 Fabio
1542 3833 1615 3884 Coss.
1633 3829 1844 3899 quinquennale
1862 3831 1996 3898 antepri-

1197 3915 1271 3953 mum
1282 3899 1384 3950 bellum
1395 3896 1537 3953 Punicum.
1572 3901 1609 3951 Et
1619 3900 1724 3967 placuit
1735 3899 1877 3953 denarium
1889 3914 1940 3967 pro
1951 3900 1998 3954 de·

1198 3985 1258 4022 cem
1269 3969 1347 4020 libris
1359 3970 1442 4031 aeris,
1461 3971 1615 4036 quinarium
1628 3985 1677 4038 pro
1689 3970 1817 4038 quinque,
1837 3970 1995 4023 sestertium

1197 4054 1248 4107 pro
1271 4037 1412 4105 dupondio
1433 4054 1466 4090 ae
1482 4039 1606 4092 semisse.
1642 4039 1756 4092 Librale
1776 4044 1869 4092 autem
1887 4038 1995 4107 pondus

1198 4108 1272 4161 aeris
1284 4110 1457 4160 imminutum
1471 4108 1543 4161 bello
1552 4107 1656 4162 Punico
1667 4112 1774 4177 primo,
1791 4124 1854 4161 cum
1864 4108 1995 4175 impensis

1198 4180 1348 4246 Barpana
1367 4177 1523 4229 sufficeret:
1542 4180 1788 4246 constitutumque,
1808 4185 1996 4231 utassessex·

1197 4248 1320 4300 matario
1331 4249 1451 4314 pondere
1463 4246 1622 4300 lenirentur.
1659 4249 1701 4300 lta
1718 4249 1837 4317 quinque
1848 4254 1941 4315 partes
1953 4245 1995 4298 ia·

1198 4324 1260 4371 otae
1271 4318 1339 4368 lucri
1350 4352 1358 4378 ,
1379 4316 1600 4385 dissolutumque
1611 4333 1659 4370 aes
1671 4318 1803 4371 alienum.
1839 4318 1913 4370 Nota
1924 4315 1997 4369 aeris

1197 4385 1253 4439 luit
1262 4403 1296 4439 ex
1306 4386 1396 4439 altera
1408 4393 1486 4453 parte
1498 4387 1578 4438 lanus
1587 4389 1723 4455 geminus,
1735 4402 1768 4440 es
1778 4388 1867 4439 altera
1877 4392 1995 4439 rostrum

1197 4457 1292 4508 naris:
1306 4455 1337 4506 'in
1358 4456 1461 4507 triente
1482 4472 1546 4508 rere
1569 4463 1596 4507 et
1615 4459 1781 4523 quadrante,
1804 4464 1887 4510 rates.
1923 4453 1997 4516 Qua·

1197 4525 1281 4577 drans
1292 4531 1375 4576 antea
1384 4525 1526 4577 teruncius
1537 4531 1653 4578 uocatus
1664 4541 1681 4576 a
1691 4527 1779 4578 tribus
1791 4527 1889 4577 unciis.
1918 4522 1997 4575 Pest-

1197 4608 1231 4645 ea
1244 4594 1399 4646 Hannibale
1410 4602 1534 4661 urgente,
1556 4596 1588 4656 Q.
1606 4593 1692 4646 Fabio
1708 4594 1833 4645 Maximo
1849 4594 1996 4654 dictatore,

1198 4679 1276 4715 asses
1295 4662 1419 4715 unciales
1435 4664 1516 4714 lacti:
1536 4662 1696 4729 placuitque
1709 4660 1852 4711 denarium
1874 4661 1994 4713 sedecim

1198 4732 1305 4784 assibus
1326 4733 1484 4799 permutari,
1516 4731 1670 4797 quinarium
1693 4727 1811 4788 octonis,
1834 4732 1997 4783 sestertium

1198 4803 1349 4868 quaternis.
1386 4801 1429 4852 lta
1441 4799 1609 4865 Respublica
1619 4797 1761 4848 dimidium
1771 4795 1882 4865 lucrata
1893 4806 1946 4850 est.
1965 4800 1999 4851 ln

1197 4868 1315 4922 militari
1327 4875 1418 4919 tamen
1429 4868 1570 4934 stipendio
1582 4881 1691 4932 semper
1701 4863 1829 4915 denarius
1839 4879 1889 4931 pro
1902 4866 1998 4919 decem

1198 4937 1306 4991 assibus
1318 4934 1406 4986 datus.
1441 4936 1517 4988 Nota
1528 4937 1635 5004 argenti
1647 4932 1727 4986 luere
1737 4932 1822 5001 bigae
1833 4942 1918 5003 atque
1928 4950 1998 5003 qua·

1199 5006 1310 5073 drigae:
1334 5014 1363 5054 et
1385 5003 1451 5056 inde
1471 5005 1559 5073 bigati
1583 5004 1795 5072 quadrigatique
1814 5003 1892 5055 dieti.
1929 5005 1998 5057 Mox

1198 5077 1261 5144 lege
1273 5072 1422 5138 Papiriana
1431 5072 1613 5126 semunciales
1624 5088 1700 5125 asses
1712 5070 1790 5125 laeti·
1818 5073 1913 5125 Livius
1922 5073 1998 5125 Dra·

1199 5160 1246 5196 aas
1258 5146 1287 5195 in
1299 5140 1440 5193 tribunatu
1453 5142 1543 5209 plebis
1558 5149 1684 5194 octavam
1698 5148 1803 5210 partem
1816 5143 1889 5195 aeris
1900 5157 1932 5194 ar
1968 5158 1999 5193 a·

1198 5220 1229 5265 to
1240 5211 1362 5264 miscuit.
1398 5210 1452 5273 Qui
1471 5227 1541 5262 nunc
1557 5212 1728 5264 Victorinum
1747 5212 1917 5274 enuntiatur,
1946 5225 1997 5277 ege

1199 5281 1300 5332 Clodia
1314 5295 1459 5347 percussus
1474 5287 1525 5331 est.
1561 5282 1615 5331 Aa*
1847 5294 1945 5332 ’maros
1961 5295 1997 5333 ex

1198 5349 1314 5417 illyrico
1325 5348 1464 5410 advertus,
1486 5350 1586 5403 mercis

1198 5425 1254 5470 tem
1265 5416 1530 5486 signatuaVictoria,
1542 5427 1571 5470 et
1581 5421 1589 5470 i

1199 5500 1258 5538 orus
1270 5492 1443 5554 postannum
1465 5487 1541 5541 hxll
1561 5505 1578 5557 p

1884 5350 1995 5401 ustaa·
2037 5390 2061 5399 „

2075 5414 2093 5453 b.
