4340 6018
792 783 840 866 C.
899 783 1156 869 Ple'll
1214 783 1546 870 SECUNDI

409 962 1134 1066 anabathra

1230 964 1936 1089 Hlsaoalnu

892 1169 1239 1243 LIBER
1325 1167 1439 1242 xli.

1059 1377 1290 1390 *¹²-

341 1527 362 1578 l.
383 1493 567 1575 Animalium
579 1519 713 1583 omnium,
721 1531 795 1584 quae
806 1521 883 1572 nosci
895 1526 1021 1586 potuere,
1031 1526 1147 1577 naturae

340 1592 497 1667 generatim
509 1590 741 1655 membratimque
750 1588 793 1640 ita
803 1604 833 1642 se
842 1585 954 1642 habent.
974 1590 1092 1642 Restant
1102 1606 1147 1642 ne-

340 1680 393 1735 que
404 1663 466 1731 ipsa
475 1663 569 1712 anima
579 1658 705 1712 carentia
716 1658 837 1725 (quando
858 1658 950 1710 uidem
962 1658 1029 1710 nihil
1042 1659 1101 1713 sine
1114 1674 1148 1711 ea

340 1735 420 1797 vivit)
432 1739 510 1785 terra
520 1729 603 1791 edita,
625 1726 733 1780 atinde
745 1734 827 1780 eruta
838 1674 974 1790 gicantur,
995 1743 1028 1781 ac
1040 1730 1146 1780 nullum

340 1805 460 1859 sileatur
473 1814 567 1854 rerum
577 1803 696 1851 naturae
709 1812 789 1865 opus.
808 1797 864 1849 Diu
874 1798 952 1850 luere
964 1799 1075 1853 occulta
1085 1800 1147 1851 eius

339 1871 487 1928 beneficia:
508 1882 808 1937 summumquemunus
820 1865 925 1918 homini
938 1868 1044 1931 datum,
1063 1869 1146 1920 arbo·

340 1942 534 2007 ressilracque
542 1937 784 2006 intelligebantur.
795 1937 868 1988 ilinc
875 1939 992 2004 primum
1003 1936 1147 2001 alimenta,

342 2012 440 2065 harum
450 2007 552 2062 lroade
561 2007 677 2059 mollior
687 2020 795 2074 specus,
803 2006 875 2058 libro
883 2009 976 2058 restis·
987 2007 1146 2058 Etiamnum

341 2088 439 2152 gentes
449 2078 617 2146 sicdegunt.
654 2076 716 2138 Quo
738 2075 828 2142 magis
852 2077 994 2144 armagis
1014 2077 1147 2129 admirari

341 2152 424 2213 subit,
439 2149 474 2199 ab
485 2150 520 2199 iis
532 2146 677 2215 principiis
688 2143 767 2198 caedi
779 2151 888 2195 montes
902 2144 930 2196 ia
942 2160 1092 2208 marmora,
1103 2162 1147 2198 re-

342 2228 400 2273 stes
411 2218 448 2271 ad
459 2217 542 2269 Seras
555 2217 626 2284 peti:
649 2216 779 2265 unionem
795 2213 825 2264 in
838 2213 924 2265 Rubri
937 2217 1023 2267 muris
1054 2216 1148 2267 rosun-

342 2291 390 2352 do,
408 2284 584 2353 smaragdum
605 2284 634 2335 in
654 2285 711 2334 ima
727 2282 830 2335 tellure
842 2284 948 2349 quaeri.
984 2232 1090 2337 adiice
1101 2300 1148 2337 ex·

240 2410 245 2413 .
342 2359 468 2427 cogitata
477 2361 542 2407 sunt
552 2356 661 2407 aurium
671 2351 799 2403 uulnera:
815 2353 945 2403 nimirum
959 2355 1090 2419 quoniam
1102 2369 1149 2421 pa·

342 2433 476 2481 numerat
487 2425 562 2478 collo
573 2421 750 2487 crinibusque
763 2421 877 2489 gestari,
890 2423 943 2472 nisi
954 2422 1149 2476 infoderentur

343 2499 427 2552 ctiam
438 2495 561 2562 corpori.
598 2490 785 2555 Quamobrem
806 2492 887 2558 sequi
904 2506 956 2559 par
967 2500 1010 2545 est
1022 2493 1147 2546 ordinem

343 2569 427 2629 ritae,
446 2571 475 2617 et
493 2563 609 2616 arbores
630 2568 697 2614 ante
715 2559 774 2613 alia
789 2558 891 2624 dicere,
909 2562 1077 2615 acsneribus
1092 2564 1149 2630 pri·

346 2636 455 2690 mordia
466 2635 605 2701 ingerere.

379 2708 413 2758 ll.
435 2706 512 2756 llaec
531 2703 611 2754 fuere
629 2699 771 2752 numinum
788 2700 911 2768 templa,
931 2702 1079 2770 priscoque
1091 2703 1148 2754 ritu

344 2775 483 2843 siarplicia
498 2787 564 2826 rura
580 2771 666 2824 etiam
684 2785 757 2821 rrunc
776 2768 829 2821 deo
842 2772 1056 2836 praecellentem
1068 2773 1148 2825 arbo·

345 2860 403 2899 rem
426 2844 530 2895 dicant.
567 2841 624 2894 Nec
635 2840 724 2906 magis
738 2853 807 2891 auro
819 2840 959 2906 fulgentia
970 2849 1053 2909 atque
1064 2843 1148 2894 ebore

345 2913 504 2979 sirnulacra,
524 2925 606 2979 quam
625 2910 712 2971 lucos,
727 2914 756 2960 et
767 2911 795 2960 in
806 2908 841 2960 iis
851 2910 966 2963 silentia
977 2913 1039 2978 ipsa
1050 2910 1149 2963 adorn-

347 2999 419 3038 mus.
446 2982 582 3033 Arborum
594 2993 698 3045 genera
707 2979 868 3031 numinibus
878 2982 937 3031 suis
951 2981 1044 3033 <licata
1054 2994 1149 3048 perpe·

344 3062 397 3104 tuo
408 3056 567 3101 servantur:
588 3053 619 3098 ut
631 3046 689 3111 lovi
700 3047 818 3109 esculus,
833 3049 961 3116 'apollini
972 3051 1076 3112 laurus,
1096 3049 1150 3101 Mi·

346 3118 531 3180 nervaeolea,
550 3114 655 3169 Veneri
666 3126 782 3185 myrtus,
793 3118 909 3171 Herculi
919 3121 1045 3186 pupulus.
1075 3119 1148 3182 Quia

347 3197 379 3244 et
389 3187 527 3249 Silumnus,
538 3183 718 3253 Faunosque,
740 3193 769 3238 et
779 3187 893 3240 dearum
904 3203 1008 3256 genera
1018 3187 1105 3249 siluis,
1115 3203 1148 3239 ac

346 3256 527 3320 aaauumina,
549 3261 680 3323 tanquam
696 3261 726 3307 ct
743 3257 831 3319 caelo,
851 3258 989 3309 attributa
1000 3256 1148 3309 credimus.

346 3328 468 3382 Arbores
483 3329 584 3394 postea
603 3324 796 3378 blandioribus
812 3326 892 3395 fruge
907 3330 998 3378 succis
1009 3325 1148 3395 bominem

345 3398 520 3467 mitigarere.
556 3397 599 3448 Ex
610 3395 646 3447 iis
656 3411 788 3450 recreans
800 3398 924 3448 membra
935 3396 990 3447 olei
1001 3398 1102 3463 liquor,
1110 3394 1149 3446 vi·

346 3482 449 3550 resque
459 3466 624 3534 potusriai:
646 3472 691 3519 tot
701 3467 818 3532 denique
830 3481 944 3533 sapores
954 3467 1147 3533 annuisponte

346 3542 505 3591 renuentes:
523 3542 553 3589 et
562 3550 673 3588 mensae
682 3532 871 3604 (depugnetur
883 3536 949 3587 licet
959 3551 1053 3588 earam
1064 3548 1149 3585 caum

347 3622 410 3660 cum
428 3606 505 3667 ieris,
527 3612 556 3657 et
574 3605 649 3671 pasti
669 3604 868 3671 naufragorum
884 3605 1046 3671 corporibus
1059 3604 1149 3670 pisces

346 3673 527 3744 expetantur)
540 3674 691 3729 etiamnum
702 3681 795 3725 tamea
805 3674 952 3725 secundae.
980 3673 1059 3725 Mille
1071 3687 1150 3739 prue-

345 3749 501 3800 tereasnnt
516 3756 704 3802 nausearum,
724 3743 783 3792 sine
803 3743 865 3808 quis
876 3742 936 3794 rita
947 3741 1010 3810 degi
1023 3758 1076 3793 non
1088 3756 1149 3808 pos·

346 3816 394 3866 sit.
428 3814 535 3866 Arbore
555 3811 696 3863 sulcamus
717 3809 825 3868 maria,
853 3817 997 3877 terrasque
1016 3811 1146 3863 admove·

346 3897 424 3934 mus:
447 3881 548 3933 arbore
559 3877 775 3930 exaedificamus
786 3882 871 3930 taeta
908 3879 951 3931 lix
962 3881 1064 3932 arbore
1076 3886 1105 3932 et
1114 3877 1149 3930 si·

346 3951 476 4005 mulacra
486 3948 627 3999 numinum
640 3945 728 4007 suere,
749 3943 869 3997 nonrlum
881 3948 973 4015 pretio
985 3950 1148 4018 excogitato

345 4023 507 4077 belluarum
526 4015 668 4083 cadaueri:
690 4022 851 4097 antequam,
872 4024 904 4069 ut
916 4019 997 4070 ediis
1008 4027 1074 4070 nuto
1086 4019 1148 4070 iure

344 4092 484 4151 luxuriae,
493 4084 591 4141 eodem
602 4087 686 4139 ebore
696 4099 837 4136 numinum
849 4100 900 4138 sira
909 4096 1110 4155 spectarentur,
1121 4094 1149 4139 et

346 4174 503 4216 mensarum
515 4158 609 4224 pedes.
629 4153 754 4206 Produnt
765 4155 880 4221 Alpibus
891 4157 1036 4220 coercitas,
1048 4165 1077 4208 ct
1088 4164 1147 4208 tum

345 4224 563 4298 inexsuperabili
575 4221 746 4277 munimento
758 4223 875 4287 Gallias,
892 4223 962 4278 hanc
972 4226 1089 4293 primum
1101 4225 1149 4278 ha·

346 4300 442 4353 baisse
453 4312 567 4352 causam
578 4292 800 4364 superlundendi
809 4310 839 4346 se
850 4294 958 4359 ltaliae,
966 4296 1038 4364 qued
1047 4296 1149 4349 Helico

349 4380 385 4419 ex
396 4367 536 4421 Helvetiis
547 4366 618 4420 eivis
627 4379 733 4427 earum,
754 4365 881 4417 febrilem
894 4366 930 4418 ob
941 4373 1029 4419 artem
1044 4366 1150 4418 Romae

349 4442 546 4498 commoratus,
568 4439 649 4488 ticum
666 4435 768 4487 siccam
779 4442 808 4487 et
817 4442 909 4496 uvam,
930 4436 1040 4503 oleique
1051 4450 1083 4487 ae
1094 4435 1149 4486 vini

349 4504 507 4569 praemissa
515 4518 642 4557 remeans
653 4520 746 4558 secum
758 4505 878 4558 tulisset.
896 4506 1074 4575 Quapropter
1082 4504 1150 4558 baec

350 4570 396 4625 rel
407 4570 482 4623 bello
493 4572 636 4637 quaesisse
647 4575 728 4626 venia
739 4575 784 4625 sit.

384 4639 434 4691 ill.
451 4637 507 4691 Sed
524 4639 652 4706 quianon
663 4641 724 4694 lure
742 4643 867 4706 miretur,
886 4644 1014 4697 arborem
1035 4644 1151 4696 umbrae

350 4709 443 4777 gratia
452 4713 562 4759 tantum
572 4722 608 4759 ex
618 4709 709 4761 alieno
721 4711 836 4776 petitam
847 4713 929 4763 orbei
943 4711 1151 4766 Platanushaee

352 4783 404 4839 est,
421 4789 499 4827 mare
515 4776 621 4827 lonium
632 4790 660 4827 m
671 4775 814 4831 Diomedis
833 4780 955 4833 insulam
972 4774 1095 4835 eiusder'n
1106 4789 1151 4834 tu·

351 4845 420 4897 muli
436 4844 529 4914 gratia
540 4844 658 4910 primum
669 4844 785 4909 invecta,
806 4847 872 4900 lnde
883 4851 910 4901 in
924 4850 1047 4904 Siciliam
1058 4859 1148 4903 trans-

350 4928 456 5038 gpessa,
472 4921 557 4981 atque
565 4912 641 4966 iuter
653 4913 757 4980 primns
768 4914 872 4969 donata
884 4920 991 4981 ltaliae,
1007 4929 1037 4974 et
1046 4922 1100 4974 iam
1112 4919 1148 4972 ad

383 4985 478 5037 oriam
494 4997 582 5051 usque
593 4990 730 5050 pervecta,
746 4998 778 5036 ac
790 4985 969 5040 tributarium
984 4991 1067 5041 etiarn
1080 4989 1150 5042 deti-

350 5069 418 5107 neas
437 5051 544 5113 sulum,
565 5060 594 5103 ut
613 5059 710 5120 gentes
728 5053 849 5122 vectigal
871 5064 899 5109 et
911 5060 1070 5124 proumbra
1081 5074 1148 5126 pen·

350 5123 424 5175 dant.
462 5121 617 5189 Dionysius
629 5121 713 5188 prior,
732 5120 844 5177 Siciliae
854 5130 999 5193 tyrannus,
1012 5128 1148 5196 Rhegium

349 5198 377 5245 ia
388 5191 485 5244 urbem
496 5190 643 5243 transtullt
653 5206 710 5252 eas,
720 5190 818 5244 domus
827 5208 894 5246 suae
906 5195 1081 5260 miraculum,
1100 5199 1149 5248 uhi

350 5268 448 5330 postea
457 5259 561 5313 iactum
571 5259 762 5329 gymnasium:
783 5276 835 5315 nec
844 5263 968 5328 potuisse
980 5266 1007 5316 in
1020 5266 1150 5333 amplitu-

349 5332 443 5385 dinem
463 5327 636 5393 sdoleseere3
658 5335 687 5383 et
697 5328 768 5381 alias
779 5329 867 5383 luisse
878 5333 905 5383 in
918 5332 1007 5398 ltalia,
1019 5346 1052 5387 ae
1063 5337 1150 5388 nami·

351 5402 438 5453 naam
450 5399 594 5468 Hispania,
615 5396 989 5466 apudanetoresinrenitur.

383 5467 433 5523 lV.
451 5470 516 5524 lice
525 5474 617 5523 aetum
637 5467 715 5522 eirca
724 5474 824 5536 captae
834 5469 918 5522 Urbis
928 5478 1066 5525 aetatem:
1087 5480 1148 5525 tan-

347 5545 462 5606 tuasque
472 5536 694 5609 pnstssboaorls
705 5538 962 5613 latrocinaturum
974 5540 1068 5594 inluso
1080 5558 1148 5597 enu-

1199 1523 1334 1572 triantur:
1347 1525 1519 1586 compertum
1530 1517 1558 1569 id
1570 1520 1689 1570 maxime
1702 1517 1835 1585 prodesse
1846 1518 2000 1570 radicibus:

1200 1589 1401 1655 docuimusque
1412 1590 1498 1641 etiam
1509 1589 1624 1640 arbores
1636 1589 1701 1639 rina
1714 1593 1820 1653 potare.

1232 1656 1266 1710 V.
1285 1659 1449 1711 Celebratae
1461 1664 1526 1709 sunt
1538 1656 1653 1725 primum
1666 1661 1692 1708 in
1703 1655 1892 1707 ambulatione
1901 1656 2003 1707 Acade·

1200 1729 1272 1780 miae
1283 1726 1397 1781 Athenis
1408 1727 1565 1781 cubitorum
1578 1726 1705 1790 xxxta,
1717 1742 1735 1777 a
1745 1724 1838 1777 radice
1850 1739 1944 1777 ramos
1955 1740 2003 1777 an·

1199 1797 1353 1851 teredente.
1390 1797 1471 1852 Nunc
1488 1803 1531 1849 est
1553 1796 1632 1850 clara
1647 1797 1676 1849 in
1692 1794 1783 1864 Lycia
1803 1794 1892 1862 gelidi
1916 1792 2004 1847 fonds

1199 1868 1469 1929 sociaamnenitate‚
1490 1867 1585 1919 itineri
1599 1865 1739 1935 apposita,
1759 1863 1898 1917 domicilii
1908 1863 2004 1926 modu,

1200 1953 1268 1990 cara
1287 1936 1392 1991 LXXX
1417 1944 1501 2005 atque
1521 1939 1604 1989 unius
1624 1935 1724 2005 pedum
1743 1949 1836 2001 specu,
1854 1947 2005 1987 nemorosa

1199 2010 1315 2070 vertice,
1322 2014 1351 2060 et
1361 2023 1392 2060 se
1402 2009 1489 2060 uastis
1501 2012 1651 2075 protegens
1662 2005 1756 2066 ramis,
1764 2004 1895 2056 arborum
1907 2002 2004 2066 instar,

1200 2092 1283 2145 agros
1303 2076 1395 2146 longis
1413 2078 1522 2129 obtinet
1541 2072 1659 2128 umbris:
1684 2087 1717 2127 ac
1733 2090 1767 2127 ne
1779 2073 1845 2141 quid
1856 2073 2002 2139 desitspe·

1200 2146 1298 2198 lancae
1308 2146 1438 2214 imagini,
1461 2162 1563 2198 saxeae
1574 2148 1650 2198 intus
1662 2143 1815 2213 crepidinis
1826 2157 1931 2196 corana
1940 2157 2001 2193 mu·

1187 2230 1295 2267 sensns
1317 2215 1464 2283 complexa
1481 2216 1618 2282 pumices:
1639 2222 1698 2267 tam
1711 2214 1796 2283 digna
1806 2212 1952 2274 miraculo,
1971 2218 2003 2264 ut

1201 2285 1327 2336 Licinius
1344 2285 1485 2337 Mucianus
1501 2291 1545 2338 ter
1563 2285 1668 2349 consul,
1691 2289 1721 2337 et
1738 2298 1827 2350 nuper
1844 2282 2002 2350 prouinciae

1201 2355 1260 2407 eius
1271 2354 1389 2421 legatus,
1404 2354 1575 2421 prodendum
1586 2356 1672 2408 etiam
1682 2355 1801 2421 posteris
1811 2352 1926 2420 putarit,
1938 2366 2002 2419 epa.

1199 2426 1286 2477 latum
1295 2424 1370 2474 intra
1380 2438 1441 2476 eam
1450 2439 1481 2475 se
1492 2439 1554 2476 cum
1563 2423 1915 2479 duodevicesimocomitc:
1925 2421 2002 2489 large

1200 2494 1262 2560 ipsu
1282 2500 1360 2544 toros
1381 2495 1532 2560 praebente
1551 2494 1664 2557 fronde,
1684 2495 1719 2547 ab
1730 2495 1804 2546 omni
1815 2491 1911 2545 afflatu
1921 2504 2001 2544 secu·

1202 2578 1271 2627 runs,
1295 2569 1437 2630 optantem
1458 2563 1588 2617 imbrium
1602 2579 1653 2632 per
1667 2563 1737 2616 iolla
1748 2564 1880 2630 crepitus,
1904 2560 2003 2612 laetie-

1200 2648 1268 2694 rcm,
1284 2647 1365 2700 quam
1377 2648 1547 2686 marmorum
1558 2636 1658 2697 nitore,
1669 2636 1797 2701 picturae
1805 2631 1953 2692 uarietate,
1961 2628 2002 2681 la·

1201 2702 1345 2768 quearium
1358 2719 1437 2765 aursi,
1449 2703 1577 2757 cubuisse
1588 2705 1617 2757 in
1628 2703 1734 2758 eadem.
1753 2701 1834 2756 atiud
1845 2698 2001 2766 exemplum

1201 2772 1260 2824 Caii
1274 2772 1412 2840 principis,
1424 2775 1453 2825 in
1461 2772 1609 2827 Veliterno
1621 2789 1685 2826 rure
1697 2764 1793 2824 mirati
1804 2770 1884 2823 unius
1895 2768 2003 2821 tabula·

1201 2850 1239 2903 ta,
1261 2841 1378 2909 laxeque
1389 2858 1531 2897 ramorum
1542 2843 1667 2895 trabibus
1688 2857 1800 2894 scanma
1811 2839 1917 2907 patula,
1935 2843 1963 2889 et
1974 2837 2002 2888 ia

1201 2927 1235 2964 ea
1246 2911 1361 2977 epulati,
1373 2927 1433 2963 cum
1445 2912 1503 2979 ipsa
1514 2928 1579 2979 pars
1592 2918 1667 2964 esset
1678 2911 1804 2972 umbrae,
1812 2908 1865 2963 XV
1875 2907 2004 2960 concisa·

1202 2996 1261 3032 rum
1274 2996 1307 3031 ac
1320 2983 1465 3033 nrinisteril
1477 2996 1579 3048 capace
1590 2980 1722 3039 triclinio,
1732 2993 1815 3044 quam
1827 2991 1941 3029 coenam
1953 2991 2002 3044 ap·

1201 3050 1317 3117 pellavit
1340 3048 1388 3101 ille
1410 3049 1513 3099 nidum.
1551 3048 1757 3112 EstGortynae
1774 3046 1802 3096 in
1814 3046 2006 3097 insulacrsts

1200 3120 1282 3171 iusta
1302 3115 1409 3169 iontem
1430 3118 1558 3184 platanus
1578 3130 1640 3176 una,
1660 3113 1778 3180 insignis
1793 3111 1940 3179 utriusque
1952 3114 2005 3165 lin·

1201 3200 1272 3255 guae
1285 3188 1480 3249 monumentis,
1494 3199 1632 3254 nunquam
1644 3183 1714 3236 iolla
1725 3183 1880 3235 dimittens:
1893 3181 2005 3234 statim·

1201 3272 1254 3325 que
1266 3256 1292 3309 ei
1305 3254 1442 3308 Graeciae
1454 3255 1620 3307 fabulositas
1631 3252 1784 3320 superfuit,
1804 3253 1896 3305 larem
1907 3252 2005 3306 sabea

1201 3340 1262 3378 curn
1273 3328 1385 3393 Europa
1396 3325 1594 3378 concubuisse:
1606 3340 1656 3377 ceu
1667 3337 1732 3377 rere
1743 3338 1798 3374 non
1809 3321 1866 3373 alin
1877 3319 2003 3374 eiusdem

1201 3397 1309 3463 generis
1329 3402 1405 3448 esset
1425 3395 1454 3447 in
1466 3397 1569 3462 cypro.
1606 3392 1659 3448 Sed
1680 3408 1715 3447 ex
1726 3393 1891 3459 caprimum
1902 3390 2004 3457 inipso

1201 3467 1286 3517 creta
1307 3468 1348 3527 (ut
1361 3473 1406 3517 est
1416 3472 1518 3519 natura
1528 3465 1669 3518 hominum
1683 3462 1816 3516 nonusis
1827 3461 1922 3522 arida)
1943 3460 2003 3527 pla·

1200 3537 1259 3587 tani
1270 3540 1349 3588 satae
1359 3549 1559 3603 regeneravere
1570 3536 1683 3588 vitium:
1694 3531 1917 3601 quandoquidem
1929 3544 2003 3582 eum·

1201 3604 1343 3657 mendatio
1353 3605 1462 3657 arboris
1474 3606 1535 3659 eius
1546 3620 1601 3658 non
1614 3605 1671 3657 alia
1682 3603 1774 3656 maior
1783 3608 1836 3664 est,
1857 3614 1938 3668 quam
1949 3599 2000 3652 Sa·
2035 3646 2046 3661 ,

1201 3673 1255 3725 lem
1267 3680 1377 3727 aestate
1388 3689 1492 3737 arcere,
1503 3672 1593 3728 hieme
1602 3673 1758 3727 admittere.
1776 3671 1843 3724 lude
1853 3675 1881 3723 in
1892 3669 2001 3721 ltaliam

1203 3757 1311 3810 quoque
1320 3757 1353 3795 ac
1362 3744 1521 3797 suburbana
1531 3758 1591 3807 aaa,
1600 3742 1719 3796 Claudia
1730 3737 2003 3810 principe,hlsrcelli

1201 3814 1331 3865 heroici
1342 3813 1467 3876 libertus,
1487 3812 1596 3881 sedeci
1607 3828 1637 3865 se
1648 3812 1791 3879 potentiae
1803 3825 1888 3863 rausa
1899 3809 2001 3861 Caesa·

1201 3881 1240 3933 ris
1252 3881 1361 3935 libertis
1372 3881 1544 3950 adoptasset,
1555 3883 1644 3949 spado
1655 3880 1835 3934 Thessalicus
1846 3877 2002 3947 praedives·

1202 3957 1233 4002 ut
1244 3951 1345 4003 merito
1357 3952 1412 4004 clici
1425 3952 1554 4019 possetis
1566 3966 1676 4020 qunque
1686 3950 1847 4018 Dionysius,
1858 3946 2003 4002 transtulit

1201 4019 1230 4072 id
1241 4034 1338 4088 genus.
1366 4020 1529 4089 Durantque
1541 4023 1627 4074 etiam
1640 4022 1667 4073 in
1678 4020 1763 4074 ltalia
1773 4024 1902 4087 portenta
1912 4026 2001 4071 terra·

1201 4085 2001 4158 rum,prneterillascilicet,quaeipsaexcegitavitltalia.

1238 4157 1285 4211 Vl.
1303 4160 1428 4227 Namque
1448 4168 1477 4213 et
1498 4160 1724 4231 chamaeplatani
1743 4162 2003 4236 recapturcoactse

1203 4228 1365 4293 ⁸breuitatise
1385 4231 1515 4297 quonium
1533 4230 1667 4283 arborum
1675 4226 1761 4283 etiam
1772 4229 1887 4282 abortus
1897 4222 2002 4278 invenl-

1203 4313 1273 4350 mus.
1301 4296 1372 4351 Hoc
1393 4315 1502 4368 quoquo
1512 4314 1580 4368 ergo
1592 4301 1620 4351 in
1632 4316 1745 4369 genere,
1764 4298 1947 4365 pumilionum
1959 4294 2002 4345 in·

1203 4367 1324 4421 felicitas
1336 4368 1414 4421 dicta
1425 4372 1489 4423 erit.
1526 4370 1572 4422 Fit
1581 4378 1675 4423 autem
1686 4378 1716 4422 et
1726 4366 1838 4421 serendi
1849 4378 1963 4435 genere,
1974 4369 2003 4415 et

1201 4436 1353 4493 recidendi.
1373 4438 1482 4493 Primus
1494 4442 1523 4492 C.
1535 4439 1641 4492 Matius
1652 4454 1689 4492 ux
1701 4438 1822 4506 equestri
1834 4434 1942 4497 ordine,
1954 4432 2004 4485 lll-

1202 4510 1229 4559 ri
1239 4508 1357 4577 Augusti
1368 4511 1484 4572 amicus,
1505 4501 2003 4577 incenitnemoratonsiliaintrabos

1202 4577 1307 4630 LXXX
1318 4593 1415 4630 annos.

1239 4647 1298 4701 Vll.
1316 4645 1484 4715 Peregrinae
1495 4652 1525 4698 et
1535 4648 1632 4705 cerasi,
1653 4645 1845 4707 Persicaeque,
1866 4643 1895 4690 et
1905 4653 2004 4691 omnes

1203 4731 1317 4784 quarum
1330 4717 1440 4768 Graeca
1455 4717 1567 4767 nomina
1581 4721 1629 4766 aut
1645 4713 1752 4764 aliena:
1770 4709 1820 4761 sed
1830 4723 1902 4775 quae.
1912 4722 1946 4760 ea
1959 4706 2004 4761 his

1203 4786 1359 4838 incolarum
1372 4798 1486 4835 numero
1497 4798 1558 4835 esse
1575 4796 1701 4847 coepere,
1722 4779 1848 4831 dicentur
1857 4779 1932 4829 inter
1944 4775 2003 4828 {ru-

1202 4855 1316 4922 glieras.
1354 4854 1383 4904 ln
1396 4853 1556 4919 praesentia
1566 4859 1696 4904 externas
1707 4861 1915 4916 persequemur,
1933 4860 2003 4899 aaa·

1202 4923 1287 4975 lutari
1299 4921 1419 4973 maxime
1431 4922 1497 4972 orsi.
1516 4920 1739 4988 Malusbssyria‚
1749 4931 1830 4986 quam
1841 4916 1891 4968 alii
1901 4925 2002 4968 rocam

1203 4990 1353 5052 Medicam,
1364 4991 1477 5042 venenis
1489 4989 1624 5043 medetur.
1653 4989 1761 5041 Folium
1773 4987 1833 5040 eins
1843 4993 1887 5040 est
1898 4985 2002 5039 unedo·

1201 5061 1254 5123 nis,
1275 5059 1526 5112 intercurrentibus
1547 5058 1644 5126 spinis.
1680 5058 1797 5110 Pornum
1819 5057 1911 5125 ipsum
1932 5054 2004 5108 alias

1202 5145 1258 5182 nna
1269 5129 1424 5181 manditurt
1435 5128 1521 5181 odore
1532 5128 1678 5195 praecellit
1685 5127 1818 5179 loliorum
1828 5141 1946 5195 quoque,
1955 5125 2003 5192 qui

1201 5198 1303 5251 transit
1320 5198 1347 5249 in
1365 5205 1456 5251 vestes
1468 5212 1525 5250 una
1536 5198 1675 5261 conditus,
1698 5203 1830 5265 arcetque
1841 5194 2001 5248 animalium

1205 5266 1300 5319 noxia.
1327 5268 1418 5320 Arbor
1429 5269 1489 5334 ipsa
1500 5266 1627 5320 omnibus
1639 5266 1716 5319 horis
1729 5265 1866 5334 pomifera
1877 5270 1928 5325 est,
1939 5262 2003 5314 aliis

1201 5335 1373 5399 cadentibus,
1392 5336 1457 5388 aliis
1468 5337 1729 5399 maturescentibus,
1745 5336 1811 5389 aliis
1822 5348 1890 5388 rere
1900 5332 2001 5385 subna-

1201 5405 1351 5459 scentibus.
1380 5407 1537 5461 Tentavere
1549 5415 1646 5474 gentes
1658 5407 1811 5460 transferre
1822 5403 1857 5457 ad
1869 5417 1930 5457 sese
1959 5415 2005 5452 ro·

1201 5483 1267 5543 pter
1285 5472 1404 5529 remedii
1425 5476 1627 5540 praestantiam
1648 5477 1782 5531 fictilibus
1793 5474 1821 5526 in
1832 5473 1914 5535 rasis,
1935 5414 2004 5522 Kato

1201 5559 1253 5613 per
1263 5558 1397 5600 cavernas
1409 5542 1551 5599 radicibus
1570 5547 1757 5617 spiramento:
1779 5542 1900 5612 qualiter
1910 5539 2005 5593 unuln
