4368 6008
323 256 387 318 302
470 256 500 314 C.
538 250 692 316 l‘LlNll
728 248 932 311 sucuro!
965 248 1131 308 uarum
1166 244 1355 307 tristati.
1389 243 1478 306 Llli.
1501 243 1616 305 XXV.
1645 240 1880 306 cabaa-53.

255 396 258 411 '
325 415 400 460 stam
418 409 608 457 consecratum
628 399 819 451 indicarimus.
854 396 940 450 iidem
958 397 1062 451 fratres
1086 400 1126 450 in·

326 477 443 529 stituerc
457 490 474 525 a
485 472 601 525 balineis
615 468 718 535 frigida
733 467 823 519 multa
838 481 957 533 corpora
972 468 1127 534 adstringe·

326 563 366 601 re.
404 546 492 597 Antea
503 557 555 592 uon
568 544 628 590 erat
645 552 712 598 mas,
732 537 786 587 nisi
803 535 895 587 calida
908 544 1014 588 tautum
1031 538 1128 599 lauari,

327 618 399 669 sicut
422 612 494 679 apud
504 610 655 659 Homerum
676 605 761 658 etiam
781 606 950 661 invenimus..
978 606 1033 659 Sed
1046 607 1128 658 labae

1180 412 1262 466 quern
1279 399 1425 451 trinutum.
1461 396 1518 450 Nec
1534 396 1605 448 alias
1622 390 1739 447 deluere
1753 396 1906 462 Hispaniae
1922 398 1984 453 irer-

1181 470 1223 520 his
1236 467 1423 535 exquire-udis,
1445 473 1475 517 ut
1484 467 1513 531 ip
1526 466 1625 531 quibas
1638 465 1788 517 etiamnum
1803 463 1886 519 hodie
1895 469 1924 518 iu
1935 484 1984 520 na·

1180 552 1290 589 morosa
1302 546 1329 588 et
1341 536 1459 587 laetiore
1470 536 1605 598 conuictu,
1615 536 1758 602 potionem
1775 551 1790 587 e
1802 544 1911 587 ceritum
1923 536 1985 591 her·

1181 607 1324 659 hismulso
1337 605 1448 667 additis,
1468 604 1614 657 credidere
1631 604 1841 656 saluberrimam
1853 607 1984 659 suavissi-

330 686 457 736 rolumen
468 691 575 746 quoque
587 682 680 727 exstat
692 675 727 728 dc
738 690 771 726 ea
782 673 879 737 herba,
893 682 920 727 et
932 676 1037 727 clarium
1050 690 1129 742 prae·
1179 692 1320 744 unamque:
1338 689 1387 726 nec
1398 675 1542 742 quisquam
1554 688 1658 741 genera
1669 688 1764 726 earam
1775 675 1829 726 iam
1843 676 1923 726 norit
1935 684 1984 729 aut

329 754 448 805 conium.
495 745 603 797 invenit
624 759 685 794 eam
707 746 735 795 iu
756 751 848 796 moute
869 745 999 798 Atlante:
1034 746 1128 812 specie

328 819 427 887 thyrsi,
439 814 515 865 toliis
527 812 692 867 acanthinis.
729 812 779 864 Vis
792 820 871 864 tanta
882 822 934 876 est,
954 820 985 865 ut
995 831 1010 866 e
1021 815 1127 882 longiu-

329 905 382 958 qua
394 899 491 937 succus
503 881 672 948 excipiatur:
692 882 797 934 incisae
807 889 905 946 conta,
924 883 1044 935 subditis
1055 883 1130 935 exci-

328 957 401 1025 pulis
411 952 565 1006 rentricnlo
577 951 812 1015 haedina,humor
823 952 906 1003 lactis
914 952 1025 1005 ridetur
1036 951 1129 1006 efflue-

1181 745 1401 798 multitudinem:
1423 758 1553 796 numerus
1564 750 1655 794 taruco
1668 748 1778 795 constat
1787 745 1814 796 in
1826 747 1947 798 nonrine.

1183 814 1337 868 exhvtti.
1359 812 1402 864 37.
1433 812 1541 864 Nostra
1563 817 1640 863 aetas
1665 813 1794 864 meminit
1819 812 1933 866 herbam
1953 817 1984 868 ia

1180 885 1285 936 Marsis
1303 889 1452 949 repertam.
1488 880 1619 934 Nascitur
1634 881 1664 931 in
1679 883 1839 950 Aequiculis
1854 884 1930 936 circa
1944 888 1985 937 ri·

1180 969 1241 1005 cuni
1254 953 1419 1005 Neruesiae:
1437 959 1555 1002 vocatur
1567 951 1715 1018 consiligo.
1751 950 1880 1013 Prodest,
1897 950 2018 1007 atde-t

221 1024 226 1035 '
327 1042 373 1078 re:
392 1024 512 1075 siccatus
528 1036 588 1072 cam
603 1020 683 1084 coiit,
703 1019 793 1072 thuris
808 1021 928 1086 effigiem
944 1019 1037 1074 habet.
1073 1021 1129 1082 aui
1180 1021 1396 1074 monstrabimus
1407 1035 1458 1071 suo
1470 1010 1547 1082 loeo,
1567 1012 1721 1085 deploratis
1732 1020 1758 1070 in
1772 1018 1887 1087 phthisi.

329 1090 692 1160 colligunt,clariusrident
729 1090 1129 1155 contruserpentesmedetnr,
1173 1092 1314 1162 4XLlX.
1333 1088 1375 1141 38.
1395 1090 1501 1140 invenit
1512 1103 1599 1155 nuper
1614 1098 1643 1140 et
1654 1087 1791 1139 Servilius
1802 1089 1982 1144 Democrates

329 1175 491 1232 quacunque
507 1167 587 1227 parte
602 1173 745 1226 percussa:
764 1159 870 1210 vertice
886 1161 984 1222 incisa,
1005 1165 1033 1212 et
1044 1158 1129 1211 madi·

330 1239 458 1286 cementa
478 1229 584 1281 addito.
619 1227 794 1287 lbiGaetuli,
815 1228 863 1294 qui
885 1228 989 1295 legant,
1008 1227 1129 1281 haedina

329 1303 402 1353 lacte
424 1298 596 1350 adulterant:
623 1297 673 1348 sed
696 1296 864 1348 discernitur
884 1297 951 1366 igni.
993 1299 1025 1350 ld
1046 1299 1129 1359 enim,

305 1371 309 1389 ¹
349 1369 403 1422 aad
415 1371 551 1419 sincerum
563 1381 616 1417 uou
628 1371 679 1428 est,
698 1364 897 1418 fastidiendam
910 1367 1024 1420 odorem
1036 1366 1129 1420 hahet.
1141 1390 1144 1397 ⁴

362 1441 449 1490 altum
461 1437 535 1487 inira
552 1434 626 1486 hauc
640 1449 751 1486 succum
769 1442 821 1497 est,
839 1436 887 1503 qui
901 1437 929 1487 in
943 1437 1037 1490 Gallia
1052 1438 1084 1488 iit
1095 1450 1130 1489 ex

186 1548 189 1559 .
251 1542 255 1551 «
283 1504 311 1551 ·ί·
328 1508 418 1561 herba
437 1504 605 1571 chamelaea,
626 1519 742 1571 granum
764 1506 839 1557 cocci
859 1504 976 1559 terente.
1012 1507 1130 1557 Fructus

329 1574 535 1630 Hanimouiaco
548 1573 648 1625 similis
659 1579 710 1635 est
730 1573 814 1624 etiam
832 1572 887 1623 leri
897 1583 981 1640 gustu
992 1589 1024 1627 as
1034 1589 1130 1627 accen·

329 1661 389 1698 sum
401 1644 449 1696 diu
460 1643 595 1705 detinens,
616 1649 645 1694 et
656 1642 744 1710 magis
754 1657 788 1695 ex
800 1643 959 1706 intervallo,
970 1643 1059 1697 donec
1068 1643 1129 1696 iaa-

330 1730 376 1768 ces
388 1728 498 1779 quoque
511 1713 606 1763 siccet.

308 1792 315 1839 3,
363 1781 493 1834 XXXlX.
504 1782 547 1832 28.
566 1778 726 1833 Celebrarit
737 1785 767 1831 et
777 1779 929 1833 Themison
941 1781 1062 1835 medicus
1072 1783 1131 1834 vul-

327 1866 424 1922 garem
434 1847 546 1903 herbam
559 1848 757 1915 plantaginem,
767 1856 896 1918 tauquam
906 1850 1044 1913 iurentur,
1055 1852 1132 1903 rolu-

311 1978 313 1985 ,
329 1923 405 1974 mine
418 1918 452 1972 de
471 1935 505 1972 ea
519 1918 604 1970 edito.
640 1918 703 1969 Duo
721 1919 780 1970 eius
795 1936 906 1989 genera.
944 1921 1036 1974 Minor
1047 1937 1131 1990 auga·

329 1988 463 2043 stioribas
483 1986 560 2041 loliis
578 1994 606 2039 et
621 1988 800 2055 nigrioribus,
814 1989 932 2058 ¹linguae
948 2005 1079 2057 pecorum
1092 1990 1130 2042 si·

329 2058 465 2121 millimis,
477 2058 556 2109 caule
568 2058 747 2123 arigulos0‚in
760 2064 865 2111 terram
878 2059 1021 2121 inclinato,
1031 2061 1059 2112 in
1072 2074 1133 2126 pra·

330 2130 368 2182 tis
379 2143 503 2180 nuceas.
539 2128 635 2179 Altera
647 2129 745 2190 maior,
765 2126 842 2179 foliis
856 2128 974 2180 laterum
996 2128 1080 2180 niodo
1092 2129 1133 2179 in·

331 2199 423 2251 clusa:
444 2210 515 2263 quae
525 2197 591 2264 quia
602 2203 718 2263 septena
737 2204 817 2259 suat,
836 2199 947 2264 quidam
963 2213 1023 2250 eam
1035 2196 1133 2265 hepta·

232 2262 236 2271 ⁴
329 2269 604 2335 plearourocavere.
647 2266 739 2317 liuius
751 2268 879 2319 stcaulis
892 2269 1020 2320 cubitalis
1031 2275 1082 2330 est,
1103 2273 1132 2319 et

319 2339 397 2404 *napi
407 2335 518 2387 similis.
553 2333 686 2387 Nascitur
702 2335 731 2385 iu
748 2333 869 2387 humidis
882 2336 971 2389 malta
983 2337 1129 2390 efficacior.

330 2398 381 2458 Vis
392 2405 461 2456 mira
471 2406 499 2455 in
511 2403 641 2456 siccanda
653 2403 849 2472 densandoque
861 2420 995 2473 corpore,
1017 2406 1133 2459 cauterii

330 2475 418 2527 ricem
439 2474 575 2526 obtinens.
611 2471 697 2524 Nulla
717 2489 761 2527 res
781 2490 869 2542 aeque
889 2476 966 2528 sistit
986 2477 1132 2540 iluxiaues,

331 2558 401 2613 quas
411 2542 515 2596 Graeci
525 2541 740 2595 rheumatismos
754 2550 865 2598 vacant.

300 2626 316 2653 e
367 2612 629 2680 xl..2o.1ungitur
650 2610 716 2664 huic
737 2614 893 2682 buglossos,
914 2614 998 2667 houm
1021 2614 1133 2682 linguas

330 2683 451 2746 similis,
473 2681 518 2733 cui
537 2682 735 2751 praecipuum,
757 2685 830 2749 quod
852 2685 880 2736 in
901 2685 994 2737 uinum
1015 2683 1132 2748 deiecta,

331 2753 418 2806 animi
429 2753 583 2819 voluptates
594 2758 691 2819 auget:
712 2758 740 2803 et
756 2760 873 2805 uocatur
884 2753 1098 2821 euphrosynum.

321 2848 336 2855 -·
365 2821 439 2873 XLl.
450 2821 492 2872 30.
511 2821 638 2887 iungitur
648 2829 677 2872 et
688 2822 883 2889 cynoglossos,
895 2824 1008 2874 caninas
1020 2821 1131 2872 imitans

330 2889 454 2959 linguas,
476 2891 604 2955 topiariis
626 2890 758 2954 operibus
778 2894 948 2960 gratissima.
994 2891 1132 2958 Aiuntque

329 2974 400 3027 quae
421 2964 477 3011 tres
490 2956 602 3025 thyrsos
617 2958 729 3008 seminis
742 2961 853 3023 emittit,
873 2962 932 3010 sius
948 2959 1069 3008 radicem
1085 2975 1132 3022 po-

329 3036 386 3080 tam
404 3041 440 3080 ex
457 3042 528 3094 aqua
542 3026 576 3078 ad
594 3028 728 3077 tertianas
746 3026 897 3092 prodesse:
915 3040 985 3091 qaae
1003 3032 1132 3092 quatuor,

306 3112 321 3148 ¹.
330 3096 366 3148 ad
378 3102 537 3163 quartanas.
573 3095 625 3147 Est
638 3094 695 3145 alia
705 3094 805 3145 similis
817 3096 852 3157 ei,
866 3109 936 3165 quae
948 3094 1022 3146 ferat
1033 3094 1131 3161 lappas

328 3165 462 3218 minutas:
482 3164 633 3217 eiusradix
645 3170 713 3230 pota
723 3178 757 3214 ex
768 3177 850 3231 aqua,
861 3164 939 3217 ranis
951 3170 979 3218 et
995 3164 1130 3232 serpenti·

329 3236 383 3288 bus
395 3230 567 3287 adversatur.

335 3308 349 3335 ³
364 3304 449 3357 XLli.
461 3300 503 3357 at.
522 3304 574 3357 Est
588 3308 616 3355 et
632 3300 842 3369 buphthalmos,
857 3304 957 3357 similis
968 3305 1051 3358 boum
1063 3321 1132 3359 ocu-

329 3376 380 3439 lis,
400 3374 469 3425 tolio
480 3372 623 3433 foeniculi,
645 3372 720 3424 circa
731 3372 834 3439 oppida
845 3389 974 3437 umacus,
997 3376 1133 3430 fruticosa

330 3443 465 3505 caulibus,
477 3443 526 3511 qui
538 3448 567 3493 et
578 3440 747 3493 oranduntur
764 3443 881 3495 decocti.
918 3445 1037 3508 Quidam
1050 3446 1131 3498 cach-

329 3512 385 3563 lam
396 3517 504 3563 vocant.
540 3510 621 3561 Haec
632 3525 693 3561 cum
706 3526 770 3563 cera
781 3513 964 3566 scirrhumata
974 3512 1095 3566 discutit.

365 3576 465 3629 XLlli.
477 3578 522 3628 32.
540 3578 673 3632 invenero
693 3577 794 3651 herbas
812 3588 840 3632 et
858 3584 1004 3636 universae
1025 3590 1131 3652 gentes.

330 3645 447 3712 Scythia
457 3644 574 3711 primum
590 3660 661 3706 eam,
683 3663 752 3712 quae
763 3647 895 3714 Scythice
909 3658 1034 3716 vocatur,
1059 3653 1133 3704 circa

329 3714 480 3767 Boeotiam
500 3726 630 3765 nascens:
651 3715 829 3780 praedulcem
849 3719 928 3779 alias,
945 3720 1134 3772 utilissimam·

330 3798 385 3852 que
396 3781 431 3835 ad
443 3796 559 3849 eaquae
570 3789 712 3848 spasmata
722 3792 830 3834 vocant.
865 3787 969 3852 Magna
979 3795 1008 3839 et
1018 3804 1052 3842 ea
1063 3804 1134 3840 com-

330 3852 481 3916 mendatio,
499 3850 671 3919 quodiuore
682 3866 744 3904 eam
763 3850 906 3917 habentes,
928 3853 1029 3909 tamem
1042 3856 1132 3909 sitim·

332 3921 624 4047 quddidmdtdtiulddm
644 3994 770 4059 praestat
791 3991 865 4059 apud
886 3992 998 4047 eosdem
1019 3993 1133 4062 hippace

331 4065 417 4126 dicta,
427 4061 536 4130 quadiu
548 4061 627 4128 equis
640 4061 870 4180 quoq'ueeundem
884 4062 1013 4116 effectum
1023 4062 1133 4119 habeat.

331 4133 521 4201 Traduntque,
532 4130 574 4183 his
586 4131 693 4183 duabus
724 4132 797 4183 erbis
804 4129 921 4200 Scythas
931 4134 1016 4187 etiam
1026 4134 1056 4187 iu
1067 4135 1134 4190 duo·

330 4202 418 4256 denos
430 4204 490 4255 dies
501 4201 603 4254 durare
614 4201 643 4252 in
655 4199 730 4253 lame
738 4201 849 4269 sitique.

330 4296 336 4309 v
365 4272 451 4325 XLV.
472 4271 516 4324 34.
535 4270 744 4324 ischaemonem
756 4268 878 4324 Thracia
887 4273 1006 4338 invenit,
1028 4275 1133 4342 quate·

330 4346 397 4392 runt
407 4341 572 4408 sanguinem
583 4342 655 4405 sisti,
675 4356 731 4393 nou
742 4349 841 4407 aperta
852 4342 933 4394 modo
944 4359 1022 4405 rena,
1033 4345 1082 4396 sed
1093 4352 1134 4397 et·

329 4409 386 4457 iam
407 4411 541 4473 praecisa.
579 4410 674 4478 Serpit
695 4417 807 4462 eterra
827 4412 906 4463 milio
928 4413 1036 4475 similis,
1057 4414 1132 4468 iuliis

331 4476 438 4539 asperis
450 4483 479 4527 et
496 4478 679 4546 lanuginosis,
700 4479 819 4532 farcitur
831 4482 859 4532 in
878 4496 968 4534 nares.
1005 4484 1086 4545 Quae
1104 4485 1132 4534 in

174 4560 178 4571 ¹
222 4556 227 4569 ‘
328 4541 413 4593 italia
423 4547 555 4607 nascitur,
566 4556 594 4598 et
604 4549 766 4616 sauguinem
778 4550 873 4603 eadem
885 4550 1039 4620 adalligata
1049 4552 1132 4609 sistit.

366 4608 465 4691 libili.
485 4612 528 4664 35.
546 4614 684 4670 Vettones
701 4619 731 4669 in
743 4620 880 4686 llispania
891 4636 961 4680 eaor,
981 4635 1051 4689 qaas
1065 4620 1131 4674 Vet-

330 4680 575 4761 tonica-diciturin
587 4685 690 4747 Gallia,
708 4687 738 4738 iu
748 4689 832 4739 ltalia
842 4696 935 4742 antem
946 4691 1096 4753 serratulu,
1116 4705 1133 4741 a

331 4747 447 4830 Graecis
467 4757 583 4830 cestros,
604 4762 654 4806 aut
678 4755 912 4825 psychotrophon‚
934 4764 1001 4811 aute
1019 4766 1132 4811 cunctas

329 4815 533 4870 laudatissima.
552 4821 618 4874 Exit
628 4825 764 4890 anguloso
773 4828 860 4889 caule,
872 4828 1028 4880 cubitorum
1040 4827 1133 4891 dudm,

331 4899 349 4935 a
360 4884 529 4954 radicespar
548 4904 597 4941 ens
608 4892 873 4963 ialiaierelapathi,
890 4904 1008 4960 serrata,
1028 4900 1133 4950 semine

331 4969 482 5023 purpureo.
542 4957 601 5010 ulia
615 4960 755 5014 siccantur
771 4965 798 5015 in
816 4965 934 5018 larinum
945 4965 1081 5032 plurimas
1098 4966 1133 5019 ad

331 5040 407 5076 usus.
444 5023 492 5076 Fit
502 5028 593 5078 riuum
604 5043 639 5080 ex
649 5044 683 5081 ea
694 5038 722 5080 et
741 5039 860 5098 acetum,
880 5034 1027 5087 stomacho
1039 5044 1067 5087 et
1077 5036 1132 5088 cla·

331 5094 413 5145 rituti
423 5094 578 5147 oculorum.
614 5097 789 5167 Tantumque
804 5105 912 5170 gloriae
923 5105 1022 5168 habet,
1043 5103 1133 5157 atda-

330 5179 394 5286 mgs
403 5163 432 5217 iu
444 5180 500 5234 qua
510 5172 574 5218 sata
584 5165 644 5228 rit,
666 5173 726 5219 tuta
738 5174 912 5227 existimetur
922 5190 939 5226 a
949 5174 1065 5242 piaculis
1077 5189 1134 5227 our·

331 5248 358 5285 m
379 5249 420 5285 us.

323 5296 327 5311 '
367 5302 477 5359 xavlr.
498 5300 539 5357 36.
557 5305 692 5356 lacedem
707 5303 844 5373 Hispania
855 5311 968 5364 iuuenta
978 5313 1019 5366 sie
1030 5314 1131 5366 Cauta·

329 5371 415 5435 priua,
427 5389 477 5441 per
486 5374 552 5425 Divi
563 5374 679 5443 Augusti
692 5383 818 5439 tempora
828 5380 999 5434 acautabris
1011 5389 1131 5450 reperte.

330 5438 463 5495 Nascitur
485 5442 586 5510 ubique
608 5445 688 5497 caule
706 5444 806 5497 iunceo
827 5448 929 5513 pedali,
940 5449 969 5500 in
991 5465 1044 5517 quo
1067 5458 1132 5505 sunt

329 5507 439 5563 tlasculi
461 5512 590 5582 oblongi,
613 5514 699 5567 ueluti
714 5514 832 5567 calathi:
852 5516 880 5567 in
899 5515 939 5567 his
955 5532 1050 5574 semen
1071 5537 1132 5589 per·

1182 1160 1305 1228 oprimis
1318 1158 1493 1222 medentium,
1504 1173 1586 1225 quam
1600 1157 1750 1224 appellarit
1762 1159 1879 1225 ΜΕ,
1897 1176 1982 1227 quan·
2076 1158 2082 1167 '

1182 1245 1264 1298 qaam
1277 1233 1340 1279 licto
1352 1229 1471 1290 nomine,
1491 1227 1646 1279 intentioni
1657 1229 1716 1279 eius
1729 1229 1872 1295 assignato
1884 1230 1982 1281 carmi·

1182 1316 1225 1351 ne.
1261 1297 1392 1349 Nascitur
1405 1298 1524 1349 maxime
1541 1296 1616 1347 circa
1630 1303 1729 1349 uetera
1744 1307 1923 1351 nmaumenta
1933 1314 1981 1366 pa·

1182 1369 1361 1433 rietiuasqae,
1372 1373 1401 1417 et
1415 1367 1519 1418 inculta
1535 1366 1673 1417 itinerum.
1708 1366 1807 1419 Floret
1823 1382 1933 1434 semper
1942 1368 1983 1421 tu·

1181 1435 1371 1498 liouastartii,
1392 1437 1471 1488 caule
1492 1435 1617 1496 cubitali,
1637 1434 1744 1489 semine
1766 1444 1822 1487 tam
1834 1452 1932 1503 perro,
1951 1445 1983 1500 ut

1182 1508 1226 1571 ria
1238 1505 1324 1572 aspici
1337 1505 1434 1572 possit.
1471 1505 1569 1556 Radici
1588 1505 1658 1555 odor
1675 1505 1816 1557 nasturtii.
1855 1506 1924 1556 Usus
1935 1521 1981 1558 ae·
2057 1508 2062 1521 '

1182 1583 1255 1627 state
1266 1574 1419 1634 efficacior,
1442 1580 1471 1625 et
1484 1572 1589 1625 receuti
1605 1579 1723 1624 tautum.
1759 1573 1899 1627 'Funditur
1911 1574 1981 1627 ditii-

1182 1646 1281 1698 culter.
1293 1642 1497 1695 Coxendicibus
1507 1649 1536 1696 et
1546 1642 1670 1693 articmis
1682 1643 1809 1697 omnibus
1823 1659 1884 1696 cum
1895 1660 1982 1697 axun-

1182 1717 1230 1784 gia
1240 1713 1350 1765 arodira
1361 1713 1518 1775 utilissima,
1540 1712 1609 1762 viris
1619 1712 1767 1778 plurimum
1778 1716 1925 1782 quaternis
1936 1712 1984 1766 hu·

1182 1786 1231 1845 ris,
1254 1783 1364 1835 leminis
1382 1783 1473 1833 miuus
1483 1781 1599 1833 dimidio
1614 1781 1777 1851 adalligata,
1798 1790 1831 1835 ut
1843 1784 1943 1836 deiude
1954 1784 1983 1835 iu

1182 1853 1301 1906 balineis
1317 1851 1504 1904 descendatur
1520 1852 1548 1902 in
1565 1849 1694 1912 calidam,
1717 1860 1746 1904 et
1764 1859 1862 1918 postea
1876 1853 1940 1905 oleo
1951 1868 1983 1906 ac

1182 1925 1247 1974 rino
1260 1935 1359 1987 corpus
1372 1926 1554 1988 perungatur:
1583 1919 1736 1988 diebusque
1747 1923 1849 1974 vicenis
1859 1922 1985 1988 interpo-

1183 1993 1246 2044 sitis
1257 1991 1328 2042 idem
1340 1990 1398 2053 liat,
1408 1992 1431 2042 si
1442 1990 1655 2056 qaandmonitio
1664 1989 1771 2043 doloris
1779 1992 1910 2059 supersit
1920 1993 1985 2043 Hoc

1184 2061 1266 2112 modo
1282 2059 1496 2111 rheumatismos
1512 2075 1607 2111 omues
1623 2066 1704 2111 sanat
1721 2061 1854 2113 occultas.
1891 2061 1984 2128 luipo·

1185 2132 1260 2181 nitur
1273 2144 1327 2180 uon
1340 2130 1368 2179 iu
1379 2130 1439 2196 ipsa
1450 2127 1678 2191 inflammatione,
1690 2128 1741 2181 sed
1752 2130 1906 2182 imminuta.

1218 2199 1251 2250 L.
1267 2196 1310 2250 30.
1328 2198 1465 2249 Animalia
1483 2213 1589 2266 qaoque
1605 2201 1736 2251 invenere
1752 2198 1860 2263 herbas,
1880 2201 1910 2251 in
1930 2201 1985 2267 pri-

1185 2268 1291 2334 arisque
1310 2265 1504 2330 chelidoniam.
1542 2266 1604 2317 Hac
1625 2270 1698 2318 euim
1715 2266 1878 2321 hirundines
1895 2269 1984 2320 aculis

1185 2336 1323 2404 pullorum
1341 2337 1370 2387 in
1388 2337 1453 2387 nido
1470 2336 1624 2387 restituunt
1640 2339 1738 2398 visum,
1760 2344 1791 2388 ut
1807 2337 1919 2404 quidam
1935 2352 1983 2389 ra·

1185 2407 1255 2467 lant,
1268 2407 1350 2456 ctiam
1362 2407 1447 2456 erutis
1460 2406 1558 2456 oculis.
1594 2404 1706 2457 Genera
1720 2407 1778 2458 eius
1790 2405 1852 2457 duo.
1889 2405 1985 2458 Maior

1183 2475 1320 2527 fruticosa
1332 2475 1424 2537 caule,
1443 2475 1513 2527 folio
1524 2476 1683 2542 pastinacae
1694 2478 1826 2528 erraticae
1837 2475 1986 2541 ampliore,

1183 2549 1244 2612 ipsa
1266 2541 1417 2597 altitudine
1435 2544 1517 2596 dudm
1541 2544 1708 2597 cubitorum.
1745 2545 1829 2597 Calas
1850 2545 1985 2607 albicans,

1184 2612 1236 2666 llos
1246 2614 1347 2666 luteus.
1383 2613 1487 2665 Minori
1500 2613 1569 2664 iulia
1582 2615 1682 2666 ederae
1696 2614 1869 2676 rotundiora,
1894 2614 1986 2665 nunus

1184 2684 1312 2737 candida.
1349 2680 1452 2735 Saccas
1475 2683 1547 2734 cruci
1563 2683 1688 2745 mordax,
1712 2699 1806 2736 semen
1830 2684 1985 2751 papaveris.

1183 2755 1299 2805 Floreat
1317 2752 1437 2804 adventu
1455 2751 1641 2809 hirundinum.
1661 2752 1786 2805 discessu
1803 2758 1985 2807 marcescunt.

1183 2822 1364 2874 Florentibas
1376 2836 1474 2872 succus
1486 2821 1661 2887 exprimitur,
1673 2822 1739 2872 etin
1753 2838 1837 2874 aereo
1849 2837 1913 2873 uase
1924 2835 1986 2874 cum

1184 2892 1267 2943 melle
1276 2894 1369 2943 Attico
1380 2891 1484 2941 leniter
1495 2891 1587 2941 cinere
1600 2889 1718 2940 feruenti
1735 2890 1908 2957 decoquitur,
1930 2890 1987 2941 siu·

1184 2960 1276 3029 galeri
1287 2958 1411 3011 remedio
1422 2965 1520 3009 contra
1532 2957 1663 3024 caligines
1678 2958 1832 3009 oculorum.
1864 2962 1988 3011 Utuntur

1184 3038 1214 3082 et
1223 3044 1273 3096 per
1281 3043 1312 3079 se
1322 3042 1403 3079 succo
1424 3027 1451 3078 iu
1466 3027 1603 3094 collyriis,
1623 3038 1694 3092 quae
1715 3025 1874 3079 chelidonia
1889 3028 1988 3096 appel·

1184 3096 1376 3149 luntarebeu.

1219 3164 1317 3217 Lista.
1337 3164 1501 3215 lureueruut
1516 3169 1544 3213 et
1561 3178 1642 3214 naues
1659 3164 1815 3225 canariam,
1834 3179 1894 3230 qao
1905 3165 1986 3217 iasd-
1998 3192 2022 3221 ,-

1184 3236 1261 3287 dium
1276 3234 1428 3294 deducunt,
1448 3245 1562 3297 canique
1579 3232 1608 3282 in
1626 3238 1723 3283 nostra
1739 3240 1890 3299 conspectu
1907 3248 1984 3284 mau-

1185 3304 1264 3367 dunt,
1283 3305 1331 3355 sed
1342 3305 1383 3355 ita
1395 3308 1426 3352 ut
1438 3316 1576 3368 nunquam
1588 3300 1765 3368 intelligatur
1777 3317 1847 3368 quae
1858 3304 1909 3355 sit:
1930 3311 1987 3354 ete·

1184 3374 1242 3425 nim
1253 3372 1369 3440 depasta
1379 3371 1509 3424 cernitar.
1545 3368 1651 3422 Notata
1661 3379 1706 3422 est
1720 3369 1788 3422 haec
1799 3371 1926 3423 anirualis
1937 3370 1985 3422 hu·

1184 3444 1228 3495 ius
1239 3442 1400 3509 malignitas
1410 3441 1439 3491 in
1449 3441 1506 3492 alia
1518 3438 1606 3493 herba
1616 3441 1715 3491 maiar.
1751 3437 1899 3494 Percussus
1911 3442 1984 3491 enim

1185 3529 1203 3565 a
1220 3518 1349 3577 serpente
1365 3510 1471 3562 mederi
1487 3509 1606 3576 quadam
1624 3509 1679 3561 sibi
1696 3509 1812 3562 diciturz
1835 3509 1883 3561 sed
1907 3508 1984 3561 illam

1185 3581 1297 3633 homine
1308 3581 1481 3646 inspectante
1492 3594 1546 3631 uon
1557 3580 1690 3647 decerpit.

1219 3649 1278 3702 Lli.
1299 3648 1342 3703 41.
1359 3648 1522 3715 Simplicius
1542 3664 1640 3701 cereae
1661 3648 1853 3700 monstravere
1873 3645 1985 3714 elapho-
1998 3664 2022 3705 s·

1184 3720 1299 3779 bosean,
1311 3718 1347 3771 de
1357 3733 1412 3782 qun
1422 3719 1552 3772 diximus.
1572 3720 1641 3772 item
1653 3719 1746 3780 seseli,
1758 3718 1855 3771 enixae
1865 3733 1884 3770 a
1893 3724 2017 3791 partu.7⁸
2034 3726 2042 3745 *

1219 3785 1345 3839 Lindi.
1364 3785 1541 3838 Dictamnum
1563 3788 1711 3841 ostendere
1730 3794 1771 3849 (ut
1791 3786 1986 3851 indicarimus)

1185 3857 1358 3916 vulneratae,
1379 3860 1462 3921 pastu
1483 3857 1581 3908 statim
1603 3857 1795 3910 decidentibus
1815 3857 1887 3910 telis.
1922 3857 1986 3908 Non

1186 3923 1317 3987 estalihi,
1338 3939 1420 3990 quam
1439 3926 1569 3988 increta,
1592 3928 1677 3979 ramis
1690 3933 1849 3993 praetenue,
1872 3926 1985 3993 pulegio

1185 3995 1286 4056 simile,
1298 3993 1408 4047 ferrans
1424 4000 1453 4046 et
1464 4009 1528 4046 acre
1538 4004 1636 4062 gustu:
1657 3995 1734 4047 loliis
1743 4001 1851 4047 tantum
1862 4002 1984 4047 utuntur.

1184 4065 1252 4117 Flos
1264 4064 1358 4116 nullus
1369 4064 1405 4128 ei,
1416 4070 1465 4117 aut
1475 4080 1583 4130 semen,
1599 4071 1647 4117 aut
1659 4065 1754 4117 caulis.
1791 4064 1882 4116 Radix
1892 4064 1986 4116 tenuis

1186 4152 1219 4188 ac
1229 4148 1410 4201 supervacua.
1446 4134 1485 4186 Et
1495 4135 1524 4184 in
1537 4135 1620 4187 Creta
1631 4141 1724 4187 autera
1736 4149 1789 4185 nou
1800 4134 1923 4201 spatiose
1935 4149 1984 4185 na·

1185 4205 1283 4257 scitur:
1301 4203 1426 4271 mireque
1437 4204 1527 4271 capris
1539 4206 1686 4271 expetitur.
1705 4203 1759 4256 Pru
1769 4219 1803 4256 eo
1816 4212 1858 4255 est
1869 4212 1897 4256 et
1909 4218 1987 4270 pseu·
2001 4258 2025 4275 ‚

1186 4274 1403 4336 dedictamnum,
1419 4274 1513 4325 uiuitis
1524 4272 1551 4324 in
1565 4275 1649 4327 terris
1661 4289 1785 4334 nascens,
1805 4273 1876 4325 iulia
1886 4274 1986 4333 simile,
2010 4278 2014 4287 ’

1185 4344 1301 4397 ramulis
1312 4344 1475 4405 minoribus,
1496 4358 1513 4394 a
1524 4342 1689 4409 quibusdam
1709 4342 1840 4405 chondris
1851 4349 1985 4393 uocatum.

1185 4415 1305 4466 Minoris
1335 4414 1450 4465 effectus
1471 4413 1565 4464 statim
1584 4413 1762 4480 intelligitur.
1809 4408 1984 4463 Dictammrm

1186 4486 1257 4536 unior
1269 4483 1385 4534 minium
1396 4484 1507 4549 potione
1519 4481 1647 4534 accendit
1662 4496 1702 4533 os.
1737 4482 1792 4545 Qui
1804 4482 1900 4549 legere
1917 4495 1988 4542 ειιιι,

1185 4553 1214 4604 iu
1235 4552 1325 4604 serula
1348 4552 1391 4603 rel
1409 4549 1541 4603 arundine
1563 4551 1692 4613 condunt,
1710 4551 1933 4617 praeligantqae,
1954 4564 1987 4600 ne

1185 4624 1313 4688 patentia
1325 4626 1480 4673 evanescat.
1513 4621 1589 4677 Sunt
1600 4621 1645 4687 qai
1659 4619 1762 4681 dicant,
1783 4626 1930 4684 atramque
1941 4633 1986 4671 na·

1185 4691 1225 4742 sci
1237 4689 1431 4751 multifariam,
1450 4688 1499 4741 sed
1520 4689 1679 4742 deteriores
1693 4687 1720 4736 in
1736 4685 1811 4752 agris
1827 4687 1986 4753 pinguibus,

1184 4774 1278 4812 reram
1290 4758 1400 4824 quidem
1418 4758 1586 4809 dictamnum
1601 4772 1655 4808 nan
1672 4755 1726 4805 nisi
1743 4754 1770 4803 in
1781 4754 1898 4819 asperis.
1937 4757 1987 4808 Est

1185 4835 1214 4881 et
1226 4828 1340 4893 tertium
1347 4840 1439 4893 genus
1450 4826 1618 4893 dictamnum
1628 4831 1767 4884 vocatum,
1787 4821 1835 4874 sed
1847 4838 1936 4893 neque
1946 4826 1987 4876 ia.

1185 4898 1237 4958 cie,
1255 4910 1342 4962 neque
1355 4894 1456 4947 effectu
1468 4890 1567 4956 simile,
1578 4886 1647 4945 iulio
1658 4892 1812 4960 sisymbrii,
1834 4895 1921 4946 ramis
1932 4910 1987 4946 ma·

1184 4965 1297 5027 iuribus,
1317 4964 1499 5030 praecedente
1521 4962 1701 5030 persuasione
1721 4961 1782 5024 illa,
1802 4962 1936 5030 quidquid
1959 4968 1986 5016 in

1186 5035 1270 5087 creta
1290 5032 1424 5094 nascitur,
1445 5033 1552 5085 intinito
1574 5038 1719 5099 praestare
1741 5033 1842 5084 ceteris
1864 5032 1985 5085 eiusdem

1185 5101 1296 5171 generis
1316 5100 1393 5153 alibi'
1407 5103 1524 5170 genitias
1544 5102 1671 5169 proxime
1691 5100 1765 5169 qaod
1786 5102 1815 5152 iu
1840 5102 1985 5154 Parnasso.

1185 5171 1297 5240 Alioqui
1309 5169 1475 5223 herbiierum
1488 5178 1590 5225 esseut
1603 5171 1709 5225 Peliam
1723 5180 1842 5224 mantem
1857 5173 1883 5222 in
1895 5169 1983 5223 ‘l'hes-

1187 5242 1268 5303 salia,
1289 5247 1318 5294 et
1328 5238 1502 5294 'l'clethrium
1512 5242 1541 5294 in
1552 5241 1677 5303 Euboea,
1696 5250 1726 5294 et
1737 5248 1825 5293 totam
1837 5240 1983 5293 Arcadiam

1187 5327 1220 5365 ac
1229 5311 1397 5365 Laconicam
1413 5311 1536 5364 uadunt.
1571 5311 1690 5364 Arcades
1705 5311 1815 5380 quidem
1836 5309 1984 5362 nonmedi·

1188 5383 1342 5435 numinibus
1352 5382 1404 5444 utl,
1414 5381 1463 5435 sed
1475 5381 1547 5435 lacte
1553 5382 1627 5433 cirea
1636 5397 1696 5441 ver,
1708 5381 1837 5447 queniam
1849 5386 1916 5430 tuna
1927 5393 1981 5429 ma-

1187 5452 1361 5507 ximesuccls
1379 5451 1482 5505 herbae
1497 5458 1633 5522 turgeant,
1657 5451 1882 5515 medicenturque
1900 5449 1984 5499 ubera

1186 5523 1304 5591 pascuis.
1339 5520 1445 5574 Bibunt
1464 5528 1557 5576 autern
1577 5521 1727 5584 vaccinum,
1748 5519 1878 5588 quoniam
1901 5516 1984 5568 bores
