<?xml version="1.0" encoding="UTF-8"?>
<!DOCTYPE html PUBLIC "-//W3C//DTD XHTML 1.0 Transitional//EN"
    "http://www.w3.org/TR/xhtml1/DTD/xhtml1-transitional.dtd">
<html xmlns="http://www.w3.org/1999/xhtml" xml:lang="en" lang="en">
 <head>
  <title>
</title>
<meta http-equiv="Content-Type" content="text/html;charset=utf-8" />
  <meta name='ocr-system' content='tesseract 3.04.00' />
  <meta name='ocr-capabilities' content='ocr_page ocr_carea ocr_par ocr_line ocrx_word'/>
</head>
<body>
  <div class='ocr_page' id='page_1' title='image "./historiaenatura00plingoog_0292.png"; bbox 0 0 4368 6008; ppageno 0'>
   <div class='ocr_carea' id='block_1_1' title="bbox 287 308 1838 385">
    <p class='ocr_par' dir='ltr' id='par_1_1' title="bbox 287 308 1838 385">
     <span class='ocr_line' id='line_1_1' title="bbox 287 308 1838 385; baseline 0.005 -10"><span class='ocrx_word' id='word_1_1' title='bbox 287 314 321 375; x_wconf 85' lang='lat' dir='ltr'><strong>C.</strong></span> <span class='ocrx_word' id='word_1_2' title='bbox 356 309 511 376; x_wconf 72' lang='lat' dir='ltr'><strong>rtrum</strong></span> <span class='ocrx_word' id='word_1_3' title='bbox 546 308 750 371; x_wconf 74' lang='lat' dir='ltr'><strong>uacuum</strong></span> <span class='ocrx_word' id='word_1_4' title='bbox 782 308 949 375; x_wconf 72' lang='lat' dir='ltr'><strong>Narba.</strong></span> <span class='ocrx_word' id='word_1_5' title='bbox 983 310 1171 376; x_wconf 71' lang='lat' dir='ltr'><strong>tristor.</strong></span> <span class='ocrx_word' id='word_1_6' title='bbox 1204 312 1293 377; x_wconf 83' lang='lat' dir='ltr'><strong>Llll.</strong></span> <span class='ocrx_word' id='word_1_7' title='bbox 1316 313 1461 376; x_wconf 82' lang='lat' dir='ltr'><strong>xxttt.</strong></span> <span class='ocrx_word' id='word_1_8' title='bbox 1490 316 1723 380; x_wconf 55' lang='lat' dir='ltr'><strong>canatur.</strong></span> <span class='ocrx_word' id='word_1_9' title='bbox 1778 325 1838 385; x_wconf 78' lang='lat'><strong>281</strong></span> 
     </span>
    </p>
   </div>
   <div class='ocr_carea' id='block_1_2' title="bbox 193 457 1843 537">
    <p class='ocr_par' dir='ltr' id='par_1_2' title="bbox 193 457 1843 537">
     <span class='ocr_line' id='line_1_2' title="bbox 193 457 1843 537; baseline 0.006 -22"><span class='ocrx_word' id='word_1_10' title='bbox 193 476 325 519; x_wconf 68' lang='lat' dir='ltr'><strong>:aaaron</strong></span> <span class='ocrx_word' id='word_1_11' title='bbox 336 459 524 515; x_wconf 78' lang='lat' dir='ltr'><strong>vehementis:</strong></span> <span class='ocrx_word' id='word_1_12' title='bbox 539 472 630 530; x_wconf 88' lang='lat' dir='ltr'><strong>neque</strong></span> <span class='ocrx_word' id='word_1_13' title='bbox 640 461 668 513; x_wconf 86' lang='lat' dir='ltr'><strong>in</strong></span> <span class='ocrx_word' id='word_1_14' title='bbox 678 457 871 528; x_wconf 89' lang='lat' dir='ltr'><strong>opisthotono,</strong></span> <span class='ocrx_word' id='word_1_15' title='bbox 882 465 991 516; x_wconf 90' lang='lat' dir='ltr'><strong>tetano:</strong></span> <span class='ocrx_word' id='word_1_16' title='bbox 1044 465 1115 535; x_wconf 83' lang='lat' dir='ltr'><strong>iguis</strong></span> <span class='ocrx_word' id='word_1_17' title='bbox 1126 464 1303 519; x_wconf 78' lang='grc' dir='ltr'>ιιιιιιιιιι.</span> <span class='ocrx_word' id='word_1_18' title='bbox 1326 465 1529 533; x_wconf 83' lang='lat' dir='ltr'><strong>cibosquiden</strong></span> <span class='ocrx_word' id='word_1_19' title='bbox 1542 474 1570 520; x_wconf 88' lang='lat' dir='ltr'><strong>et</strong></span> <span class='ocrx_word' id='word_1_20' title='bbox 1581 472 1843 537; x_wconf 83' lang='lat' dir='ltr'><strong>mperesnonalius</strong></span> 
     </span>
    </p>
   </div>
   <div class='ocr_carea' id='block_1_3' title="bbox 194 529 1939 609">
    <p class='ocr_par' dir='ltr' id='par_1_3' title="bbox 194 529 1939 609">
     <span class='ocr_line' id='line_1_3' title="bbox 194 529 1939 609; baseline 0.005 -23"><span class='ocrx_word' id='word_1_21' title='bbox 194 550 244 587; x_wconf 87' lang='lat' dir='ltr'><strong>nec</strong></span> <span class='ocrx_word' id='word_1_22' title='bbox 255 533 498 599; x_wconf 83' lang='lat' dir='ltr'><strong>singultientibus,</strong></span> <span class='ocrx_word' id='word_1_23' title='bbox 518 546 569 584; x_wconf 87' lang='lat' dir='ltr'><strong>nec</strong></span> <span class='ocrx_word' id='word_1_24' title='bbox 584 530 610 581; x_wconf 92' lang='lat' dir='ltr'><strong>si</strong></span> <span class='ocrx_word' id='word_1_25' title='bbox 625 546 687 583; x_wconf 88' lang='lat' dir='ltr'><strong>cunr</strong></span> <span class='ocrx_word' id='word_1_26' title='bbox 703 529 773 583; x_wconf 81' lang='lat' dir='ltr'><strong>febri</strong></span> <span class='ocrx_word' id='word_1_27' title='bbox 792 531 934 598; x_wconf 85' lang='lat' dir='ltr'><strong>dyspnoea</strong></span> <span class='ocrx_word' id='word_1_28' title='bbox 946 534 991 584; x_wconf 88' lang='lat' dir='ltr'><strong>sit.</strong></span> <span class='ocrx_word' id='word_1_29' title='bbox 1044 538 1132 603; x_wconf 87' lang='lat' dir='ltr'><strong>magis</strong></span> <span class='ocrx_word' id='word_1_30' title='bbox 1155 551 1254 588; x_wconf 86' lang='lat' dir='ltr'><strong>succus</strong></span> <span class='ocrx_word' id='word_1_31' title='bbox 1274 536 1452 590; x_wconf 77' lang='lat' dir='ltr'><strong>commendat</strong></span> <span class='ocrx_word' id='word_1_32' title='bbox 1471 547 1522 588; x_wconf 87' lang='lat' dir='ltr'><strong>aut</strong></span> <span class='ocrx_word' id='word_1_33' title='bbox 1543 539 1663 595; x_wconf 84' lang='lat' dir='ltr'><strong>excitat:</strong></span> <span class='ocrx_word' id='word_1_34' title='bbox 1686 541 1715 591; x_wconf 92' lang='lat' dir='ltr'><strong>in</strong></span> <span class='ocrx_word' id='word_1_35' title='bbox 1725 556 1779 609; x_wconf 86' lang='lat' dir='ltr'><strong>quo</strong></span> <span class='ocrx_word' id='word_1_36' title='bbox 1791 557 1843 595; x_wconf 88' lang='lat' dir='ltr'><strong>usa</strong></span> <span class='ocrx_word' id='word_1_37' title='bbox 1935 572 1939 581; x_wconf 86' lang='lat'><strong>·</strong></span> 
     </span>
    </p>
   </div>
   <div class='ocr_carea' id='block_1_4' title="bbox 191 600 1847 1435">
    <p class='ocr_par' dir='ltr' id='par_1_4' title="bbox 191 600 1847 1435">
     <span class='ocr_line' id='line_1_4' title="bbox 194 600 1842 673; baseline 0.001 -18"><span class='ocrx_word' id='word_1_38' title='bbox 194 605 309 655; x_wconf 81' lang='lat' dir='ltr'><strong>Minime</strong></span> <span class='ocrx_word' id='word_1_39' title='bbox 317 617 383 654; x_wconf 90' lang='lat' dir='ltr'><strong>vcro</strong></span> <span class='ocrx_word' id='word_1_40' title='bbox 394 601 484 654; x_wconf 88' lang='lat' dir='ltr'><strong>oculis</strong></span> <span class='ocrx_word' id='word_1_41' title='bbox 492 600 654 669; x_wconf 86' lang='lat' dir='ltr'><strong>rigentibus,</strong></span> <span class='ocrx_word' id='word_1_42' title='bbox 660 608 688 653; x_wconf 90' lang='lat' dir='ltr'><strong>at</strong></span> <span class='ocrx_word' id='word_1_43' title='bbox 698 601 776 668; x_wconf 85' lang='lat' dir='ltr'><strong>genis</strong></span> <span class='ocrx_word' id='word_1_44' title='bbox 787 601 934 662; x_wconf 89' lang='lat' dir='ltr'><strong>stantibus,</strong></span> <span class='ocrx_word' id='word_1_45' title='bbox 943 607 992 653; x_wconf 87' lang='lat' dir='ltr'><strong>aut</strong></span> <span class='ocrx_word' id='word_1_46' title='bbox 1045 607 1189 673; x_wconf 86' lang='lat' dir='ltr'><strong>mitigatur</strong></span> <span class='ocrx_word' id='word_1_47' title='bbox 1203 613 1267 656; x_wconf 88' lang='lat' dir='ltr'><strong>usto</strong></span> <span class='ocrx_word' id='word_1_48' title='bbox 1283 620 1362 672; x_wconf 87' lang='lat' dir='ltr'><strong>pane,</strong></span> <span class='ocrx_word' id='word_1_49' title='bbox 1383 614 1432 657; x_wconf 88' lang='lat' dir='ltr'><strong>aut</strong></span> <span class='ocrx_word' id='word_1_50' title='bbox 1443 620 1504 657; x_wconf 77' lang='lat' dir='ltr'><strong>crem</strong></span> <span class='ocrx_word' id='word_1_51' title='bbox 1525 607 1602 657; x_wconf 86' lang='lat' dir='ltr'><strong>rino:</strong></span> <span class='ocrx_word' id='word_1_52' title='bbox 1623 609 1668 660; x_wconf 88' lang='lat' dir='ltr'><strong>vel</strong></span> <span class='ocrx_word' id='word_1_53' title='bbox 1679 611 1842 663; x_wconf 71' lang='lat' dir='ltr'><strong>accenditur</strong></span> 
     </span>
     <span class='ocr_line' id='line_1_5' title="bbox 194 671 1842 750; baseline 0.004 -24"><span class='ocrx_word' id='word_1_54' title='bbox 194 672 312 726; x_wconf 87' lang='lat' dir='ltr'><strong>defectis</strong></span> <span class='ocrx_word' id='word_1_55' title='bbox 322 672 523 739; x_wconf 70' lang='lat' dir='ltr'><strong>gravibusque:</strong></span> <span class='ocrx_word' id='word_1_56' title='bbox 536 684 707 750; x_wconf 74' lang='lat' dir='ltr'><strong>neequorum</strong></span> <span class='ocrx_word' id='word_1_57' title='bbox 716 671 918 723; x_wconf 87' lang='lat' dir='ltr'><strong>conniventium</strong></span> <span class='ocrx_word' id='word_1_58' title='bbox 930 686 991 738; x_wconf 90' lang='lat' dir='ltr'><strong>per·</strong></span> <span class='ocrx_word' id='word_1_59' title='bbox 1046 675 1141 742; x_wconf 81' lang='lat' dir='ltr'><strong>pipere</strong></span> <span class='ocrx_word' id='word_1_60' title='bbox 1151 689 1185 726; x_wconf 86' lang='lat' dir='ltr'><strong>nc</strong></span> <span class='ocrx_word' id='word_1_61' title='bbox 1197 674 1302 726; x_wconf 86' lang='lat' dir='ltr'><strong>lasere:</strong></span> <span class='ocrx_word' id='word_1_62' title='bbox 1314 677 1411 742; x_wconf 85' lang='lat' dir='ltr'><strong>utique</strong></span> <span class='ocrx_word' id='word_1_63' title='bbox 1422 676 1482 727; x_wconf 88' lang='lat' dir='ltr'><strong>sale</strong></span> <span class='ocrx_word' id='word_1_64' title='bbox 1494 677 1689 742; x_wconf 71' lang='lat' dir='ltr'><strong>compescitur.</strong></span> <span class='ocrx_word' id='word_1_65' title='bbox 1724 679 1786 731; x_wconf 85' lang='lat' dir='ltr'><strong>Nun</strong></span> <span class='ocrx_word' id='word_1_66' title='bbox 1799 689 1842 734; x_wconf 91' lang='lat' dir='ltr'><strong>est</strong></span> 
     </span>
     <span class='ocr_line' id='line_1_6' title="bbox 194 739 1842 815; baseline 0.005 -21"><span class='ocrx_word' id='word_1_67' title='bbox 194 742 326 795; x_wconf 82' lang='lat' dir='ltr'><strong>lucebunt</strong></span> <span class='ocrx_word' id='word_1_68' title='bbox 343 740 427 801; x_wconf 88' lang='lat' dir='ltr'><strong>ocull,</strong></span> <span class='ocrx_word' id='word_1_69' title='bbox 449 740 623 807; x_wconf 75' lang='lat' dir='ltr'><strong>palpebrisve</strong></span> <span class='ocrx_word' id='word_1_70' title='bbox 643 755 697 791; x_wconf 92' lang='lat' dir='ltr'><strong>non</strong></span> <span class='ocrx_word' id='word_1_71' title='bbox 719 739 893 804; x_wconf 89' lang='lat' dir='ltr'><strong>coeuntibus,</strong></span> <span class='ocrx_word' id='word_1_72' title='bbox 912 740 992 795; x_wconf 87' lang='lat' dir='ltr'><strong>relsi</strong></span> <span class='ocrx_word' id='word_1_73' title='bbox 1046 742 1278 811; x_wconf 81' lang='lat' dir='ltr'><strong>praetereundum</strong></span> <span class='ocrx_word' id='word_1_74' title='bbox 1293 742 1322 793; x_wconf 89' lang='lat' dir='ltr'><strong>in</strong></span> <span class='ocrx_word' id='word_1_75' title='bbox 1343 758 1377 797; x_wconf 90' lang='lat' dir='ltr'><strong>eo</strong></span> <span class='ocrx_word' id='word_1_76' title='bbox 1387 744 1542 810; x_wconf 86' lang='lat' dir='ltr'><strong>exemplum</strong></span> <span class='ocrx_word' id='word_1_77' title='bbox 1557 747 1663 812; x_wconf 91' lang='lat' dir='ltr'><strong>ingens.</strong></span> <span class='ocrx_word' id='word_1_78' title='bbox 1699 746 1842 815; x_wconf 78' lang='lat' dir='ltr'><strong>Siquidem</strong></span> 
     </span>
     <span class='ocr_line' id='line_1_7' title="bbox 195 808 1843 884; baseline 0.004 -21"><span class='ocrx_word' id='word_1_79' title='bbox 195 810 398 864; x_wconf 68' lang='lat' dir='ltr'><strong>dormientibus</strong></span> <span class='ocrx_word' id='word_1_80' title='bbox 409 808 463 861; x_wconf 89' lang='lat' dir='ltr'><strong>hoc</strong></span> <span class='ocrx_word' id='word_1_81' title='bbox 477 809 552 860; x_wconf 89' lang='lat' dir='ltr'><strong>idem</strong></span> <span class='ocrx_word' id='word_1_82' title='bbox 563 808 684 860; x_wconf 80' lang='lat' dir='ltr'><strong>cremet:</strong></span> <span class='ocrx_word' id='word_1_83' title='bbox 706 815 755 861; x_wconf 87' lang='lat' dir='ltr'><strong>aut</strong></span> <span class='ocrx_word' id='word_1_84' title='bbox 775 810 915 862; x_wconf 86' lang='lat' dir='ltr'><strong>siemera</strong></span> <span class='ocrx_word' id='word_1_85' title='bbox 936 808 992 862; x_wconf 84' lang='lat' dir='ltr'><strong>suf·</strong></span> <span class='ocrx_word' id='word_1_86' title='bbox 1044 814 1083 865; x_wconf 87' lang='grc' dir='ltr'><strong>Μ.</strong></span> <span class='ocrx_word' id='word_1_87' title='bbox 1093 813 1218 879; x_wconf 81' lang='lat' dir='ltr'><strong>Agrippa</strong></span> <span class='ocrx_word' id='word_1_88' title='bbox 1236 814 1375 878; x_wconf 86' lang='lat' dir='ltr'><strong>supremis</strong></span> <span class='ocrx_word' id='word_1_89' title='bbox 1393 815 1451 864; x_wconf 92' lang='lat' dir='ltr'><strong>suis</strong></span> <span class='ocrx_word' id='word_1_90' title='bbox 1470 814 1551 866; x_wconf 87' lang='lat' dir='ltr'><strong>annis</strong></span> <span class='ocrx_word' id='word_1_91' title='bbox 1572 813 1747 867; x_wconf 83' lang='lat' dir='ltr'><strong>conflictatus</strong></span> <span class='ocrx_word' id='word_1_92' title='bbox 1763 819 1843 884; x_wconf 86' lang='lat' dir='ltr'><strong>gravi</strong></span> 
     </span>
     <span class='ocr_line' id='line_1_8' title="bbox 195 877 1843 954; baseline 0.004 -21"><span class='ocrx_word' id='word_1_93' title='bbox 195 879 350 935; x_wconf 83' lang='lat' dir='ltr'><strong>laudantur</strong></span> <span class='ocrx_word' id='word_1_94' title='bbox 358 878 441 940; x_wconf 87' lang='lat' dir='ltr'><strong>oculi,</strong></span> <span class='ocrx_word' id='word_1_95' title='bbox 452 878 496 933; x_wconf 85' lang='lat' dir='ltr'><strong>rel</strong></span> <span class='ocrx_word' id='word_1_96' title='bbox 508 879 533 929; x_wconf 91' lang='lat' dir='ltr'><strong>si</strong></span> <span class='ocrx_word' id='word_1_97' title='bbox 545 877 634 929; x_wconf 83' lang='lat' dir='ltr'><strong>lemae</strong></span> <span class='ocrx_word' id='word_1_98' title='bbox 645 878 673 928; x_wconf 92' lang='lat' dir='ltr'><strong>in</strong></span> <span class='ocrx_word' id='word_1_99' title='bbox 684 877 773 929; x_wconf 88' lang='lat' dir='ltr'><strong>oculis</strong></span> <span class='ocrx_word' id='word_1_100' title='bbox 784 887 873 931; x_wconf 87' lang='lat' dir='ltr'><strong>erunt.</strong></span> <span class='ocrx_word' id='word_1_101' title='bbox 910 878 992 931; x_wconf 80' lang='lat' dir='ltr'><strong>trini-</strong></span> <span class='ocrx_word' id='word_1_102' title='bbox 1044 881 1142 934; x_wconf 86' lang='lat' dir='ltr'><strong>nrorbo</strong></span> <span class='ocrx_word' id='word_1_103' title='bbox 1161 881 1272 948; x_wconf 84' lang='lat' dir='ltr'><strong>pedum,</strong></span> <span class='ocrx_word' id='word_1_104' title='bbox 1293 896 1355 932; x_wconf 85' lang='lat' dir='ltr'><strong>euru</strong></span> <span class='ocrx_word' id='word_1_105' title='bbox 1371 881 1495 935; x_wconf 88' lang='lat' dir='ltr'><strong>dolorem</strong></span> <span class='ocrx_word' id='word_1_106' title='bbox 1511 898 1573 934; x_wconf 89' lang='lat' dir='ltr'><strong>eum</strong></span> <span class='ocrx_word' id='word_1_107' title='bbox 1584 885 1693 951; x_wconf 77' lang='lat' dir='ltr'>perpeti</span> <span class='ocrx_word' id='word_1_108' title='bbox 1705 887 1843 954; x_wconf 89' lang='lat' dir='ltr'><strong>nequiret,</strong></span> 
     </span>
     <span class='ocr_line' id='line_1_9' title="bbox 194 946 1841 1021; baseline 0.003 -18"><span class='ocrx_word' id='word_1_109' title='bbox 194 966 239 1004; x_wconf 88' lang='grc' dir='ltr'><strong>ιιι</strong></span> <span class='ocrx_word' id='word_1_110' title='bbox 249 951 346 1016; x_wconf 89' lang='lat' dir='ltr'><strong>lingua</strong></span> <span class='ocrx_word' id='word_1_111' title='bbox 356 946 483 1016; x_wconf 86' lang='lat' dir='ltr'><strong>fungosa,</strong></span> <span class='ocrx_word' id='word_1_112' title='bbox 498 954 549 999; x_wconf 84' lang='lat' dir='ltr'><strong>nec</strong></span> <span class='ocrx_word' id='word_1_113' title='bbox 561 947 647 1014; x_wconf 89' lang='lat' dir='ltr'><strong>gravi,</strong></span> <span class='ocrx_word' id='word_1_114' title='bbox 662 953 691 997; x_wconf 93' lang='lat' dir='ltr'><strong>et</strong></span> <span class='ocrx_word' id='word_1_115' title='bbox 702 946 818 999; x_wconf 86' lang='lat' dir='ltr'><strong>subinde</strong></span> <span class='ocrx_word' id='word_1_116' title='bbox 827 947 991 1014; x_wconf 86' lang='lat' dir='ltr'><strong>imperfecta</strong></span> <span class='ocrx_word' id='word_1_117' title='bbox 1043 953 1126 1003; x_wconf 89' lang='lat' dir='ltr'><strong>unius</strong></span> <span class='ocrx_word' id='word_1_118' title='bbox 1136 950 1306 1003; x_wconf 85' lang='lat' dir='ltr'><strong>medicorum</strong></span> <span class='ocrx_word' id='word_1_119' title='bbox 1317 957 1481 1016; x_wconf 88' lang='lat' dir='ltr'><strong>portentosa</strong></span> <span class='ocrx_word' id='word_1_120' title='bbox 1490 953 1616 1015; x_wconf 82' lang='lat' dir='ltr'><strong>scientia,</strong></span> <span class='ocrx_word' id='word_1_121' title='bbox 1631 955 1779 1021; x_wconf 88' lang='lat' dir='ltr'><strong>ignorante</strong></span> <span class='ocrx_word' id='word_1_122' title='bbox 1790 956 1841 1008; x_wconf 83' lang='lat' dir='ltr'><strong>lli·</strong></span> 
     </span>
     <span class='ocr_line' id='line_1_10' title="bbox 195 1015 1843 1090; baseline 0.002 -18"><span class='ocrx_word' id='word_1_123' title='bbox 195 1018 385 1087; x_wconf 71' lang='lat' dir='ltr'><strong>loquentibus:</strong></span> <span class='ocrx_word' id='word_1_124' title='bbox 405 1033 456 1070; x_wconf 88' lang='lat' dir='ltr'><strong>uec</strong></span> <span class='ocrx_word' id='word_1_125' title='bbox 471 1019 495 1068; x_wconf 90' lang='lat' dir='ltr'><strong>si</strong></span> <span class='ocrx_word' id='word_1_126' title='bbox 511 1017 593 1068; x_wconf 90' lang='lat' dir='ltr'><strong>urina</strong></span> <span class='ocrx_word' id='word_1_127' title='bbox 611 1015 724 1067; x_wconf 88' lang='lat' dir='ltr'><strong>difficile</strong></span> <span class='ocrx_word' id='word_1_128' title='bbox 740 1016 881 1077; x_wconf 80' lang='lat' dir='ltr'><strong>reddetur,</strong></span> <span class='ocrx_word' id='word_1_129' title='bbox 904 1031 991 1084; x_wconf 86' lang='lat' dir='ltr'><strong>neque</strong></span> <span class='ocrx_word' id='word_1_130' title='bbox 1044 1035 1080 1072; x_wconf 86' lang='lat' dir='ltr'><strong>ro</strong></span> <span class='ocrx_word' id='word_1_131' title='bbox 1090 1023 1223 1089; x_wconf 80' lang='lat' dir='ltr'><strong>Augusto,</strong></span> <span class='ocrx_word' id='word_1_132' title='bbox 1238 1019 1310 1070; x_wconf 88' lang='lat' dir='ltr'><strong>tanti</strong></span> <span class='ocrx_word' id='word_1_133' title='bbox 1322 1022 1430 1085; x_wconf 87' lang='lat' dir='ltr'><strong>putarit</strong></span> <span class='ocrx_word' id='word_1_134' title='bbox 1442 1035 1492 1071; x_wconf 90' lang='lat' dir='ltr'><strong>usu</strong></span> <span class='ocrx_word' id='word_1_135' title='bbox 1505 1020 1604 1087; x_wconf 88' lang='lat' dir='ltr'><strong>pedum</strong></span> <span class='ocrx_word' id='word_1_136' title='bbox 1614 1038 1751 1090; x_wconf 88' lang='lat' dir='ltr'><strong>sensuque</strong></span> <span class='ocrx_word' id='word_1_137' title='bbox 1765 1024 1843 1076; x_wconf 86' lang='lat' dir='ltr'><strong>omni</strong></span> 
     </span>
     <span class='ocr_line' id='line_1_11' title="bbox 196 1086 1847 1157; baseline 0.001 -14"><span class='ocrx_word' id='word_1_138' title='bbox 196 1087 444 1157; x_wconf 68' lang='lat' dir='ltr'><strong>assumentibus</strong></span> <span class='ocrx_word' id='word_1_139' title='bbox 457 1093 581 1152; x_wconf 88' lang='lat' dir='ltr'><strong>repente,</strong></span> <span class='ocrx_word' id='word_1_140' title='bbox 602 1100 652 1138; x_wconf 87' lang='lat' dir='ltr'><strong>nse</strong></span> <span class='ocrx_word' id='word_1_141' title='bbox 667 1086 813 1151; x_wconf 71' lang='lat' dir='ltr'><strong>spasticis,</strong></span> <span class='ocrx_word' id='word_1_142' title='bbox 832 1094 881 1138; x_wconf 90' lang='lat' dir='ltr'><strong>aut</strong></span> <span class='ocrx_word' id='word_1_143' title='bbox 897 1101 992 1138; x_wconf 88' lang='lat' dir='ltr'><strong>rursus</strong></span> <span class='ocrx_word' id='word_1_144' title='bbox 1045 1105 1150 1153; x_wconf 88' lang='lat' dir='ltr'><strong>carere,</strong></span> <span class='ocrx_word' id='word_1_145' title='bbox 1167 1088 1317 1141; x_wconf 88' lang='lat' dir='ltr'><strong>dummodo</strong></span> <span class='ocrx_word' id='word_1_146' title='bbox 1329 1096 1359 1141; x_wconf 88' lang='lat' dir='ltr'><strong>ct</strong></span> <span class='ocrx_word' id='word_1_147' title='bbox 1369 1089 1466 1141; x_wconf 90' lang='lat' dir='ltr'><strong>dolore</strong></span> <span class='ocrx_word' id='word_1_148' title='bbox 1477 1089 1528 1142; x_wconf 92' lang='lat' dir='ltr'><strong>illo</strong></span> <span class='ocrx_word' id='word_1_149' title='bbox 1539 1100 1656 1154; x_wconf 78' lang='lat' dir='ltr'><strong>mreret,</strong></span> <span class='ocrx_word' id='word_1_150' title='bbox 1667 1093 1802 1145; x_wconf 85' lang='lat' dir='ltr'><strong>demersis</strong></span> <span class='ocrx_word' id='word_1_151' title='bbox 1813 1090 1847 1146; x_wconf 78' lang='lat' dir='ltr'><strong>in‘</strong></span> 
     </span>
     <span class='ocr_line' id='line_1_12' title="bbox 196 1154 1841 1229; baseline 0.002 -19"><span class='ocrx_word' id='word_1_152' title='bbox 196 1158 379 1225; x_wconf 75' lang='lat' dir='ltr'><strong>torpentibus,</strong></span> <span class='ocrx_word' id='word_1_153' title='bbox 399 1171 450 1207; x_wconf 89' lang='lat' dir='ltr'><strong>nee</strong></span> <span class='ocrx_word' id='word_1_154' title='bbox 459 1156 486 1207; x_wconf 91' lang='lat' dir='ltr'><strong>si</strong></span> <span class='ocrx_word' id='word_1_155' title='bbox 496 1170 545 1220; x_wconf 88' lang='lat' dir='ltr'><strong>per</strong></span> <span class='ocrx_word' id='word_1_156' title='bbox 555 1170 668 1207; x_wconf 85' lang='lat' dir='ltr'><strong>somnos</strong></span> <span class='ocrx_word' id='word_1_157' title='bbox 678 1154 806 1222; x_wconf 86' lang='lat' dir='ltr'><strong>genitura</strong></span> <span class='ocrx_word' id='word_1_158' title='bbox 823 1154 991 1207; x_wconf 78' lang='lat' dir='ltr'><strong>effundatur.</strong></span> <span class='ocrx_word' id='word_1_159' title='bbox 1044 1168 1152 1212; x_wconf 89' lang='lat' dir='ltr'><strong>acetum</strong></span> <span class='ocrx_word' id='word_1_160' title='bbox 1166 1158 1286 1209; x_wconf 78' lang='lat' dir='ltr'><strong>calidum</strong></span> <span class='ocrx_word' id='word_1_161' title='bbox 1298 1159 1423 1210; x_wconf 88' lang='lat' dir='ltr'><strong>eruribus</strong></span> <span class='ocrx_word' id='word_1_162' title='bbox 1440 1158 1468 1209; x_wconf 88' lang='lat' dir='ltr'><strong>in</strong></span> <span class='ocrx_word' id='word_1_163' title='bbox 1480 1160 1614 1212; x_wconf 89' lang='lat' dir='ltr'><strong>acerrimo</strong></span> <span class='ocrx_word' id='word_1_164' title='bbox 1626 1163 1730 1229; x_wconf 88' lang='lat' dir='ltr'><strong>impetu</strong></span> <span class='ocrx_word' id='word_1_165' title='bbox 1741 1162 1841 1215; x_wconf 81' lang='lat' dir='ltr'><strong>morbi.</strong></span> 
     </span>
     <span class='ocr_line' id='line_1_13' title="bbox 191 1224 1842 1300; baseline 0.002 -21"><span class='ocrx_word' id='word_1_166' title='bbox 191 1246 193 1255; x_wconf 93' lang='lat'>·</span> <span class='ocrx_word' id='word_1_167' title='bbox 230 1226 317 1280; x_wconf 78' lang='lat' dir='ltr'><strong>XXV.</strong></span> <span class='ocrx_word' id='word_1_168' title='bbox 337 1224 534 1279; x_wconf 78' lang='lat' dir='ltr'><strong>Gordianorum</strong></span> <span class='ocrx_word' id='word_1_169' title='bbox 558 1224 655 1275; x_wconf 90' lang='lat' dir='ltr'><strong>morbo</strong></span> <span class='ocrx_word' id='word_1_170' title='bbox 676 1226 783 1275; x_wconf 88' lang='lat' dir='ltr'><strong>unicam</strong></span> <span class='ocrx_word' id='word_1_171' title='bbox 797 1240 874 1291; x_wconf 83' lang='lat' dir='ltr'><strong>spen:</strong></span> <span class='ocrx_word' id='word_1_172' title='bbox 888 1224 992 1276; x_wconf 85' lang='lat' dir='ltr'><strong>invino</strong></span> <span class='ocrx_word' id='word_1_173' title='bbox 1079 1226 1842 1300; x_wconf 78' lang='lat' dir='ltr'><strong>XXVlll.Acetumsrillinuminveteratummagispro·</strong></span> 
     </span>
     <span class='ocr_line' id='line_1_14' title="bbox 194 1292 1843 1364; baseline 0.002 -13"><span class='ocrx_word' id='word_1_174' title='bbox 194 1303 373 1352; x_wconf 74' lang='lat' dir='ltr'><strong>maecertum</strong></span> <span class='ocrx_word' id='word_1_175' title='bbox 383 1302 436 1347; x_wconf 88' lang='lat' dir='ltr'><strong>est.</strong></span> <span class='ocrx_word' id='word_1_176' title='bbox 472 1293 527 1346; x_wconf 81' lang='lat' dir='ltr'><strong>bed</strong></span> <span class='ocrx_word' id='word_1_177' title='bbox 539 1292 567 1345; x_wconf 89' lang='lat' dir='ltr'><strong>id</strong></span> <span class='ocrx_word' id='word_1_178' title='bbox 579 1293 698 1345; x_wconf 89' lang='lat' dir='ltr'><strong>dandum</strong></span> <span class='ocrx_word' id='word_1_179' title='bbox 710 1294 821 1360; x_wconf 88' lang='lat' dir='ltr'><strong>quidam</strong></span> <span class='ocrx_word' id='word_1_180' title='bbox 833 1309 887 1345; x_wconf 88' lang='lat' dir='ltr'><strong>non</strong></span> <span class='ocrx_word' id='word_1_181' title='bbox 899 1294 950 1345; x_wconf 89' lang='lat' dir='ltr'><strong>nisi</strong></span> <span class='ocrx_word' id='word_1_182' title='bbox 962 1293 991 1344; x_wconf 92' lang='lat' dir='ltr'><strong>in</strong></span> <span class='ocrx_word' id='word_1_183' title='bbox 1044 1298 1136 1349; x_wconf 88' lang='lat' dir='ltr'><strong>batur.</strong></span> <span class='ocrx_word' id='word_1_184' title='bbox 1172 1295 1298 1358; x_wconf 85' lang='lat' dir='ltr'><strong>Prodest,</strong></span> <span class='ocrx_word' id='word_1_185' title='bbox 1318 1312 1401 1364; x_wconf 86' lang='lat' dir='ltr'><strong>super</strong></span> <span class='ocrx_word' id='word_1_186' title='bbox 1412 1311 1446 1349; x_wconf 86' lang='lat' dir='ltr'><strong>ea</strong></span> <span class='ocrx_word' id='word_1_187' title='bbox 1457 1311 1528 1361; x_wconf 83' lang='lat' dir='ltr'><strong>quae</strong></span> <span class='ocrx_word' id='word_1_188' title='bbox 1540 1298 1669 1362; x_wconf 85' lang='lat' dir='ltr'><strong>diximus,</strong></span> <span class='ocrx_word' id='word_1_189' title='bbox 1692 1301 1843 1353; x_wconf 88' lang='lat' dir='ltr'><strong>acescenti·</strong></span> 
     </span>
     <span class='ocr_line' id='line_1_15' title="bbox 194 1362 1842 1435; baseline 0.001 -16"><span class='ocrx_word' id='word_1_190' title='bbox 194 1367 353 1420; x_wconf 88' lang='lat' dir='ltr'><strong>aocessione</strong></span> <span class='ocrx_word' id='word_1_191' title='bbox 365 1371 486 1426; x_wconf 83' lang='lat' dir='ltr'><strong>censent,</strong></span> <span class='ocrx_word' id='word_1_192' title='bbox 498 1364 548 1416; x_wconf 89' lang='lat' dir='ltr'><strong>alii</strong></span> <span class='ocrx_word' id='word_1_193' title='bbox 561 1379 615 1415; x_wconf 91' lang='lat' dir='ltr'><strong>non</strong></span> <span class='ocrx_word' id='word_1_194' title='bbox 627 1362 679 1414; x_wconf 88' lang='lat' dir='ltr'><strong>nisi</strong></span> <span class='ocrx_word' id='word_1_195' title='bbox 690 1363 718 1412; x_wconf 90' lang='lat' dir='ltr'><strong>in</strong></span> <span class='ocrx_word' id='word_1_196' title='bbox 730 1362 902 1415; x_wconf 87' lang='lat' dir='ltr'><strong>remissione.</strong></span> <span class='ocrx_word' id='word_1_197' title='bbox 937 1362 991 1424; x_wconf 92' lang='lat' dir='ltr'><strong>lili,</strong></span> <span class='ocrx_word' id='word_1_198' title='bbox 1044 1367 1097 1418; x_wconf 87' lang='lat' dir='ltr'><strong>bus</strong></span> <span class='ocrx_word' id='word_1_199' title='bbox 1107 1366 1190 1418; x_wconf 87' lang='lat' dir='ltr'><strong>cibis:</strong></span> <span class='ocrx_word' id='word_1_200' title='bbox 1212 1371 1352 1432; x_wconf 84' lang='lat' dir='ltr'><strong>gustatum</strong></span> <span class='ocrx_word' id='word_1_201' title='bbox 1364 1366 1436 1418; x_wconf 91' lang='lat' dir='ltr'><strong>enim</strong></span> <span class='ocrx_word' id='word_1_202' title='bbox 1450 1366 1567 1419; x_wconf 90' lang='lat' dir='ltr'><strong>discutit</strong></span> <span class='ocrx_word' id='word_1_203' title='bbox 1578 1383 1694 1435; x_wconf 86' lang='lat' dir='ltr'><strong>pernam</strong></span> <span class='ocrx_word' id='word_1_204' title='bbox 1705 1384 1775 1421; x_wconf 82' lang='lat' dir='ltr'><strong>eam.</strong></span> <span class='ocrx_word' id='word_1_205' title='bbox 1803 1370 1842 1421; x_wconf 81' lang='lat' dir='ltr'><strong>itt</strong></span> 
     </span>
    </p>
   </div>
   <div class='ocr_carea' id='block_1_5' title="bbox 193 1432 996 3849">
    <p class='ocr_par' dir='ltr' id='par_1_5' title="bbox 193 1432 994 2189">
     <span class='ocr_line' id='line_1_16' title="bbox 195 1432 990 1501; baseline -0.009 -12"><span class='ocrx_word' id='word_1_206' title='bbox 195 1437 368 1489; x_wconf 88' lang='lat' dir='ltr'><strong>atsudorem</strong></span> <span class='ocrx_word' id='word_1_207' title='bbox 381 1442 540 1487; x_wconf 86' lang='lat' dir='ltr'><strong>coerceant:</strong></span> <span class='ocrx_word' id='word_1_208' title='bbox 564 1433 601 1496; x_wconf 90' lang='lat' dir='ltr'><strong>hi,</strong></span> <span class='ocrx_word' id='word_1_209' title='bbox 620 1432 686 1501; x_wconf 91' lang='lat' dir='ltr'><strong>quia</strong></span> <span class='ocrx_word' id='word_1_210' title='bbox 706 1432 795 1483; x_wconf 89' lang='lat' dir='ltr'><strong>tutius</strong></span> <span class='ocrx_word' id='word_1_211' title='bbox 811 1438 921 1499; x_wconf 88' lang='lat' dir='ltr'><strong>putant,</strong></span> <span class='ocrx_word' id='word_1_212' title='bbox 941 1432 990 1483; x_wconf 87' lang='lat' dir='ltr'><strong>mi·</strong></span> 
     </span>
     <span class='ocr_line' id='line_1_17' title="bbox 193 1501 990 1571; baseline -0.01 -13"><span class='ocrx_word' id='word_1_213' title='bbox 193 1514 298 1559; x_wconf 90' lang='lat' dir='ltr'><strong>nuente</strong></span> <span class='ocrx_word' id='word_1_214' title='bbox 310 1521 340 1557; x_wconf 91' lang='lat' dir='ltr'><strong>se</strong></span> <span class='ocrx_word' id='word_1_215' title='bbox 352 1505 460 1556; x_wconf 87' lang='lat' dir='ltr'><strong>morbo:</strong></span> <span class='ocrx_word' id='word_1_216' title='bbox 478 1518 558 1571; x_wconf 89' lang='lat' dir='ltr'><strong>quam</strong></span> <span class='ocrx_word' id='word_1_217' title='bbox 570 1503 690 1569; x_wconf 89' lang='lat' dir='ltr'><strong>plurium</strong></span> <span class='ocrx_word' id='word_1_218' title='bbox 701 1504 939 1563; x_wconf 71' lang='lat' dir='ltr'><strong>seruientiamesse</strong></span> <span class='ocrx_word' id='word_1_219' title='bbox 950 1501 990 1551; x_wconf 84' lang='lat' dir='ltr'><strong>ri-</strong></span> 
     </span>
     <span class='ocr_line' id='line_1_18' title="bbox 194 1571 991 1640; baseline -0.005 -13"><span class='ocrx_word' id='word_1_220' title='bbox 194 1575 257 1628; x_wconf 85' lang='lat' dir='ltr'><strong>deo.</strong></span> <span class='ocrx_word' id='word_1_221' title='bbox 281 1574 352 1626; x_wconf 87' lang='lat' dir='ltr'><strong>Dari</strong></span> <span class='ocrx_word' id='word_1_222' title='bbox 363 1574 458 1640; x_wconf 89' lang='lat' dir='ltr'><strong>utique</strong></span> <span class='ocrx_word' id='word_1_223' title='bbox 468 1589 521 1624; x_wconf 80' lang='lat' dir='ltr'><strong>:ron</strong></span> <span class='ocrx_word' id='word_1_224' title='bbox 529 1575 579 1624; x_wconf 87' lang='lat' dir='ltr'><strong>nisi</strong></span> <span class='ocrx_word' id='word_1_225' title='bbox 592 1572 618 1622; x_wconf 92' lang='lat' dir='ltr'><strong>in</strong></span> <span class='ocrx_word' id='word_1_226' title='bbox 629 1572 690 1623; x_wconf 91' lang='lat' dir='ltr'><strong>cibo</strong></span> <span class='ocrx_word' id='word_1_227' title='bbox 701 1571 794 1632; x_wconf 89' lang='lat' dir='ltr'><strong>debet,</strong></span> <span class='ocrx_word' id='word_1_228' title='bbox 802 1585 873 1621; x_wconf 90' lang='lat' dir='ltr'><strong>neca</strong></span> <span class='ocrx_word' id='word_1_229' title='bbox 881 1584 991 1623; x_wconf 89' lang='lat' dir='ltr'><strong>somno:</strong></span> 
     </span>
     <span class='ocr_line' id='line_1_19' title="bbox 193 1639 991 1710; baseline -0.006 -13"><span class='ocrx_word' id='word_1_230' title='bbox 193 1658 247 1697; x_wconf 88' lang='lat' dir='ltr'><strong>nec</strong></span> <span class='ocrx_word' id='word_1_231' title='bbox 260 1642 442 1710; x_wconf 86' lang='lat' dir='ltr'><strong>praecedente</strong></span> <span class='ocrx_word' id='word_1_232' title='bbox 453 1642 513 1694; x_wconf 90' lang='lat' dir='ltr'><strong>alio</strong></span> <span class='ocrx_word' id='word_1_233' title='bbox 528 1651 604 1709; x_wconf 89' lang='lat' dir='ltr'><strong>pcto,</strong></span> <span class='ocrx_word' id='word_1_234' title='bbox 627 1640 680 1693; x_wconf 94' lang='lat' dir='ltr'><strong>hoc</strong></span> <span class='ocrx_word' id='word_1_235' title='bbox 690 1648 743 1703; x_wconf 88' lang='lat' dir='ltr'><strong>est,</strong></span> <span class='ocrx_word' id='word_1_236' title='bbox 764 1643 858 1706; x_wconf 88' lang='lat' dir='ltr'><strong>ntique</strong></span> <span class='ocrx_word' id='word_1_237' title='bbox 869 1639 991 1692; x_wconf 83' lang='lat' dir='ltr'><strong>sitienti:</strong></span> 
     </span>
     <span class='ocr_line' id='line_1_20' title="bbox 193 1709 992 1778; baseline -0.005 -13"><span class='ocrx_word' id='word_1_238' title='bbox 193 1726 246 1765; x_wconf 83' lang='lat' dir='ltr'><strong>nec</strong></span> <span class='ocrx_word' id='word_1_239' title='bbox 259 1712 313 1763; x_wconf 87' lang='lat' dir='ltr'><strong>nisi</strong></span> <span class='ocrx_word' id='word_1_240' title='bbox 324 1713 352 1763; x_wconf 91' lang='lat' dir='ltr'><strong>in</strong></span> <span class='ocrx_word' id='word_1_241' title='bbox 369 1710 562 1778; x_wconf 87' lang='lat' dir='ltr'><strong>desperatione</strong></span> <span class='ocrx_word' id='word_1_242' title='bbox 576 1724 718 1776; x_wconf 80' lang='lat' dir='ltr'><strong>suprema:</strong></span> <span class='ocrx_word' id='word_1_243' title='bbox 737 1716 765 1762; x_wconf 90' lang='lat' dir='ltr'><strong>et</strong></span> <span class='ocrx_word' id='word_1_244' title='bbox 788 1711 848 1761; x_wconf 90' lang='lat' dir='ltr'><strong>viro</strong></span> <span class='ocrx_word' id='word_1_245' title='bbox 873 1709 992 1773; x_wconf 90' lang='lat' dir='ltr'><strong>facilius,</strong></span> 
     </span>
     <span class='ocr_line' id='line_1_21' title="bbox 194 1778 994 1848; baseline -0.003 -16"><span class='ocrx_word' id='word_1_246' title='bbox 194 1795 278 1848; x_wconf 87' lang='lat' dir='ltr'><strong>quam</strong></span> <span class='ocrx_word' id='word_1_247' title='bbox 291 1778 425 1833; x_wconf 70' lang='lat' dir='ltr'><strong>feminast</strong></span> <span class='ocrx_word' id='word_1_248' title='bbox 436 1784 592 1846; x_wconf 88' lang='lat' dir='ltr'><strong>seni,qusm</strong></span> <span class='ocrx_word' id='word_1_249' title='bbox 603 1779 710 1831; x_wconf 86' lang='lat' dir='ltr'><strong>iuveni:</strong></span> <span class='ocrx_word' id='word_1_250' title='bbox 722 1778 915 1845; x_wconf 79' lang='lat' dir='ltr'><strong>iuveni,quam</strong></span> <span class='ocrx_word' id='word_1_251' title='bbox 927 1793 994 1845; x_wconf 89' lang='lat' dir='ltr'><strong>pue·</strong></span> 
     </span>
     <span class='ocr_line' id='line_1_22' title="bbox 196 1847 993 1915; baseline -0.006 -12"><span class='ocrx_word' id='word_1_252' title='bbox 196 1866 241 1903; x_wconf 88' lang='lat' dir='ltr'><strong>ro:</strong></span> <span class='ocrx_word' id='word_1_253' title='bbox 262 1849 364 1911; x_wconf 85' lang='lat' dir='ltr'><strong>hicme,</strong></span> <span class='ocrx_word' id='word_1_254' title='bbox 376 1864 456 1915; x_wconf 89' lang='lat' dir='ltr'><strong>quarn</strong></span> <span class='ocrx_word' id='word_1_255' title='bbox 468 1857 590 1902; x_wconf 88' lang='lat' dir='ltr'><strong>aestate:</strong></span> <span class='ocrx_word' id='word_1_256' title='bbox 609 1847 727 1900; x_wconf 79' lang='lat' dir='ltr'><strong>manetis</strong></span> <span class='ocrx_word' id='word_1_257' title='bbox 740 1848 842 1914; x_wconf 92' lang='lat' dir='ltr'><strong>potius,</strong></span> <span class='ocrx_word' id='word_1_258' title='bbox 854 1862 934 1914; x_wconf 88' lang='lat' dir='ltr'><strong>quam</strong></span> <span class='ocrx_word' id='word_1_259' title='bbox 946 1862 993 1899; x_wconf 87' lang='lat' dir='ltr'><strong>ex·</strong></span> 
     </span>
     <span class='ocr_line' id='line_1_23' title="bbox 193 1916 990 1987; baseline -0.006 -15"><span class='ocrx_word' id='word_1_260' title='bbox 193 1918 327 1987; x_wconf 87' lang='lat' dir='ltr'><strong>pertibus.</strong></span> <span class='ocrx_word' id='word_1_261' title='bbox 362 1918 465 1970; x_wconf 87' lang='lat' dir='ltr'><strong>Modus</strong></span> <span class='ocrx_word' id='word_1_262' title='bbox 477 1918 562 1970; x_wconf 85' lang='lat' dir='ltr'><strong>dandi</strong></span> <span class='ocrx_word' id='word_1_263' title='bbox 577 1932 628 1984; x_wconf 88' lang='lat' dir='ltr'><strong>pro</strong></span> <span class='ocrx_word' id='word_1_264' title='bbox 643 1916 819 1970; x_wconf 79' lang='lat' dir='ltr'><strong>vehementia</strong></span> <span class='ocrx_word' id='word_1_265' title='bbox 829 1917 900 1968; x_wconf 86' lang='lat' dir='ltr'><strong>riui:</strong></span> <span class='ocrx_word' id='word_1_266' title='bbox 923 1918 990 1968; x_wconf 88' lang='lat' dir='ltr'><strong>item</strong></span> 
     </span>
     <span class='ocr_line' id='line_1_24' title="bbox 198 1987 992 2055; baseline -0.005 -14"><span class='ocrx_word' id='word_1_267' title='bbox 198 1989 330 2041; x_wconf 86' lang='lat' dir='ltr'><strong>mixtura.</strong></span> <span class='ocrx_word' id='word_1_268' title='bbox 367 1989 455 2055; x_wconf 79' lang='lat' dir='ltr'><strong>Atque</strong></span> <span class='ocrx_word' id='word_1_269' title='bbox 464 1989 548 2055; x_wconf 86' lang='lat' dir='ltr'><strong>vulgo</strong></span> <span class='ocrx_word' id='word_1_270' title='bbox 559 1987 629 2039; x_wconf 75' lang='grc' dir='ltr'>ιιιὶι</span> <span class='ocrx_word' id='word_1_271' title='bbox 640 1993 738 2054; x_wconf 80' lang='lat' dir='ltr'><strong>puteat</strong></span> <span class='ocrx_word' id='word_1_272' title='bbox 754 2001 838 2038; x_wconf 87' lang='lat' dir='ltr'><strong>unum</strong></span> <span class='ocrx_word' id='word_1_273' title='bbox 858 1988 915 2038; x_wconf 90' lang='lat' dir='ltr'><strong>vini</strong></span> <span class='ocrx_word' id='word_1_274' title='bbox 927 2001 992 2053; x_wconf 88' lang='lat' dir='ltr'><strong>cya-</strong></span> 
     </span>
     <span class='ocr_line' id='line_1_25' title="bbox 193 2054 992 2125; baseline -0.005 -14"><span class='ocrx_word' id='word_1_275' title='bbox 193 2057 272 2111; x_wconf 86' lang='lat' dir='ltr'><strong>thum</strong></span> <span class='ocrx_word' id='word_1_276' title='bbox 293 2056 403 2109; x_wconf 84' lang='lat' dir='ltr'><strong>duobus</strong></span> <span class='ocrx_word' id='word_1_277' title='bbox 424 2073 514 2125; x_wconf 89' lang='lat' dir='ltr'><strong>aquae</strong></span> <span class='ocrx_word' id='word_1_278' title='bbox 528 2059 648 2109; x_wconf 90' lang='lat' dir='ltr'><strong>misceri.</strong></span> <span class='ocrx_word' id='word_1_279' title='bbox 684 2056 714 2109; x_wconf 82' lang='lat' dir='ltr'><strong>si</strong></span> <span class='ocrx_word' id='word_1_280' title='bbox 726 2054 875 2108; x_wconf 87' lang='lat' dir='ltr'><strong>dissolutio</strong></span> <span class='ocrx_word' id='word_1_281' title='bbox 885 2056 923 2108; x_wconf 90' lang='lat' dir='ltr'><strong>sit</strong></span> <span class='ocrx_word' id='word_1_282' title='bbox 933 2063 992 2107; x_wconf 90' lang='lat' dir='ltr'><strong>sto·</strong></span> 
     </span>
     <span class='ocr_line' id='line_1_26' title="bbox 194 2126 854 2189; baseline -0.005 -9"><span class='ocrx_word' id='word_1_283' title='bbox 194 2127 294 2189; x_wconf 88' lang='lat' dir='ltr'><strong>machi,</strong></span> <span class='ocrx_word' id='word_1_284' title='bbox 305 2126 439 2179; x_wconf 86' lang='lat' dir='ltr'><strong>dandum:</strong></span> <span class='ocrx_word' id='word_1_285' title='bbox 460 2133 489 2179; x_wconf 90' lang='lat' dir='ltr'><strong>et</strong></span> <span class='ocrx_word' id='word_1_286' title='bbox 500 2128 525 2178; x_wconf 91' lang='lat' dir='ltr'><strong>si</strong></span> <span class='ocrx_word' id='word_1_287' title='bbox 535 2127 615 2178; x_wconf 88' lang='lat' dir='ltr'><strong>cibus</strong></span> <span class='ocrx_word' id='word_1_288' title='bbox 626 2141 680 2178; x_wconf 90' lang='lat' dir='ltr'><strong>non</strong></span> <span class='ocrx_word' id='word_1_289' title='bbox 693 2126 854 2178; x_wconf 81' lang='lat' dir='ltr'><strong>descendat.</strong></span> 
     </span>
    </p>

    <p class='ocr_par' dir='ltr' id='par_1_6' title="bbox 195 2195 994 2457">
     <span class='ocr_line' id='line_1_27' title="bbox 229 2195 994 2266; baseline -0.005 -17"><span class='ocrx_word' id='word_1_290' title='bbox 229 2196 329 2250; x_wconf 82' lang='lat' dir='ltr'><strong>xxvi.</strong></span> <span class='ocrx_word' id='word_1_291' title='bbox 348 2197 423 2249; x_wconf 88' lang='lat' dir='ltr'><strong>inter</strong></span> <span class='ocrx_word' id='word_1_292' title='bbox 433 2197 488 2249; x_wconf 90' lang='lat' dir='ltr'><strong>vini</strong></span> <span class='ocrx_word' id='word_1_293' title='bbox 499 2212 611 2266; x_wconf 87' lang='lat' dir='ltr'><strong>genera,</strong></span> <span class='ocrx_word' id='word_1_294' title='bbox 623 2211 692 2265; x_wconf 86' lang='lat' dir='ltr'><strong>quae</strong></span> <span class='ocrx_word' id='word_1_295' title='bbox 704 2196 769 2262; x_wconf 86' lang='lat' dir='ltr'><strong>tingi</strong></span> <span class='ocrx_word' id='word_1_296' title='bbox 781 2195 934 2256; x_wconf 84' lang='lat' dir='ltr'><strong>docuimus,</strong></span> <span class='ocrx_word' id='word_1_297' title='bbox 943 2209 994 2245; x_wconf 90' lang='lat' dir='ltr'><strong>nec</strong></span> 
     </span>
     <span class='ocr_line' id='line_1_28' title="bbox 196 2266 992 2334; baseline -0.008 -15"><span class='ocrx_word' id='word_1_298' title='bbox 196 2266 258 2319; x_wconf 87' lang='lat' dir='ltr'><strong>llari</strong></span> <span class='ocrx_word' id='word_1_299' title='bbox 269 2269 322 2318; x_wconf 89' lang='lat' dir='ltr'><strong>iam</strong></span> <span class='ocrx_word' id='word_1_300' title='bbox 335 2266 465 2331; x_wconf 88' lang='lat' dir='ltr'><strong>arbitror,</strong></span> <span class='ocrx_word' id='word_1_301' title='bbox 473 2276 500 2319; x_wconf 90' lang='lat' dir='ltr'><strong>et</strong></span> <span class='ocrx_word' id='word_1_302' title='bbox 510 2280 709 2334; x_wconf 87' lang='lat' dir='ltr'><strong>superracuum</strong></span> <span class='ocrx_word' id='word_1_303' title='bbox 721 2280 815 2317; x_wconf 89' lang='lat' dir='ltr'><strong>eorum</strong></span> <span class='ocrx_word' id='word_1_304' title='bbox 828 2280 921 2326; x_wconf 90' lang='lat' dir='ltr'><strong>usum,</strong></span> <span class='ocrx_word' id='word_1_305' title='bbox 932 2278 992 2314; x_wconf 93' lang='lat' dir='ltr'><strong>cum</strong></span> 
     </span>
     <span class='ocr_line' id='line_1_29' title="bbox 195 2332 994 2457; baseline -0.006 -71"><span class='ocrx_word' id='word_1_306' title='bbox 195 2335 266 2457; x_wconf 53' lang='lat'><strong>‘3⁸³³</strong></span> <span class='ocrx_word' id='word_1_307' title='bbox 277 2336 370 2398; x_wconf 87' lang='lat' dir='ltr'><strong>rebus,</strong></span> <span class='ocrx_word' id='word_1_308' title='bbox 386 2350 421 2388; x_wconf 89' lang='lat' dir='ltr'><strong>ex</strong></span> <span class='ocrx_word' id='word_1_309' title='bbox 433 2336 534 2403; x_wconf 90' lang='lat' dir='ltr'><strong>quihus</strong></span> <span class='ocrx_word' id='word_1_310' title='bbox 544 2339 697 2403; x_wconf 84' lang='lat' dir='ltr'><strong>tinguntur,</strong></span> <span class='ocrx_word' id='word_1_311' title='bbox 717 2333 867 2386; x_wconf 86' lang='lat' dir='ltr'><strong>doceamus</strong></span> <span class='ocrx_word' id='word_1_312' title='bbox 879 2332 929 2383; x_wconf 91' lang='lat' dir='ltr'><strong>uti.</strong></span> <span class='ocrx_word' id='word_1_313' title='bbox 957 2332 994 2382; x_wconf 84' lang='lat' dir='ltr'><strong>Et</strong></span> 
     </span>
    </p>

    <p class='ocr_par' dir='ltr' id='par_1_7' title="bbox 195 2400 996 3371">
     <span class='ocr_line' id='line_1_30' title="bbox 227 2400 995 2458; baseline -0.005 -3"><span class='ocrx_word' id='word_1_314' title='bbox 227 2406 267 2456; x_wconf 86' lang='lat' dir='ltr'><strong>ias</strong></span> <span class='ocrx_word' id='word_1_315' title='bbox 284 2404 396 2458; x_wconf 89' lang='lat' dir='ltr'><strong>modum</strong></span> <span class='ocrx_word' id='word_1_316' title='bbox 417 2412 578 2458; x_wconf 83' lang='lat' dir='ltr'><strong>excesserat</strong></span> <span class='ocrx_word' id='word_1_317' title='bbox 597 2402 765 2456; x_wconf 86' lang='lat' dir='ltr'><strong>medicorum</strong></span> <span class='ocrx_word' id='word_1_318' title='bbox 778 2404 806 2453; x_wconf 92' lang='lat' dir='ltr'><strong>in</strong></span> <span class='ocrx_word' id='word_1_319' title='bbox 817 2400 859 2453; x_wconf 88' lang='lat' dir='ltr'><strong>his</strong></span> <span class='ocrx_word' id='word_1_320' title='bbox 870 2408 995 2453; x_wconf 87' lang='lat' dir='ltr'><strong>ostenta·</strong></span> 
     </span>
     <span class='ocr_line' id='line_1_31' title="bbox 195 2468 995 2540; baseline -0.014 -14"><span class='ocrx_word' id='word_1_321' title='bbox 195 2474 339 2537; x_wconf 85' lang='lat' dir='ltr'><strong>tio,reluti</strong></span> <span class='ocrx_word' id='word_1_322' title='bbox 352 2490 367 2526; x_wconf 92' lang='grc' dir='ltr'><strong>ι</strong></span> <span class='ocrx_word' id='word_1_323' title='bbox 379 2477 456 2540; x_wconf 83' lang='lat' dir='ltr'><strong>napis</strong></span> <span class='ocrx_word' id='word_1_324' title='bbox 466 2475 558 2525; x_wconf 90' lang='lat' dir='ltr'><strong>viuum</strong></span> <span class='ocrx_word' id='word_1_325' title='bbox 570 2472 639 2524; x_wconf 89' lang='lat' dir='ltr'><strong>utile</strong></span> <span class='ocrx_word' id='word_1_326' title='bbox 650 2485 711 2523; x_wconf 90' lang='lat' dir='ltr'><strong>esse</strong></span> <span class='ocrx_word' id='word_1_327' title='bbox 722 2470 757 2520; x_wconf 92' lang='lat' dir='ltr'><strong>ab</strong></span> <span class='ocrx_word' id='word_1_328' title='bbox 768 2482 909 2521; x_wconf 88' lang='lat' dir='ltr'><strong>armorum</strong></span> <span class='ocrx_word' id='word_1_329' title='bbox 922 2468 995 2533; x_wconf 88' lang='lat' dir='ltr'><strong>equi·</strong></span> 
     </span>
     <span class='ocr_line' id='line_1_32' title="bbox 196 2535 996 2608; baseline -0.013 -13"><span class='ocrx_word' id='word_1_330' title='bbox 196 2541 310 2595; x_wconf 88' lang='lat' dir='ltr'><strong>tandire</strong></span> <span class='ocrx_word' id='word_1_331' title='bbox 318 2542 482 2594; x_wconf 86' lang='lat' dir='ltr'><strong>lassitudine</strong></span> <span class='ocrx_word' id='word_1_332' title='bbox 494 2540 738 2608; x_wconf 84' lang='lat' dir='ltr'><strong>praecipientium:</strong></span> <span class='ocrx_word' id='word_1_333' title='bbox 751 2545 834 2604; x_wconf 86' lang='lat' dir='ltr'><strong>atque</strong></span> <span class='ocrx_word' id='word_1_334' title='bbox 846 2542 877 2587; x_wconf 94' lang='lat' dir='ltr'><strong>ut</strong></span> <span class='ocrx_word' id='word_1_335' title='bbox 888 2535 996 2602; x_wconf 88' lang='lat' dir='ltr'><strong>reliqua</strong></span> 
     </span>
     <span class='ocr_line' id='line_1_33' title="bbox 197 2606 995 2675; baseline -0.011 -12"><span class='ocrx_word' id='word_1_336' title='bbox 197 2611 458 2670; x_wconf 90' lang='lat' dir='ltr'><strong>omittamus,etism</strong></span> <span class='ocrx_word' id='word_1_337' title='bbox 471 2624 486 2661; x_wconf 92' lang='grc' dir='ltr'><strong>ι</strong></span> <span class='ocrx_word' id='word_1_338' title='bbox 497 2610 634 2675; x_wconf 85' lang='lat' dir='ltr'><strong>iunipero.</strong></span> <span class='ocrx_word' id='word_1_339' title='bbox 659 2606 863 2672; x_wconf 67' lang='lat' dir='ltr'><strong>aequicrurius</strong></span> <span class='ocrx_word' id='word_1_340' title='bbox 875 2609 995 2667; x_wconf 87' lang='lat' dir='ltr'><strong>censeat,</strong></span> 
     </span>
     <span class='ocr_line' id='line_1_34' title="bbox 198 2673 994 2744; baseline -0.008 -13"><span class='ocrx_word' id='word_1_341' title='bbox 198 2676 351 2732; x_wconf 87' lang='lat' dir='ltr'><strong>absinthite</strong></span> <span class='ocrx_word' id='word_1_342' title='bbox 373 2680 437 2729; x_wconf 85' lang='lat' dir='ltr'><strong>rino</strong></span> <span class='ocrx_word' id='word_1_343' title='bbox 461 2677 591 2730; x_wconf 89' lang='lat' dir='ltr'><strong>utendum</strong></span> <span class='ocrx_word' id='word_1_344' title='bbox 614 2678 724 2744; x_wconf 89' lang='lat' dir='ltr'><strong>potius,</strong></span> <span class='ocrx_word' id='word_1_345' title='bbox 750 2690 832 2743; x_wconf 88' lang='lat' dir='ltr'><strong>quam</strong></span> <span class='ocrx_word' id='word_1_346' title='bbox 854 2673 994 2727; x_wconf 87' lang='lat' dir='ltr'><strong>absinthio</strong></span> 
     </span>
     <span class='ocr_line' id='line_1_35' title="bbox 195 2744 994 2817; baseline -0.009 -17"><span class='ocrx_word' id='word_1_347' title='bbox 195 2746 276 2817; x_wconf 86' lang='lat' dir='ltr'><strong>lpsof</strong></span> <span class='ocrx_word' id='word_1_348' title='bbox 296 2748 326 2798; x_wconf 92' lang='lat' dir='ltr'><strong>ln</strong></span> <span class='ocrx_word' id='word_1_349' title='bbox 339 2746 650 2813; x_wconf 87' lang='lat' dir='ltr'><strong>reliquisomitteturet</strong></span> <span class='ocrx_word' id='word_1_350' title='bbox 672 2744 819 2812; x_wconf 88' lang='lat' dir='ltr'><strong>palmeum,</strong></span> <span class='ocrx_word' id='word_1_351' title='bbox 840 2744 924 2810; x_wconf 88' lang='lat' dir='ltr'><strong>capiti</strong></span> <span class='ocrx_word' id='word_1_352' title='bbox 945 2758 994 2793; x_wconf 91' lang='lat' dir='ltr'><strong>no·</strong></span> 
     </span>
     <span class='ocr_line' id='line_1_36' title="bbox 195 2814 995 2885; baseline -0.01 -14"><span class='ocrx_word' id='word_1_353' title='bbox 195 2817 284 2879; x_wconf 84' lang='lat' dir='ltr'><strong>xiunr,</strong></span> <span class='ocrx_word' id='word_1_354' title='bbox 291 2817 436 2883; x_wconf 83' lang='lat' dir='ltr'><strong>ventrique</strong></span> <span class='ocrx_word' id='word_1_355' title='bbox 447 2822 555 2869; x_wconf 89' lang='lat' dir='ltr'><strong>tanturn</strong></span> <span class='ocrx_word' id='word_1_356' title='bbox 567 2814 728 2875; x_wconf 81' lang='lat' dir='ltr'><strong>niciliendo,</strong></span> <span class='ocrx_word' id='word_1_357' title='bbox 739 2820 767 2885; x_wconf 82' lang='lat' dir='ltr'><strong>et</strong></span> <span class='ocrx_word' id='word_1_358' title='bbox 778 2814 938 2881; x_wconf 80' lang='lat' dir='ltr'><strong>sanguinem</strong></span> <span class='ocrx_word' id='word_1_359' title='bbox 951 2826 995 2863; x_wconf 84' lang='lat' dir='ltr'><strong>ex·</strong></span> 
     </span>
     <span class='ocr_line' id='line_1_37' title="bbox 196 2880 993 2950; baseline -0.006 -12"><span class='ocrx_word' id='word_1_360' title='bbox 196 2886 371 2940; x_wconf 83' lang='lat' dir='ltr'><strong>screantibus</strong></span> <span class='ocrx_word' id='word_1_361' title='bbox 382 2901 436 2938; x_wconf 89' lang='lat' dir='ltr'><strong>non</strong></span> <span class='ocrx_word' id='word_1_362' title='bbox 447 2885 557 2937; x_wconf 88' lang='lat' dir='ltr'><strong>inutile.</strong></span> <span class='ocrx_word' id='word_1_363' title='bbox 594 2884 736 2937; x_wconf 84' lang='lat' dir='ltr'><strong>Fictitium</strong></span> <span class='ocrx_word' id='word_1_364' title='bbox 750 2899 805 2934; x_wconf 91' lang='lat' dir='ltr'><strong>non</strong></span> <span class='ocrx_word' id='word_1_365' title='bbox 815 2889 908 2950; x_wconf 89' lang='lat' dir='ltr'><strong>potest</strong></span> <span class='ocrx_word' id='word_1_366' title='bbox 921 2880 993 2933; x_wconf 89' lang='lat' dir='ltr'><strong>vide·</strong></span> 
     </span>
     <span class='ocr_line' id='line_1_38' title="bbox 195 2950 994 3024; baseline -0.013 -14"><span class='ocrx_word' id='word_1_367' title='bbox 195 2956 229 3020; x_wconf 86' lang='lat' dir='ltr'><strong>ri,</strong></span> <span class='ocrx_word' id='word_1_368' title='bbox 249 2953 323 3024; x_wconf 93' lang='lat' dir='ltr'><strong>quod</strong></span> <span class='ocrx_word' id='word_1_369' title='bbox 346 2954 411 3006; x_wconf 92' lang='lat' dir='ltr'><strong>bion</strong></span> <span class='ocrx_word' id='word_1_370' title='bbox 432 2955 645 3022; x_wconf 74' lang='lat' dir='ltr'><strong>appellavimus,</strong></span> <span class='ocrx_word' id='word_1_371' title='bbox 665 2969 726 3004; x_wconf 84' lang='lat' dir='ltr'><strong>cunr</strong></span> <span class='ocrx_word' id='word_1_372' title='bbox 738 2954 774 3004; x_wconf 90' lang='lat' dir='ltr'><strong>sit</strong></span> <span class='ocrx_word' id='word_1_373' title='bbox 787 2953 815 3003; x_wconf 93' lang='lat' dir='ltr'><strong>in</strong></span> <span class='ocrx_word' id='word_1_374' title='bbox 827 2967 861 3004; x_wconf 92' lang='lat' dir='ltr'><strong>eo</strong></span> <span class='ocrx_word' id='word_1_375' title='bbox 872 2950 933 3003; x_wconf 92' lang='lat' dir='ltr'><strong>sola</strong></span> <span class='ocrx_word' id='word_1_376' title='bbox 945 2964 994 3018; x_wconf 92' lang='lat' dir='ltr'><strong>pro</strong></span> 
     </span>
     <span class='ocr_line' id='line_1_39' title="bbox 197 3020 993 3083; baseline -0.01 -5"><span class='ocrx_word' id='word_1_377' title='bbox 197 3032 258 3079; x_wconf 86' lang='lat' dir='ltr'><strong>arte</strong></span> <span class='ocrx_word' id='word_1_378' title='bbox 270 3022 425 3077; x_wconf 78' lang='lat' dir='ltr'><strong>festinatio.</strong></span> <span class='ocrx_word' id='word_1_379' title='bbox 451 3024 570 3076; x_wconf 87' lang='lat' dir='ltr'><strong>Prodest</strong></span> <span class='ocrx_word' id='word_1_380' title='bbox 581 3022 725 3074; x_wconf 87' lang='lat' dir='ltr'><strong>stomacho</strong></span> <span class='ocrx_word' id='word_1_381' title='bbox 738 3021 885 3083; x_wconf 89' lang='lat' dir='ltr'><strong>dissoluto,</strong></span> <span class='ocrx_word' id='word_1_382' title='bbox 896 3028 945 3072; x_wconf 90' lang='lat' dir='ltr'><strong>aut</strong></span> <span class='ocrx_word' id='word_1_383' title='bbox 956 3020 993 3071; x_wconf 92' lang='lat' dir='ltr'><strong>ci·</strong></span> 
     </span>
     <span class='ocr_line' id='line_1_40' title="bbox 195 3090 994 3161; baseline -0.008 -15"><span class='ocrx_word' id='word_1_384' title='bbox 195 3093 248 3146; x_wconf 87' lang='lat' dir='ltr'><strong>bos</strong></span> <span class='ocrx_word' id='word_1_385' title='bbox 259 3109 312 3145; x_wconf 90' lang='lat' dir='ltr'><strong>non</strong></span> <span class='ocrx_word' id='word_1_386' title='bbox 325 3094 487 3159; x_wconf 84' lang='lat' dir='ltr'><strong>perficienti,</strong></span> <span class='ocrx_word' id='word_1_387' title='bbox 499 3094 724 3161; x_wconf 77' lang='lat' dir='ltr'><strong>praegnantibus,</strong></span> <span class='ocrx_word' id='word_1_388' title='bbox 737 3091 865 3153; x_wconf 87' lang='lat' dir='ltr'><strong>delectis,</strong></span> <span class='ocrx_word' id='word_1_389' title='bbox 886 3090 994 3157; x_wconf 84' lang='lat' dir='ltr'><strong>paraly-</strong></span> 
     </span>
     <span class='ocr_line' id='line_1_41' title="bbox 195 3159 994 3231; baseline -0.009 -15"><span class='ocrx_word' id='word_1_390' title='bbox 195 3163 270 3223; x_wconf 89' lang='lat' dir='ltr'><strong>ticis,</strong></span> <span class='ocrx_word' id='word_1_391' title='bbox 282 3163 416 3225; x_wconf 87' lang='lat' dir='ltr'><strong>tremulis,</strong></span> <span class='ocrx_word' id='word_1_392' title='bbox 429 3163 566 3231; x_wconf 77' lang='lat' dir='ltr'><strong>vertigini,</strong></span> <span class='ocrx_word' id='word_1_393' title='bbox 576 3161 753 3223; x_wconf 88' lang='lat' dir='ltr'><strong>torminibus,</strong></span> <span class='ocrx_word' id='word_1_394' title='bbox 763 3159 933 3212; x_wconf 83' lang='lat' dir='ltr'><strong>ischiadicis.</strong></span> <span class='ocrx_word' id='word_1_395' title='bbox 963 3160 994 3209; x_wconf 87' lang='lat' dir='ltr'><strong>la</strong></span> 
     </span>
     <span class='ocr_line' id='line_1_42' title="bbox 195 3231 993 3301; baseline -0.009 -15"><span class='ocrx_word' id='word_1_396' title='bbox 195 3233 357 3301; x_wconf 88' lang='lat' dir='ltr'><strong>pestilentia</strong></span> <span class='ocrx_word' id='word_1_397' title='bbox 377 3247 486 3300; x_wconf 87' lang='lat' dir='ltr'><strong>quoquc</strong></span> <span class='ocrx_word' id='word_1_398' title='bbox 508 3248 542 3285; x_wconf 90' lang='lat' dir='ltr'><strong>ac</strong></span> <span class='ocrx_word' id='word_1_399' title='bbox 563 3231 846 3299; x_wconf 81' lang='lat' dir='ltr'><strong>peregrinationibus,</strong></span> <span class='ocrx_word' id='word_1_400' title='bbox 867 3231 923 3280; x_wconf 80' lang='lat' dir='ltr'><strong>rim</strong></span> <span class='ocrx_word' id='word_1_401' title='bbox 936 3242 993 3279; x_wconf 89' lang='lat' dir='ltr'><strong>ma·</strong></span> 
     </span>
     <span class='ocr_line' id='line_1_43' title="bbox 195 3301 686 3371; baseline -0.006 -18"><span class='ocrx_word' id='word_1_402' title='bbox 195 3317 278 3371; x_wconf 85' lang='lat' dir='ltr'><strong>gnam</strong></span> <span class='ocrx_word' id='word_1_403' title='bbox 292 3301 446 3353; x_wconf 80' lang='lat' dir='ltr'><strong>auxiliandi</strong></span> <span class='ocrx_word' id='word_1_404' title='bbox 459 3302 564 3356; x_wconf 77' lang='lat' dir='ltr'><strong>habere</strong></span> <span class='ocrx_word' id='word_1_405' title='bbox 575 3301 686 3353; x_wconf 90' lang='lat' dir='ltr'><strong>dicitur.</strong></span> 
     </span>
    </p>

    <p class='ocr_par' dir='ltr' id='par_1_8' title="bbox 194 3365 995 3849">
     <span class='ocr_line' id='line_1_44' title="bbox 229 3365 993 3424; baseline -0.008 -1"><span class='ocrx_word' id='word_1_406' title='bbox 229 3370 345 3423; x_wconf 85' lang='lat' dir='ltr'><strong>xxvii.</strong></span> <span class='ocrx_word' id='word_1_407' title='bbox 374 3369 441 3421; x_wconf 82' lang='lat' dir='ltr'><strong>Vini</strong></span> <span class='ocrx_word' id='word_1_408' title='bbox 462 3373 547 3424; x_wconf 89' lang='lat' dir='ltr'><strong>etiam</strong></span> <span class='ocrx_word' id='word_1_409' title='bbox 570 3371 665 3421; x_wconf 78' lang='lat' dir='ltr'><strong>vitium</strong></span> <span class='ocrx_word' id='word_1_410' title='bbox 687 3369 788 3420; x_wconf 88' lang='lat' dir='ltr'><strong>transit</strong></span> <span class='ocrx_word' id='word_1_411' title='bbox 808 3367 838 3419; x_wconf 92' lang='lat' dir='ltr'><strong>in</strong></span> <span class='ocrx_word' id='word_1_412' title='bbox 863 3365 993 3419; x_wconf 81' lang='lat' dir='ltr'><strong>remedia</strong></span> 
     </span>
     <span class='ocr_line' id='line_1_45' title="bbox 194 3436 993 3506; baseline -0.01 -12"><span class='ocrx_word' id='word_1_413' title='bbox 194 3443 281 3494; x_wconf 78' lang='lat' dir='ltr'><strong>Aoeto</strong></span> <span class='ocrx_word' id='word_1_414' title='bbox 294 3439 455 3493; x_wconf 84' lang='lat' dir='ltr'><strong>summaria</strong></span> <span class='ocrx_word' id='word_1_415' title='bbox 467 3442 547 3493; x_wconf 89' lang='lat' dir='ltr'><strong>estin</strong></span> <span class='ocrx_word' id='word_1_416' title='bbox 559 3439 761 3506; x_wconf 83' lang='lat' dir='ltr'><strong>refrigerando,</strong></span> <span class='ocrx_word' id='word_1_417' title='bbox 772 3451 827 3490; x_wconf 91' lang='lat' dir='ltr'><strong>non</strong></span> <span class='ocrx_word' id='word_1_418' title='bbox 838 3441 930 3488; x_wconf 84' lang='grc' dir='ltr'>ιιιιιιιι</span> <span class='ocrx_word' id='word_1_419' title='bbox 944 3436 993 3486; x_wconf 90' lang='lat' dir='ltr'><strong>mi·</strong></span> 
     </span>
     <span class='ocr_line' id='line_1_46' title="bbox 194 3506 994 3572; baseline -0.008 -11"><span class='ocrx_word' id='word_1_420' title='bbox 194 3524 246 3561; x_wconf 87' lang='lat' dir='ltr'><strong>nor</strong></span> <span class='ocrx_word' id='word_1_421' title='bbox 257 3509 285 3561; x_wconf 88' lang='lat' dir='ltr'><strong>in</strong></span> <span class='ocrx_word' id='word_1_422' title='bbox 296 3508 485 3562; x_wconf 87' lang='lat' dir='ltr'><strong>discutiendo:</strong></span> <span class='ocrx_word' id='word_1_423' title='bbox 503 3512 544 3562; x_wconf 89' lang='lat' dir='ltr'><strong>ita</strong></span> <span class='ocrx_word' id='word_1_424' title='bbox 556 3510 587 3561; x_wconf 84' lang='lat' dir='ltr'><strong>lit</strong></span> <span class='ocrx_word' id='word_1_425' title='bbox 597 3516 628 3560; x_wconf 91' lang='grc' dir='ltr'><strong>ιιι</strong></span> <span class='ocrx_word' id='word_1_426' title='bbox 639 3506 759 3558; x_wconf 85' lang='lat' dir='ltr'><strong>inlusum</strong></span> <span class='ocrx_word' id='word_1_427' title='bbox 773 3516 865 3558; x_wconf 90' lang='lat' dir='ltr'><strong>terrae</strong></span> <span class='ocrx_word' id='word_1_428' title='bbox 877 3511 994 3572; x_wconf 86' lang='lat' dir='ltr'><strong>spumet.</strong></span> 
     </span>
     <span class='ocr_line' id='line_1_47' title="bbox 194 3574 994 3644; baseline -0.009 -13"><span class='ocrx_word' id='word_1_429' title='bbox 194 3578 307 3631; x_wconf 83' lang='lat' dir='ltr'><strong>Dictum</strong></span> <span class='ocrx_word' id='word_1_430' title='bbox 328 3586 371 3631; x_wconf 88' lang='lat' dir='ltr'><strong>est</strong></span> <span class='ocrx_word' id='word_1_431' title='bbox 392 3594 440 3631; x_wconf 89' lang='lat' dir='ltr'><strong>sae</strong></span> <span class='ocrx_word' id='word_1_432' title='bbox 461 3580 511 3642; x_wconf 90' lang='lat' dir='ltr'><strong>ins,</strong></span> <span class='ocrx_word' id='word_1_433' title='bbox 535 3580 697 3644; x_wconf 83' lang='lat' dir='ltr'><strong>diceturque</strong></span> <span class='ocrx_word' id='word_1_434' title='bbox 719 3577 827 3643; x_wconf 91' lang='lat' dir='ltr'><strong>quoties</strong></span> <span class='ocrx_word' id='word_1_435' title='bbox 848 3591 908 3627; x_wconf 89' lang='lat' dir='ltr'><strong>cum</strong></span> <span class='ocrx_word' id='word_1_436' title='bbox 930 3574 994 3643; x_wconf 75' lang='lat' dir='ltr'><strong>aliis</strong></span> 
     </span>
     <span class='ocr_line' id='line_1_48' title="bbox 194 3595 994 3716; baseline -0.008 -17"><span class='ocrx_word' id='word_1_437' title='bbox 194 3648 292 3716; x_wconf 88' lang='lat' dir='ltr'><strong>prosit.</strong></span> <span class='ocrx_word' id='word_1_438' title='bbox 329 3648 382 3701; x_wconf 87' lang='lat' dir='ltr'><strong>Per</strong></span> <span class='ocrx_word' id='word_1_439' title='bbox 402 3665 433 3701; x_wconf 88' lang='lat' dir='ltr'><strong>se</strong></span> <span class='ocrx_word' id='word_1_440' title='bbox 442 3595 574 3701; x_wconf 63' lang='lat' dir='ltr'><strong>inustum</strong></span> <span class='ocrx_word' id='word_1_441' title='bbox 585 3647 701 3700; x_wconf 86' lang='lat' dir='ltr'><strong>fastidis</strong></span> <span class='ocrx_word' id='word_1_442' title='bbox 712 3646 835 3707; x_wconf 88' lang='lat' dir='ltr'><strong>discutit,</strong></span> <span class='ocrx_word' id='word_1_443' title='bbox 856 3643 994 3713; x_wconf 86' lang='lat' dir='ltr'><strong>singultus</strong></span> 
     </span>
     <span class='ocr_line' id='line_1_49' title="bbox 195 3713 994 3780; baseline -0.008 -12"><span class='ocrx_word' id='word_1_444' title='bbox 195 3716 325 3780; x_wconf 87' lang='lat' dir='ltr'><strong>cohibet,</strong></span> <span class='ocrx_word' id='word_1_445' title='bbox 347 3725 569 3772; x_wconf 88' lang='lat' dir='ltr'><strong>sternutamenta</strong></span> <span class='ocrx_word' id='word_1_446' title='bbox 589 3718 705 3769; x_wconf 89' lang='lat' dir='ltr'><strong>olfactu.</strong></span> <span class='ocrx_word' id='word_1_447' title='bbox 742 3714 806 3766; x_wconf 88' lang='lat' dir='ltr'><strong>Vim</strong></span> <span class='ocrx_word' id='word_1_448' title='bbox 826 3714 854 3766; x_wconf 88' lang='lat' dir='ltr'><strong>in</strong></span> <span class='ocrx_word' id='word_1_449' title='bbox 876 3713 994 3765; x_wconf 88' lang='lat' dir='ltr'><strong>balineis</strong></span> 
     </span>
     <span class='ocr_line' id='line_1_50' title="bbox 194 3784 995 3849; baseline -0.006 -12"><span class='ocrx_word' id='word_1_450' title='bbox 194 3794 290 3837; x_wconf 90' lang='lat' dir='ltr'><strong>aestus</strong></span> <span class='ocrx_word' id='word_1_451' title='bbox 303 3794 387 3845; x_wconf 85' lang='lat' dir='ltr'><strong>areat,</strong></span> <span class='ocrx_word' id='word_1_452' title='bbox 410 3789 434 3838; x_wconf 91' lang='lat' dir='ltr'><strong>si</strong></span> <span class='ocrx_word' id='word_1_453' title='bbox 444 3785 620 3841; x_wconf 85' lang='lat' dir='ltr'><strong>contineatur</strong></span> <span class='ocrx_word' id='word_1_454' title='bbox 631 3802 688 3837; x_wconf 87' lang='lat' dir='ltr'><strong>ere.</strong></span> <span class='ocrx_word' id='word_1_455' title='bbox 725 3784 798 3846; x_wconf 81' lang='lat' dir='ltr'><strong>Quin</strong></span> <span class='ocrx_word' id='word_1_456' title='bbox 810 3792 908 3837; x_wconf 87' lang='lat' dir='ltr'><strong>etcum</strong></span> <span class='ocrx_word' id='word_1_457' title='bbox 923 3797 995 3849; x_wconf 90' lang='lat' dir='ltr'><strong>aqua</strong></span> 
     </span>
    </p>
   </div>
   <div class='ocr_carea' id='block_1_6' title="bbox 1044 1435 1916 3849">
    <p class='ocr_par' dir='ltr' id='par_1_9' title="bbox 1044 1435 1916 2056">
     <span class='ocr_line' id='line_1_51' title="bbox 1044 1435 1842 1503; baseline 0.004 -16"><span class='ocrx_word' id='word_1_458' title='bbox 1044 1435 1087 1487; x_wconf 86' lang='lat' dir='ltr'><strong>hir</strong></span> <span class='ocrx_word' id='word_1_459' title='bbox 1098 1436 1145 1503; x_wconf 90' lang='lat' dir='ltr'><strong>qui</strong></span> <span class='ocrx_word' id='word_1_460' title='bbox 1156 1435 1240 1486; x_wconf 89' lang='lat' dir='ltr'><strong>ieiuni</strong></span> <span class='ocrx_word' id='word_1_461' title='bbox 1252 1442 1376 1486; x_wconf 85' lang='lat' dir='ltr'><strong>romunt:</strong></span> <span class='ocrx_word' id='word_1_462' title='bbox 1393 1435 1493 1487; x_wconf 88' lang='lat' dir='ltr'><strong>callum</strong></span> <span class='ocrx_word' id='word_1_463' title='bbox 1506 1437 1578 1489; x_wconf 79' lang='lat' dir='ltr'><strong>anun</strong></span> <span class='ocrx_word' id='word_1_464' title='bbox 1587 1435 1708 1489; x_wconf 81' lang='lat' dir='ltr'><strong>faucium</strong></span> <span class='ocrx_word' id='word_1_465' title='bbox 1719 1437 1797 1500; x_wconf 83' lang='lat' dir='ltr'><strong>lacit,</strong></span> <span class='ocrx_word' id='word_1_466' title='bbox 1807 1451 1842 1490; x_wconf 84' lang='lat' dir='ltr'><strong>ao</strong></span> 
     </span>
     <span class='ocr_line' id='line_1_52' title="bbox 1044 1503 1842 1573; baseline 0.003 -17"><span class='ocrx_word' id='word_1_467' title='bbox 1044 1506 1192 1557; x_wconf 83' lang='lat' dir='ltr'><strong>stomachi:</strong></span> <span class='ocrx_word' id='word_1_468' title='bbox 1214 1503 1327 1557; x_wconf 87' lang='lat' dir='ltr'><strong>odorem</strong></span> <span class='ocrx_word' id='word_1_469' title='bbox 1348 1504 1404 1557; x_wconf 88' lang='lat' dir='ltr'><strong>oris</strong></span> <span class='ocrx_word' id='word_1_470' title='bbox 1424 1504 1512 1566; x_wconf 88' lang='lat' dir='ltr'><strong>tollit,</strong></span> <span class='ocrx_word' id='word_1_471' title='bbox 1533 1505 1659 1573; x_wconf 73' lang='lat' dir='ltr'><strong>gingivas</strong></span> <span class='ocrx_word' id='word_1_472' title='bbox 1680 1506 1842 1573; x_wconf 84' lang='lat' dir='ltr'><strong>adstringit,</strong></span> 
     </span>
     <span class='ocr_line' id='line_1_53' title="bbox 1044 1573 1842 1642; baseline 0.003 -16"><span class='ocrx_word' id='word_1_473' title='bbox 1044 1577 1141 1627; x_wconf 89' lang='lat' dir='ltr'><strong>dentes</strong></span> <span class='ocrx_word' id='word_1_474' title='bbox 1154 1576 1254 1635; x_wconf 84' lang='lat' dir='ltr'><strong>firmat,</strong></span> <span class='ocrx_word' id='word_1_475' title='bbox 1271 1573 1392 1626; x_wconf 88' lang='lat' dir='ltr'><strong>colorem</strong></span> <span class='ocrx_word' id='word_1_476' title='bbox 1405 1574 1549 1627; x_wconf 90' lang='lat' dir='ltr'><strong>meliorem</strong></span> <span class='ocrx_word' id='word_1_477' title='bbox 1562 1581 1696 1642; x_wconf 88' lang='lat' dir='ltr'><strong>praestat.</strong></span> <span class='ocrx_word' id='word_1_478' title='bbox 1712 1575 1842 1628; x_wconf 73' lang='lat' dir='ltr'><strong>Taruisa-</strong></span> 
     </span>
     <span class='ocr_line' id='line_1_54' title="bbox 1045 1634 1916 1712; baseline 0 -17"><span class='ocrx_word' id='word_1_479' title='bbox 1045 1655 1101 1697; x_wconf 85' lang='lat' dir='ltr'><strong>tem</strong></span> <span class='ocrx_word' id='word_1_480' title='bbox 1116 1658 1224 1711; x_wconf 89' lang='lat' dir='ltr'><strong>quoque</strong></span> <span class='ocrx_word' id='word_1_481' title='bbox 1235 1645 1340 1696; x_wconf 86' lang='lat' dir='ltr'><strong>aurium</strong></span> <span class='ocrx_word' id='word_1_482' title='bbox 1352 1634 1581 1712; x_wconf 79' lang='lat' dir='ltr'><strong>gargarizatione</strong></span> <span class='ocrx_word' id='word_1_483' title='bbox 1592 1650 1702 1712; x_wconf 89' lang='lat' dir='ltr'><strong>purgat,</strong></span> <span class='ocrx_word' id='word_1_484' title='bbox 1713 1651 1742 1694; x_wconf 89' lang='lat' dir='ltr'><strong>et</strong></span> <span class='ocrx_word' id='word_1_485' title='bbox 1753 1651 1843 1697; x_wconf 84' lang='lat' dir='ltr'><strong>trans·</strong></span> <span class='ocrx_word' id='word_1_486' title='bbox 1912 1642 1916 1649; x_wconf 81' lang='grc'><em>’</em></span> 
     </span>
     <span class='ocr_line' id='line_1_55' title="bbox 1044 1712 1841 1780; baseline 0.001 -16"><span class='ocrx_word' id='word_1_487' title='bbox 1044 1715 1112 1765; x_wconf 91' lang='lat' dir='ltr'><strong>itum</strong></span> <span class='ocrx_word' id='word_1_488' title='bbox 1126 1714 1237 1764; x_wconf 89' lang='lat' dir='ltr'><strong>auditus</strong></span> <span class='ocrx_word' id='word_1_489' title='bbox 1257 1713 1356 1780; x_wconf 89' lang='lat' dir='ltr'><strong>sperit.</strong></span> <span class='ocrx_word' id='word_1_490' title='bbox 1392 1712 1540 1765; x_wconf 85' lang='lat' dir='ltr'><strong>Oculorum</strong></span> <span class='ocrx_word' id='word_1_491' title='bbox 1556 1716 1645 1765; x_wconf 88' lang='lat' dir='ltr'><strong>aciem</strong></span> <span class='ocrx_word' id='word_1_492' title='bbox 1663 1713 1755 1765; x_wconf 89' lang='lat' dir='ltr'><strong>obiter</strong></span> <span class='ocrx_word' id='word_1_493' title='bbox 1774 1728 1841 1765; x_wconf 84' lang='lat' dir='ltr'><strong>aaa·</strong></span> 
     </span>
     <span class='ocr_line' id='line_1_56' title="bbox 1045 1781 1842 1850; baseline -0.005 -14"><span class='ocrx_word' id='word_1_494' title='bbox 1045 1785 1111 1836; x_wconf 88' lang='lat' dir='ltr'><strong>cuit.</strong></span> <span class='ocrx_word' id='word_1_495' title='bbox 1142 1782 1343 1843; x_wconf 72' lang='lat' dir='ltr'><strong>comitialibus,</strong></span> <span class='ocrx_word' id='word_1_496' title='bbox 1360 1781 1576 1843; x_wconf 87' lang='lat' dir='ltr'><strong>melancholicis,</strong></span> <span class='ocrx_word' id='word_1_497' title='bbox 1587 1782 1842 1850; x_wconf 61' lang='lat' dir='ltr'><strong>vertiginosismnt.</strong></span> 
     </span>
     <span class='ocr_line' id='line_1_57' title="bbox 1044 1850 1843 1919; baseline 0.001 -17"><span class='ocrx_word' id='word_1_498' title='bbox 1044 1867 1141 1903; x_wconf 88' lang='lat' dir='ltr'><strong>varum</strong></span> <span class='ocrx_word' id='word_1_499' title='bbox 1152 1851 1428 1919; x_wconf 83' lang='lat' dir='ltr'><strong>strangulationibus,</strong></span> <span class='ocrx_word' id='word_1_500' title='bbox 1450 1851 1597 1919; x_wconf 85' lang='lat' dir='ltr'><strong>percussis,</strong></span> <span class='ocrx_word' id='word_1_501' title='bbox 1618 1858 1666 1903; x_wconf 93' lang='lat' dir='ltr'><strong>aut</strong></span> <span class='ocrx_word' id='word_1_502' title='bbox 1678 1850 1843 1918; x_wconf 87' lang='lat' dir='ltr'><strong>praecipita·</strong></span> 
     </span>
     <span class='ocr_line' id='line_1_58' title="bbox 1044 1921 1844 1989; baseline -0.003 -15"><span class='ocrx_word' id='word_1_503' title='bbox 1044 1922 1091 1982; x_wconf 84' lang='lat' dir='ltr'><strong>tis,</strong></span> <span class='ocrx_word' id='word_1_504' title='bbox 1102 1929 1131 1973; x_wconf 89' lang='grc' dir='ltr'><strong>ιι</strong></span> <span class='ocrx_word' id='word_1_505' title='bbox 1142 1923 1178 1972; x_wconf 92' lang='lat' dir='ltr'><strong>ob</strong></span> <span class='ocrx_word' id='word_1_506' title='bbox 1189 1921 1217 1971; x_wconf 91' lang='lat' dir='ltr'><strong>id</strong></span> <span class='ocrx_word' id='word_1_507' title='bbox 1229 1921 1362 1989; x_wconf 85' lang='lat' dir='ltr'><strong>sanguiue</strong></span> <span class='ocrx_word' id='word_1_508' title='bbox 1372 1921 1550 1988; x_wconf 81' lang='lat' dir='ltr'><strong>corigiohsto,</strong></span> <span class='ocrx_word' id='word_1_509' title='bbox 1562 1922 1653 1973; x_wconf 86' lang='lat' dir='ltr'><strong>nerris</strong></span> <span class='ocrx_word' id='word_1_510' title='bbox 1664 1921 1791 1981; x_wconf 83' lang='lat' dir='ltr'><strong>infirmis,</strong></span> <span class='ocrx_word' id='word_1_511' title='bbox 1801 1934 1844 1972; x_wconf 88' lang='lat' dir='ltr'><strong>re·</strong></span> 
     </span>
     <span class='ocr_line' id='line_1_59' title="bbox 1046 1988 1816 2056; baseline -0.003 -14"><span class='ocrx_word' id='word_1_512' title='bbox 1046 2005 1111 2042; x_wconf 91' lang='lat' dir='ltr'><strong>num</strong></span> <span class='ocrx_word' id='word_1_513' title='bbox 1123 1990 1199 2041; x_wconf 87' lang='lat' dir='ltr'><strong>vitiis</strong></span> <span class='ocrx_word' id='word_1_514' title='bbox 1211 2004 1341 2056; x_wconf 88' lang='lat' dir='ltr'><strong>perquam</strong></span> <span class='ocrx_word' id='word_1_515' title='bbox 1352 1989 1429 2041; x_wconf 84' lang='lat' dir='ltr'><strong>utile.</strong></span> <span class='ocrx_word' id='word_1_516' title='bbox 1449 1990 1606 2042; x_wconf 64' lang='lat' dir='ltr'><strong>&amp;rendum</strong></span> <span class='ocrx_word' id='word_1_517' title='bbox 1618 1988 1816 2043; x_wconf 87' lang='lat' dir='ltr'><strong>exhulceratis.</strong></span> 
     </span>
    </p>

    <p class='ocr_par' dir='ltr' id='par_1_10' title="bbox 1046 2056 1845 2869">
     <span class='ocr_line' id='line_1_60' title="bbox 1081 2056 1844 2125; baseline -0.003 -14"><span class='ocrx_word' id='word_1_518' title='bbox 1081 2060 1182 2111; x_wconf 82' lang='lat' dir='ltr'><strong>xxix.</strong></span> <span class='ocrx_word' id='word_1_519' title='bbox 1201 2058 1331 2125; x_wconf 75' lang='lat' dir='ltr'><strong>oxymeli</strong></span> <span class='ocrx_word' id='word_1_520' title='bbox 1350 2059 1454 2124; x_wconf 86' lang='lat' dir='ltr'><strong>antiqui</strong></span> <span class='ocrx_word' id='word_1_521' title='bbox 1472 2064 1515 2120; x_wconf 89' lang='grc' dir='ltr'>(ιιι</span> <span class='ocrx_word' id='word_1_522' title='bbox 1525 2056 1666 2123; x_wconf 70' lang='lat' dir='ltr'><strong>Dieuches</strong></span> <span class='ocrx_word' id='word_1_523' title='bbox 1678 2057 1778 2120; x_wconf 87' lang='lat' dir='ltr'><strong>tradit)</strong></span> <span class='ocrx_word' id='word_1_524' title='bbox 1791 2056 1844 2110; x_wconf 88' lang='lat' dir='ltr'><strong>hot</strong></span> 
     </span>
     <span class='ocr_line' id='line_1_61' title="bbox 1046 2127 1845 2194; baseline -0.003 -13"><span class='ocrx_word' id='word_1_525' title='bbox 1046 2129 1129 2181; x_wconf 81' lang='lat' dir='ltr'><strong>niodo</strong></span> <span class='ocrx_word' id='word_1_526' title='bbox 1142 2130 1345 2194; x_wconf 87' lang='lat' dir='ltr'><strong>temperabant:</strong></span> <span class='ocrx_word' id='word_1_527' title='bbox 1364 2127 1455 2179; x_wconf 88' lang='lat' dir='ltr'><strong>meliis</strong></span> <span class='ocrx_word' id='word_1_528' title='bbox 1467 2128 1556 2178; x_wconf 90' lang='lat' dir='ltr'><strong>minas</strong></span> <span class='ocrx_word' id='word_1_529' title='bbox 1569 2127 1673 2187; x_wconf 88' lang='lat' dir='ltr'><strong>decem,</strong></span> <span class='ocrx_word' id='word_1_530' title='bbox 1685 2127 1758 2179; x_wconf 88' lang='lat' dir='ltr'><strong>aceti</strong></span> <span class='ocrx_word' id='word_1_531' title='bbox 1770 2134 1845 2179; x_wconf 87' lang='lat' dir='ltr'><strong>rete·</strong></span> 
     </span>
     <span class='ocr_line' id='line_1_62' title="bbox 1046 2196 1845 2265; baseline -0.001 -16"><span class='ocrx_word' id='word_1_532' title='bbox 1046 2200 1085 2250; x_wconf 89' lang='lat' dir='ltr'><strong>ris</strong></span> <span class='ocrx_word' id='word_1_533' title='bbox 1101 2196 1226 2250; x_wconf 87' lang='lat' dir='ltr'><strong>heminas</strong></span> <span class='ocrx_word' id='word_1_534' title='bbox 1242 2200 1372 2265; x_wconf 88' lang='lat' dir='ltr'><strong>quinque,</strong></span> <span class='ocrx_word' id='word_1_535' title='bbox 1392 2197 1460 2247; x_wconf 86' lang='lat' dir='ltr'><strong>salis</strong></span> <span class='ocrx_word' id='word_1_536' title='bbox 1473 2197 1574 2247; x_wconf 88' lang='lat' dir='ltr'><strong>marini</strong></span> <span class='ocrx_word' id='word_1_537' title='bbox 1586 2196 1677 2264; x_wconf 91' lang='lat' dir='ltr'><strong>pondo</strong></span> <span class='ocrx_word' id='word_1_538' title='bbox 1692 2196 1792 2248; x_wconf 90' lang='lat' dir='ltr'><strong>libram</strong></span> <span class='ocrx_word' id='word_1_539' title='bbox 1814 2200 1845 2248; x_wconf 87' lang='lat' dir='ltr'><strong>el</strong></span> 
     </span>
     <span class='ocr_line' id='line_1_63' title="bbox 1047 2265 1845 2335; baseline 0 -18"><span class='ocrx_word' id='word_1_540' title='bbox 1047 2267 1239 2335; x_wconf 84' lang='lat' dir='ltr'><strong>quadrantem,</strong></span> <span class='ocrx_word' id='word_1_541' title='bbox 1256 2281 1344 2332; x_wconf 89' lang='lat' dir='ltr'><strong>aquae</strong></span> <span class='ocrx_word' id='word_1_542' title='bbox 1355 2270 1478 2318; x_wconf 86' lang='lat' dir='ltr'><strong>marinae</strong></span> <span class='ocrx_word' id='word_1_543' title='bbox 1489 2270 1628 2318; x_wconf 83' lang='lat' dir='ltr'><strong>sextarios</strong></span> <span class='ocrx_word' id='word_1_544' title='bbox 1639 2265 1761 2332; x_wconf 89' lang='lat' dir='ltr'><strong>quinque</strong></span> <span class='ocrx_word' id='word_1_545' title='bbox 1773 2265 1845 2332; x_wconf 86' lang='lat' dir='ltr'><strong>pari·</strong></span> 
     </span>
     <span class='ocr_line' id='line_1_64' title="bbox 1047 2334 1845 2403; baseline 0 -15"><span class='ocrx_word' id='word_1_546' title='bbox 1047 2345 1090 2389; x_wconf 88' lang='lat' dir='ltr'><strong>ter</strong></span> <span class='ocrx_word' id='word_1_547' title='bbox 1100 2336 1263 2403; x_wconf 89' lang='lat' dir='ltr'><strong>coquebant,</strong></span> <span class='ocrx_word' id='word_1_548' title='bbox 1286 2336 1377 2387; x_wconf 84' lang='lat' dir='ltr'><strong>decies</strong></span> <span class='ocrx_word' id='word_1_549' title='bbox 1398 2334 1607 2387; x_wconf 76' lang='lat' dir='ltr'><strong>defervescente</strong></span> <span class='ocrx_word' id='word_1_550' title='bbox 1623 2336 1739 2396; x_wconf 88' lang='lat' dir='ltr'><strong>cortina,</strong></span> <span class='ocrx_word' id='word_1_551' title='bbox 1760 2343 1845 2400; x_wconf 84' lang='lat' dir='ltr'><strong>atque</strong></span> 
     </span>
     <span class='ocr_line' id='line_1_65' title="bbox 1048 2402 1843 2468; baseline 0.001 -14"><span class='ocrx_word' id='word_1_552' title='bbox 1048 2409 1087 2454; x_wconf 82' lang='lat' dir='ltr'><strong>ita</strong></span> <span class='ocrx_word' id='word_1_553' title='bbox 1103 2405 1302 2464; x_wconf 80' lang='lat' dir='ltr'><strong>diffundebant,</strong></span> <span class='ocrx_word' id='word_1_554' title='bbox 1322 2406 1576 2468; x_wconf 75' lang='lat' dir='ltr'><strong>inveterabuntque.</strong></span> <span class='ocrx_word' id='word_1_555' title='bbox 1613 2402 1733 2454; x_wconf 87' lang='lat' dir='ltr'><strong>Sustulit</strong></span> <span class='ocrx_word' id='word_1_556' title='bbox 1751 2410 1843 2455; x_wconf 87' lang='lat' dir='ltr'><strong>toturn</strong></span> 
     </span>
     <span class='ocr_line' id='line_1_66' title="bbox 1048 2471 1844 2538; baseline 0 -15"><span class='ocrx_word' id='word_1_557' title='bbox 1048 2471 1075 2523; x_wconf 91' lang='lat' dir='ltr'><strong>id</strong></span> <span class='ocrx_word' id='word_1_558' title='bbox 1088 2471 1273 2536; x_wconf 79' lang='lat' dir='ltr'><strong>Asclepiades,</strong></span> <span class='ocrx_word' id='word_1_559' title='bbox 1283 2473 1473 2538; x_wconf 86' lang='lat' dir='ltr'><strong>coarguitque.</strong></span> <span class='ocrx_word' id='word_1_560' title='bbox 1501 2471 1572 2522; x_wconf 78' lang='lat' dir='ltr'><strong>h&#39;am</strong></span> <span class='ocrx_word' id='word_1_561' title='bbox 1583 2472 1667 2523; x_wconf 85' lang='lat' dir='ltr'><strong>etiam</strong></span> <span class='ocrx_word' id='word_1_562' title='bbox 1679 2473 1708 2522; x_wconf 91' lang='lat' dir='ltr'><strong>in</strong></span> <span class='ocrx_word' id='word_1_563' title='bbox 1719 2472 1844 2523; x_wconf 80' lang='lat' dir='ltr'><strong>febribus</strong></span> 
     </span>
     <span class='ocr_line' id='line_1_67' title="bbox 1048 2537 1844 2604; baseline -0.001 -12"><span class='ocrx_word' id='word_1_564' title='bbox 1048 2540 1160 2592; x_wconf 87' lang='lat' dir='ltr'><strong>dabant.</strong></span> <span class='ocrx_word' id='word_1_565' title='bbox 1190 2537 1333 2591; x_wconf 83' lang='lat' dir='ltr'><strong>Profuisse</strong></span> <span class='ocrx_word' id='word_1_566' title='bbox 1344 2548 1435 2591; x_wconf 89' lang='lat' dir='ltr'><strong>tamen</strong></span> <span class='ocrx_word' id='word_1_567' title='bbox 1448 2539 1572 2590; x_wconf 88' lang='lat' dir='ltr'><strong>fatentur</strong></span> <span class='ocrx_word' id='word_1_568' title='bbox 1583 2546 1679 2591; x_wconf 88' lang='lat' dir='ltr'><strong>contra</strong></span> <span class='ocrx_word' id='word_1_569' title='bbox 1691 2548 1844 2604; x_wconf 85' lang='lat' dir='ltr'><strong>serpentes,</strong></span> 
     </span>
     <span class='ocr_line' id='line_1_68' title="bbox 1048 2608 1844 2676; baseline -0.001 -16"><span class='ocrx_word' id='word_1_570' title='bbox 1048 2624 1116 2676; x_wconf 88' lang='lat' dir='ltr'><strong>quas</strong></span> <span class='ocrx_word' id='word_1_571' title='bbox 1127 2621 1209 2673; x_wconf 87' lang='lat' dir='ltr'><strong>sepas</strong></span> <span class='ocrx_word' id='word_1_572' title='bbox 1224 2617 1333 2669; x_wconf 83' lang='lat' dir='ltr'><strong>rorant,</strong></span> <span class='ocrx_word' id='word_1_573' title='bbox 1352 2615 1380 2658; x_wconf 89' lang='lat' dir='ltr'><strong>et</strong></span> <span class='ocrx_word' id='word_1_574' title='bbox 1391 2614 1486 2659; x_wconf 85' lang='lat' dir='ltr'><strong>contra</strong></span> <span class='ocrx_word' id='word_1_575' title='bbox 1497 2609 1663 2669; x_wconf 88' lang='lat' dir='ltr'><strong>meconium,</strong></span> <span class='ocrx_word' id='word_1_576' title='bbox 1681 2624 1714 2658; x_wconf 87' lang='lat' dir='ltr'><strong>ac</strong></span> <span class='ocrx_word' id='word_1_577' title='bbox 1726 2608 1844 2659; x_wconf 80' lang='lat' dir='ltr'><strong>riarum:</strong></span> 
     </span>
     <span class='ocr_line' id='line_1_69' title="bbox 1048 2676 1845 2757; baseline -0.006 -25"><span class='ocrx_word' id='word_1_578' title='bbox 1048 2688 1076 2732; x_wconf 88' lang='grc' dir='ltr'><strong>ιι</strong></span> <span class='ocrx_word' id='word_1_579' title='bbox 1087 2678 1197 2745; x_wconf 84' lang='lat' dir='ltr'><strong>anginis</strong></span> <span class='ocrx_word' id='word_1_580' title='bbox 1209 2676 1329 2752; x_wconf 65' lang='lat' dir='ltr'><strong>rpiidum</strong></span> <span class='ocrx_word' id='word_1_581' title='bbox 1341 2676 1558 2757; x_wconf 76' lang='lat' dir='ltr'><strong>gargarizatum,</strong></span> <span class='ocrx_word' id='word_1_582' title='bbox 1569 2685 1598 2727; x_wconf 89' lang='lat' dir='ltr'><strong>et</strong></span> <span class='ocrx_word' id='word_1_583' title='bbox 1608 2676 1729 2737; x_wconf 91' lang='lat' dir='ltr'><strong>auribus,</strong></span> <span class='ocrx_word' id='word_1_584' title='bbox 1747 2684 1776 2729; x_wconf 89' lang='lat' dir='ltr'><strong>ct</strong></span> <span class='ocrx_word' id='word_1_585' title='bbox 1787 2677 1845 2729; x_wconf 81' lang='lat' dir='ltr'><strong>oris</strong></span> 
     </span>
     <span class='ocr_line' id='line_1_70' title="bbox 1046 2744 1844 2817; baseline -0.004 -17"><span class='ocrx_word' id='word_1_586' title='bbox 1046 2748 1224 2817; x_wconf 88' lang='lat' dir='ltr'><strong>gutturisque</strong></span> <span class='ocrx_word' id='word_1_587' title='bbox 1236 2744 1464 2811; x_wconf 81' lang='lat' dir='ltr'><strong>desideriis,qirae</strong></span> <span class='ocrx_word' id='word_1_588' title='bbox 1475 2758 1547 2796; x_wconf 88' lang='lat' dir='ltr'><strong>nunc</strong></span> <span class='ocrx_word' id='word_1_589' title='bbox 1557 2745 1651 2795; x_wconf 85' lang='lat' dir='ltr'><strong>onrnia</strong></span> <span class='ocrx_word' id='word_1_590' title='bbox 1662 2744 1770 2796; x_wconf 90' lang='lat' dir='ltr'><strong>uxalme</strong></span> <span class='ocrx_word' id='word_1_591' title='bbox 1782 2760 1844 2797; x_wconf 91' lang='lat' dir='ltr'><strong>con·</strong></span> 
     </span>
     <span class='ocr_line' id='line_1_71' title="bbox 1048 2813 1750 2869; baseline -0.009 0"><span class='ocrx_word' id='word_1_592' title='bbox 1048 2819 1088 2869; x_wconf 89' lang='lat' dir='ltr'><strong>tin</strong></span> <span class='ocrx_word' id='word_1_593' title='bbox 1128 2825 1171 2868; x_wconf 84' lang='lat' dir='ltr'><strong>nt:</strong></span> <span class='ocrx_word' id='word_1_594' title='bbox 1187 2816 1215 2867; x_wconf 92' lang='lat' dir='ltr'><strong>id</strong></span> <span class='ocrx_word' id='word_1_595' title='bbox 1225 2814 1284 2865; x_wconf 88' lang='lat' dir='ltr'><strong>sale</strong></span> <span class='ocrx_word' id='word_1_596' title='bbox 1294 2822 1322 2866; x_wconf 90' lang='lat' dir='ltr'><strong>et</strong></span> <span class='ocrx_word' id='word_1_597' title='bbox 1334 2820 1414 2864; x_wconf 83' lang='lat' dir='ltr'><strong>aceto</strong></span> <span class='ocrx_word' id='word_1_598' title='bbox 1427 2822 1536 2865; x_wconf 88' lang='lat' dir='ltr'><strong>recente</strong></span> <span class='ocrx_word' id='word_1_599' title='bbox 1548 2813 1686 2864; x_wconf 83' lang='lat' dir='ltr'><strong>efficacius</strong></span> <span class='ocrx_word' id='word_1_600' title='bbox 1698 2821 1750 2863; x_wconf 87' lang='lat' dir='ltr'><strong>est.</strong></span> 
     </span>
    </p>

    <p class='ocr_par' dir='ltr' id='par_1_11' title="bbox 1046 2882 1845 3368">
     <span class='ocr_line' id='line_1_72' title="bbox 1109 2882 1844 2950; baseline -0.007 -13"><span class='ocrx_word' id='word_1_601' title='bbox 1109 2886 1168 2937; x_wconf 81' lang='lat' dir='ltr'><strong>xx.</strong></span> <span class='ocrx_word' id='word_1_602' title='bbox 1189 2887 1260 2939; x_wconf 81' lang='lat' dir='ltr'><strong>Vino</strong></span> <span class='ocrx_word' id='word_1_603' title='bbox 1272 2891 1391 2950; x_wconf 85' lang='lat' dir='ltr'><strong>cognata</strong></span> <span class='ocrx_word' id='word_1_604' title='bbox 1403 2898 1447 2935; x_wconf 90' lang='lat' dir='ltr'><strong>res</strong></span> <span class='ocrx_word' id='word_1_605' title='bbox 1458 2898 1523 2949; x_wconf 89' lang='lat' dir='ltr'><strong>sapa</strong></span> <span class='ocrx_word' id='word_1_606' title='bbox 1541 2891 1592 2943; x_wconf 91' lang='lat' dir='ltr'><strong>est,</strong></span> <span class='ocrx_word' id='word_1_607' title='bbox 1610 2890 1702 2933; x_wconf 89' lang='lat' dir='ltr'><strong>musto</strong></span> <span class='ocrx_word' id='word_1_608' title='bbox 1715 2882 1844 2939; x_wconf 87' lang='lat' dir='ltr'><strong>decocto.</strong></span> 
     </span>
     <span class='ocr_line' id='line_1_73' title="bbox 1047 2950 1844 3020; baseline -0.005 -14"><span class='ocrx_word' id='word_1_609' title='bbox 1047 2955 1135 3011; x_wconf 85' lang='lat' dir='ltr'><strong>donec</strong></span> <span class='ocrx_word' id='word_1_610' title='bbox 1142 2956 1226 3006; x_wconf 86' lang='lat' dir='ltr'><strong>tertia</strong></span> <span class='ocrx_word' id='word_1_611' title='bbox 1237 2967 1301 3020; x_wconf 88' lang='lat' dir='ltr'><strong>pars</strong></span> <span class='ocrx_word' id='word_1_612' title='bbox 1309 2952 1437 3019; x_wconf 86' lang='lat' dir='ltr'><strong>supersit.</strong></span> <span class='ocrx_word' id='word_1_613' title='bbox 1457 2954 1498 3004; x_wconf 79' lang='lat' dir='ltr'><strong>lix</strong></span> <span class='ocrx_word' id='word_1_614' title='bbox 1509 2952 1573 3003; x_wconf 91' lang='lat' dir='ltr'><strong>albo</strong></span> <span class='ocrx_word' id='word_1_615' title='bbox 1583 2950 1752 3004; x_wconf 86' lang='lat' dir='ltr'><strong>hocmelios.</strong></span> <span class='ocrx_word' id='word_1_616' title='bbox 1772 2950 1844 3002; x_wconf 84' lang='lat' dir='ltr'><strong>Usus</strong></span> 
     </span>
     <span class='ocr_line' id='line_1_74' title="bbox 1047 3022 1845 3089; baseline -0.008 -13"><span class='ocrx_word' id='word_1_617' title='bbox 1047 3034 1143 3077; x_wconf 89' lang='lat' dir='ltr'><strong>contra</strong></span> <span class='ocrx_word' id='word_1_618' title='bbox 1153 3022 1341 3085; x_wconf 88' lang='lat' dir='ltr'><strong>cantharidas,</strong></span> <span class='ocrx_word' id='word_1_619' title='bbox 1350 3022 1512 3088; x_wconf 90' lang='lat' dir='ltr'><strong>buprestim,</strong></span> <span class='ocrx_word' id='word_1_620' title='bbox 1525 3022 1650 3089; x_wconf 86' lang='lat' dir='ltr'><strong>pinorum</strong></span> <span class='ocrx_word' id='word_1_621' title='bbox 1663 3033 1845 3085; x_wconf 88' lang='lat' dir='ltr'><strong>erucas,quas</strong></span> 
     </span>
     <span class='ocr_line' id='line_1_75' title="bbox 1047 3088 1845 3161; baseline -0.009 -15"><span class='ocrx_word' id='word_1_622' title='bbox 1047 3095 1237 3161; x_wconf 84' lang='lat' dir='ltr'><strong>pityocampas</strong></span> <span class='ocrx_word' id='word_1_623' title='bbox 1246 3100 1356 3154; x_wconf 77' lang='lat' dir='ltr'><strong>vocant,</strong></span> <span class='ocrx_word' id='word_1_624' title='bbox 1365 3090 1567 3151; x_wconf 87' lang='lat' dir='ltr'><strong>salamandras,</strong></span> <span class='ocrx_word' id='word_1_625' title='bbox 1572 3098 1601 3142; x_wconf 90' lang='grc' dir='ltr'><strong>ιι</strong></span> <span class='ocrx_word' id='word_1_626' title='bbox 1612 3095 1709 3142; x_wconf 90' lang='lat' dir='ltr'><strong>contra</strong></span> <span class='ocrx_word' id='word_1_627' title='bbox 1717 3088 1845 3140; x_wconf 88' lang='lat' dir='ltr'><strong>morden-</strong></span> 
     </span>
     <span class='ocr_line' id='line_1_76' title="bbox 1047 3157 1843 3225; baseline -0.009 -10"><span class='ocrx_word' id='word_1_628' title='bbox 1047 3166 1086 3215; x_wconf 88' lang='lat' dir='ltr'><strong>tia</strong></span> <span class='ocrx_word' id='word_1_629' title='bbox 1097 3171 1241 3216; x_wconf 84' lang='lat' dir='ltr'><strong>renenata.</strong></span> <span class='ocrx_word' id='word_1_630' title='bbox 1278 3160 1420 3213; x_wconf 84' lang='lat' dir='ltr'><strong>Secundus</strong></span> <span class='ocrx_word' id='word_1_631' title='bbox 1432 3167 1580 3225; x_wconf 88' lang='lat' dir='ltr'><strong>partusque</strong></span> <span class='ocrx_word' id='word_1_632' title='bbox 1592 3166 1734 3211; x_wconf 89' lang='lat' dir='ltr'><strong>emortuos</strong></span> <span class='ocrx_word' id='word_1_633' title='bbox 1746 3157 1843 3220; x_wconf 89' lang='lat' dir='ltr'><strong>trahit,</strong></span> 
     </span>
     <span class='ocr_line' id='line_1_77' title="bbox 1046 3229 1845 3299; baseline -0.006 -15"><span class='ocrx_word' id='word_1_634' title='bbox 1046 3248 1107 3285; x_wconf 87' lang='lat' dir='ltr'><strong>cunr</strong></span> <span class='ocrx_word' id='word_1_635' title='bbox 1119 3232 1210 3283; x_wconf 86' lang='lat' dir='ltr'><strong>bulbis</strong></span> <span class='ocrx_word' id='word_1_636' title='bbox 1221 3238 1324 3299; x_wconf 89' lang='lat' dir='ltr'><strong>potum.</strong></span> <span class='ocrx_word' id='word_1_637' title='bbox 1361 3229 1500 3281; x_wconf 84' lang='lat' dir='ltr'><strong>Fabianus</strong></span> <span class='ocrx_word' id='word_1_638' title='bbox 1521 3236 1688 3291; x_wconf 88' lang='lat' dir='ltr'><strong>auctorest,</strong></span> <span class='ocrx_word' id='word_1_639' title='bbox 1709 3240 1845 3281; x_wconf 83' lang='lat' dir='ltr'><strong>reocnuaa</strong></span> 
     </span>
     <span class='ocr_line' id='line_1_78' title="bbox 1047 3298 1638 3368; baseline -0.01 -14"><span class='ocrx_word' id='word_1_640' title='bbox 1047 3318 1117 3362; x_wconf 85' lang='lat' dir='ltr'><strong>esse,</strong></span> <span class='ocrx_word' id='word_1_641' title='bbox 1127 3302 1151 3351; x_wconf 87' lang='lat' dir='ltr'><strong>si</strong></span> <span class='ocrx_word' id='word_1_642' title='bbox 1164 3301 1225 3368; x_wconf 91' lang='lat' dir='ltr'><strong>quis</strong></span> <span class='ocrx_word' id='word_1_643' title='bbox 1237 3300 1344 3350; x_wconf 87' lang='lat' dir='ltr'><strong>ieiunus</strong></span> <span class='ocrx_word' id='word_1_644' title='bbox 1356 3314 1373 3350; x_wconf 88' lang='lat' dir='ltr'><strong>a</strong></span> <span class='ocrx_word' id='word_1_645' title='bbox 1384 3300 1500 3349; x_wconf 86' lang='lat' dir='ltr'><strong>balineis</strong></span> <span class='ocrx_word' id='word_1_646' title='bbox 1512 3298 1539 3349; x_wconf 88' lang='lat' dir='ltr'><strong>id</strong></span> <span class='ocrx_word' id='word_1_647' title='bbox 1550 3298 1638 3349; x_wconf 85' lang='lat' dir='ltr'><strong>hibat.</strong></span> 
     </span>
    </p>

    <p class='ocr_par' dir='ltr' id='par_1_12' title="bbox 1045 3365 1846 3849">
     <span class='ocr_line' id='line_1_79' title="bbox 1081 3365 1846 3434; baseline -0.007 -12"><span class='ocrx_word' id='word_1_648' title='bbox 1081 3372 1181 3422; x_wconf 80' lang='grc' dir='ltr'><strong>ΧΧΧΙ.</strong></span> <span class='ocrx_word' id='word_1_649' title='bbox 1202 3372 1376 3434; x_wconf 82' lang='lat' dir='ltr'><strong>Consequens</strong></span> <span class='ocrx_word' id='word_1_650' title='bbox 1388 3367 1485 3418; x_wconf 89' lang='lat' dir='ltr'><strong>horum</strong></span> <span class='ocrx_word' id='word_1_651' title='bbox 1497 3374 1540 3419; x_wconf 92' lang='lat' dir='ltr'><strong>est</strong></span> <span class='ocrx_word' id='word_1_652' title='bbox 1554 3368 1608 3417; x_wconf 89' lang='lat' dir='ltr'><strong>vini</strong></span> <span class='ocrx_word' id='word_1_653' title='bbox 1618 3366 1691 3429; x_wconf 87' lang='lat' dir='ltr'><strong>faex,</strong></span> <span class='ocrx_word' id='word_1_654' title='bbox 1710 3365 1846 3432; x_wconf 68' lang='lat' dir='ltr'><strong>coiumua</strong></span> 
     </span>
     <span class='ocr_line' id='line_1_80' title="bbox 1047 3435 1844 3508; baseline -0.008 -16"><span class='ocrx_word' id='word_1_655' title='bbox 1047 3441 1166 3508; x_wconf 87' lang='lat' dir='ltr'><strong>generis.</strong></span> <span class='ocrx_word' id='word_1_656' title='bbox 1189 3441 1266 3506; x_wconf 84' lang='lat' dir='ltr'><strong>Ergo</strong></span> <span class='ocrx_word' id='word_1_657' title='bbox 1279 3438 1334 3488; x_wconf 90' lang='lat' dir='ltr'><strong>vini</strong></span> <span class='ocrx_word' id='word_1_658' title='bbox 1345 3436 1416 3488; x_wconf 85' lang='lat' dir='ltr'><strong>faeci</strong></span> <span class='ocrx_word' id='word_1_659' title='bbox 1428 3443 1508 3487; x_wconf 87' lang='lat' dir='ltr'><strong>tanta</strong></span> <span class='ocrx_word' id='word_1_660' title='bbox 1517 3437 1558 3485; x_wconf 84' lang='lat' dir='ltr'><strong>ris</strong></span> <span class='ocrx_word' id='word_1_661' title='bbox 1569 3441 1620 3496; x_wconf 90' lang='lat' dir='ltr'><strong>est,</strong></span> <span class='ocrx_word' id='word_1_662' title='bbox 1632 3444 1664 3487; x_wconf 92' lang='lat' dir='ltr'><strong>ut</strong></span> <span class='ocrx_word' id='word_1_663' title='bbox 1673 3435 1844 3488; x_wconf 87' lang='lat' dir='ltr'><strong>descenden-</strong></span> 
     </span>
     <span class='ocr_line' id='line_1_81' title="bbox 1046 3503 1844 3575; baseline -0.006 -15"><span class='ocrx_word' id='word_1_664' title='bbox 1046 3511 1126 3560; x_wconf 84' lang='lat' dir='ltr'><strong>tesia</strong></span> <span class='ocrx_word' id='word_1_665' title='bbox 1139 3516 1339 3575; x_wconf 85' lang='lat' dir='ltr'><strong>eupsssnecet.</strong></span> <span class='ocrx_word' id='word_1_666' title='bbox 1376 3507 1601 3572; x_wconf 82' lang='lat' dir='ltr'><strong>Experimentum</strong></span> <span class='ocrx_word' id='word_1_667' title='bbox 1620 3503 1740 3557; x_wconf 84' lang='lat' dir='ltr'><strong>demissa</strong></span> <span class='ocrx_word' id='word_1_668' title='bbox 1762 3517 1844 3570; x_wconf 87' lang='lat' dir='ltr'><strong>prae·</strong></span> 
     </span>
     <span class='ocr_line' id='line_1_82' title="bbox 1045 3572 1846 3643; baseline -0.005 -15"><span class='ocrx_word' id='word_1_669' title='bbox 1045 3578 1093 3632; x_wconf 90' lang='lat' dir='ltr'><strong>bet</strong></span> <span class='ocrx_word' id='word_1_670' title='bbox 1109 3572 1232 3638; x_wconf 81' lang='lat' dir='ltr'><strong>lucerna,</strong></span> <span class='ocrx_word' id='word_1_671' title='bbox 1253 3576 1385 3643; x_wconf 87' lang='lat' dir='ltr'><strong>quamdiu</strong></span> <span class='ocrx_word' id='word_1_672' title='bbox 1405 3576 1609 3642; x_wconf 82' lang='lat' dir='ltr'><strong>exstinguatur,</strong></span> <span class='ocrx_word' id='word_1_673' title='bbox 1631 3574 1786 3640; x_wconf 88' lang='lat' dir='ltr'><strong>periculum</strong></span> <span class='ocrx_word' id='word_1_674' title='bbox 1799 3572 1846 3624; x_wconf 89' lang='lat' dir='ltr'><strong>de·</strong></span> 
     </span>
     <span class='ocr_line' id='line_1_83' title="bbox 1046 3642 1844 3699; baseline -0.009 0"><span class='ocrx_word' id='word_1_675' title='bbox 1046 3651 1184 3699; x_wconf 88' lang='lat' dir='ltr'><strong>nuntians.</strong></span> <span class='ocrx_word' id='word_1_676' title='bbox 1222 3642 1678 3699; x_wconf 74' lang='lat' dir='ltr'><strong>lilotanuisceturmediramentis.</strong></span> <span class='ocrx_word' id='word_1_677' title='bbox 1716 3644 1783 3693; x_wconf 85' lang='lat' dir='ltr'><strong>Cum</strong></span> <span class='ocrx_word' id='word_1_678' title='bbox 1795 3643 1844 3692; x_wconf 90' lang='lat' dir='ltr'><strong>iri·</strong></span> 
     </span>
     <span class='ocr_line' id='line_1_84' title="bbox 1047 3711 1844 3784; baseline -0.01 -16"><span class='ocrx_word' id='word_1_679' title='bbox 1047 3717 1090 3769; x_wconf 93' lang='lat' dir='ltr'><strong>dis</strong></span> <span class='ocrx_word' id='word_1_680' title='bbox 1106 3732 1172 3769; x_wconf 86' lang='lat' dir='ltr'><strong>rero</strong></span> <span class='ocrx_word' id='word_1_681' title='bbox 1192 3717 1252 3784; x_wconf 90' lang='lat' dir='ltr'><strong>pari</strong></span> <span class='ocrx_word' id='word_1_682' title='bbox 1269 3714 1401 3781; x_wconf 87' lang='lat' dir='ltr'><strong>pendere,</strong></span> <span class='ocrx_word' id='word_1_683' title='bbox 1422 3713 1615 3780; x_wconf 90' lang='lat' dir='ltr'><strong>eruptionibus</strong></span> <span class='ocrx_word' id='word_1_684' title='bbox 1627 3711 1744 3777; x_wconf 85' lang='lat' dir='ltr'><strong>pituitae</strong></span> <span class='ocrx_word' id='word_1_685' title='bbox 1757 3711 1844 3761; x_wconf 89' lang='lat' dir='ltr'><strong>illini·</strong></span> 
     </span>
     <span class='ocr_line' id='line_1_85' title="bbox 1046 3780 1845 3849; baseline -0.009 -11"><span class='ocrx_word' id='word_1_686' title='bbox 1046 3794 1107 3840; x_wconf 82' lang='lat' dir='ltr'><strong>tur:</strong></span> <span class='ocrx_word' id='word_1_687' title='bbox 1118 3795 1146 3838; x_wconf 88' lang='lat' dir='ltr'><strong>et</strong></span> <span class='ocrx_word' id='word_1_688' title='bbox 1157 3787 1232 3837; x_wconf 88' lang='lat' dir='ltr'><strong>sicca</strong></span> <span class='ocrx_word' id='word_1_689' title='bbox 1242 3786 1285 3837; x_wconf 85' lang='lat' dir='ltr'><strong>rel</strong></span> <span class='ocrx_word' id='word_1_690' title='bbox 1298 3783 1410 3835; x_wconf 90' lang='lat' dir='ltr'><strong>madida</strong></span> <span class='ocrx_word' id='word_1_691' title='bbox 1421 3789 1518 3834; x_wconf 88' lang='lat' dir='ltr'><strong>contra</strong></span> <span class='ocrx_word' id='word_1_692' title='bbox 1529 3782 1719 3849; x_wconf 67' lang='lat' dir='ltr'><strong>phalangium</strong></span> <span class='ocrx_word' id='word_1_693' title='bbox 1730 3780 1845 3831; x_wconf 84' lang='lat' dir='ltr'><strong>testium</strong></span> 
     </span>
    </p>
   </div>
   <div class='ocr_carea' id='block_1_7' title="bbox 189 3851 1850 5712">
    <p class='ocr_par' dir='ltr' id='par_1_13' title="bbox 189 3851 1848 4885">
     <span class='ocr_line' id='line_1_86' title="bbox 194 3851 1846 3922; baseline -0.019 -14"><span class='ocrx_word' id='word_1_694' title='bbox 194 3855 307 3908; x_wconf 81' lang='lat' dir='ltr'><strong>bibitur.</strong></span> <span class='ocrx_word' id='word_1_695' title='bbox 342 3855 495 3911; x_wconf 77' lang='lat' dir='ltr'><strong>brettorum</strong></span> <span class='ocrx_word' id='word_1_696' title='bbox 507 3856 651 3911; x_wconf 85' lang='lat' dir='ltr'><strong>stunracho</strong></span> <span class='ocrx_word' id='word_1_697' title='bbox 665 3854 773 3907; x_wconf 83' lang='lat' dir='ltr'><strong>utiliter</strong></span> <span class='ocrx_word' id='word_1_698' title='bbox 784 3854 993 3922; x_wconf 82' lang='lat' dir='ltr'><strong>gargarizatur:</strong></span> <span class='ocrx_word' id='word_1_699' title='bbox 1046 3870 1278 3921; x_wconf 62' lang='lat' dir='ltr'><strong>mammarumque</strong></span> <span class='ocrx_word' id='word_1_700' title='bbox 1300 3852 1543 3913; x_wconf 58' lang='lat' dir='ltr'><strong>mmmmm,</strong></span> <span class='ocrx_word' id='word_1_701' title='bbox 1565 3851 1608 3902; x_wconf 66' lang='lat' dir='ltr'><strong>„p</strong></span> <span class='ocrx_word' id='word_1_702' title='bbox 1631 3852 1660 3901; x_wconf 65' lang='lat' dir='ltr'><strong>qn</strong></span> <span class='ocrx_word' id='word_1_703' title='bbox 1683 3863 1846 3917; x_wconf 53' lang='lat' dir='ltr'><strong>quacunque</strong></span> 
     </span>
     <span class='ocr_line' id='line_1_87' title="bbox 194 3917 1843 3991; baseline -0.005 -14"><span class='ocrx_word' id='word_1_704' title='bbox 194 3939 256 3977; x_wconf 91' lang='lat' dir='ltr'><strong>cum</strong></span> <span class='ocrx_word' id='word_1_705' title='bbox 279 3924 375 3977; x_wconf 86' lang='lat' dir='ltr'><strong>eadem</strong></span> <span class='ocrx_word' id='word_1_706' title='bbox 397 3927 651 3981; x_wconf 77' lang='lat' dir='ltr'><strong>convalescentium</strong></span> <span class='ocrx_word' id='word_1_707' title='bbox 674 3934 703 3977; x_wconf 90' lang='lat' dir='ltr'><strong>et</strong></span> <span class='ocrx_word' id='word_1_708' title='bbox 723 3924 825 3977; x_wconf 77' lang='lat' dir='ltr'><strong>:satir</strong></span> <span class='ocrx_word' id='word_1_709' title='bbox 837 3922 993 3974; x_wconf 83' lang='lat' dir='ltr'><strong>ardoribus.</strong></span> <span class='ocrx_word' id='word_1_710' title='bbox 1046 3932 1124 3991; x_wconf 88' lang='lat' dir='ltr'><strong>parte</strong></span> <span class='ocrx_word' id='word_1_711' title='bbox 1136 3925 1267 3991; x_wconf 85' lang='lat' dir='ltr'><strong>eorporis.</strong></span> <span class='ocrx_word' id='word_1_712' title='bbox 1306 3924 1372 3974; x_wconf 87' lang='lat' dir='ltr'><strong>item</strong></span> <span class='ocrx_word' id='word_1_713' title='bbox 1385 3937 1445 3972; x_wconf 86' lang='lat' dir='ltr'><strong>rum</strong></span> <span class='ocrx_word' id='word_1_714' title='bbox 1459 3921 1613 3974; x_wconf 87' lang='lat' dir='ltr'><strong>hordeacea</strong></span> <span class='ocrx_word' id='word_1_715' title='bbox 1623 3918 1725 3982; x_wconf 86' lang='lat' dir='ltr'><strong>farina,</strong></span> <span class='ocrx_word' id='word_1_716' title='bbox 1739 3927 1768 3969; x_wconf 90' lang='lat' dir='ltr'><strong>et</strong></span> <span class='ocrx_word' id='word_1_717' title='bbox 1779 3917 1843 3969; x_wconf 90' lang='lat' dir='ltr'><strong>thu·</strong></span> 
     </span>
     <span class='ocr_line' id='line_1_88' title="bbox 194 3985 1846 4063; baseline -0.019 2"><span class='ocrx_word' id='word_1_718' title='bbox 194 3992 290 4046; x_wconf 58' lang='lat' dir='ltr'><strong>ocum</strong></span> <span class='ocrx_word' id='word_1_719' title='bbox 309 4009 418 4063; x_wconf 68' lang='lat' dir='ltr'><strong>llu⁰q⁰⁰</strong></span> <span class='ocrx_word' id='word_1_720' title='bbox 437 3997 487 4050; x_wconf 79' lang='lat' dir='ltr'><strong>ill⁰</strong></span> <span class='ocrx_word' id='word_1_721' title='bbox 506 3997 589 4049; x_wconf 76' lang='lat' dir='ltr'><strong>m⁰d⁰</strong></span> <span class='ocrx_word' id='word_1_722' title='bbox 600 3996 811 4048; x_wconf 87' lang='lat' dir='ltr'><strong>saluberrimum</strong></span> <span class='ocrx_word' id='word_1_723' title='bbox 825 3992 894 4044; x_wconf 70' lang='lat' dir='ltr'><strong>stilu-</strong></span> <span class='ocrx_word' id='word_1_724' title='bbox 932 3992 992 4043; x_wconf 72' lang='lat' dir='ltr'><strong>Mt·</strong></span> <span class='ocrx_word' id='word_1_725' title='bbox 1046 3997 1084 4046; x_wconf 89' lang='lat' dir='ltr'><strong>ris</strong></span> <span class='ocrx_word' id='word_1_726' title='bbox 1096 3995 1200 4061; x_wconf 88' lang='lat' dir='ltr'><strong>polline</strong></span> <span class='ocrx_word' id='word_1_727' title='bbox 1212 3996 1238 4044; x_wconf 89' lang='lat' dir='ltr'><strong>in</strong></span> <span class='ocrx_word' id='word_1_728' title='bbox 1251 3994 1313 4043; x_wconf 86' lang='lat' dir='ltr'><strong>rino</strong></span> <span class='ocrx_word' id='word_1_729' title='bbox 1326 3991 1442 4043; x_wconf 87' lang='lat' dir='ltr'><strong>decocta</strong></span> <span class='ocrx_word' id='word_1_730' title='bbox 1453 3999 1591 4043; x_wconf 89' lang='lat' dir='ltr'><strong>crematur</strong></span> <span class='ocrx_word' id='word_1_731' title='bbox 1601 3996 1629 4041; x_wconf 90' lang='grc' dir='ltr'><strong>ιι</strong></span> <span class='ocrx_word' id='word_1_732' title='bbox 1639 3989 1771 4039; x_wconf 88' lang='lat' dir='ltr'><strong>siccatur.</strong></span> <span class='ocrx_word' id='word_1_733' title='bbox 1792 3985 1846 4035; x_wconf 80' lang='lat' dir='ltr'><strong>lix·</strong></span> 
     </span>
     <span class='ocr_line' id='line_1_89' title="bbox 193 4053 1846 4131; baseline -0.018 1"><span class='ocrx_word' id='word_1_734' title='bbox 193 4061 277 4116; x_wconf 57' lang='lat'><strong>‘¹⁸²⁰‘</strong></span> <span class='ocrx_word' id='word_1_735' title='bbox 288 4072 371 4129; x_wconf 68' lang='lat' dir='ltr'><strong>P⁰i³⁰</strong></span> <span class='ocrx_word' id='word_1_736' title='bbox 384 4064 517 4118; x_wconf 65' lang='lat' dir='ltr'><strong>hirudini·</strong></span> <span class='ocrx_word' id='word_1_737' title='bbox 554 4067 621 4117; x_wconf 69' lang='lat' dir='ltr'><strong>lieni</strong></span> <span class='ocrx_word' id='word_1_738' title='bbox 635 4064 729 4130; x_wconf 53' lang='lat' dir='ltr'><strong>leptim</strong></span> <span class='ocrx_word' id='word_1_739' title='bbox 752 4062 918 4121; x_wconf 62' lang='lat' dir='ltr'><strong>furfuribus,</strong></span> <span class='ocrx_word' id='word_1_740' title='bbox 935 4059 994 4111; x_wconf 72' lang='lat' dir='ltr'><strong>hul·</strong></span> <span class='ocrx_word' id='word_1_741' title='bbox 1044 4066 1231 4131; x_wconf 87' lang='lat' dir='ltr'><strong>perimentum</strong></span> <span class='ocrx_word' id='word_1_742' title='bbox 1244 4070 1287 4113; x_wconf 84' lang='lat' dir='ltr'><strong>est</strong></span> <span class='ocrx_word' id='word_1_743' title='bbox 1299 4060 1423 4129; x_wconf 86' lang='lat' dir='ltr'><strong>legitime</strong></span> <span class='ocrx_word' id='word_1_744' title='bbox 1435 4068 1542 4119; x_wconf 88' lang='lat' dir='ltr'><strong>coctae,</strong></span> <span class='ocrx_word' id='word_1_745' title='bbox 1563 4064 1595 4108; x_wconf 93' lang='lat' dir='ltr'><strong>ut</strong></span> <span class='ocrx_word' id='word_1_746' title='bbox 1616 4056 1784 4131; x_wconf 76' lang='lat' dir='ltr'><strong>refrigerata</strong></span> <span class='ocrx_word' id='word_1_747' title='bbox 1794 4053 1846 4103; x_wconf 91' lang='lat' dir='ltr'><strong>lln·</strong></span> 
     </span>
     <span class='ocr_line' id='line_1_90' title="bbox 194 4126 1846 4202; baseline -0.021 -16"><span class='ocrx_word' id='word_1_748' title='bbox 194 4130 994 4197; x_wconf 84' lang='lat' dir='ltr'><strong>ceribusmanantibus,canismorsibus‚scorpionunricti·</strong></span> <span class='ocrx_word' id='word_1_749' title='bbox 1046 4149 1129 4202; x_wconf 66' lang='lat' dir='ltr'><strong>guum</strong></span> <span class='ocrx_word' id='word_1_750' title='bbox 1142 4131 1455 4183; x_wconf 55' lang='lat' dir='ltr'><strong>emmerammum,</strong></span> <span class='ocrx_word' id='word_1_751' title='bbox 1491 4126 1641 4178; x_wconf 50' lang='lat' dir='ltr'><strong>emmim,</strong></span> <span class='ocrx_word' id='word_1_752' title='bbox 1661 4126 1802 4175; x_wconf 65' lang='lat' dir='ltr'><strong>mmm„</strong></span> <span class='ocrx_word' id='word_1_753' title='bbox 1836 4154 1846 4183; x_wconf 58' lang='lat'><strong>‚</strong></span> 
     </span>
     <span class='ocr_line' id='line_1_91' title="bbox 193 4189 1844 4269; baseline -0.019 -15"><span class='ocrx_word' id='word_1_754' title='bbox 193 4204 253 4265; x_wconf 89' lang='lat' dir='ltr'><strong>bus,</strong></span> <span class='ocrx_word' id='word_1_755' title='bbox 263 4202 519 4269; x_wconf 89' lang='lat' dir='ltr'><strong>scolopendrarum,</strong></span> <span class='ocrx_word' id='word_1_756' title='bbox 531 4203 614 4254; x_wconf 87' lang='lat' dir='ltr'><strong>muris</strong></span> <span class='ocrx_word' id='word_1_757' title='bbox 627 4200 732 4259; x_wconf 88' lang='lat' dir='ltr'><strong>aranei,</strong></span> <span class='ocrx_word' id='word_1_758' title='bbox 745 4206 896 4265; x_wconf 87' lang='lat' dir='ltr'><strong>contraque</strong></span> <span class='ocrx_word' id='word_1_759' title='bbox 908 4199 993 4248; x_wconf 89' lang='lat' dir='ltr'><strong>nmni·</strong></span> <span class='ocrx_word' id='word_1_760' title='bbox 1046 4203 1109 4252; x_wconf 80' lang='lat' dir='ltr'><strong>lucu</strong></span> <span class='ocrx_word' id='word_1_761' title='bbox 1131 4216 1184 4250; x_wconf 75' lang='lat' dir='ltr'><strong>uun</strong></span> <span class='ocrx_word' id='word_1_762' title='bbox 1205 4201 1312 4253; x_wconf 65' lang='lat' dir='ltr'><strong>tucrum</strong></span> <span class='ocrx_word' id='word_1_763' title='bbox 1331 4198 1451 4250; x_wconf 54' lang='lat' dir='ltr'><strong>gondrea,</strong></span> <span class='ocrx_word' id='word_1_764' title='bbox 1488 4189 1792 4247; x_wconf 57' lang='lat' dir='ltr'><strong>cmmfflfflmuqmm</strong></span> <span class='ocrx_word' id='word_1_765' title='bbox 1831 4215 1844 4230; x_wconf 86' lang='grc'>,</span> 
     </span>
     <span class='ocr_line' id='line_1_92' title="bbox 192 4254 1847 4335; baseline -0.015 -11"><span class='ocrx_word' id='word_1_766' title='bbox 192 4286 240 4325; x_wconf 90' lang='lat' dir='ltr'><strong>um</strong></span> <span class='ocrx_word' id='word_1_767' title='bbox 262 4271 451 4322; x_wconf 89' lang='lat' dir='ltr'><strong>aculeatorum</strong></span> <span class='ocrx_word' id='word_1_768' title='bbox 474 4286 579 4323; x_wconf 77' lang='lat' dir='ltr'><strong>nenena</strong></span> <span class='ocrx_word' id='word_1_769' title='bbox 600 4277 628 4321; x_wconf 89' lang='lat' dir='ltr'><strong>et</strong></span> <span class='ocrx_word' id='word_1_770' title='bbox 649 4269 782 4335; x_wconf 83' lang='lat' dir='ltr'><strong>pruritus.</strong></span> <span class='ocrx_word' id='word_1_771' title='bbox 817 4266 995 4318; x_wconf 86' lang='lat' dir='ltr'><strong>liemcontra</strong></span> <span class='ocrx_word' id='word_1_772' title='bbox 1047 4268 1238 4320; x_wconf 86' lang='lat' dir='ltr'><strong>riumadiicit.</strong></span> <span class='ocrx_word' id='word_1_773' title='bbox 1273 4254 1847 4327; x_wconf 75' lang='lat' dir='ltr'><strong>Utilissimaestadcompescendnslichu.</strong></span> 
     </span>
     <span class='ocr_line' id='line_1_93' title="bbox 191 4327 1847 4404; baseline -0.017 3"><span class='ocrx_word' id='word_1_774' title='bbox 191 4338 366 4404; x_wconf 60' lang='lat' dir='ltr'><strong>mulfiledssl</strong></span> <span class='ocrx_word' id='word_1_775' title='bbox 385 4353 516 4389; x_wconf 75' lang='lat' dir='ltr'><strong>¹¹¹⁰f⁸¹¹¹¹¹·</strong></span> <span class='ocrx_word' id='word_1_776' title='bbox 554 4336 860 4402; x_wconf 83' lang='lat' dir='ltr'><strong>Caliduminspongia,</strong></span> <span class='ocrx_word' id='word_1_777' title='bbox 884 4334 994 4386; x_wconf 61' lang='lat' dir='ltr'><strong>ailitem</strong></span> <span class='ocrx_word' id='word_1_778' title='bbox 1045 4352 1096 4388; x_wconf 87' lang='lat' dir='ltr'><strong>nas</strong></span> <span class='ocrx_word' id='word_1_779' title='bbox 1119 4335 1294 4402; x_wconf 87' lang='lat' dir='ltr'><strong>furfuresque</strong></span> <span class='ocrx_word' id='word_1_780' title='bbox 1313 4351 1375 4386; x_wconf 84' lang='lat' dir='ltr'><strong>cunr</strong></span> <span class='ocrx_word' id='word_1_781' title='bbox 1397 4332 1587 4385; x_wconf 85' lang='lat' dir='ltr'><strong>licodeeocta.</strong></span> <span class='ocrx_word' id='word_1_782' title='bbox 1624 4327 1847 4394; x_wconf 80' lang='lat' dir='ltr'><strong>Sicetlepriset</strong></span> 
     </span>
     <span class='ocr_line' id='line_1_94' title="bbox 190 4397 1845 4474; baseline -0.014 -12"><span class='ocrx_word' id='word_1_783' title='bbox 190 4406 335 4474; x_wconf 88' lang='lat' dir='ltr'><strong>sulphuris</strong></span> <span class='ocrx_word' id='word_1_784' title='bbox 347 4413 475 4459; x_wconf 88' lang='lat' dir='ltr'><strong>sextante</strong></span> <span class='ocrx_word' id='word_1_785' title='bbox 486 4407 617 4459; x_wconf 88' lang='lat' dir='ltr'><strong>sextariis</strong></span> <span class='ocrx_word' id='word_1_786' title='bbox 631 4407 718 4458; x_wconf 88' lang='lat' dir='ltr'><strong>trihus</strong></span> <span class='ocrx_word' id='word_1_787' title='bbox 730 4407 814 4465; x_wconf 88' lang='lat' dir='ltr'><strong>aceti,</strong></span> <span class='ocrx_word' id='word_1_788' title='bbox 837 4410 886 4454; x_wconf 89' lang='lat' dir='ltr'><strong>aut</strong></span> <span class='ocrx_word' id='word_1_789' title='bbox 897 4402 996 4470; x_wconf 89' lang='lat' dir='ltr'><strong>bysso·</strong></span> <span class='ocrx_word' id='word_1_790' title='bbox 1046 4404 1205 4458; x_wconf 78' lang='lat' dir='ltr'><strong>hulceribus</strong></span> <span class='ocrx_word' id='word_1_791' title='bbox 1216 4404 1393 4455; x_wconf 79' lang='lat' dir='ltr'><strong>mauarrtibus</strong></span> <span class='ocrx_word' id='word_1_792' title='bbox 1405 4398 1563 4467; x_wconf 89' lang='lat' dir='ltr'><strong>imponitur.</strong></span> <span class='ocrx_word' id='word_1_793' title='bbox 1593 4397 1752 4465; x_wconf 77' lang='lat' dir='ltr'><strong>Fungoruu:</strong></span> <span class='ocrx_word' id='word_1_794' title='bbox 1764 4401 1845 4447; x_wconf 76' lang='lat' dir='ltr'><strong>nutu.</strong></span> 
     </span>
     <span class='ocr_line' id='line_1_95' title="bbox 189 4465 1846 4547; baseline -0.013 -17"><span class='ocrx_word' id='word_1_795' title='bbox 189 4479 223 4545; x_wconf 90' lang='lat' dir='ltr'><strong>pi</strong></span> <span class='ocrx_word' id='word_1_796' title='bbox 240 4474 386 4538; x_wconf 85' lang='lat' dir='ltr'><strong>fasciculo,</strong></span> <span class='ocrx_word' id='word_1_797' title='bbox 408 4476 535 4547; x_wconf 79' lang='lat' dir='ltr'><strong>medetur</strong></span> <span class='ocrx_word' id='word_1_798' title='bbox 545 4475 619 4528; x_wconf 88' lang='lat' dir='ltr'><strong>sedis</strong></span> <span class='ocrx_word' id='word_1_799' title='bbox 630 4475 712 4526; x_wconf 80' lang='lat' dir='ltr'><strong>vitiis.</strong></span> <span class='ocrx_word' id='word_1_800' title='bbox 748 4472 995 4539; x_wconf 86' lang='lat' dir='ltr'><strong>lnssnguinisliu·</strong></span> <span class='ocrx_word' id='word_1_801' title='bbox 1047 4492 1095 4528; x_wconf 76' lang='lat' dir='ltr'><strong>rue</strong></span> <span class='ocrx_word' id='word_1_802' title='bbox 1108 4474 1249 4527; x_wconf 82' lang='lat' dir='ltr'><strong>contrsrla</strong></span> <span class='ocrx_word' id='word_1_803' title='bbox 1259 4480 1301 4525; x_wconf 88' lang='lat' dir='ltr'><strong>est</strong></span> <span class='ocrx_word' id='word_1_804' title='bbox 1312 4480 1387 4539; x_wconf 90' lang='lat' dir='ltr'><strong>pota,</strong></span> <span class='ocrx_word' id='word_1_805' title='bbox 1402 4470 1453 4522; x_wconf 91' lang='lat' dir='ltr'><strong>sed</strong></span> <span class='ocrx_word' id='word_1_806' title='bbox 1465 4468 1552 4535; x_wconf 87' lang='lat' dir='ltr'><strong>magis</strong></span> <span class='ocrx_word' id='word_1_807' title='bbox 1563 4465 1657 4519; x_wconf 87' lang='lat' dir='ltr'><strong>cruda.</strong></span> <span class='ocrx_word' id='word_1_808' title='bbox 1692 4465 1846 4517; x_wconf 70' lang='lat' dir='ltr'><strong>Oculorum</strong></span> 
     </span>
     <span class='ocr_line' id='line_1_96' title="bbox 191 4531 1845 4612; baseline -0.01 -13"><span class='ocrx_word' id='word_1_809' title='bbox 191 4546 276 4599; x_wconf 77' lang='lat' dir='ltr'><strong>aione</strong></span> <span class='ocrx_word' id='word_1_810' title='bbox 297 4549 361 4612; x_wconf 88' lang='lat' dir='ltr'><strong>post</strong></span> <span class='ocrx_word' id='word_1_811' title='bbox 381 4545 491 4597; x_wconf 80' lang='lat' dir='ltr'><strong>excisos</strong></span> <span class='ocrx_word' id='word_1_812' title='bbox 503 4545 641 4606; x_wconf 77' lang='lat' dir='ltr'><strong>calculos,</strong></span> <span class='ocrx_word' id='word_1_813' title='bbox 664 4551 694 4597; x_wconf 89' lang='lat' dir='ltr'><strong>et</strong></span> <span class='ocrx_word' id='word_1_814' title='bbox 711 4542 785 4595; x_wconf 90' lang='lat' dir='ltr'><strong>omni</strong></span> <span class='ocrx_word' id='word_1_815' title='bbox 797 4542 863 4603; x_wconf 89' lang='lat' dir='ltr'><strong>alia,</strong></span> <span class='ocrx_word' id='word_1_816' title='bbox 885 4539 954 4593; x_wconf 84' lang='lat' dir='ltr'><strong>foris</strong></span> <span class='ocrx_word' id='word_1_817' title='bbox 966 4542 993 4593; x_wconf 91' lang='lat' dir='ltr'><strong>in</strong></span> <span class='ocrx_word' id='word_1_818' title='bbox 1048 4543 1257 4598; x_wconf 81' lang='lat' dir='ltr'><strong>medicamentis</strong></span> <span class='ocrx_word' id='word_1_819' title='bbox 1269 4550 1350 4594; x_wconf 88' lang='lat' dir='ltr'><strong>cocta</strong></span> <span class='ocrx_word' id='word_1_820' title='bbox 1361 4548 1389 4591; x_wconf 93' lang='grc' dir='ltr'><strong>ιι</strong></span> <span class='ocrx_word' id='word_1_821' title='bbox 1405 4540 1465 4591; x_wconf 87' lang='lat' dir='ltr'><strong>lota</strong></span> <span class='ocrx_word' id='word_1_822' title='bbox 1476 4539 1617 4589; x_wconf 88' lang='lat' dir='ltr'><strong>miscetur.</strong></span> <span class='ocrx_word' id='word_1_823' title='bbox 1647 4534 1779 4588; x_wconf 80' lang='lat' dir='ltr'><strong>hledetur</strong></span> <span class='ocrx_word' id='word_1_824' title='bbox 1789 4531 1845 4585; x_wconf 90' lang='lat' dir='ltr'><strong>illi·</strong></span> 
     </span>
     <span class='ocr_line' id='line_1_97' title="bbox 193 4603 1845 4683; baseline -0.018 1"><span class='ocrx_word' id='word_1_825' title='bbox 193 4614 313 4683; x_wconf 67' lang='lat' dir='ltr'><strong>⁸P⁰nbl³</strong></span> <span class='ocrx_word' id='word_1_826' title='bbox 323 4613 496 4682; x_wconf 66' lang='lat' dir='ltr'><strong>i¹¹¹ll⁰³ii¹¹¹¹b</strong></span> <span class='ocrx_word' id='word_1_827' title='bbox 513 4616 588 4666; x_wconf 67' lang='lat' dir='ltr'><strong>inlus</strong></span> <span class='ocrx_word' id='word_1_828' title='bbox 599 4622 693 4683; x_wconf 78' lang='lat' dir='ltr'><strong>poium</strong></span> <span class='ocrx_word' id='word_1_829' title='bbox 707 4610 899 4680; x_wconf 66' lang='lat' dir='ltr'><strong>mathiridum</strong></span> <span class='ocrx_word' id='word_1_830' title='bbox 914 4627 993 4678; x_wconf 87' lang='lat' dir='ltr'><strong>quam</strong></span> <span class='ocrx_word' id='word_1_831' title='bbox 1046 4624 1077 4667; x_wconf 92' lang='lat' dir='ltr'><strong>ta</strong></span> <span class='ocrx_word' id='word_1_832' title='bbox 1087 4622 1116 4666; x_wconf 87' lang='lat' dir='ltr'><strong>et</strong></span> <span class='ocrx_word' id='word_1_833' title='bbox 1127 4613 1254 4673; x_wconf 88' lang='lat' dir='ltr'><strong>testibus,</strong></span> <span class='ocrx_word' id='word_1_834' title='bbox 1269 4619 1298 4664; x_wconf 90' lang='lat' dir='ltr'><strong>et</strong></span> <span class='ocrx_word' id='word_1_835' title='bbox 1309 4610 1489 4678; x_wconf 87' lang='lat' dir='ltr'><strong>genitalibus.</strong></span> <span class='ocrx_word' id='word_1_836' title='bbox 1524 4607 1555 4658; x_wconf 94' lang='lat' dir='ltr'><strong>ln</strong></span> <span class='ocrx_word' id='word_1_837' title='bbox 1566 4606 1630 4657; x_wconf 90' lang='lat' dir='ltr'><strong>vino</strong></span> <span class='ocrx_word' id='word_1_838' title='bbox 1642 4611 1734 4657; x_wconf 89' lang='lat' dir='ltr'><strong>autern</strong></span> <span class='ocrx_word' id='word_1_839' title='bbox 1747 4603 1845 4655; x_wconf 85' lang='lat' dir='ltr'><strong>adrer-</strong></span> 
     </span>
     <span class='ocr_line' id='line_1_98' title="bbox 193 4672 1848 4753; baseline -0.022 8"><span class='ocrx_word' id='word_1_840' title='bbox 193 4686 369 4737; x_wconf 59' lang='lat' dir='ltr'><strong>mmmum·</strong></span> <span class='ocrx_word' id='word_1_841' title='bbox 405 4684 608 4753; x_wconf 64' lang='lat' dir='ltr'><strong>⁰⁰¹²R¹⁰b⁰i¹¹¹¹¹</strong></span> <span class='ocrx_word' id='word_1_842' title='bbox 624 4681 995 4751; x_wconf 79' lang='lat' dir='ltr'><strong>utiquesangtrinemdiscu.</strong></span> <span class='ocrx_word' id='word_1_843' title='bbox 1047 4699 1094 4736; x_wconf 91' lang='lat' dir='ltr'><strong>sus</strong></span> <span class='ocrx_word' id='word_1_844' title='bbox 1106 4685 1281 4750; x_wconf 88' lang='lat' dir='ltr'><strong>strangurias</strong></span> <span class='ocrx_word' id='word_1_845' title='bbox 1290 4681 1407 4734; x_wconf 85' lang='lat' dir='ltr'><strong>bibitur.</strong></span> <span class='ocrx_word' id='word_1_846' title='bbox 1438 4678 1505 4729; x_wconf 83' lang='lat' dir='ltr'><strong>Cum</strong></span> <span class='ocrx_word' id='word_1_847' title='bbox 1517 4675 1669 4741; x_wconf 87' lang='lat' dir='ltr'><strong>exspiravit</strong></span> <span class='ocrx_word' id='word_1_848' title='bbox 1681 4688 1798 4741; x_wconf 88' lang='lat' dir='ltr'><strong>quoqne,</strong></span> <span class='ocrx_word' id='word_1_849' title='bbox 1807 4672 1848 4724; x_wconf 87' lang='lat' dir='ltr'><strong>ia·</strong></span> 
     </span>
     <span class='ocr_line' id='line_1_99' title="bbox 192 4745 1846 4819; baseline -0.01 -13"><span class='ocrx_word' id='word_1_850' title='bbox 192 4754 241 4806; x_wconf 92' lang='lat' dir='ltr'><strong>tit.</strong></span> <span class='ocrx_word' id='word_1_851' title='bbox 269 4756 373 4807; x_wconf 85' lang='lat' dir='ltr'><strong>Contra</strong></span> <span class='ocrx_word' id='word_1_852' title='bbox 383 4752 507 4807; x_wconf 85' lang='lat' dir='ltr'><strong>lichenas</strong></span> <span class='ocrx_word' id='word_1_853' title='bbox 518 4760 547 4807; x_wconf 90' lang='lat' dir='ltr'><strong>et</strong></span> <span class='ocrx_word' id='word_1_854' title='bbox 557 4754 672 4815; x_wconf 90' lang='lat' dir='ltr'><strong>bibitur,</strong></span> <span class='ocrx_word' id='word_1_855' title='bbox 684 4759 711 4805; x_wconf 90' lang='lat' dir='ltr'><strong>et</strong></span> <span class='ocrx_word' id='word_1_856' title='bbox 724 4753 885 4819; x_wconf 83' lang='lat' dir='ltr'><strong>imponitur.</strong></span> <span class='ocrx_word' id='word_1_857' title='bbox 912 4748 995 4803; x_wconf 85' lang='lat' dir='ltr'><strong>Sistit</strong></span> <span class='ocrx_word' id='word_1_858' title='bbox 1046 4752 1362 4817; x_wconf 79' lang='lat' dir='ltr'><strong>randincorporibnset</strong></span> <span class='ocrx_word' id='word_1_859' title='bbox 1381 4747 1506 4800; x_wconf 68' lang='lat' dir='ltr'><strong>ratibus</strong></span> <span class='ocrx_word' id='word_1_860' title='bbox 1522 4745 1615 4797; x_wconf 89' lang='lat' dir='ltr'><strong>utilis:</strong></span> <span class='ocrx_word' id='word_1_861' title='bbox 1636 4752 1846 4812; x_wconf 85' lang='lat' dir='ltr'><strong>tuncquensuar</strong></span> 
     </span>
     <span class='ocr_line' id='line_1_100' title="bbox 193 4819 1264 4885; baseline -0.014 -9"><span class='ocrx_word' id='word_1_862' title='bbox 193 4821 332 4885; x_wconf 88' lang='lat' dir='ltr'><strong>alvum‚et</strong></span> <span class='ocrx_word' id='word_1_863' title='bbox 340 4823 555 4877; x_wconf 88' lang='lat' dir='ltr'><strong>rheumatismos</strong></span> <span class='ocrx_word' id='word_1_864' title='bbox 566 4826 772 4877; x_wconf 87' lang='lat' dir='ltr'><strong>interaneorum</strong></span> <span class='ocrx_word' id='word_1_865' title='bbox 781 4819 915 4872; x_wconf 85' lang='lat' dir='ltr'><strong>infusum:</strong></span> <span class='ocrx_word' id='word_1_866' title='bbox 927 4820 995 4871; x_wconf 90' lang='lat' dir='ltr'><strong>item</strong></span> <span class='ocrx_word' id='word_1_867' title='bbox 1048 4824 1160 4876; x_wconf 58' lang='grc' dir='ltr'>καιρίας</span> <span class='ocrx_word' id='word_1_868' title='bbox 1172 4821 1264 4874; x_wconf 61' lang='lat' dir='ltr'><strong>uuum,</strong></span> 
     </span>
    </p>

    <p class='ocr_par' dir='ltr' id='par_1_14' title="bbox 189 4881 1850 5709">
     <span class='ocr_line' id='line_1_101' title="bbox 214 4881 1847 4961; baseline -0.017 -19"><span class='ocrx_word' id='word_1_869' title='bbox 214 4892 367 4946; x_wconf 84' lang='lat' dir='ltr'><strong>recidentia</strong></span> <span class='ocrx_word' id='word_1_870' title='bbox 377 4893 460 4959; x_wconf 89' lang='lat' dir='ltr'><strong>sedis,</strong></span> <span class='ocrx_word' id='word_1_871' title='bbox 473 4895 635 4961; x_wconf 78' lang='lat' dir='ltr'><strong>vulvaeque.</strong></span> <span class='ocrx_word' id='word_1_872' title='bbox 663 4892 776 4945; x_wconf 82' lang='lat' dir='ltr'><strong>Tussim</strong></span> <span class='ocrx_word' id='word_1_873' title='bbox 788 4898 910 4943; x_wconf 85' lang='lat' dir='ltr'><strong>veterem</strong></span> <span class='ocrx_word' id='word_1_874' title='bbox 923 4888 995 4941; x_wconf 92' lang='lat' dir='ltr'><strong>inhi·</strong></span> <span class='ocrx_word' id='word_1_875' title='bbox 1082 4881 1847 4954; x_wconf 54' lang='lat' dir='ltr'><strong>xxxii,{²201guerrpmmqefimfioffflmm</strong></span> 
     </span>
     <span class='ocr_line' id='line_1_102' title="bbox 192 4906 1844 5041; baseline -0.015 -28"><span class='ocrx_word' id='word_1_876' title='bbox 192 4906 252 5023; x_wconf 57' lang='lat' dir='ltr'><strong>get,</strong></span> <span class='ocrx_word' id='word_1_877' title='bbox 274 4968 302 5013; x_wconf 89' lang='lat' dir='ltr'><strong>et</strong></span> <span class='ocrx_word' id='word_1_878' title='bbox 313 4967 434 5032; x_wconf 87' lang='lat' dir='ltr'><strong>gutturis</strong></span> <span class='ocrx_word' id='word_1_879' title='bbox 450 4962 675 5025; x_wconf 87' lang='lat' dir='ltr'><strong>rheumatismos,</strong></span> <span class='ocrx_word' id='word_1_880' title='bbox 696 4960 907 5028; x_wconf 89' lang='lat' dir='ltr'><strong>orthopnoeam,</strong></span> <span class='ocrx_word' id='word_1_881' title='bbox 930 4960 994 5012; x_wconf 89' lang='lat' dir='ltr'><strong>den·</strong></span> <span class='ocrx_word' id='word_1_882' title='bbox 1047 4969 1099 5025; x_wconf 67' lang='lat' dir='ltr'><strong>est,</strong></span> <span class='ocrx_word' id='word_1_883' title='bbox 1110 4961 1255 5027; x_wconf 87' lang='lat' dir='ltr'><strong>multoque</strong></span> <span class='ocrx_word' id='word_1_884' title='bbox 1268 4959 1357 5041; x_wconf 82' lang='lat' dir='ltr'><strong>magis</strong></span> <span class='ocrx_word' id='word_1_885' title='bbox 1369 4957 1547 5008; x_wconf 74' lang='lat' dir='ltr'><strong>erhuiceret.</strong></span> <span class='ocrx_word' id='word_1_886' title='bbox 1579 4952 1844 5016; x_wconf 66' lang='lat' dir='ltr'><strong>Resistitsuppun.</strong></span> 
     </span>
     <span class='ocr_line' id='line_1_103' title="bbox 193 5023 1846 5096; baseline -0.008 -13"><span class='ocrx_word' id='word_1_887' title='bbox 193 5030 265 5083; x_wconf 90' lang='lat' dir='ltr'><strong>tium</strong></span> <span class='ocrx_word' id='word_1_888' title='bbox 276 5031 529 5085; x_wconf 77' lang='lat' dir='ltr'><strong>labefactationem.</strong></span> <span class='ocrx_word' id='word_1_889' title='bbox 558 5033 678 5087; x_wconf 86' lang='lat' dir='ltr'><strong>Vesicae</strong></span> <span class='ocrx_word' id='word_1_890' title='bbox 690 5038 781 5092; x_wconf 88' lang='lat' dir='ltr'><strong>nocet,</strong></span> <span class='ocrx_word' id='word_1_891' title='bbox 793 5044 995 5096; x_wconf 72' lang='lat' dir='ltr'><strong>nervorumque</strong></span> <span class='ocrx_word' id='word_1_892' title='bbox 1048 5032 1153 5084; x_wconf 88' lang='lat' dir='ltr'><strong>tionum</strong></span> <span class='ocrx_word' id='word_1_893' title='bbox 1165 5030 1357 5082; x_wconf 86' lang='lat' dir='ltr'><strong>increnrentrs:</strong></span> <span class='ocrx_word' id='word_1_894' title='bbox 1370 5024 1553 5084; x_wconf 83' lang='lat' dir='ltr'><strong>stomachum,</strong></span> <span class='ocrx_word' id='word_1_895' title='bbox 1562 5023 1717 5083; x_wconf 85' lang='lat' dir='ltr'><strong>interanea,</strong></span> <span class='ocrx_word' id='word_1_896' title='bbox 1723 5028 1846 5071; x_wconf 80' lang='lat' dir='ltr'><strong>ventrem</strong></span> 
     </span>
     <span class='ocr_line' id='line_1_104' title="bbox 192 5089 1847 5168; baseline -0.025 9"><span class='ocrx_word' id='word_1_897' title='bbox 192 5100 411 5154; x_wconf 55' lang='lat' dir='ltr'><strong>&#39;nstfmm‘ibul</strong></span> <span class='ocrx_word' id='word_1_898' title='bbox 448 5104 581 5156; x_wconf 55' lang='lat' dir='ltr'><strong>Nimim</strong></span> <span class='ocrx_word' id='word_1_899' title='bbox 602 5100 717 5162; x_wconf 65' lang='lat' dir='ltr'><strong>mediol,</strong></span> <span class='ocrx_word' id='word_1_900' title='bbox 743 5108 874 5168; x_wconf 85' lang='lat' dir='ltr'><strong>quantum</strong></span> <span class='ocrx_word' id='word_1_901' title='bbox 897 5107 995 5151; x_wconf 90' lang='lat' dir='ltr'><strong>contra</strong></span> <span class='ocrx_word' id='word_1_902' title='bbox 1046 5099 1256 5153; x_wconf 86' lang='lat' dir='ltr'><strong>illitsadluvat.</strong></span> <span class='ocrx_word' id='word_1_903' title='bbox 1293 5095 1374 5149; x_wconf 79' lang='lat' dir='ltr'><strong>Sistit</strong></span> <span class='ocrx_word' id='word_1_904' title='bbox 1387 5110 1481 5147; x_wconf 86' lang='lat' dir='ltr'><strong>earum</strong></span> <span class='ocrx_word' id='word_1_905' title='bbox 1492 5094 1614 5161; x_wconf 87' lang='lat' dir='ltr'><strong>partium</strong></span> <span class='ocrx_word' id='word_1_906' title='bbox 1624 5089 1847 5146; x_wconf 83' lang='lat' dir='ltr'><strong>rheuatismos,</strong></span> 
     </span>
     <span class='ocr_line' id='line_1_105' title="bbox 194 5151 1846 5240; baseline -0.023 0"><span class='ocrx_word' id='word_1_907' title='bbox 194 5168 308 5238; x_wconf 59' lang='lat' dir='ltr'><strong>”fidu</strong></span> <span class='ocrx_word' id='word_1_908' title='bbox 325 5171 454 5238; x_wconf 63' lang='lat' dir='ltr'><strong>9⁰¹¹⁰f²h</strong></span> <span class='ocrx_word' id='word_1_909' title='bbox 491 5172 586 5240; x_wconf 74' lang='lat' dir='ltr'><strong>Nuper</strong></span> <span class='ocrx_word' id='word_1_910' title='bbox 598 5172 632 5223; x_wconf 83' lang='lat' dir='ltr'><strong>ab</strong></span> <span class='ocrx_word' id='word_1_911' title='bbox 645 5169 742 5238; x_wconf 88' lang='lat' dir='ltr'><strong>aspide</strong></span> <span class='ocrx_word' id='word_1_912' title='bbox 762 5169 869 5221; x_wconf 85' lang='lat' dir='ltr'><strong>calcata</strong></span> <span class='ocrx_word' id='word_1_913' title='bbox 883 5184 993 5235; x_wconf 83' lang='lat' dir='ltr'><strong>percus·</strong></span> <span class='ocrx_word' id='word_1_914' title='bbox 1046 5178 1077 5222; x_wconf 85' lang='lat' dir='ltr'><strong>et</strong></span> <span class='ocrx_word' id='word_1_915' title='bbox 1087 5168 1235 5233; x_wconf 78' lang='lat' dir='ltr'><strong>mulierum</strong></span> <span class='ocrx_word' id='word_1_916' title='bbox 1247 5181 1365 5219; x_wconf 83' lang='lat' dir='ltr'><strong>menses.</strong></span> <span class='ocrx_word' id='word_1_917' title='bbox 1389 5165 1479 5217; x_wconf 79' lang='lat' dir='ltr'><strong>Panos</strong></span> <span class='ocrx_word' id='word_1_918' title='bbox 1490 5163 1605 5215; x_wconf 88' lang='lat' dir='ltr'><strong>discutit</strong></span> <span class='ocrx_word' id='word_1_919' title='bbox 1616 5161 1739 5214; x_wconf 87' lang='lat' dir='ltr'><strong>nondum</strong></span> <span class='ocrx_word' id='word_1_920' title='bbox 1750 5151 1846 5209; x_wconf 82' lang='lat' dir='ltr'><strong>erbul-</strong></span> 
     </span>
     <span class='ocr_line' id='line_1_106' title="bbox 194 5224 1848 5308; baseline -0.01 -17"><span class='ocrx_word' id='word_1_921' title='bbox 194 5254 242 5291; x_wconf 88' lang='lat' dir='ltr'><strong>sus</strong></span> <span class='ocrx_word' id='word_1_922' title='bbox 255 5246 345 5293; x_wconf 90' lang='lat' dir='ltr'><strong>utrem</strong></span> <span class='ocrx_word' id='word_1_923' title='bbox 357 5241 431 5291; x_wconf 88' lang='lat' dir='ltr'><strong>aceti</strong></span> <span class='ocrx_word' id='word_1_924' title='bbox 445 5242 546 5304; x_wconf 82' lang='lat' dir='ltr'><strong>ferens,</strong></span> <span class='ocrx_word' id='word_1_925' title='bbox 568 5241 677 5308; x_wconf 89' lang='lat' dir='ltr'><strong>quoties</strong></span> <span class='ocrx_word' id='word_1_926' title='bbox 688 5240 872 5306; x_wconf 83' lang='lat' dir='ltr'><strong>deposuisset,</strong></span> <span class='ocrx_word' id='word_1_927' title='bbox 893 5238 993 5288; x_wconf 86' lang='lat' dir='ltr'><strong>sentic·</strong></span> <span class='ocrx_word' id='word_1_928' title='bbox 1047 5246 1166 5298; x_wconf 88' lang='lat' dir='ltr'><strong>ceratos,</strong></span> <span class='ocrx_word' id='word_1_929' title='bbox 1186 5238 1359 5304; x_wconf 87' lang='lat' dir='ltr'><strong>etanginar:</strong></span> <span class='ocrx_word' id='word_1_930' title='bbox 1380 5233 1637 5300; x_wconf 85' lang='lat' dir='ltr'><strong>saerosignsscum</strong></span> <span class='ocrx_word' id='word_1_931' title='bbox 1649 5244 1730 5308; x_wconf 44' lang='lat' dir='ltr'><strong>cera,</strong></span> <span class='ocrx_word' id='word_1_932' title='bbox 1759 5224 1848 5276; x_wconf 76' lang='lat' dir='ltr'><strong>Mam·</strong></span> 
     </span>
     <span class='ocr_line' id='line_1_107' title="bbox 193 5291 1846 5373; baseline -0.013 -12"><span class='ocrx_word' id='word_1_933' title='bbox 193 5308 350 5370; x_wconf 86' lang='lat' dir='ltr'><strong>boiletum,</strong></span> <span class='ocrx_word' id='word_1_934' title='bbox 372 5309 441 5360; x_wconf 80' lang='lat' dir='ltr'><strong>alins</strong></span> <span class='ocrx_word' id='word_1_935' title='bbox 453 5310 554 5362; x_wconf 88' lang='lat' dir='ltr'><strong>illaeso</strong></span> <span class='ocrx_word' id='word_1_936' title='bbox 565 5310 674 5362; x_wconf 89' lang='lat' dir='ltr'><strong>similis.</strong></span> <span class='ocrx_word' id='word_1_937' title='bbox 709 5307 885 5360; x_wconf 89' lang='lat' dir='ltr'><strong>intellectum</strong></span> <span class='ocrx_word' id='word_1_938' title='bbox 899 5306 936 5357; x_wconf 92' lang='lat' dir='ltr'><strong>ibi</strong></span> <span class='ocrx_word' id='word_1_939' title='bbox 950 5322 993 5358; x_wconf 90' lang='lat' dir='ltr'><strong>re·</strong></span> <span class='ocrx_word' id='word_1_940' title='bbox 1045 5322 1106 5360; x_wconf 86' lang='lat' dir='ltr'><strong>mas</strong></span> <span class='ocrx_word' id='word_1_941' title='bbox 1127 5308 1208 5359; x_wconf 90' lang='lat' dir='ltr'><strong>lactis</strong></span> <span class='ocrx_word' id='word_1_942' title='bbox 1225 5308 1267 5359; x_wconf 90' lang='lat' dir='ltr'><strong>sui</strong></span> <span class='ocrx_word' id='word_1_943' title='bbox 1278 5307 1456 5373; x_wconf 85' lang='lat' dir='ltr'><strong>impatientes</strong></span> <span class='ocrx_word' id='word_1_944' title='bbox 1477 5301 1573 5354; x_wconf 81' lang='lat' dir='ltr'><strong>eadem</strong></span> <span class='ocrx_word' id='word_1_945' title='bbox 1590 5300 1765 5364; x_wconf 78' lang='lat' dir='ltr'><strong>exstinguit·</strong></span> <span class='ocrx_word' id='word_1_946' title='bbox 1788 5291 1846 5341; x_wconf 79' lang='lat' dir='ltr'><strong>tin·</strong></span> 
     </span>
     <span class='ocr_line' id='line_1_108' title="bbox 194 5364 1847 5447; baseline -0.008 -19"><span class='ocrx_word' id='word_1_947' title='bbox 194 5376 316 5430; x_wconf 84' lang='lat' dir='ltr'><strong>medium</strong></span> <span class='ocrx_word' id='word_1_948' title='bbox 339 5384 391 5439; x_wconf 88' lang='lat' dir='ltr'><strong>est,</strong></span> <span class='ocrx_word' id='word_1_949' title='bbox 412 5382 715 5447; x_wconf 87' lang='lat' dir='ltr'><strong>potuquesuccursum.</strong></span> <span class='ocrx_word' id='word_1_950' title='bbox 750 5377 848 5444; x_wconf 87' lang='lat' dir='ltr'><strong>Neque</strong></span> <span class='ocrx_word' id='word_1_951' title='bbox 860 5375 952 5427; x_wconf 89' lang='lat' dir='ltr'><strong>altero</strong></span> <span class='ocrx_word' id='word_1_952' title='bbox 964 5389 994 5425; x_wconf 91' lang='lat' dir='ltr'><strong>os</strong></span> <span class='ocrx_word' id='word_1_953' title='bbox 1045 5392 1115 5446; x_wconf 82' lang='lat' dir='ltr'><strong>goes</strong></span> <span class='ocrx_word' id='word_1_954' title='bbox 1126 5378 1239 5428; x_wconf 86' lang='lat' dir='ltr'><strong>scabros</strong></span> <span class='ocrx_word' id='word_1_955' title='bbox 1256 5374 1358 5429; x_wconf 81' lang='lat' dir='ltr'><strong>aufert.</strong></span> <span class='ocrx_word' id='word_1_956' title='bbox 1393 5364 1847 5439; x_wconf 77' lang='lat' dir='ltr'><strong>ttrerpestttcscoarracsrastas</strong></span> 
     </span>
     <span class='ocr_line' id='line_1_109' title="bbox 193 5434 1848 5514; baseline -0.019 -16"><span class='ocrx_word' id='word_1_957' title='bbox 193 5446 625 5514; x_wconf 86' lang='lat' dir='ltr'><strong>colluuntrenenaexsugentes.</strong></span> <span class='ocrx_word' id='word_1_958' title='bbox 661 5447 691 5498; x_wconf 91' lang='lat' dir='ltr'><strong>ln</strong></span> <span class='ocrx_word' id='word_1_959' title='bbox 703 5454 794 5499; x_wconf 90' lang='lat' dir='ltr'><strong>totum</strong></span> <span class='ocrx_word' id='word_1_960' title='bbox 807 5444 994 5498; x_wconf 83' lang='lat' dir='ltr'><strong>domitrirris</strong></span> <span class='ocrx_word' id='word_1_961' title='bbox 1044 5444 1216 5498; x_wconf 80' lang='lat' dir='ltr'><strong>validissima</strong></span> <span class='ocrx_word' id='word_1_962' title='bbox 1226 5460 1286 5498; x_wconf 84' lang='lat' dir='ltr'><strong>cum</strong></span> <span class='ocrx_word' id='word_1_963' title='bbox 1298 5444 1419 5512; x_wconf 74' lang='lat' dir='ltr'><strong>polenta.</strong></span> <span class='ocrx_word' id='word_1_964' title='bbox 1436 5445 1503 5494; x_wconf 82' lang='lat' dir='ltr'><strong>euru</strong></span> <span class='ocrx_word' id='word_1_965' title='bbox 1513 5434 1664 5490; x_wconf 67' lang='lat' dir='ltr'><strong>meleretum</strong></span> <span class='ocrx_word' id='word_1_966' title='bbox 1676 5436 1769 5486; x_wconf 73' lang='lat' dir='ltr'><strong>curum</strong></span> <span class='ocrx_word' id='word_1_967' title='bbox 1781 5442 1848 5479; x_wconf 67' lang='grc' dir='ltr'><strong>ω..</strong></span> 
     </span>
     <span class='ocr_line' id='line_1_110' title="bbox 192 5502 1850 5582; baseline -0.012 -15"><span class='ocrx_word' id='word_1_968' title='bbox 192 5512 262 5569; x_wconf 83' lang='lat' dir='ltr'><strong>hare</strong></span> <span class='ocrx_word' id='word_1_969' title='bbox 279 5532 334 5570; x_wconf 88' lang='lat' dir='ltr'><strong>non</strong></span> <span class='ocrx_word' id='word_1_970' title='bbox 355 5516 480 5567; x_wconf 83' lang='lat' dir='ltr'><strong>ciborum</strong></span> <span class='ocrx_word' id='word_1_971' title='bbox 492 5515 638 5580; x_wconf 78' lang='lat' dir='ltr'><strong>medocri,</strong></span> <span class='ocrx_word' id='word_1_972' title='bbox 659 5531 754 5569; x_wconf 90' lang='lat' dir='ltr'><strong>verum</strong></span> <span class='ocrx_word' id='word_1_973' title='bbox 767 5522 795 5567; x_wconf 93' lang='lat' dir='ltr'><strong>et</strong></span> <span class='ocrx_word' id='word_1_974' title='bbox 806 5529 898 5566; x_wconf 90' lang='lat' dir='ltr'><strong>rerum</strong></span> <span class='ocrx_word' id='word_1_975' title='bbox 909 5513 994 5582; x_wconf 89' lang='lat' dir='ltr'><strong>plurl·</strong></span> <span class='ocrx_word' id='word_1_976' title='bbox 1044 5522 1091 5568; x_wconf 88' lang='lat' dir='ltr'><strong>tra</strong></span> <span class='ocrx_word' id='word_1_977' title='bbox 1104 5514 1240 5568; x_wconf 82' lang='lat' dir='ltr'><strong>crocodili</strong></span> <span class='ocrx_word' id='word_1_978' title='bbox 1253 5512 1501 5576; x_wconf 72' lang='lat' dir='ltr'><strong>manuustcasis</strong></span> <span class='ocrx_word' id='word_1_979' title='bbox 1531 5508 1567 5530; x_wconf 71' lang='lat'><strong>⁰*</strong></span> <span class='ocrx_word' id='word_1_980' title='bbox 1577 5503 1647 5530; x_wconf 42' lang='grc' dir='ltr'><strong>Ψ*</strong></span> <span class='ocrx_word' id='word_1_981' title='bbox 1658 5502 1783 5549; x_wconf 76' lang='lat' dir='ltr'><strong>mmita</strong></span> <span class='ocrx_word' id='word_1_982' title='bbox 1792 5510 1850 5549; x_wconf 79' lang='grc' dir='ltr'><strong>ιι·</strong></span> 
     </span>
     <span class='ocr_line' id='line_1_111' title="bbox 189 5573 1849 5709; baseline -0.027 -47"><span class='ocrx_word' id='word_1_983' title='bbox 189 5596 308 5708; x_wconf 56' lang='lat' dir='ltr'><strong>’lgm</strong></span> <span class='ocrx_word' id='word_1_984' title='bbox 345 5582 420 5709; x_wconf 54' lang='lat'>{1⁸¹⁸</span> <span class='ocrx_word' id='word_1_985' title='bbox 438 5586 542 5709; x_wconf 45' lang='lat' dir='ltr'><strong>”flii</strong></span> <span class='ocrx_word' id='word_1_986' title='bbox 561 5584 697 5650; x_wconf 62' lang='lat' dir='ltr'><strong>infinum:</strong></span> <span class='ocrx_word' id='word_1_987' title='bbox 718 5598 789 5654; x_wconf 68' lang='lat' dir='ltr'><strong>‘tw</strong></span> <span class='ocrx_word' id='word_1_988' title='bbox 812 5597 866 5637; x_wconf 65' lang='grc' dir='ltr'><strong>ποι</strong></span> <span class='ocrx_word' id='word_1_989' title='bbox 888 5585 995 5654; x_wconf 85' lang='lat' dir='ltr'><strong>rupem</strong></span> <span class='ocrx_word' id='word_1_990' title='bbox 1044 5585 1210 5656; x_wconf 85' lang='lat' dir='ltr'><strong>piiatrirss.</strong></span> <span class='ocrx_word' id='word_1_991' title='bbox 1248 5586 1329 5640; x_wconf 83' lang='lat' dir='ltr'><strong>&#39;luno</strong></span> <span class='ocrx_word' id='word_1_992' title='bbox 1347 5581 1446 5697; x_wconf 52' lang='lat' dir='ltr'><strong>addggo</strong></span> <span class='ocrx_word' id='word_1_993' title='bbox 1464 5577 1487 5628; x_wconf 73' lang='lat' dir='ltr'><strong>lr</strong></span> <span class='ocrx_word' id='word_1_994' title='bbox 1758 5573 1849 5619; x_wconf 74' lang='lat' dir='ltr'><strong>&#39;auria</strong></span> 
     </span>
    </p>

    <p class='ocr_par' dir='ltr' id='par_1_15' title="bbox 255 5667 595 5712">
     <span class='ocr_line' id='line_1_112' title="bbox 255 5667 595 5712; baseline 0 -3"><span class='ocrx_word' id='word_1_995' title='bbox 255 5669 327 5712; x_wconf 80' lang='lat' dir='ltr'><strong>alit.</strong></span> <span class='ocrx_word' id='word_1_996' title='bbox 381 5667 443 5709; x_wconf 77' lang='lat' dir='ltr'><strong>tar.</strong></span> <span class='ocrx_word' id='word_1_997' title='bbox 491 5667 595 5711; x_wconf 73' lang='lat' dir='ltr'><strong>arua.</strong></span> 
     </span>
    </p>
   </div>
   <div class='ocr_carea' id='block_1_8' title="bbox 0 0 2189 6004">
    <p class='ocr_par' dir='ltr' id='par_1_16' title="bbox 0 0 2189 6004">
     <span class='ocr_line' id='line_1_113' title="bbox 0 0 2189 6004; baseline 0 0"><span class='ocrx_word' id='word_1_998' title='bbox 0 0 2189 6004; x_wconf 95' lang='lat' dir='ltr'><strong> </strong></span> 
     </span>
    </p>
   </div>
  </div>
 </body>
</html>
