4340 6018
286 330 317 389 c.
353 324 500 387 rnrnn
532 319 740 387 sacuam
772 286 939 400 aaran
975 325 1163 393 staron.
1200 330 1288 392 nra.
1310 330 1370 392 nc
1405 331 1498 392 cnr.
1523 336 1644 396 serr.
1746 338 1805 398 nr

138 478 307 554 praeacutis,
318 477 460 531 durorum
471 473 948 558 caligariumetliglernecamplins,

137 551 309 674 aar
902 630 950 686 .,.

138 690 276 761 pollutum
289 686 325 741 ab
337 703 382 752 eo,
401 687 476 756 quod
497 687 528 739 iu
542 701 648 739 saccum
658 686 749 741 somni
758 701 846 742 causa
856 693 947 741 exeat.

137 761 220 815 cirea
230 758 381 812 Clitorium
401 756 508 809 vocalia
528 755 575 810 hic
594 757 727 823 maditus,
747 764 777 811 et
794 756 949 812 sinebran-

138 829 221 885 cltiis:
231 828 307 882 idem
319 826 458 896 aliqulbus
468 825 574 881 Adonis
584 828 687 881 dictus.

170 897 289 953 XXXV.
305 898 419 950 Exeunt
428 897 458 948 in
466 903 579 962 terram,
588 904 618 952 et
628 900 675 966 qui
685 897 788 950 marini
799 910 891 950 mures
900 910 949 949 ro·

139 976 246 1033 cantur,
257 973 286 1022 et
297 967 406 1036 polypi,
415 977 444 1018 ct
456 964 616 1021 muraenae.
628 967 702 1032 Quin
714 974 741 1021 et
752 970 780 1020 ia
790 966 888 1020 indiae
899 967 950 1019 llu-

137 1039 260 1093 minibua
270 1044 377 1090 certum
388 1051 475 1104 genus
486 1036 759 1104 piaclum,acdeinde
769 1038 874 1091 resilire
883 1051 946 1089 nam

136 1112 164 1164 in
174 1116 279 1178 stagna
293 1113 323 1160 et
333 1121 429 1160 amnes
443 1106 609 1160 transeundi
625 1108 766 1176 plerisque
781 1107 894 1160 euidens
904 1122 947 1159 ra·

135 1180 177 1233 tiu
188 1186 242 1243 est,
252 1184 286 1231 ut
296 1183 373 1230 tutos
385 1176 478 1229 foetus
485 1176 578 1243 edant,
584 1179 650 1245 quia
660 1193 715 1229 non
726 1179 782 1231 sint
793 1179 832 1231 ibi
844 1178 892 1244 qui
900 1178 947 1231 de·

134 1245 765 1316 rorempartus,lluctusquemiaussaeriant.
796 1246 947 1299 llasintel·

176 1320 235 1372 iab
247 1318 282 1371 iis
293 1332 400 1379 musas,
419 1317 579 1384 servarique
589 1326 747 1385 temporum
758 1318 843 1381 sices,
858 1318 946 1384 magis

134 1396 266 1454 mutus,
282 1388 382 1457 siquis
392 1393 514 1454 reputet,
534 1394 620 1454 quoto
630 1389 731 1455 cuique
741 1386 883 1440 hunricum
895 1401 944 1438 no-

134 1461 190 1525 sci,
213 1458 385 1513 uberrimam
404 1472 466 1512 esse
480 1463 625 1525 capturam
641 1456 709 1511 Sole
724 1463 887 1511 transeunte
897 1456 944 1510 Pi-

135 1533 224 1585 saum
235 1529 260 1582 si
299 1542 357 1580 um.

168 1599 253 1654 XXX
280 1600 301 1652 l.
319 1596 494 1651 Marinomm
505 1595 555 1649 alii
565 1602 633 1649 sunt
641 1596 727 1665 plani,
734 1606 767 1651 ut
775 1596 946 1663 rhombi,so·

135 1671 208 1736 leae,
228 1685 263 1723 sc
272 1682 416 1737 passeres,
437 1665 944 1736 qularhombissitutantumcorpo·

134 1753 198 1793 rum
211 1739 352 1793 differunt
388 1737 497 1791 Denter
507 1737 682 1806 resupinatus
692 1745 736 1792 est
744 1738 815 1803 illis,
836 1736 946 1807 passeri

133 1809 243 1865 laevus.
278 1809 333 1862 Alil
344 1808 429 1877 longi,
440 1813 472 1859 ut
483 1822 626 1871 muraena,
637 1822 689 1860 con
711 1824 750 1862 er.

168 1878 308 1933 XXXVll.
325 1879 392 1932 ldeo
404 1878 552 1945 pinnarum
570 1893 680 1946 quoquc
691 1822 763 1931 fiunt
773 1876 945 1941 discrimino,

136 1964 207 2020 quae
221 1949 323 2018 pedum
339 1948 399 2000 rice
414 1954 480 1999 sunt
499 1945 584 2001 datus
599 1948 739 2015 piscibusr
760 1949 846 2001 nullis
861 1962 946 2015 supra

134 2028 298 2142 papatemns:
321 2016 486 2085 quibusdam
505 2016 597 2082 binae,
619 2017 759 2086 aliquibus
773 2018 877 2071 nullae.
914 2019 944 2070 lu

177 2090 241 2144 eino
250 2092 358 2142 mantnt
368 2088 432 2140 lacu
443 2085 529 2154 piscis
540 2094 594 2151 est,
615 2088 662 2155 qui
674 2090 782 2140 octonis
793 2089 884 2156 pinnis
895 2102 943 2139 na·

135 2167 187 2213 tat.
215 2160 304 2213 Binae
316 2158 439 2220 omnino,
451 2156 544 2226 longis
555 2164 584 2210 et
594 2158 716 2222 lubricis,
726 2164 759 2211 ut
768 2158 903 2227 anguillis
916 2162 945 2210 et

136 2231 256 2298 congris.
288 2227 400 2290 Nullae,
410 2233 442 2279 ut
452 2228 603 2290 muraenis,
615 2214 715 2297 quihus
727 2244 777 2281 nec
785 2227 945 2281 branchiae.

133 2300 214 2352 ilaec
236 2297 331 2351 oninia
351 2297 479 2350 flexuoso
499 2311 648 2366 corporum
666 2299 789 2367 impulsu
815 2299 858 2351 ita
874 2298 945 2349 mari

134 2374 260 2431 utuntur,
270 2374 303 2419 ut
314 2375 458 2435 serpentes
471 2372 557 2421 terra.
592 2369 707 2422 lusicco
716 2384 825 2438 quoque
835 2373 945 2436 repunt,

133 2436 199 2491 ideo
210 2439 295 2491 etiam
306 2437 450 2491 vivaciore
460 2436 539 2490 talia.
554 2439 592 2490 Et
601 2454 618 2491 e
627 2439 719 2506 planis
730 2440 823 2506 aliqua
832 2454 887 2491 non
897 2435 946 2490 ha·

132 2506 203 2561 beat
211 2510 318 2575 pinnas,
335 2513 367 2559 ut
376 2507 555 2575 pastinacae:
575 2509 638 2575 ipsa
648 2513 722 2562 enim
733 2508 883 2562 latitudine
894 2522 943 2559 aa·

129 2583 204 2632 tant.
242 2580 280 2631 Et
292 2592 364 2646 quac
375 2575 473 2627 mollia
489 2576 678 2640 appellantur,
694 2583 727 2628 ut
744 2578 856 2645 polypi,
876 2589 945 2643 quo·

128 2644 210 2700 dam
222 2646 307 2714 pedes
318 2644 374 2696 illis
387 2642 534 2709 pinnarum
545 2644 632 2695 ricem
645 2652 797 2711 praestant.

165 2714 326 2770 XXXVllh
337 2711 485 2793 anguillae
497 2713 608 2764 octonis
619 2716 717 2765 vivunt
729 2714 818 2767 annia.
831 2714 942 2766 Durant

126 2791 160 2842 st
172 2786 237 2838 sine
247 2795 321 2850 aqua
330 2796 407 2833 senis
423 2779 523 2834 diebus
532 2782 670 2850 Aquilone
681 2785 818 2852 spirante:
829 2785 942 2845 Austro,

122 2851 324 2927 paucioribus.
345 2852 381 2902 ht
390 2849 510 2904 hiemem
524 2852 636 2906 eaedem
649 2855 679 2905 in
690 2855 794 2922 exigua
803 2869 877 2921 aqua
886 2868 941 2904 non

123 2925 268 2986 tolerant,
287 2935 338 2973 uec
348 2921 378 2971 in
388 2920 511 2973 turbida:
534 2922 598 2974 ideo
617 2922 692 2976 circa
702 2923 843 2992 Vergilias
855 2923 942 2975 maxi·

124 3009 177 3048 nae
189 2990 350 3059 capiuntur,
372 2988 530 3043 fluminibus
556 2997 615 3043 tunt
644 2993 791 3060 praecipue
810 2993 940 3045 turbidis.

124 3063 290 3118 Pascuntur
306 3058 445 3110 noctibus.
481 3060 633 3113 Exanimes
655 3062 726 3128 pisci
747 3077 774 3112 m
795 3062 941 3114 solnemon

126 3132 254 3186 iluitant.
292 3129 385 3180 Lacus
404 3133 449 3180 est
468 3129 567 3182 ltaliae
583 3129 712 3183 Benacus
733 3148 764 3183 rn
783 3130 941 3185 Veronensi

128 3215 204 3270 agro
217 3198 350 3251 Mincium
361 3212 470 3250 amnem
480 3199 690 3265 transmittens,
713 3200 749 3252 ad
765 3200 844 3253 cuius
855 3216 942 3250 emer-

129 3286 181 3323 sus
192 3284 284 3321 annuo
307 3273 434 3332 tempore
445 3268 563 3319 Octobri
577 3268 636 3320 fere
652 3283 762 3331 nrense,
783 3267 942 3320 autumnali

128 3339 236 3402 sidere,
256 3343 287 3387 ut
299 3336 390 3403 palam
402 3341 453 3397 est,
463 3335 588 3388 hiemato
599 3336 672 3398 lacu,
691 3337 822 3391 fluctibus
833 3337 940 3405 glome-

129 3415 212 3463 ratae
222 3407 379 3466 volruutur,
398 3404 428 3455 in
439 3412 547 3457 tantum
559 3406 685 3459 mirabili
695 3407 890 3471 multitudine,
910 3413 942 3458 ut

129 3478 162 3531 in
174 3476 310 3544 excipulis
325 3475 386 3527 eius
402 3471 538 3539 fluminis,
557 3475 594 3526 ob
610 3474 664 3528 hoc
680 3476 772 3544 ipsum
785 3475 941 3541 lubricatis,

130 3549 179 3601 sin
218 3547 308 3598 lorum
320 3543 438 3596 millium
449 3546 526 3612 globi
537 3544 723 3611 reperiantur.

252 3615 298 3667 lX.
317 3615 453 3668 Muraena
475 3628 639 3683 quocunque
658 3630 755 3670 mense
773 3616 858 3685 parit,
878 3632 940 3671 cum

132 3687 221 3743 ceteri
233 3688 323 3753 pisces
338 3690 415 3736 stato
431 3687 548 3753 pariant.
584 3687 646 3739 Ora
661 3688 721 3741 eius
740 3686 874 3740 citissime
885 3703 940 3741 cre·

131 3762 223 3811 scunt.
243 3757 275 3808 ln
286 3755 362 3807 sicco
373 3754 494 3809 litoreis
514 3772 559 3809 sas
569 3758 672 3827 uulgus
684 3759 761 3814 coitu
772 3759 939 3827 serpentium

130 3826 242 3895 impleri
253 3831 343 3895 putat
374 3773 540 3906 hristoteies
551 3843 662 3898 myrum
672 3837 755 3884 rucat
766 3844 880 3891 nrarcm,
893 3829 940 3896 qui

131 3904 261 3968 generat
288 3895 445 3950 Discrrmen
457 3913 528 3962 esse,
540 3899 613 3966 quod
625 3915 759 3954 muraena
769 3900 850 3953 saria
860 3905 889 3952 et
898 3901 941 3950 in·

1000 475 1151 560 hocgcnus
1163 482 1266 548 solum,
1284 489 1316 536 ut
1327 498 1361 537 eu
1371 498 1442 551 quae
1454 491 1517 539 cete
1528 487 1682 554 appellant,
1702 488 1807 541 uninral

1001 555 1082 616 pant,
1093 558 1211 620 excepta
1221 568 1303 620 quam
1314 568 1411 606 ranam
1421 561 1532 608 nocant.

1035 617 1109 670 xm.
1128 619 1179 672 bist
1190 637 1290 689 parrus
1309 622 1459 677 admodum
1474 625 1559 693 piscis
1569 632 1697 679 assuetus
1707 629 1807 695 petris,

1001 686 1132 741 mirensis
1152 690 1322 758 appellatus:
1342 693 1396 746 hoc
1412 696 1516 748 carinis
1538 694 1706 751 adhaerente
1722 712 1807 751 naues

1001 756 1110 810 tardius
1121 758 1164 811 ire
1175 760 1336 826 creduntur,
1355 763 1420 817 inde
1431 765 1543 817 nonrine
1553 764 1700 834 impositor
1724 783 1807 835 quam

1001 827 1036 878 ob
1048 842 1162 880 causam
1178 829 1324 881 amatoriis
1342 846 1452 901 quoque
1467 836 1607 889 renellciis
1625 835 1738 889 infamis
1753 844 1806 901 est,

1000 903 1030 950 et
1039 897 1206 950 iudiciorum
1219 913 1252 949 ac
1260 898 1354 949 litium
1366 916 1457 954 nrora:
1473 919 1545 971 quae
1555 907 1674 958 camina
1686 922 1739 958 una
1748 907 1807 959 lau-

1001 966 1155 1034 depereat,
1175 968 1265 1020 liunus
1277 969 1456 1034 gravidarum
1466 982 1547 1026 utero
1559 977 1676 1040 sistens,
1697 982 1807 1043 partus·

1000 1051 1054 1103 que
1065 1038 1213 1091 continens
1225 1036 1260 1089 ad
1272 1039 1456 1105 puerperium.
1469 1042 1499 1093 ln
1510 1045 1688 1098 cibostamen
1696 1046 1805 1099 nonad-

1000 1105 1132 1159 mittitur.
1169 1107 1256 1160 Pedes
1268 1122 1331 1160 enm
1343 1106 1445 1161 habere
1463 1112 1617 1167 arbitratur
1631 1115 1807 1179 Aristoteles,

998 1176 1041 1230 ita
1050 1178 1142 1245 posita
1152 1178 1297 1246 pinnarum
1307 1177 1498 1233 similitudine.
1519 1181 1807 1240 Matianusmuricem

1000 1262 1071 1310 csse,
1093 1248 1224 1301 latiorem
1238 1262 1369 1315 purpura,
1390 1264 1480 1318 neque
1492 1265 1601 1317 aspero,
1612 1269 1646 1306 ue
1666 1271 1701 1309 ue
1711 1263 1808 1308 rotun·

999 1316 1036 1369 do
1055 1332 1113 1381 ore,
1131 1332 1223 1385 neque
1245 1318 1274 1368 in
1290 1320 1408 1386 angulos
1428 1320 1593 1387 prodeunte,
1614 1270 1665 1376 sei
1680 1326 1730 1377 sim
1752 1326 1806 1378 lice

999 1387 1116 1453 concha,
1127 1394 1248 1456 utroque
1259 1388 1348 1442 latere
1359 1405 1420 1442 sese
1427 1390 1591 1457 colligente:
1604 1341 1804 1460 quibusinirae·

999 1457 1135 1522 rentibus,
1145 1459 1255 1527 plenam
1265 1460 1355 1512 uentis
1367 1463 1479 1512 stetisse
1490 1475 1599 1524 navens,
1617 1470 1776 1528 portantem
1788 1480 1806 1517 a
1891 1494 1899 1505 ι

999 1526 1168 1593 Periandro,
1188 1536 1221 1581 ut
1232 1537 1423 1583 castrarentur
1436 1530 1547 1583 nobiles
1558 1532 1654 1598 pueri3
1674 1532 1805 1586 conchas·

999 1614 1051 1666 que
1062 1614 1133 1667 quae
1144 1598 1172 1650 id
1185 1600 1386 1666 praestiterint,
1407 1599 1479 1667 apud
1491 1600 1656 1652 Gnidicrum
1669 1600 1805 1655 Venerem

999 1669 1063 1720 coli.
1098 1669 1219 1722 Trebius
1228 1668 1317 1738 Niger
1332 1671 1458 1737 pedalem
1476 1686 1553 1733 esse,
1576 1677 1605 1724 et
1621 1670 1806 1724 crassitudine

999 1739 1119 1807 quinque
1130 1739 1284 1806 digitorum
1295 1755 1380 1792 nares
1392 1741 1506 1792 morari:
1527 1748 1673 1807 praeterea
1685 1740 1755 1792 hanc
1765 1756 1806 1793 es·

997 1823 1028 1861 se
1037 1808 1093 1859 rim
1105 1809 1166 1861 eius
1176 1812 1313 1862 asservati
1325 1810 1353 1860 in
1363 1810 1433 1874 sale,
1455 1816 1486 1862 ut
1497 1825 1602 1872 aurum,
1613 1810 1687 1878 quod
1698 1809 1806 1864 decide·

997 1879 1074 1930 sitin
1086 1878 1240 1931 altissimos
1252 1886 1359 1946 puteos,
1370 1880 1498 1932 admotus
1510 1878 1649 1933 extrahat.

1032 1947 1118 2001 XLll.
1136 1949 1250 2000 Mutant
1263 1948 1387 2001 colorem
1399 1949 1547 2001 candidum
1560 1963 1686 2013 aroenae,
1697 1957 1726 2003 ct
1739 1952 1807 2002 liunt

998 2024 1108 2071 aestate
1119 2019 1267 2085 nigriores.
1297 2020 1391 2069 Mutat
1402 2026 1431 2070 ot
1441 2018 1549 2085 phycis,
1560 2018 1669 2085 reliquo
1680 2027 1807 2086 tempore

997 2086 1132 2149 candida,
1152 2100 1217 2140 rere
1228 2084 1316 2140 varin.
1350 2086 1454 2140 Eadem
1466 2088 1583 2156 piscium
1601 2089 1663 2143 sola
1678 2089 1807 2144 nidificat

999 2172 1033 2212 ex
1042 2156 1116 2225 alga,
1128 2161 1158 2208 at
1179 2171 1214 2209 ue
1225 2156 1255 2208 in
1267 2157 1332 2209 nido
1334 2160 1424 2278 parit.

1032 2227 1133 2279 Xblll.
1180 2224 1331 2278 olathirun
1353 2244 1379 2291 o,
1396 2242 1463 2281 sane
1475 2244 1606 2298 perquam
1616 2229 1717 2283 similla
1728 2231 1805 2284 solu·

997 2298 1038 2350 cri
1050 2296 1207 2350 hirundini:
1229 2297 1296 2350 item
1313 2298 1423 2350 nrilrus.
1458 2297 1541 2352 Subit
1558 2301 1586 2352 in
1598 2302 1806 2354 summamaria

997 2368 1082 2436 piscis
1093 2383 1128 2421 ex
1145 2374 1311 2439 argumento
1328 2368 1486 2436 appellatus
1503 2369 1631 2434 lucerna,
1651 2370 1806 2440 linguaque

997 2441 1079 2505 ignea
1089 2453 1139 2505 per
1150 2446 1309 2502 osexserta,
1317 2438 1477 2505 tranquillis
1487 2441 1616 2491 noctibus
1626 2439 1742 2493 relucet.
1754 2442 1802 2492 ult·

996 2507 1072 2558 tollit
1084 2523 1099 2559 e
1110 2509 1183 2560 mari
1194 2508 1414 2575 sesquipedanea
1431 2506 1489 2559 iere
1500 2523 1618 2572 cornua,
1632 2523 1705 2575 quae
1715 2510 1750 2562 ab
1761 2508 1805 2560 his

995 2590 1096 2627 nomen
1107 2578 1205 2628 traxit.
1242 2578 1347 2629 Rursus
1359 2576 1443 2628 draco
1455 2577 1579 2631 marinus
1592 2585 1700 2644 captus,
1721 2584 1805 2645 atque

995 2644 1137 2696 immissus
1146 2647 1176 2696 in
1187 2660 1314 2706 arenam,
1336 2660 1483 2697 cavernam
1495 2646 1550 2697 sibi
1568 2653 1662 2699 rostro
1674 2647 1747 2698 nrira
1758 2662 1801 2698 ce-

996 2713 1109 2768 leritate
1121 2721 1244 2766 excavat

1030 2782 1131 2836 XLlV.
1151 2783 1270 2835 Piscium
1288 2781 1399 2850 quidam
1415 2782 1552 2851 sanguine
1567 2790 1679 2847 carent,
1699 2785 1797 2854 dequl.

995 2854 1046 2906 bus
1058 2853 1188 2906 dicemus.
1201 2852 1271 2906 Sunt
1283 2858 1375 2905 autem
1387 2853 1443 2905 tria
1452 2868 1570 2922 genera:
1585 2854 1615 2907 ln
1624 2856 1720 2922 primis
1732 2871 1804 2923 quae

995 2923 1095 2975 mollia
1113 2923 1305 2991 appellantur:
1331 2922 1432 2976 deinde
1449 2931 1578 2978 contecta
1597 2925 1699 2977 crustis
1715 2926 1803 2977 tenui·

994 2994 1059 3046 bus:
1072 2999 1215 3061 postremo
1226 2995 1306 3044 testis
1319 2992 1450 3045 conclusa
1462 2994 1547 3046 duris.
1569 2994 1670 3046 ltlollia
1679 3001 1751 3056 sunt,
1763 2994 1803 3045 lo·

996 3063 1063 3131 ligo,
1074 3063 1159 3130 sepia,
1176 3063 1307 3183 polypus,
1323 3069 1352 3113 ct
1362 3073 1454 3115 cetera
1465 3065 1524 3115 eius
1534 3065 1653 3131 generis.
1690 3064 1744 3114 llis
1756 3079 1801 3114 eu·

997 3139 1046 3198 put
1057 3132 1129 3185 inter
1139 3147 1174 3200 pe
1196 3148 1225 3185 es
1237 3140 1265 3184 et
1275 3138 1413 3186 ventrem:
1425 3130 1545 3199 pediculi
1556 3133 1653 3184 octoni
1664 3132 1802 3186 cornibus.

994 3200 1094 3265 Seplae
1114 3211 1143 3249 et
1163 3201 1274 3265 loligini
1295 3200 1380 3263 pedes
1395 3201 1463 3250 duos
1486 3213 1519 3250 ex
1537 3200 1579 3251 his
1595 3201 1753 3269 longissimi
1774 3210 1803 3254 et

994 3268 1096 3335 asperi,
1109 3266 1210 3334 quibua
1222 3268 1257 3318 ud
1268 3280 1318 3317 ora
1329 3266 1479 3319 admouent
1490 3267 1578 3331 eibos,
1591 3276 1619 3322 et
1632 3270 1661 3323 in
1672 3270 1803 3322 fluctibus

993 3354 1033 3400 se,
1044 3337 1120 3390 veluit
1130 3336 1250 3401 ancoris,
1259 3336 1419 3390 stabiliunt:
1441 3344 1544 3401 cetera,
1559 3338 1633 3404 cirri,
1648 3339 1748 3408 quibua
1759 3356 1803 3393 ve·

995 3412 1103 3460 uantur.

1029 3475 1116 3530 XLV.
1134 3476 1239 3547 Loligo
1251 3476 1337 3530 etiam
1349 3478 1465 3541 volitat,
1485 3484 1566 3531 entra
1580 3492 1681 3547 aquam
1693 3496 1723 3535 se
1735 3479 1802 3534 elle·

993 3562 1066 3613 rens,
1082 3545 1155 3615 quod
1167 3553 1195 3599 et
1206 3548 1365 3616 pectunculi
1376 3542 1483 3601 faciunt
1493 3549 1614 3616 sagittae
1626 3549 1718 3602 modo.
1756 3550 1803 3603 Se·

994 3619 1100 3686 piarum
1111 3619 1221 3688 generis
1231 3617 1321 3672 mares
1332 3620 1403 3671 varii
1413 3625 1441 3671 et
1452 3618 1596 3687 nigriores,
1620 3619 1802 3673 constantiae·

995 3703 1047 3755 que
1057 3689 1182 3741 nrainris.
1219 3687 1369 3742 Percussae
1385 3688 1508 3741 tridente
1525 3685 1650 3740 sentinae
1661 3687 1801 3741 auxilian-

993 3767 1053 3811 tur:
1076 3764 1107 3810 at
1124 3757 1230 3812 femina
1246 3760 1304 3812 icto
1316 3774 1392 3813 mare
1403 3758 1483 3827 fugit.
1518 3758 1603 3812 Ambo
1625 3764 1737 3820 autem,
1756 3758 1803 3810 ulli

993 3842 1108 3881 sensere
1118 3844 1149 3881 se
1160 3828 1345 3897 apprehendi,
1366 3828 1453 3883 effuso
1470 3834 1647 3895 atramento,
1667 3830 1741 3899 quod
1754 3846 1802 3898 pro

994 3898 1130 3965 sangnine
1141 3897 1185 3950 his
1198 3905 1250 3962 est,
1261 3899 1401 3952 infuscata
1411 3915 1483 3968 aqua
1492 3900 1716 3954 absconduntur.

130 3969 216 4021 lirare
225 3968 273 4030 sit,
283 3980 379 4035 myrus
390 3968 519 4020 unicolor
530 3977 558 4020 et
570 3968 712 4032 robustus,
728 3971 881 4037 dentesque
892 3983 939 4020 ex·
1028 3966 1130 4020 xbvt.
1147 3966 1317 4038 Polyporum
1331 3969 1420 4022 multa
1429 3985 1544 4039 genera:
1556 3973 1665 4026 terreni
1671 3972 1803 4035 maiores,

130 4043 179 4090 tra
198 4053 230 4090 os
251 4035 365 4090 habeat.
400 4036 538 4090 lnGallia
557 4040 783 4107 septemtrionali
798 4038 940 4092 muraenis
993 4052 1075 4106 quam
1088 4037 1205 4107 pelagii:
1226 4054 1320 4092 onrnes
1331 4039 1461 4104 brachiis,
1480 4048 1512 4092 ut
1531 4042 1650 4108 pedibus
1670 4041 1800 4094 acmoni-

130 4106 262 4160 omnibus
274 4105 372 4159 dextra
382 4110 409 4159 in
421 4108 537 4161 nraxilla
547 4115 681 4175 septenae
694 4111 828 4174 nraeulac,
837 4111 872 4162 ad
885 4109 941 4162 ior·
991 4107 1054 4172 bus,
1063 4113 1193 4159 utuntur:
1215 4110 1305 4161 cauda
1316 4125 1392 4172 rero,
1412 4124 1482 4177 quae
1494 4117 1537 4163 est
1547 4111 1655 4163 bisulca
1667 4116 1701 4162 et
1709 4115 1801 4173 acuta,

128 4191 206 4230 nram
216 4175 440 4242 Septemtrionis,
460 4193 545 4231 aureo
557 4178 651 4231 calme
664 4179 781 4250 fulgent,
793 4180 941 4235 dumtaxat
990 4179 1020 4231 in
1032 4177 1119 4229 coitu.
1157 4180 1208 4232 Est
1219 4178 1332 4247 polypis
1342 4180 1436 4231 listula
1446 4182 1475 4230 in
1487 4179 1582 4243 dorso,
1593 4194 1647 4247 qua
1657 4179 1801 4231 transmit·

127 4244 296 4306 viventibus,
311 4248 469 4315 pariterque
479 4264 541 4299 cum
554 4248 646 4300 anima
657 4252 879 4319 exstinguuntur.
896 4251 939 4302 ln·
990 4253 1055 4301 tunt
1066 4259 1157 4300 marce
1179 4264 1296 4316 eantque
1307 4248 1391 4300 niodo
1402 4249 1432 4299 ln
1443 4247 1570 4301 dextrum
1582 4253 1701 4314 partem,
1716 4248 1800 4300 modu

126 4314 216 4368 venit
236 4313 268 4363 iu
287 4312 340 4367 hoc
359 4318 474 4370 animali
494 4317 661 4371 documenta
682 4320 816 4372 saer-itiae
834 4318 940 4372 Vedius
991 4320 1020 4371 in
1038 4318 1183 4373 sinistram
1202 4319 1383 4371 transierunt.
1419 4317 1528 4370 Natant
1543 4316 1650 4383 obliqui
1667 4317 1800 4385 ineaput,

121 4383 238 4447 Pollio,
260 4398 344 4452 eques
352 4387 504 4452 Romanus,
525 4402 559 4439 eu
573 4388 668 4441 amicis
678 4389 744 4442 Diri
753 4390 880 4458 Augusti,
901 4392 942 4443 rl·
992 4391 1065 4458 quod
1078 4389 1245 4459 praedurum
1259 4394 1302 4440 cst
1323 4387 1482 4439 sufflatione
1496 4385 1662 4437 uirentibus.
1699 4386 1800 4440 cetero

125 4454 220 4509 variis
228 4470 326 4508 earum
338 4456 502 4527 inintergens
513 4456 645 4511 danrnata
656 4460 802 4527 nrancipia,
814 4476 868 4514 non
880 4466 941 4513 taa-
995 4476 1045 4528 per
1056 4458 1170 4512 brachia
1185 4459 1264 4511 velut
1278 4455 1435 4509 acetabulis
1446 4454 1594 4522 dispersis,
1616 4452 1717 4509 haustu
1730 4470 1800 4525 quo·

125 4540 214 4595 quam
227 4524 264 4578 ad
283 4524 336 4577 hoc
350 4526 418 4579 ieris
429 4536 567 4582 terrarum
585 4545 638 4581 non
654 4530 868 4593 sufficientibus,
890 4528 940 4583 sed
994 4530 1057 4582 dam
1067 4526 1283 4582 adhaerescunt:
1305 4531 1400 4578 tenent
1412 4523 1512 4593 supini,
1532 4530 1563 4578 ut
1575 4526 1724 4581 avellinen
1736 4544 1790 4596 que

127 4596 198 4665 quia
208 4596 237 4648 in
250 4596 309 4648 alio
321 4611 425 4665 genere
438 4604 528 4651 totum
539 4599 648 4667 pariter
658 4599 797 4652 hominem
810 4598 939 4662 distrahi,
993 4605 1051 4651 ant.
1088 4596 1169 4651 Vada
1180 4611 1235 4649 non
1251 4595 1476 4718 apprehendunt:
1499 4600 1527 4648 et
1543 4596 1697 4665 grandibus
1707 4600 1797 4651 nrinor

126 4666 251 4734 spectari
264 4681 319 4719 non
332 4675 451 4736 poterat.
487 4669 594 4721 Ferunt
608 4668 682 4721 aceti
696 4672 939 4738 gustupraecipue
994 4667 1140 4721 tenacitas.
1172 4664 1287 4719 Solimo
1302 4667 1367 4719 lium
1380 4666 1520 4720 insiceum
1533 4672 1643 4731 exeunt,
1654 4667 1800 4720 dumtaxat

127 4734 216 4788 casin
228 4738 333 4789 rabiem
347 4741 405 4807 agi.
442 4739 649 4791 'l'enulssimum
660 4737 705 4789 his
716 4745 761 4791 ter
799 4754 825 4790 s:
841 4746 940 4792 contra
994 4752 1135 4806 asperum:
1157 4735 1319 4790 laenitatem
1336 4734 1428 4789 odere
1463 4736 1621 4789 Vescuntur
1638 4737 1725 4790 conch
1747 4738 1799 4789 lio·

126 4805 265 4872 anguillis
286 4809 422 4859 crassius:
454 4823 543 4875 coque
566 4808 711 4861 verberari
730 4824 762 4860 sc
775 4810 831 4861 ilos
852 4808 939 4862 tradit
993 4824 1053 4861 rum
1065 4822 1159 4871 carne,
1175 4821 1292 4876 quorum
1303 4805 1423 4859 conchas
1434 4807 1580 4875 complexu
1592 4807 1709 4860 crinium
1734 4822 1797 4860 ran·

125 4871 247 4926 Verrius
262 4883 472 4943 praetextatos:
493 4884 523 4930 et
539 4877 574 4930 ob
591 4878 621 4932 id
633 4878 750 4931 multam
762 4877 806 4931 hia
818 4878 874 4932 dici
884 4894 940 4932 non
991 4884 1074 4948 gunt:
1093 4879 1193 4945 itaque
1205 4877 1429 4946 praeiacentibus
1446 4881 1526 4930 testis
1538 4877 1629 4931 cubile
1641 4891 1738 4930 eorum
1750 4877 1796 4929 de-

124 4941 299 4996 institutam.
993 4946 1181 5017 prehenditur.
1218 4949 1323 5001 Etcum
1341 4948 1450 5016 alioqui
1464 4947 1577 5000 brutum
1593 4944 1731 5000 habeatur
1741 4945 1788 4999 ani

159 5011 225 5064 Χῖ»
244 5013 398 5067 Plansrum
413 5015 531 5084 piscium
548 5017 668 5070 alterum
681 5024 724 5070 cst
739 5031 842 5084 genus,
865 5018 940 5087 quod
993 5017 1059 5080 mal,
1080 5023 1111 5068 ut
1120 5018 1194 5085 quod
1206 5017 1241 5070 ad
1252 5032 1362 5070 nranum
1373 5016 1494 5070 hominis
1504 5017 1630 5081 adnatat,
1651 5016 1678 5069 in
1691 5031 1721 5070 re
1731 5028 1798 5083 quo·

121 5095 179 5153 pru
191 5083 275 5149 spina
284 5084 479 5154 cartilaginem
491 5086 590 5150 habet,
611 5093 645 5138 ut
656 5090 746 5149 raiae,
767 5088 939 5155 pastinacae,
994 5088 1142 5140 dammodo
1155 5087 1287 5140 familiari
1299 5087 1393 5141 callet.
1404 5087 1504 5139 Omnia
1514 5089 1542 5140 in
1554 5088 1666 5140 domum
1674 5099 1790 5152 compor

124 5153 288 5221 squatinae,
307 5156 443 5222 torpedo:
465 5156 673 5224 etquosboris,
689 5155 801 5220 lanrlae,
823 5158 940 5226 aquilae,
994 5163 1052 5210 tat:
1072 5157 1135 5211 dein
1149 5157 1293 5223 putamina
1305 5172 1386 5210 erosa
1400 5172 1484 5211 carna
1494 5157 1600 5227 egerit,
1622 5156 1798 5208 adnatantes·

122 5223 500 5280 ranaenominibusGracci
520 5226 672 5293 appellant.
710 5226 773 5289 Quo
783 5227 813 5278 in
824 5234 940 5282 nunrero
993 5226 1435 5297 quepisciculosadearenatur.
1468 5228 1598 5281 Colorem
1616 5222 1799 5278 nnrtatadsi·

122 5297 194 5345 sant
205 5292 297 5360 squali
309 5309 428 5363 quoque,
438 5298 563 5365 quamvis
574 5312 628 5348 non
639 5296 724 5363 plani.
760 5297 842 5351 Haec
851 5298 940 5351 Grae·
992 5296 1178 5350 militudinem
1189 5297 1254 5360 loci,
1265 5302 1294 5350 ct
1306 5297 1424 5352 manime
1435 5298 1464 5350 ln
1475 5304 1562 5350 metu.
1578 5296 1671 5363 lpsum
1684 5290 1799 5345 brachia

121 5375 157 5416 ee
166 5364 200 5415 in
210 5362 373 5417 universum
383 5363 478 5431 σελάχη
489 5365 815 5434 appellavitrlristotcles
825 5368 940 5434 primus,
992 5382 1044 5420 sua
1053 5365 1164 5430 rodere,
1174 5366 1247 5420 falsa
1259 5369 1355 5435 opinio
1368 5366 1460 5419 estid
1472 5371 1544 5419 enim
1555 5381 1574 5419 a
1584 5364 1695 5431 congris
1705 5359 1800 5413 evenit

119 5428 180 5489 troc
196 5433 314 5489 nomine
329 5435 370 5490 eis
389 5435 537 5503 impositor
558 5450 609 5487 nos
620 5435 795 5506 distinguere
811 5451 865 5488 non
878 5450 940 5505 pos·
992 5438 1032 5490 ei:
1042 5435 1093 5489 sed
1102 5438 1220 5501 renasci,
1229 5437 1302 5491 sicut
1314 5437 1416 5490 colotis
1426 5437 1590 5499 etlammis,
1600 5431 1713 5493 caudas,
1724 5425 1798 5480 haud

117 5518 235 5569 marus,
248 5505 303 5558 nisi
314 5504 502 5575 cartilaginea
511 5505 655 5575 appellare
666 5506 764 5561 libeat.
781 5506 883 5559 Omnia
893 5520 939 5558 au·
991 5504 1102 5559 laisum.

116 5579 179 5626 tam
198 5575 350 5624 carnivora
364 5582 428 5624 sunt
442 5574 523 5636 talia,
540 5579 568 5626 et
582 5576 682 5642 supina
695 5580 856 5637 vescuntur,
870 5575 938 5626 utin
1025 5576 1139 5630 XLVll.
1159 5579 1236 5632 lnter
1255 5577 1404 5644 praecipua
1423 5576 1513 5623 autem
1529 5565 1658 5622 mtmcula
1672 5572 1730 5639 etis
1750 5570 1796 5636 (1¹1¹

116 5640 264 5713 delphinis
278 5641 407 5698 diximus
443 5643 553 5698 Etcum
563 5645 649 5699 ceteri
657 5644 938 5714 piaccsorapsrlant,
992 5648 1246 5707 rocatnrnautilos,
1259 5644 1366 5697 abatiis
1377 5639 1519 5708 pompilos.
1555 5635 1588 5687 s.
1614 5636 1621 5640 ’
