4340 6018
360 338 416 395 124
513 335 544 394 c.
582 332 734 409 asisii
770 326 981 392 sacuam
1015 324 1186 386 aaron
1218 325 1411 385 uraroa
1452 326 1533 385 nra.
1557 325 1618 383 rx.
1650 324 1740 383 one.
1765 329 1856 386 aa

355 484 495 539 rantibusr
518 500 634 552 quorum
646 497 729 535 ununi
739 479 829 548 mergi
838 476 969 541 vidimus,
991 475 1159 531 rellatubcl·

354 554 419 609 luae
430 556 573 623 oppletum
585 556 666 606 unda.

391 626 439 680 Vl.
460 626 517 677 Ora
534 624 669 676 balaenae
688 617 792 670 habent
810 616 838 669 in
859 617 1014 669 frontibus:
1041 614 1160 682 ideoque

356 708 465 745 summa
475 708 548 761 aqua
559 695 694 751 natantes,
704 688 858 740 insublime
868 688 978 739 nimbos
985 686 1088 739 eillant.
1100 683 1161 750 Spi-

358 771 422 815 rant
436 770 528 814 autem
541 759 717 812 confessione
737 760 857 809 onmium
880 763 909 808 et
923 755 1093 823 paucissima
1103 755 1160 805 alia

355 833 477 894 inmari,
499 844 568 896 quae
590 831 761 881 internorum
784 828 918 878 viscerum
938 826 1097 893 pulmonem
1110 823 1159 876 ha·

355 902 431 965 beat,
452 900 582 966 quoniam
594 900 654 950 sine
665 913 698 950 eo
710 896 815 947 nullum
828 896 932 948 animal
948 900 1063 962 putatur
1073 893 1160 960 spira·

354 986 399 1023 re:
421 983 471 1020 nee
482 969 596 1036 piscium
608 965 757 1020 branchias
769 965 913 1029 habentes,
931 965 1084 1017 anhelitum
1099 963 1159 1014 retl-

354 1039 430 1099 dere,
451 1054 484 1089 ac
495 1054 544 1105 per
553 1038 626 1090 vices
635 1038 758 1102 recipere
767 1035 939 1099 existimant,
962 1047 1077 1101 quorum
1090 1028 1160 1084 haec

354 1107 450 1176 opinio
463 1115 518 1159 est:
531 1124 583 1160 nec
594 1108 681 1158 multa
692 1106 749 1157 alia
760 1118 863 1170 genera
872 1105 955 1173 etiarn
967 1101 1106 1156 branchiis
1112 1116 1158 1153 ca·

353 1178 458 1230 rentia:
479 1177 507 1228 in
518 1193 573 1245 qua
584 1174 724 1229 sententia
735 1174 1004 1226 luissellristoteleni
1017 1171 1109 1233 video,
1131 1176 1160 1222 et

353 1246 448 1299 multis
460 1248 633 1313 persuasisse
654 1243 798 1295 doctrinae
818 1244 1007 1310 indaginibus.
1042 1241 1100 1293 Nec
1112 1255 1156 1291 me

353 1319 480 1383 protinus
502 1315 564 1366 huic
587 1313 712 1382 opinioni
729 1328 824 1365 eorum
844 1313 978 1365 accedere
993 1311 1066 1362 haud
1079 1310 1159 1362 dissi·

353 1386 442 1437 mulo:
464 1386 594 1452 quoniam
612 1390 641 1435 et
659 1383 818 1449 pulmonum
831 1383 890 1434 rice
901 1383 965 1433 aliis
975 1387 1091 1449 possunt
1102 1380 1159 1431 alia

353 1454 497 1522 spirabilia
507 1454 598 1507 inesse
610 1453 727 1516 viscera,
739 1452 780 1504 ita
791 1452 904 1504 volente
915 1458 1031 1503 natura:
1042 1450 1116 1501 sicut
1130 1455 1159 1500 ct

352 1540 403 1592 pro
415 1522 549 1590 sanguine
560 1529 603 1575 est
623 1521 721 1572 multis
732 1521 803 1571 alius
815 1520 923 1572 homor.
961 1523 989 1572 ln
1002 1533 1088 1586 aquas
1100 1518 1159 1585 qui·

353 1593 415 1646 dem
433 1600 581 1659 penetrare
600 1592 715 1643 vitalem
736 1588 809 1641 hunc
826 1589 943 1641 halitum
955 1590 1017 1656 quis
1029 1588 1158 1651 miretur,

353 1664 398 1730 qui
408 1663 493 1715 etiam
505 1662 583 1714 reddi
603 1662 637 1713 ab
649 1659 692 1712 his
703 1676 767 1712 euni
779 1665 889 1710 cernat:
912 1666 940 1711 et
951 1660 979 1709 in
992 1665 1081 1711 terras
1091 1671 1158 1724 quo-

352 1745 414 1799 que,
424 1736 502 1782 tanto
512 1731 676 1797 spissiorem
688 1734 805 1781 naturae
815 1735 934 1795 partem,
946 1735 1102 1796 penetrare,
1113 1742 1156 1778 ar-

352 1807 485 1869 gumento
493 1799 663 1862 animalium,
674 1815 745 1866 quae
755 1814 864 1867 semper
873 1798 1095 1859 (laressemensi,
1107 1812 1157 1849 ceu

353 1869 464 1936 talpael
480 1870 622 1922 heredunt
632 1869 704 1937 apud
717 1883 761 1922 me
772 1877 847 1922 certe
860 1870 992 1931 efficacia,
1003 1874 1035 1919 ut
1047 1866 1157 1919 credam

352 1940 437 1992 etiam
449 1942 542 1991 omnia
552 1941 579 1990 in
591 1944 670 2008 aquis
680 1940 787 2007 spirare
799 1948 916 1992 naturae
926 1945 1089 1991 suaesorte:
1103 1937 1159 2003 pri·

351 2024 426 2062 nrum
437 2025 520 2076 saepe
531 2010 666 2062 adnotata
678 2010 795 2077 piscium
803 2010 910 2062 aestivo
922 2006 1158 2075 calorequaedam

352 2077 504 2141 anhelatio,
515 2086 546 2132 et
557 2081 614 2131 alia
623 2078 775 2146 tranquillo
788 2079 865 2131 reiut
877 2079 1021 2131 oscitatio:
1035 2080 1159 2144 ipsorum

353 2163 473 2217 quoque,
494 2149 540 2216 qui
552 2156 619 2200 sunt
629 2152 658 2201 in
669 2149 788 2201 adressa
799 2150 945 2216 opinione,
965 2150 1000 2201 de
1011 2162 1108 2200 senine
1120 2147 1160 2213 pi·

353 2221 439 2271 scium
451 2218 607 2271 coniesaio:
628 2220 689 2287 quis
700 2220 773 2270 enini
790 2220 851 2271 sine
863 2220 1048 2285 respiratione
1060 2230 1159 2268 sonnino

354 2288 453 2341 locust
472 2295 618 2357 praeterea
629 2290 795 2342 bullantium
809 2303 943 2356 aquenum
954 2288 1087 2348 sufflatio,
1102 2285 1159 2337 Lu·

277 2354 282 2361 ’
353 2373 406 2412 uae
427 2374 460 2410 ue
471 2358 573 2412 ellectu
584 2358 751 2411 concharum
764 2373 873 2426 quoque
884 2374 1002 2425 corpora
1013 2371 1161 2424 augescen-

354 2430 404 2483 tin.
437 2445 504 2496 uper
515 2431 611 2483 onrnla
622 2437 674 2492 est,
686 2428 760 2496 quod
772 2444 833 2481 esse
844 2429 969 2480 auditum
977 2428 1160 2480 stodoratum

353 2500 486 2567 piscibus,
502 2516 556 2551 non
568 2500 621 2551 erit
632 2499 762 2550 dubium:
784 2514 818 2550 es
830 2500 902 2550 aeris
914 2506 1061 2565 utrumque
1072 2501 1160 2547 nrate-

352 2569 404 2621 ria.
426 2568 548 2621 Odorem
561 2569 671 2637 quidem
682 2583 737 2620 non
749 2568 837 2631 aliud,
868 2583 932 2619 uam
942 2568 1076 2620 iniectum
1087 2570 1160 2628 aira,

351 2637 472 2705 intelligi
483 2639 582 2705 possit.
614 2637 801 2701 Quamobrem
813 2639 848 2689 de
878 2638 902 2689 is
913 2637 1051 2706 opinetur,
1062 2644 1093 2688 ut
1106 2635 1160 2687 eui-

353 2722 406 2775 que
418 2708 525 2759 libitum
538 2709 603 2761 erit.
639 2705 795 2760 Branchiae
804 2723 859 2760 non
871 2716 935 2760 sunt
946 2707 1074 2761 balaenis
1082 2742 1090 2769 ,
1110 2721 1161 2758 nee

353 2777 498 2844 delphinis.
531 2779 609 2831 llaec
620 2777 675 2829 duo
688 2792 791 2844 genera
801 2779 903 2829 tistulis
913 2780 1032 2846 spirant,
1043 2791 1114 2845 quae
1125 2775 1159 2826 ad

351 2846 511 2914 pulmonem
523 2850 673 2914 pertinent,
693 2848 821 2900 balaenis
839 2863 857 2899 a
875 2848 976 2912 fronte,
997 2845 1132 2914 delphinis
1144 2861 1161 2896 a

353 2915 447 2969 dorso.
472 2920 507 2970 Et
518 2918 601 2968 rituli
611 2919 721 2980 marini,
734 2933 803 2986 quos
814 2924 918 2969 rocant
928 2917 1041 2986 phocas,
1052 2917 1161 2982 spirant

249 3040 260 3060 ⁷
351 3002 385 3039 ae
396 2988 540 3038 dormiunt
550 2987 580 3037 in
591 2994 675 3039 terra.
688 2985 758 3038 item
769 2985 1085 3054 testudines,dequibus
1096 2999 1161 3036 mox

369 3056 440 3106 lura.

350 3070 368 3121 p
388 3121 449 3173 Vll.
468 3121 682 3173 velocissimum
691 3125 812 3173 onmium
824 3123 995 3183 animalium,
1005 3138 1059 3172 non
1071 3122 1159 3172 solum

352 3193 535 3253 marinorum,
550 3197 595 3242 est
607 3189 768 3255 delphinus:
794 3192 872 3241 ocior
882 3191 1003 3251 volucre,
1014 3192 1107 3240 acrior
1119 3196 1159 3247 te·

351 3261 397 3312 le:
409 3275 442 3312 ac
454 3260 507 3312 nisi
518 3259 636 3312 inultum
649 3258 725 3313 inira
736 3267 855 3312 rostrum
869 3275 900 3310 os
911 3260 953 3311 illi
967 3260 1050 3321 iuret,
1068 3258 1159 3309 medio

353 3344 442 3398 paene
452 3330 480 3383 in
492 3336 599 3394 ventre,
612 3330 705 3382 nullus
716 3331 834 3399 piscium
845 3328 1015 3382 celeritatem
1028 3329 1088 3381 eius
1099 3343 1161 3380 era·

354 3401 442 3455 deret.
480 3401 535 3455 Sed
547 3401 629 3455 aiiert
640 3417 745 3454 moram
756 3399 934 3469 providentia
944 3406 1073 3464 naturne3
1094 3399 1161 3467 quia

354 3472 405 3523 nisi
417 3472 544 3538 resupini
554 3478 638 3538 atque
650 3471 1007 3539 colit'ersliloncttrl'ipittni:
1019 3484 1161 3538 quaeran-

355 3556 387 3592 sa
399 3542 547 3606 praecipue
555 3540 734 3593 velocitatem
746 3556 841 3595 eorum
852 3541 982 3593 ostendit.
1020 3541 1043 3593 N
1047 3556 1090 3592 arii
1098 3555 1159 3591 erim

354 3609 427 3659 ianne
439 3608 552 3669 conciti,
563 3607 715 3676 lugientem
727 3611 755 3662 in
763 3611 1161 3683 radaimapersecutipiscem,

354 3678 461 3727 diutius
471 3677 601 3743 spiritum
614 3679 828 3743 continuerant
839 3681 1018 3742 armeniaci,
1029 3679 1066 3732 ad
1074 3679 1160 3745 respi-

356 3745 469 3797 randum
478 3746 613 3798 emicant:
626 3754 759 3815 tantaque
769 3751 797 3801 ri
807 3752 950 3814 exsiliunt,
962 3750 1160 3817 utpierunrque

353 3814 538 3867 relanarium
556 3817 739 3870 transvolent.
775 3819 923 3887 vagantur
941 3821 1000 3874 iere
1016 3822 1159 3889 coniugia:

355 3884 468 3953 pariunt
479 3884 588 3938 catulos
598 3888 705 3940 decimo
717 3903 820 3949 mense,
842 3891 950 3941 aestivo
963 3896 1096 3958 ternpore,
1117 3893 1158 3940 in·

353 3957 436 4008 terim
446 3962 476 4008 et
486 3958 581 4009 binos:
602 3960 730 4009 nutriunt
740 3957 879 4021 uberibus,
889 3959 963 4011 sicut
973 3960 1105 4012 balaena:
1116 3967 1158 4011 at·

353 4041 407 4097 qne
419 4029 503 4079 etiam
513 4033 627 4096 gestant
637 4026 731 4080 foetos
742 4027 862 4080 infantia
872 4029 1007 4081 infirmos.
1044 4030 1118 4091 Quin
1131 4036 1160 4082 et

353 4096 464 4150 adultos
476 4097 523 4149 diu
532 4097 711 4162 comitantur,
723 4112 823 4165 magna
833 4113 900 4167 erga
911 4106 1020 4167 partum
1031 4100 1159 4151 caritate.

352 4168 526 4221 adolescunt
536 4168 680 4231 celeriter,
701 4167 796 4220 decem
807 4170 886 4220 annis
897 4176 1030 4237 putantur
1040 4169 1075 4221 ad
1085 4184 1159 4220 suni·

354 4253 426 4289 mam
449 4237 668 4307 magnitudinem
691 4241 850 4304 pervenire:
871 4240 967 4290 rivunt
986 4245 1015 4290 et
1031 4239 1158 4292 tricenis:

353 4306 426 4424 guod
439 4311 579 4375 cognitum
592 4308 719 4376 praecisa
726 4309 815 4360 cauda
824 4309 852 4360 in
864 4309 1095 4376 experimentum.
1107 4310 1159 4361 llb-

373 4382 457 4426 untur
468 4378 581 4429 tricenis
593 4380 689 4432 diebus
708 4379 784 4430 circa
794 4380 876 4431 Canis
888 4387 993 4440 ortum,
1016 4379 1158 4432 occultan-

353 4448 454 4508 turque
474 4447 616 4514 incognito
636 4448 734 4500 modo:
757 4449 830 4517 quod
847 4464 880 4502 eo
891 4450 981 4518 magis
991 4451 1094 4500 nitrum
1108 4456 1159 4512 est,

353 4510 379 4562 si
391 4512 499 4577 spirare
510 4515 537 4564 in
548 4530 620 4583 aqua
630 4534 684 4569 non
692 4526 806 4586 queunt.
817 4519 1157 4589 Salentinteqramerum·

352 4595 418 4647 pere
429 4582 538 4633 incerta
556 4582 591 4636 de
611 4602 710 4639 carisa:
732 4605 783 4641 nec
793 4590 889 4641 statim
901 4589 1003 4642 tellure
1015 4596 1093 4642 tacta
1102 4603 1159 4641 nro·

353 4650 473 4712 riantur,
495 4651 638 4720 multoque
660 4656 959 4711 ociustistulaclausa.
995 4658 1106 4727 Lingua
1116 4665 1159 4711 est

353 4718 398 4771 his
409 4728 508 4772 contra
517 4726 644 4774 naturam
656 4727 821 4791 aquatilium
833 4728 954 4791 mobilis,
973 4729 1066 4781 brevis
1075 4735 1159 4794 atque

355 4790 421 4848 lata.
433 4788 505 4841 haud
517 4789 649 4845 differens
660 4793 768 4847 suillae.
790 4795 845 4847 Pro
857 4813 923 4852 soce
936 4800 1056 4866 gemitus
1066 4798 1159 4851 huma·

355 4874 390 4911 no
401 4858 509 4922 similis,
518 4859 632 4913 dorsum
645 4863 806 4929 repandum,
817 4874 938 4919 restrum
950 4870 1060 4920 simum.
1098 4870 1159 4931 Qua

355 4928 389 4981 de
408 4944 493 4981 eausa
511 4944 610 4981 nomen
626 4933 747 4984 Simonis
769 4949 866 4988 onrnos
878 4938 949 4989 miro
966 4938 1049 4990 niodo
1071 4953 1157 5007 agno·

354 5006 443 5060 scunt,
460 4999 620 5066 maluntque
633 5002 674 5052 ita
684 5002 827 5069 appellari.

390 5066 461 5120 vill.
480 5067 634 5135 Delphinus
645 5087 699 5123 non
723 5073 826 5124 homini
847 5077 954 5126 tantum
968 5078 1087 5128 amicum
1100 5079 1157 5129 ani·

355 5137 426 5201 mal,
444 5153 538 5190 serum
558 5147 587 5191 et
602 5141 724 5194 musicae
736 5144 805 5204 arti;
826 5143 964 5196 mulcetur
974 5145 1158 5212 symphoniae

355 5214 448 5271 mutu,
459 5214 487 5260 ei
497 5209 644 5276 praecipue
656 5210 788 5278 hydrauli
797 5228 874 5263 sono.
888 5214 1101 5268 ilonrinem'nou
1114 5231 1159 5268 ex-

359 5280 489 5345 pavescit,
511 5285 541 5330 ut
551 5279 687 5331 alienum:
709 5282 819 5333 obviam
831 5282 948 5349 navigiis
960 5286 1044 5348 renit,
1057 5287 1160 5338 alludit

355 5349 1160 5420 exsultans‚eertatetiam,etquamvisplcnapraeteritre·

257 5462 263 5469 .
355 5417 392 5468 ia.
405 5418 607 5487 birotugusto
620 5422 753 5489 principe,
763 5420 1014 5473 Lucrinumlacum
1027 5425 1160 5489 insectus,

355 5491 486 5554 pauperis
500 5490 643 5542 cuiusdam
659 5507 789 5557 puerum,
814 5507 848 5544 es
863 5493 972 5543 lisiano
983 5493 1115 5547 Puteolos
1131 5496 1159 5547 in

356 5555 449 5609 ludum
460 5558 615 5611 literarium
627 5562 755 5624 itantem,
766 5577 827 5614 curn
840 5560 997 5615 meridiano
1008 5564 1160 5617 inruiorans

355 5626 524 5691 appellatum
536 5645 598 5685 euin
609 5630 731 5685 Simonis
742 5634 862 5699 nomine,
873 5632 983 5702 saepius
995 5631 1160 5701 lragnrentis

1212 476 1303 597 panis,
1315 489 1394 596 ippum
1405 474 1442 527 ob
1452 475 1481 526 id
1494 472 1612 537 ferebat,
1625 475 1779 538 allexisset,
1788 476 1859 531 miro
1870 492 1965 531 errrore
1975 477 2016 530 di·

1225 546 1291 599 sxit.
1343 545 1431 613 igeret
1442 544 1556 607 referre,
1566 545 1594 594 ni
1605 559 1649 597 res
1662 546 1841 608 Maecenatis,
1853 552 1882 599 et
1893 547 2018 609 Fnbiani,

1213 613 1426 677 etFlariillliii‚
1451 614 1654 681 multorumque
1674 623 1750 667 esset
1770 617 1859 668 literis
1876 617 2018 669 mandata.

1214 686 1386 751 Quocunque
1397 683 1455 736 diei
1466 692 1591 750 tempore
1603 684 1769 736 inclamatus
1782 700 1905 752 spuere,
1921 702 2017 753 quam·

1212 757 1254 806 vis
1265 754 1391 807 occultus
1402 761 1485 820 atque
1496 752 1617 818 abditus,
1629 770 1662 805 ex
1672 755 1727 805 imo
1735 754 1900 807 advolabat:
1913 766 2019 823 pastus·

1213 839 1267 892 que
1279 841 1294 876 e
1307 839 1387 875 nranu
1398 825 1549 890 praebebat
1559 838 1708 877 ascensuro
1715 824 1838 887 dorsum,
1851 826 2021 893 pinnaeacu·

1213 894 1274 946 leus
1287 894 1466 960 relutragina
1476 892 1610 944 condens:
1623 900 1816 961 receptumque
1826 895 1957 947 Puteolos
1970 911 2019 963 per

1214 978 1343 1031 magnum
1355 978 1461 1029 aequor
1474 964 1502 1014 in
1515 962 1608 1014 ludum
1621 962 1738 1024 ferebat,
1748 963 1835 1015 simili
1847 965 1931 1015 niodo
1942 981 2019 1018 rere·

1213 1032 1280 1085 hens
1301 1031 1427 1099 pluribus
1447 1031 1540 1095 annis3
1560 1032 1648 1085 donec
1667 1034 1764 1085 morbo
1777 1036 1913 1086 exstincto
1926 1050 2021 1101 puero,

1212 1103 1330 1154 subinde
1350 1102 1385 1152 ad
1408 1108 1569 1153 consuetum
1593 1103 1685 1153 locum
1707 1102 1857 1167 ventitans,
1878 1106 1968 1155 tristis
1992 1114 2019 1157 et

1213 1174 1348 1223 ninas-enti
1359 1171 1469 1233 similis,
1488 1172 1549 1236 ipse
1559 1186 1667 1239 quoque
1677 1172 1764 1241 (quod
1775 1188 1857 1225 neam
1867 1173 2018 1236 dubitaret)

1212 1240 1352 1293 desiderio
1364 1240 1525 1307 exspiravit.

1246 1312 1325 1362 atius
1344 1311 1421 1362 intra
1441 1308 1492 1360 hos
1513 1324 1600 1360 annos
1621 1309 1649 1360 in
1665 1308 1762 1361 Africo
1785 1310 1870 1364 litore
1881 1312 2018 1379 Hipponis

1211 1380 1369 1447 Diarrhyti,
1391 1379 1479 1431 simili
1500 1378 1584 1430 modo
1597 1376 1782 1431 exhominans
1802 1396 1884 1432 manu
1896 1398 2020 1449 vescens,

1212 1453 1402 1518 praebensque
1422 1466 1452 1501 se
1463 1448 1647 1513 tractandum,
1668 1458 1697 1501 et
1707 1448 1836 1502 alludens
1847 1453 2019 1516 natantibus,

1211 1520 1416 1588 impositosque
1428 1526 1551 1586 portans,
1566 1524 1708 1587 unguento
1719 1526 1868 1586 perunctus
1880 1537 1897 1573 a
1907 1520 2017 1574 Flavia·

1212 1604 1249 1640 no
1261 1590 1430 1641 Proconsule
1441 1588 1563 1652 Africae,
1583 1597 1611 1639 et
1621 1589 1729 1655 sopitus
1740 1587 1787 1659 (ut
1798 1592 1940 1657 apparuit)
1953 1592 2018 1644 odo·

1211 1660 1249 1711 ris
1263 1659 1397 1721 novitate,
1407 1656 1613 1725 fluctuatusque
1623 1659 1724 1709 similis
1734 1660 1864 1722 exanimi,
1875 1663 2019 1714 emuitho·

1212 1729 1316 1781 minum
1330 1729 1552 1789 conversatione,
1563 1736 1593 1778 ut
1604 1728 1709 1780 iniuria
1717 1727 1838 1797 fugatus,
1849 1746 1899 1797 per
1909 1731 2019 1801 aliquot

1211 1814 1333 1850 mensem
1346 1813 1409 1849 nrox
1420 1813 1547 1852 reversus
1559 1799 1587 1849 in
1598 1798 1696 1851 eodem
1709 1799 1842 1851 miraculo
1855 1798 1917 1852 init.
1940 1802 2016 1853 iniu-

1211 1871 1270 1921 riae
1291 1874 1459 1935 potestatum
1482 1871 1510 1919 in
1526 1867 1689 1934 hospitales,
1712 1869 1747 1920 ad
1758 1871 1899 1922 visendum
1910 1873 2021 1924 venien·

1212 1940 1291 2001 tium,
1303 1938 1499 2004 Hipponenses
1509 1941 1536 1990 in
1548 1953 1642 1991 necem
1655 1941 1715 1990 eius
1726 1941 1929 2007 compulerunt.

1247 2012 1318 2060 Ante
1331 2007 1400 2059 haec
1419 2008 1525 2059 similia
1548 2008 1582 2060 de
1599 2023 1687 2075 puero
1699 2009 1726 2060 in
1739 2010 1815 2061 lasso
1837 2010 2018 2064 urbemenro·

1212 2084 1322 2140 rantur,
1344 2080 1421 2129 cuius
1432 2085 1680 2143 aniorespectatus
1692 2078 1776 2148 longo
1792 2088 1932 2148 tempore,
1954 2082 2019 2133 dum

1212 2152 1361 2201 abeuntem
1374 2149 1403 2198 in
1416 2148 1483 2199 litus
1493 2147 1575 2198 avide
1585 2149 1722 2215 sequitur,
1735 2152 1762 2200 in
1775 2166 1886 2202 arenam
1895 2151 2020 2203 invectus

1212 2218 1373 2285 exspiravit.
1386 2218 1504 2269 Puerum
1516 2217 1674 2269 Alexander
1688 2220 2017 2288 lisgnusBabyloneNe·

1213 2288 2020 2358 ptunisacerdotiopraeiecitauioremillumnuminispro·

1213 2360 1275 2425 pitii
1287 2357 1376 2409 luisse
1387 2359 1597 2424 interpretatus.
1635 2358 1666 2408 ln
1681 2359 1779 2412 eadem
1794 2362 1863 2413 urbe
1873 2362 1949 2414 lasso
1963 2363 2018 2414 lie·

1212 2428 1370 2495 gesidemus
1381 2427 1478 2479 scribit
1491 2434 1519 2480 et
1533 2428 1617 2478 alium
1630 2432 2020 2497 puerumllermiamnomine,

1212 2498 1343 2549 similiter
1352 2497 1440 2548 naaria
1450 2501 1679 2565 perequitantem,
1703 2516 1765 2552 cunr
1777 2504 1940 2568 repentinae
1954 2518 2018 2569 pro·

1214 2569 1302 2620 cellae
1313 2567 1445 2620 fluetibus
1456 2568 1632 2620 exanimatus
1653 2577 1737 2632 esset,
1760 2571 1890 2622 relatum:
1910 2570 2017 2638 delphi·

1214 2652 1333 2708 nonique
1344 2654 1453 2690 causam
1466 2636 1518 2690 leti
1539 2637 1674 2690 fatentem
1696 2654 1750 2691 nori
1768 2656 1906 2703 reversum
1921 2643 1946 2692 in
1964 2634 2019 2693 ma'·

1214 2708 1358 2790 riaptque
1371 2709 1483 2760 insieco
1496 2708 1660 2777 exspirasse.
1679 2710 1744 2761 Hoc
1754 2711 1830 2763 idem
1842 2720 1870 2764 et
1881 2711 2019 2778 Naupacti

1213 2778 1351 2831 accidisse
1363 2775 1573 2845 Theophrastus
1584 2778 1681 2831 tradit.
1706 2779 1765 2833 Nec
1777 2781 1875 2834 modus
1885 2781 2020 2847 exemplo

1213 2863 1283 2899 runi.
1311 2848 1416 2899 Eadem
1429 2846 1604 2915 Amphilochi
1615 2856 1644 2899 et
1654 2849 1801 2902 Tarentini
1814 2850 1849 2904 de
1862 2853 1952 2919 pueris
1963 2849 2021 2903 del·

1214 2917 1361 2984 phinisque
1371 2923 1496 2968 narrant.
1534 2920 1613 2978 Quae
1623 2916 1739 2978 iaciunt,
1759 2926 1791 2970 ut
1804 2921 2019 2973 credaturllrio·

1215 3002 1276 3037 neni
1288 3000 1397 3053 queque
1408 2985 1614 3035 eitliaroedlcae
1634 2985 1704 3034 artis
1714 2987 1873 3039 interlicere
1885 2990 1978 3042 nautis
1991 2990 2020 3042 iu

1215 3056 1284 3105 nias-i
1306 3051 1477 3119 parantibus,
1497 3053 1531 3102 ad
1554 3052 1774 3117 intercipiendos
1796 3055 1855 3106 eius
1878 3066 2023 3124 quaestus,

1213 3122 1393 3181 eblanditum,
1414 3127 1446 3170 ut
1466 3121 1543 3187 prius
1563 3127 1677 3171 caneret
1698 3120 1817 3186 cithara,
1839 3129 2022 3195 congregati}

1213 3198 1295 3242 cantu
1307 3188 1458 3255 delphinis,
1478 3205 1537 3241 euni
1550 3205 1580 3241 se
1592 3191 1705 3243 iecisset
1717 3193 1745 3242 in
1756 3207 1850 3258 arare,
1871 3204 2020 3264 exceptum

1213 3260 1247 3311 ub
1260 3274 1314 3311 uno
1325 3259 1495 3311 'l'aenarium
1506 3261 1534 3312 in
1545 3261 1611 3312 litus
1622 3267 1791 3327 perrectum.

1248 3330 1295 3382 lx.
1315 3330 1367 3380 Est
1378 3330 1537 3396 provinciae
1550 3330 1739 3383 Narbonensis
1760 3332 1828 3386 etin
1838 3333 2020 3389 Nemausien-

1212 3402 1236 3451 si
1249 3416 1317 3468 agro
1327 3407 1456 3467 stagnum
1464 3399 1570 3453 Latera
1581 3401 1763 3468 appellatum,
1774 3405 1821 3456 ubi
1833 3420 1894 3457 cum
1907 3405 2019 3461 hunnine

1212 3470 1337 3538 delphini
1345 3473 1481 3525 societate
1492 3473 1644 3539 piscantur.
1673 3473 1822 3528 innumera
1830 3476 1872 3526 vis
1882 3479 2018 3546 mugilum

1212 3548 1286 3593 stato
1298 3541 1559 3609 temporeangustia
1569 3541 1697 3594 lancibus
1706 3547 1798 3612 stagni
1808 3545 1839 3596 in
1848 3561 2020 3599 marearum-

1212 3614 1262 3679 pit,
1285 3612 1434 3663 observata
1445 3617 1538 3663 aestus
1550 3614 1781 3679 reciprocatione.
1819 3615 1881 3677 Qua
1890 3616 1925 3670 de
1935 3632 2020 3669 carisa

1212 3679 1357 3749 praetendi
1368 3695 1423 3732 nen
1444 3687 1549 3747 queunt
1560 3684 1645 3744 retia,
1666 3698 1756 3753 aeque
1774 3685 1875 3737 molem
1888 3687 2019 3754 ponderis

1212 3751 1289 3803 nullo
1300 3750 1384 3803 niodo
1396 3749 1563 3814 toleratura,
1584 3752 1695 3804 etiamsi
1716 3769 1770 3806 non
1781 3755 1898 3808 solertia
1908 3756 2020 3807 insidia

1212 3828 1259 3873 tur
1271 3822 1400 3886 tempori.
1436 3820 1529 3872 Simili
1543 3824 1653 3874 ratione
1672 3822 1702 3873 in
1721 3824 1810 3876 altum
1821 3826 1950 3892 protinus
1962 3834 2020 3878 ten·

1212 3891 1289 3953 dunt,
1310 3889 1383 3958 quod
1394 3888 1483 3941 ricino
1493 3893 1606 3959 gurgite
1618 3891 1747 3953 efficitur,
1770 3893 1917 3963 locunrque
1927 3895 2019 3948 solum

1211 3959 1365 4028 pandendis
1376 3960 1482 4012 retibus
1493 3960 1613 4013 habilem
1626 3961 1750 4030 effugere
1762 3963 1906 4018 festinant.
1937 3965 2018 4028 Quod

1211 4031 1259 4082 ubi
1269 4029 1491 4082 animadvertere
1503 4030 1656 4098 piscantes,
1677 4036 1829 4095 (concurrit
1844 4043 1935 4087 autem
1948 4037 2018 4087 mul·

1211 4101 1304 4152 titudo
1316 4100 1452 4166 temporis
1463 4116 1561 4169 gnara,
1573 4107 1602 4153 et
1613 4102 1702 4170 magis
1715 4105 1800 4155 etiam
1810 4106 1963 4173 voluptatis
1971 4105 2019 4158 hu·

1212 4172 1255 4223 ius
1266 4170 1370 4233 arida)
1392 4176 1524 4239 totusque
1541 4172 1659 4240 populus
1675 4188 1691 4224 e
1710 4172 1796 4228 litore
1812 4184 1914 4244 quanto
1926 4182 2019 4241 potest

1211 4240 1333 4292 clanmre
1354 4242 1462 4292 corruet
1482 4240 1623 4295 Simonem
1645 4244 1680 4295 ad
1702 4246 1856 4311 spectaculi
1874 4254 2018 4300 eventum:

1212 4310 1343 4364 celeriter
1360 4310 1484 4378 delphini
1497 4314 1652 4366 exaudiunt
1674 4315 1830 4379 desideria,
1853 4317 2018 4386 Aquilonum

1210 4379 1279 4433 ilatu
1290 4396 1387 4433 vocem
1400 4397 1484 4448 prose
1503 4391 1596 4447 uente,
1608 4387 1711 4437 Austro
1723 4401 1789 4438 vero
1800 4388 1907 4438 tardius
1920 4402 1953 4438 ex
1967 4384 2018 4437 ad·

1210 4466 1293 4504 verso
1305 4450 1454 4504 referente.
1482 4399 1537 4505 ges
1551 4460 1609 4506 tuni
1621 4470 1729 4523 quoque
1740 4456 1891 4523 improriso
1903 4457 1931 4506 in
1943 4456 2022 4506 auxi·

1211 4520 1280 4573 hum
1292 4522 1433 4574 advolant.
1470 4521 1625 4589 Properate
1635 4531 1753 4590 apparet
1764 4526 1855 4586 acies,
1875 4539 1947 4588 quue
1956 4538 2021 4588 pro·

1211 4591 1286 4642 tinus
1307 4591 1501 4658 disponiturin
1514 4593 1586 4655 loco,
1607 4595 1652 4645 ubi
1671 4593 1811 4643 coniectus
1829 4598 1872 4642 est
1891 4605 2018 4657 pugnae:

1211 4668 1354 4728 opponunt
1374 4661 1481 4714 seseab
1492 4662 1564 4713 alto:
1585 4661 1764 4727 trepidosque
1781 4662 1808 4711 in
1825 4659 1896 4713 rada
1907 4673 2019 4729 urgent.

1210 4733 1281 4782 'luni
1304 4731 1455 4797 piscatores
1475 4729 1651 4781 circumdant
1672 4729 1751 4791 retia,
1773 4729 1914 4799 furcisque
1927 4733 2019 4784 suble·

1210 4808 1289 4851 rant:
1300 4800 1435 4865 mugilum
1446 4796 1623 4849 nihilominus
1634 4797 1770 4851 velocitas
1783 4801 1912 4853 transilit.
1935 4805 1970 4855 At
1980 4802 2017 4854 il·

1211 4869 1255 4920 los
1267 4868 1410 4934 excipiunt
1421 4853 1559 4933 delphini,
1578 4874 1606 4920 et
1618 4867 1752 4919 occidisse
1764 4870 1798 4921 ad
1812 4886 1944 4937 praesens
1956 4885 2020 4923 con·

1211 4938 1289 4999 tenti,
1310 4938 1388 4988 cibos
1400 4941 1426 4989 in
1438 4938 1583 4988 victoriani
1595 4936 1738 4990 differunt.
1776 4941 1867 5009 Opere
1877 4942 2016 5009 proelium

1212 5006 1310 5069 ferret,
1320 5007 1477 5076 includique
1488 5008 1594 5060 retibus
1605 5024 1635 5061 se
1645 5007 1796 5064 fortissime
1810 5019 1939 5079 urgentes
1950 5026 2018 5080 gau·

1212 5076 1293 5129 dente
1314 5093 1347 5128 ac
1360 5093 1393 5130 ne
1405 5078 1434 5129 id
1447 5078 1535 5145 ipsum
1547 5076 1644 5146 lugam
1656 5078 1776 5132 hostium
1790 5082 1925 5146 stimulet,
1945 5082 2018 5135 inter

1212 5146 1323 5213 navigia
1334 5155 1362 5199 et
1375 5150 1456 5209 retia,
1470 5154 1633 5201 natantesve
1643 5147 1779 5213 homines,
1792 5153 1833 5203 ita
1842 5155 1946 5204 sensim
1959 5151 2019 5203 ela·

1210 5218 1322 5278 buntur,
1334 5224 1364 5268 ut
1376 5220 1479 5269 exitum
1492 5235 1546 5272 non
1560 5219 1696 5286 aperiant.
1707 5220 1795 5284 Saltu,
1807 5221 1879 5289 quod
1892 5230 1935 5274 est
1944 5222 2017 5273 alias

1210 5285 1422 5339 blandissimum
1435 5286 1487 5349 his,
1507 5290 1599 5340 nullos
1613 5295 1730 5341 conatur
1747 5292 1880 5354 eradere,
1902 5293 1930 5343 ni
1943 5306 2017 5342 suni-

1211 5358 1361 5410 mittantur
1371 5357 1424 5408 sibi
1436 5357 1515 5410 retia.
1551 5359 1689 5426 Egressus
1699 5362 1825 5427 protinus
1837 5369 1901 5415 ante
1911 5361 2016 5413 sallum

1212 5427 1375 5494 proeliatur.
1411 5427 1455 5479 lta
1475 5435 1589 5494 peracta
1609 5437 1732 5496 captura,
1754 5446 1824 5500 quos
1840 5434 2017 5492 interemere,

1211 5497 1353 5564 diripiunt.
1390 5494 1446 5549 Sed
1458 5498 1592 5550 enixioris
1605 5514 1714 5566 operae,
1734 5517 1815 5569 quam
1826 5504 1854 5553 in
1866 5503 1947 5552 unius
1958 5499 2018 5552 diei

1211 5569 1374 5635 praemium,
1385 5567 1558 5630 consciisibi,
1570 5574 1752 5636 opperiuntur
1763 5572 1789 5622 in
1798 5579 1954 5639 posterum:
1967 5586 2018 5623 aaa

1209 5636 1332 5705 piscibus
1342 5643 1461 5700 tantum,
1472 5639 1522 5691 sed
1534 5639 1632 5691 intrita
1644 5641 1722 5709 panis
1733 5656 1749 5691 e
1759 5643 1824 5693 rino
1835 5638 1981 5694 satiantur.
