4356 6014
313 322 347 383 C.
374 315 771 385 rurrtllsrzcun'ui
804 319 972 382 NATUR.
1003 322 1194 385 rtisroia
1226 319 1316 384 Lis.
1339 322 1412 385 XV.
1446 326 1540 388 CAP.
1565 327 1686 388 29·3il.
1766 331 1827 392 18?

164 476 407 532 iobssurturest,
426 470 647 539 quinquagenam
660 468 817 523 cubitorum
826 470 973 526 altitudine

164 546 194 597 ia
205 543 309 595 Arabia
320 556 381 594 esse
393 554 449 591 eas.

203 609 308 665 xxix.
329 610 478 664 acirrorum
501 620 609 674 quoque
633 622 732 675 magna
749 614 792 660 est
807 606 971 663 differentia.

165 681 291 734 Primum
303 679 376 730 inter
387 693 456 730 uras
467 677 543 744 ipsas
554 676 635 739 calio,
659 678 820 741 teneritate,
840 679 971 731 crussitu-

168 752 243 813 dine,
256 748 392 803 interiore
405 747 493 813 ligno,
514 744 581 797 aliis
594 761 689 812 parra,
710 755 739 799 nt
751 748 816 799 aliis
827 750 911 801 etlam
924 764 972 816 ge·

167 821 251 882 nriaq,
263 819 310 885 qui
320 818 434 869 minime
447 816 553 869 ieruees
566 817 659 867 musti.
675 816 827 867 Plurimum
840 832 906 870 reru
918 819 971 871 dii·

166 892 261 943 ierunt
271 888 373 942 ederae
385 886 567 951 saarbucique
577 886 649 937 acini
660 903 666 936 ι
678 893 707 937 ιι
718 887 809 952 ligura
820 889 904 939 etiam
918 888 970 940 Pu·

167 961 231 1021 aici,
254 957 384 1025 angulosi
393 956 502 1024 'quippe
520 950 584 1006 soii.
619 955 678 1007 Nec
689 958 759 1007 cutis
771 958 830 1008 ulla
840 957 970 1026 singulis,

167 1037 279 1099 praeter
290 1042 475 1090 communem,
489 1041 560 1093 quae
571 1030 615 1076 est
626 1025 751 1079 candida.
764 1027 900 1095 ‘l'otisque
910 1044 970 1079 suc·

165 1116 213 1151 cas
224 1107 252 1153 et
265 1098 440 1161 carnesque
451 1096 612 1166 praecipue,
628 1096 729 1161 quibus
739 1096 883 1163 parvulum
896 1096 969 1150 iaest

165 1170 245 1222 lieni.

187 1212 305 1307 ”Magna
323 1244 351 1290 et
369 1236 465 1290 baccis
481 1235 649 1289 differentia.
686 1233 969 1301 Aliaenanrquesuat

165 1308 257 1372 olicis,
269 1308 370 1361 laura:
383 1315 412 1359 et
423 1307 479 1358 alie
489 1306 575 1357 niodo
587 1306 655 1365 loto,
667 1305 770 1365 cornis:
790 1304 847 1355 alio
860 1304 968 1371 myrtis,

101 1411 110 1427 .
165 1380 291 1431 lentisco.
328 1375 556 1445 iiquiiolioeaim
579 1374 892 1440 nespinaesinesucca:
913 1386 969 1426 me·

165 1449 268 1516 dieque
279 1448 432 1501 etianrnum
447 1460 549 1512 genere
561 1446 634 1495 inter
651 1444 751 1495 baccas
764 1442 912 1508 acinosque
923 1457 967 1495 re·

164 1519 244 1570 rasis.
280 1517 395 1569 Pomum
408 1515 450 1566 his
462 1517 550 1581 primo
561 1511 718 1575 candidum,
730 1518 758 1565 ιι
769 1511 828 1564 iere
840 1511 968 1564 omnibus

164 1588 264 1639 baccis.
301 1582 444 1637 Motaiiis
457 1582 586 1643 virescit,
609 1582 743 1641 utoliris,
767 1581 867 1633 lauris:
888 1582 968 1633 rubet

165 1671 229 1709 reru
244 1657 337 1713 aruris,
350 1655 463 1715 cerasis,
474 1652 575 1705 corais.
605 1651 715 1703 Deinde
726 1651 862 1720 nigrescit
872 1651 967 1717 aroris,

165 1727 276 1783 cerasis,
291 1722 383 1774 olicis.

199 1793 286 1846 xllx.
301 1793 397 1844 t'erasi
408 1798 473 1844 uate
485 1789 857 1844 victoriamMitbr-idaticam
869 1792 901 1843 ι..
915 1791 967 1842 la·

164 1863 230 1916 culli
242 1877 295 1913 noa
309 1863 384 1914 i'ucre
397 1863 425 1912 io
438 1863 528 1913 ltalia.
552 1861 592 1913 Ad
608 1861 689 1913 Urbis
699 1876 801 1913 ιιιιιιιιιιι
815 1860 967 1923 ucnxxx

163 1938 187 1985 is
200 1936 317 2000 pariorum
330 1933 406 1984 rexit
418 1947 433 1983 e
445 1930 533 1983 Ponto
543 1949 549 1980 z
561 1932 694 1996 sanisque
707 1931 782 1978 CXX
794 1939 870 1979 trans
883 1920 967 1977 Ocea·

163 2019 228 2056 aum
240 2003 269 2055 ia
281 2002 453 2055 Britanniam
466 2015 552 2066 usquc
565 2013 725 2067 pervenere.
754 1998 911 2060 lindenaet
922 1995 965 2047 di·

163 2074 262 2131 simus,
283 2073 311 2122 ia
323 2074 452 2137 Aegypte
464 2071 541 2119 nulla
551 2082 619 2120 cura
631 2076 747 2133 peterere
760 2066 847 2135 gigni.
885 2068 967 2118 Cera·

163 2157 259 2194 sorum
275 2142 435 2207 Aproniana
456 2137 575 2188 nranime
596 2139 707 2189 rubent:
731 2136 883 2258 carperania
902 2142 967 2187 sunt

161 2212 291 2264 Lutetia:
304 2209 465 2262 Caeciliana
476 2220 542 2259 reru
557 2212 586 2259 et
598 2205 728 2258 rotunda.
781 2207 892 2258 uaiaais
901 2220 965 2274 gra·

162 2289 209 2334 tus
228 2295 322 2347 sapor,
343 2279 391 2331 sed
415 2291 504 2343 paene
521 2281 630 2328 tantum
641 2276 694 2328 sub
704 2275 805 2329 arbore
817 2291 876 2338 sua,
896 2276 966 2328 adea

161 2359 282 2413 teneris,
303 2355 333 2400 ιιι
343 2355 486 2416 gestatum
497 2361 553 2398 aaa
564 2348 693 2399 tolerent.
731 2344 908 2415 Principatus
919 2345 984 2396 dum

161 2421 276 2479 racirris,
287 2433 357 2485 quae
368 2417 496 2469 Pliniana
505 2417 657 2483 Campania
666 2417 806 2483 appellat:
818 2417 845 2466 ia
854 2416 969 2483 Belgica

161 2505 230 2543 acro
242 2488 394 2540 Lusitanis.
431 2488 460 2539 ia
474 2487 543 2553 ripis
554 2488 639 2541 ctiam
652 2486 749 2547 Rheni,
760 2486 861 2538 tertius
872 2485 909 2535 iis
920 2498 967 2535 co·

159 2559 206 2611 les
216 2575 232 2611 e
243 2556 324 2625 nigre
336 2574 369 2608 ac
380 2554 492 2607 rubenti
503 2556 649 2622 viridique,
670 2556 770 2607 similis
782 2562 968 2606 maturescen-

158 2629 237 2681 tibus
250 2640 367 2691 semper.
403 2623 497 2676 Minus
508 2624 724 2690 quinquennium
740 2628 797 2686 est,
818 2622 893 2690 quod
905 2632 967 2689 pru·

157 2698 329 2760 dierc,quae
342 2700 440 2743 rurant
450 2693 554 2753 laurea,
562 2708 615 2743 aon
627 2694 753 2744 inaratae
764 2691 967 2751 amaritudinis,

156 2765 267 2820 insitae
279 2762 307 2813 in
320 2762 407 2814 lauro.
445 2762 515 2815 Sunt
527 2769 555 2814 et
565 2733 748 2814 Macedonica
770 2776 874 2829 panae
886 2762 967 2813 arbu-

158 2837 211 2897 ιιι,
223 2847 344 2900 raroque
354 2832 412 2883 tria
422 2832 518 2884 cubita
529 2832 700 2885 excedentis:
712 2838 741 2884 et
752 2832 858 2883 minore
869 2832 967 2883 etiam·

121 2914 145 2962 l·
158 2921 226 2959 nunr
247 2902 363 2964 frutice,
384 2901 598 2967 ebanraeccrasi.
629 2902 704 2953 inter
723 2903 813 2968 quinia
824 2901 877 2952 boc
888 2918 904 2953 e
916 2916 965 2967 po·

160 2976 216 3028 niis
233 2974 334 3026 colono
354 2974 474 3039 gratiam
492 2987 611 3023 arianam
625 2969 722 3022 reiert.
759 2970 966 3037 Septemtrione

161 3044 329 3113 frigidisque
350 3041 466 3109 gaudet:
486 3042 608 3093 siccatur
630 3041 716 3093 etiam
729 3038 804 3103 Sole,
824 3040 967 3092 conditur·

161 3129 226 3182 que,
237 3123 268 3164 ut
279 3114 363 3173 aliea,
374 3111 458 3164 cadis.

198 3181 301 3234 XXXl.
320 3183 399 3246 Quae
409 3196 476 3233 cura
487 3186 516 3233 et
529 3181 631 3244 corais,
652 3186 735 3248 atque
748 3180 832 3233 etiam
845 3179 965 3232 lentisco

163 3251 360 3309 adhibetur.ae
371 3249 438 3319 quid
450 3264 505 3302 noa
516 3250 636 3302 benriais
648 3250 737 3303 veratri
751 3258 845 3301 natum
857 3266 917 3303 esse
931 3251 967 3300 ri.

163 3323 271 3376 deutur.
300 3322 454 3373 Miscentur
465 3334 593 3387 sapores,
603 3327 632 3372 ct
641 3320 697 3371 aliu
709 3320 784 3371 alius
796 3323 908 3387 placere
918 3336 964 3372 cu·

163 3393 247 3461 gitur.
274 3391 427 3443 Miscentur
438 3405 504 3442 vero
515 3397 544 3443 et
552 3400 645 3443 terrae
657 3389 784 3456 caelique
795 3398 913 3441 tractus.
936 3390 966 3440 ln

163 3461 221 3512 alio
233 3461 287 3514 cibi
297 3477 399 3528 genere
411 3459 490 3512 india
510 3459 675 3521 advocatur,
694 3459 724 3510 ia
746 3460 803 3513 aliu
813 3461 966 3527 Aegyptus,

164 3533 256 3591 Creta,
268 3533 384 3599 Cyrene,
395 3530 576 3598 singulaeque
588 3537 688 3581 terrae.
708 3528 767 3583 Nec
778 3538 869 3581 cessat
880 3532 909 3580 in
919 3544 965 3581 re·

164 3601 270 3653 aeiiciis
282 3603 347 3664 rita,
359 3598 509 3652 duararodo
521 3600 615 3651 omnia
626 3598 751 3651 deraret.
786 3598 902 3651 Planius
913 3596 966 3650 boc

166 3672 212 3724 liet
224 3670 251 3721 ia
263 3668 409 3723 herbarum
422 3678 531 3722 natura.

198 3740 313 3793 ΧΧΧΙΙ.
335 3739 451 3793 interim
473 3754 543 3808 quae
562 3743 627 3789 sunt
648 3738 806 3789 comaiuaia
826 3746 855 3789 et
876 3739 966 3805 pontis

164 3811 345 3878 carnibusque
355 3810 460 3872 succis,
482 3823 613 3875 saporum
629 3808 809 3876 generaXlil
822 3809 964 3874 reperiun·

164 3888 225 3931 tar:
247 3879 347 3941 dulcis,
359 3880 463 3941 suavis,
484 3878 602 3947 pinguis,
614 3893 734 3939 anterus,
744 3886 881 3937 austerus,
893 3892 965 3937 acer,

162 3956 272 4012 acutus,
292 3951 419 4011 acerbus,
439 3949 543 4007 acidas,
557 3948 657 3998 salsus.
694 3946 811 3997 Praeter
822 3945 898 4007 baec,
912 3946 967 3997 tria

162 4026 228 4070 sunt
239 4034 342 4087 genera
351 4016 475 4069 mirabili
485 4015 604 4067 nranime
617 4023 725 4067 natura.
764 4016 861 4076 Unuai,
873 4017 899 4065 in
912 4031 965 4083 quo

163 4088 258 4169 piures
269 4090 373 4154 pariter
384 4086 543 4138 sentiuntur
553 4082 677 4152 sapores,
689 4092 720 4136 ut
732 4084 809 4136 cinis.
840 4085 966 4151 Namque

162 4173 190 4208 ιιι
213 4155 255 4209 iiis
276 4168 304 4209 et
325 4163 461 4217 austerus,
482 4163 679 4228 etacutumt
699 4153 797 4214 dulcis,
818 4157 965 4205 etsuaris:

163 4240 259 4279 ornnes
272 4227 367 4278 alieni.
403 4225 527 4275 Alteram
538 4233 582 4275 est
592 4239 688 4291 genus,
705 4224 733 4274 ia
745 4239 799 4291 quo
811 4225 849 4277 sit
860 4231 888 4276 ct
900 4224 966 4275 alie·

162 4312 214 4349 aus
226 4296 350 4365 quidem,
372 4293 421 4343 sed
435 4302 463 4344 et
473 4308 538 4342 suus
550 4293 661 4357 quidam
673 4308 706 4343 ae
717 4293 873 4358 peculiaris,
892 4302 924 4345 ut
937 4293 965 4344 in

161 4365 246 4420 laete.
282 4361 423 4430 Siquidem
437 4362 509 4412 inest
521 4360 556 4422 ιι,
577 4360 650 4428 qaod
664 4369 754 4413 taaien
764 4364 824 4413 iure
836 4363 894 4414 dici
906 4363 965 4413 dul·

162 4452 202 4500 ce,
213 4440 243 4489 et
256 4433 370 4500 pingue,
389 4437 417 4483 ct
426 4446 512 4482 auare
524 4443 579 4480 aon
591 4438 694 4496 posset,
713 4431 858 4483 obtinente
871 4433 966 4483 lenita·

162 4514 200 4568 te,
222 4518 295 4573 quac
305 4503 367 4568 ipsa
377 4500 500 4551 succedit
516 4500 665 4566 insuperis
677 4500 773 4551 ricem.
811 4500 910 4552 Nullus
922 4501 967 4552 Ιιιι

162 4577 259 4643 aquis,
280 4589 315 4625 ne
326 4585 425 4622 succus
436 4570 562 4639 quiricae,
587 4576 617 4620 ut
635 4577 727 4621 tannen
740 4585 774 4621 eo
786 4569 848 4637 ipso
859 4571 908 4622 liat
918 4571 967 4623 aii·

163 4645 237 4714 quis,
249 4660 281 4695 ac
291 4657 371 4694 saum
382 4656 468 4709 genus
480 4639 575 4691 iaciat.
588 4639 691 4691 Sentiri
703 4638 814 4706 quidem
824 4655 913 4706 aquae
925 4656 968 4692 sa·

163 4714 367 4781 parentalium
388 4725 544 4771 succurere,
566 4710 663 4760 citium
685 4718 738 4761 eat.
776 4710 908 4778 Magnum
923 4709 967 4762 las

163 4786 297 4837 carnibus
317 4783 343 4834 ιιι
365 4781 453 4833 odore
476 4787 655 4839 nrtrraeotum,
676 4787 704 4829 ιι
717 4782 966 4847 nraguacugaatio,

163 4856 211 4922 qui
223 4857 282 4922 ipse
294 4851 388 4904 aniius
398 4859 441 4902 est
453 4850 544 4917 aquis:
565 4857 613 4900 arnt
623 4849 647 4899 si
659 4849 790 4909 sentitur,
803 4850 917 4900 cornino
929 4851 967 4900 ri·

163 4926 233 4976 tiurn
246 4929 297 4975 est.
333 4922 447 4981 Mirum,
468 4920 524 4970 tria
535 4925 652 4970 naturae
664 4918 814 4985 praecipua
825 4919 964 4972 elementa

161 4996 415 5061 siaesaporeesse,
434 4987 603 5050 sinceriore,
620 4989 791 5041 siacsucco:
812 5003 965 5057 squamae·

163 5079 226 5126 ra,r
250 5079 307 5114 aes.
722 5108 727 5119 ,

197 5079 326 5185 ΧξΧΙΙΙ.
345 5130 420 5198 Ergo
431 5144 576 5181 succuram
590 5129 680 5180 rinnai
692 5130 764 5196 piro,
785 5143 873 5191 moro,
890 5143 967 5197 myr-

161 5210 207 5253 to:
230 5199 441 5267 minime(quod
452 5202 595 5255 miremur)
608 5198 676 5250 uris.
713 5201 748 5250 iit
761 5199 889 5266 pingues,
912 5199 964 5250 aii·

161 5286 223 5333 rae,
244 5270 417 5332 larrro,'auci
439 5268 572 5338 iuglandi,
595 5266 766 5336 amygdalis:
789 5267 885 5320 dulces
895 5269 966 5330 uris,

161 5339 231 5403 licit,
242 5339 355 5407 palaris:
378 5355 500 5407 aquosas
512 5338 617 5403 prunis.
653 5339 758 5406 Magna
768 5337 926 5391 differentia
936 5346 965 5388 et

158 5410 189 5460 in
200 5412 297 5462 coliae
307 5411 392 5461 succi.
429 5408 603 5475 Sanguineas
615 5409 712 5468 moris,
732 5408 848 5470 cerasis,
861 5406 964 5467 cornis,

158 5481 222 5531 aris
234 5479 333 5547 nigris.
353 5478 429 5530 idem
441 5477 511 5529 albis
523 5478 666 5530 canendus.
695 5477 815 5530 Lacteus
828 5478 855 5528 ia
869 5475 963 5541 capite

157 5548 229 5613 iicis,
250 5550 279 5602 in
299 5563 416 5616 corpore
436 5561 489 5598 noa
505 5549 584 5598 item:
605 5562 736 5614 spumeus
750 5547 846 5597 malis:
869 5545 963 5596 nullus

154 5616 292 5683 Persicis,
312 5634 375 5674 cum
387 5616 552 5685 praesertim
564 5614 698 5669 duracina
707 5631 791 5669 succo
803 5615 962 5668 abundent:

1026 472 1075 526 sed
1087 475 1149 557 quis
1160 477 1221 529 elus
1231 475 1318 529 ullum
1332 476 1438 529 dixerit
1448 477 1590 531 ιοιοιιιιιι
1610 477 1669 531 Sua
1684 484 1712 531 et
1723 481 1750 531 ia
1761 480 1828 533 adn·

1026 558 1058 595 re
1070 546 1214 598 miracula.
1250 547 1452 610 Malisaeutus,
1473 547 1593 600 Persicis
1605 547 1826 611 dilatas,'‹ioici·

1025 613 1077 664 bas
1096 614 1197 665 nullus.
1234 616 1304 668 Nom
1326 623 1354 668 ιι
1371 617 1465 668 sinam
1483 617 1540 667 talc
1552 619 1720 670 siaeudme:
1743 628 1825 671 tratre

1025 682 1187 735 odoratius:
1199 684 1343 751 multoque
1354 685 1693 739 celeriustaliaadnasam
1703 688 1825 751 reaiuat,

1027 767 1109 819 quum
1122 754 1248 820 pinguia.
1285 754 1364 815 Quae
1375 757 1508 815 odorata,
1529 770 1584 809 aaa
1596 758 1690 807 callem
1702 758 1728 806 ia
1740 765 1825 823 gustu

1023 828 1135 873 tenera:
1147 822 1213 889 qula
1223 838 1276 874 oon
1287 832 1351 874 sunt
1362 826 1467 889 pariter
1478 825 1547 877 odor
1556 833 1586 878 et
1596 840 1689 891 sapor.
1723 830 1825 886 Quam·

1025 891 1120 943 obrem
1143 892 1238 942 citreis
1258 890 1329 942 odor
1349 895 1518 956 acerrimus,
1538 908 1623 962 sapor
1642 895 1823 959 asperrimus:
1917 881 1946 935 ι’
1968 916 1984 931 .,
2016 882 2020 889 ’
2052 872 2063 889 ⁸

1024 960 1225 1027 quadamtenus
1235 968 1264 1011 ιι
1274 963 1413 1012 cotoneis:
1428 964 1574 1029 nullusque
1585 963 1655 1015 odor
1665 963 1732 1014 licis.

1059 1029 1185 1082 xxxiv.
1205 1030 1242 1081 Et
1264 1027 1398 1082 hactenus
1416 1033 1473 1082 siat
1492 1032 1600 1097 species
1620 1049 1653 1084 ac
1664 1047 1767 1099 genera
1777 1049 1824 1102 pn·

1024 1112 1144 1161 morum,
1154 1106 1267 1153 naturas
1279 1100 1384 1151 arctius
1394 1100 1490 1167 colligi
1502 1116 1552 1167 par
1562 1110 1613 1152 est.
1641 1104 1705 1154 Alia
1714 1105 1823 1172 siliquis

1024 1168 1185 1234 gignuntur,
1197 1168 1266 1234 ipsis
1278 1168 1417 1232 dulcibus,
1428 1184 1575 1234 semenque
1586 1172 1735 1237 complexis
1746 1190 1821 1228 aare·

1023 1251 1098 1287 ruat:
1120 1251 1182 1287 cunr
1204 1240 1231 1289 ia
1249 1236 1375 1303 pluribus
1396 1239 1502 1291 sentina
1522 1241 1661 1304 placeant,
1680 1243 1708 1293 ia
1718 1244 1823 1313 siliqua

1023 1305 1196 1357 damnentur.
1232 1306 1408 1371 Aliabuccis,
1430 1322 1545 1374 quarum
1568 1309 1770 1379 intusiignum,
1794 1319 1822 1364 ιι

1022 1382 1103 1427 extra
1113 1389 1188 1439 caru,
1198 1382 1229 1427 ιιι
1239 1376 1330 1440 alitis,
1348 1379 1461 1429 cerasis.
1497 1378 1658 1447 aliquorum
1672 1384 1744 1431 intus
1755 1382 1821 1433 bac·

1022 1459 1080 1506 cae,
1092 1443 1163 1495 ioris
1175 1445 1326 1513 ligaum,ut
1336 1444 1379 1498 his
1390 1463 1460 1514 quac
1473 1448 1500 1498 ιιι
1512 1449 1639 1514 Aegypto
1650 1448 1769 1502 diximus
1782 1452 1823 1519 gl·

1022 1516 1079 1582 gni.
1107 1513 1185 1576 Quae
1196 1516 1290 1568 baccis
1299 1524 1406 1581 natura,
1418 1516 1515 1570 eadem
1529 1526 1556 1570 ιι
1569 1517 1665 1583 periris.
1697 1518 1822 1572 illiorum

1021 1586 1097 1636 intus
1108 1600 1217 1651 corpus,
1229 1592 1257 1637 et
1269 1584 1339 1637 ioris
1350 1586 1468 1654 iignum,
1485 1596 1516 1639 ut
1528 1600 1637 1637 nucum.
1673 1587 1822 1643 allisionis

1020 1669 1129 1721 corpus,
1144 1655 1219 1706 intus
1230 1655 1346 1721 lignum,
1365 1664 1397 1708 ut
1407 1656 1527 1709 Persicis
1538 1664 1567 1708 et
1579 1655 1688 1721 prunis:
1709 1656 1821 1710 citium·

1020 1739 1073 1791 que
1094 1724 1214 1775 cinctum
1235 1723 1338 1789 tmere,
1358 1740 1420 1777 cuni
1436 1727 1544 1778 fructus
1555 1726 1622 1778 alibi
1635 1728 1775 1779 muniatur
1786 1729 1824 1779 ri·

1020 1794 1069 1844 tio.
1107 1792 1254 1847 Putamlae
1276 1795 1444 1848 clauduntur
1459 1812 1553 1857 nuces,
1575 1795 1653 1846 curio
1667 1805 1823 1850 castaneae.

1021 1860 1188 1914 Detrahitur
1199 1862 1253 1913 buc
1263 1865 1313 1917 iis:
1324 1874 1355 1916 at
1363 1866 1390 1916 in
1401 1867 1527 1933 mespilis
1536 1864 1688 1916 manditur.
1725 1867 1824 1918 Crania

1021 1935 1156 1994 tegentur
1165 1931 1291 1995 glandes,
1301 1939 1364 1984 cutc
1376 1947 1454 1995 urae,
1475 1936 1550 1987 coriu
1561 1941 1590 1985 ιι
1602 1936 1762 1989 arearbraaa
1773 1934 1825 1987 Pu·

1021 1998 1091 2049 nica.
1130 1999 1219 2051 Carne
1239 2007 1267 2053 ιι
1277 2015 1360 2053 succo
1382 2011 1610 2063 mosacenstaot,
1630 2012 1823 2057 cuteetsuccn

1020 2068 1118 2121 cerasi.
1157 2068 1300 2131 Quaedam
1311 2073 1407 2124 statim
1419 2087 1437 2123 a
1448 2073 1523 2141 ligna
1534 2070 1675 2133 recedunt,
1687 2082 1719 2123 ιιι
1730 2091 1824 2136 nuces,

1020 2144 1049 2191 et
1061 2139 1180 2206 palatae.
1216 2140 1359 2203 Quaedam
1371 2141 1534 2204 adbaerent,
1544 2148 1577 2192 ιιι
1587 2139 1681 2193 olirsa
1689 2142 1823 2211 laurique

1021 2210 1203 2271 Quorundam
1224 2211 1321 2276 generi
1332 2216 1450 2278 utraque
1461 2219 1506 2264 est
1517 2218 1629 2273 natura,
1651 2218 1683 2262 ιιι
1693 2211 1822 2264 Persicis.

1020 2278 1130 2331 Etenim
1143 2278 1283 2347 duracinis
1295 2279 1429 2332 adhaeret
1439 2295 1550 2351 corpus,
1571 2281 1730 2348 elignoque
1741 2281 1825 2335 arcili
1847 2290 1871 2323 τ’
1880 2269 1941 2325 ι’·ι-
1959 2268 2025 2317 ·'·...
2061 2270 2079 2315 ἰ
2088 2298 2114 2321 a·

1022 2352 1129 2414 nequit:
1142 2363 1203 2399 cunr
1215 2346 1242 2399 ιιι
1254 2348 1355 2402 ceteris
1367 2348 1450 2402 facile
1461 2356 1617 2416 separetur.
1649 2351 1824 2414 Quibusdam
1897 2350 1904 2365 “

1022 2433 1073 2468 aec
1084 2419 1170 2481 intus,
1181 2433 1231 2470 nec
1241 2426 1322 2471 extra
1332 2419 1447 2487 lignum,
1465 2428 1495 2471 ut
1506 2419 1534 2471 ia
1547 2419 1701 2486 paintarum
1712 2437 1822 2491 genere

1021 2486 1182 2553 aliquorum
1193 2482 1301 2554 lignum
1313 2493 1400 2555 ipsum
1412 2489 1441 2539 in
1452 2503 1505 2541 usu
1517 2495 1545 2540 ιι
1556 2489 1631 2554 panti
1643 2489 1712 2548 rice,
1734 2498 1765 2540 ut
1776 2504 1823 2556 ge·

1021 2556 1082 2605 ιιιιι
1103 2571 1146 2605 aar
1169 2556 1278 2623 gdaiae,
1297 2572 1378 2624 quam
1399 2561 1426 2609 ia
1446 2560 1576 2625 Aegypto
1594 2556 1673 2626 gigni
1693 2558 1823 2611 diximus.

1021 2625 1136 2686 Quorun
1158 2639 1201 2675 aar
1214 2632 1309 2689 extra,
1327 2629 1440 2693 gemina
1457 2627 1634 2694 geminantur
1651 2627 1732 2689 ritia,
1752 2635 1782 2678 nt
1794 2629 1822 2678 in

1021 2695 1167 2754 castaneis,
1178 2693 1344 2762 amygdalis,
1357 2696 1527 2763 nucibusque
1538 2695 1732 2762 iuglandibus.
1749 2696 1823 2759 Quo·

1020 2763 1136 2813 runrlam
1149 2769 1250 2814 natura
1260 2764 1471 2832 trigeminaestr
1483 2764 1699 2832 corpas,tlein‹le
1708 2765 1822 2831 lignum,

1021 2847 1172 2899 rursusque
1183 2846 1275 2886 semea
1287 2835 1315 2885 io
1327 2834 1415 2903 ligno,
1427 2840 1458 2884 ut
1470 2835 1599 2887 Persicis.
1629 2834 1771 2897 Quaedam
1783 2838 1822 2895 ia·

1021 2910 1065 2953 ter
1073 2919 1104 2955 se
1116 2903 1211 2965 densa,
1224 2911 1345 2966 arurae,
1356 2904 1451 2955 sorba:
1463 2919 1534 2972 quae
1545 2919 1637 2956 ramos
1648 2905 1823 2958 circumdata

1019 2982 1054 3023 ert
1065 2972 1139 3023 omni
1152 2978 1232 3039 purte
1243 2988 1357 3025 uvarum
1379 2972 1462 3025 rirodo
1478 2974 1639 3042 degravant.
1674 2973 1736 3025 alia
1750 2990 1822 3037 ianr,

1019 3050 1051 3092 ut
1061 3042 1090 3093 in
1102 3041 1231 3094 Persicis.
1256 3042 1397 3107 Quaedam
1409 3041 1472 3093 airu
1485 3044 1671 3105 continentur,
1681 3052 1712 3093 ut
1724 3060 1822 3109 grano·

1018 3117 1058 3162 ta.
1088 3113 1255 3180 Dependent
1265 3112 1321 3164 alia
1331 3111 1476 3179 pediculis,
1486 3120 1517 3164 ut
1528 3113 1598 3178 pira.
1619 3111 1681 3164 aria
1694 3115 1821 3174 racemis,

1020 3189 1051 3232 ut
1063 3197 1142 3246 urae,
1163 3183 1283 3249 palmae.
1319 3182 1385 3235 alia
1403 3188 1433 3233 ιι
1457 3182 1592 3250 pediculis
1604 3184 1771 3246 etracemis,
1791 3192 1822 3234 ut

1019 3252 1130 3311 ederae,
1141 3251 1275 3303 sambuci.
1310 3251 1372 3302 ntra
1383 3265 1461 3303 ramo
1472 3249 1634 3313 adhaereat,
1647 3251 1718 3303 utin
1731 3254 1819 3305 lauro.

1019 3321 1162 3387 Quaedam
1174 3328 1295 3390 utruque
1306 3320 1403 3383 arado,
1425 3326 1456 3370 ut
1468 3319 1565 3371 olivae.
1602 3320 1672 3371 Nam
1685 3329 1712 3372 et
1724 3323 1821 3373 breves

1019 3391 1141 3461 pediculi
1152 3398 1181 3444 ιι
1192 3391 1278 3458 longi.
1290 3390 1432 3454 Quaedam
1444 3389 1566 3441 vasculis
1579 3395 1715 3449 cerastaei,
1727 3403 1758 3441 ut
1770 3391 1821 3442 Pu·

1020 3464 1082 3514 nica
1094 3469 1124 3512 et
1139 3460 1264 3528 mespila,
1275 3460 1404 3527 lotosque
1416 3460 1443 3510 ia
1455 3459 1581 3526 Aegypto
1594 3464 1622 3509 et
1633 3457 1783 3525 Euphrate.

1053 3531 1112 3583 lara
1126 3545 1191 3582 cero
1203 3529 1314 3581 dirersa
1324 3528 1416 3597 gratia
1436 3535 1467 3579 et
1478 3526 1693 3581 comareadstio.
1731 3529 1820 3582 carne

1019 3601 1125 3668 palmae
1136 3600 1257 3666 placcat,
1266 3595 1535 3659 crusta'l'bebaicae,
1546 3610 1629 3648 succo
1642 3611 1722 3659 uvae,
1734 3605 1762 3650 et
1773 3614 1819 3650 ca·
1849 3620 1854 3625 ·
1867 3619 1874 3627 ·

1018 3677 1130 3739 ryotae:
1153 3669 1224 3721 callo
1237 3670 1299 3735 pira
1310 3682 1343 3719 ac
1353 3668 1435 3729 aiala,
1451 3680 1568 3734 corpore
1579 3665 1730 3726 melimela,
1741 3681 1821 3718 mora

1019 3738 1194 3805 cartilagine,
1205 3737 1298 3789 nuclei
1309 3752 1405 3804 grano.
1417 3736 1560 3800 Quaedam
1573 3736 1599 3786 in
1611 3737 1740 3804 Aegypto
1748 3744 1821 3800 cute,

1019 3809 1176 3861 utcaricae.
1214 3806 1378 3860 Detrahitur
1390 3805 1528 3857 baeciicis
1547 3805 1710 3869 uirentibus,
1730 3813 1761 3857 ιιι
1773 3821 1820 3873 pu·

1019 3888 1128 3931 tameat
1150 3877 1245 3929 eadem
1267 3878 1294 3927 ia
1306 3878 1387 3927 siccis
1397 3877 1517 3926 niaxinre
1528 3874 1629 3942 piacet.
1665 3876 1695 3926 ln
1706 3878 1820 3944 papyris

1018 3956 1047 4000 et
1068 3948 1334 4014 letalis,⁴spiaaqrie
1355 3944 1429 4005 alba,
1450 3943 1540 3996 caulis
1563 3947 1623 4012 ipse
1641 3959 1751 4012 pomum
1767 3952 1819 3996 est.

1019 4018 1090 4069 Sunt
1101 4023 1130 4068 ιι
1140 4015 1235 4067 liculai
1249 4016 1352 4067 caules.
1375 4018 1404 4067 la
1417 4014 1551 4067 lruticoso
1563 4029 1673 4081 genere,
1685 4027 1746 4065 cum
1758 4029 1821 4065 cau·

1018 4089 1045 4140 le
1055 4086 1201 4153 capparis:
1220 4085 1248 4135 in
1258 4085 1369 4151 siliquis
1381 4100 1448 4135 rero
1459 4083 1532 4150 quod
1543 4083 1693 4142 manditur,
1702 4082 1768 4148 quid
1781 4082 1821 4132 ni·

1018 4157 1043 4207 si
1057 4152 1227 4221 lignumestl
1238 4170 1293 4205 non
1306 4153 1462 4223 oririttenda
1471 4154 1584 4205 sentinis
1592 4166 1685 4203 earum
1696 4152 1819 4215 proprie·

1018 4230 1094 4277 tate:
1115 4238 1179 4274 nam
1190 4236 1279 4287 oeque
1290 4236 1399 4288 carpus,
1422 4237 1472 4272 aec
1483 4222 1602 4287 lignum,
1623 4234 1673 4271 nec
1684 4219 1818 4287 cartilago

1019 4293 1073 4346 diei
1086 4299 1189 4359 potest,
1198 4306 1286 4358 neque
1298 4290 1372 4342 aliua
1385 4305 1483 4342 arianen
1496 4289 1626 4341 inveniet.

1053 4359 1167 4415 XXXV.
1186 4358 1338 4411 Succorum
1349 4366 1448 4410 natrrra
1466 4358 1643 4426 praeeipuam
1655 4357 1817 4410 admiratio-

1019 4448 1080 4484 nem
1092 4434 1119 4481 in
1132 4433 1225 4498 myrto
1237 4428 1330 4488 babet,
1342 4428 1452 4494 quando
1464 4442 1497 4479 ex
1509 4442 1564 4479 aaa
1575 4428 1695 4478 earnium
1708 4427 1764 4478 olei
1776 4428 1817 4477 ri·

1020 4502 1103 4569 alque
1114 4501 1181 4551 bina
1192 4513 1296 4565 genera
1305 4498 1383 4548 liunt.
1418 4495 1488 4549 ltem
1501 4497 1698 4569 myrtidanum,
1709 4505 1739 4548 ut
1751 4495 1820 4548 dixi·

1022 4586 1090 4622 mus.
1120 4569 1157 4619 [it
1168 4569 1239 4620 alius
1250 4582 1317 4617 usus
1326 4567 1429 4620 baccae
1440 4569 1493 4618 luit
1505 4563 1578 4632 apud
1590 4568 1729 4634 antiquos,
1742 4573 1820 4619 uate·

1020 4656 1101 4706 qoam
1114 4639 1193 4706 piper
1202 4637 1380 4705 reperiretur,
1392 4637 1468 4689 illias
1479 4636 1608 4687 obtinens
1619 4637 1724 4688 ricem:
1748 4652 1817 4704 qao·

1018 4710 1080 4763 daal
1094 4711 1180 4763 etiam
1192 4706 1319 4777 generosi
1331 4707 1437 4757 rrbsoaii
1447 4709 1559 4758 nuntiae
1571 4705 1820 4772 intlctrncto,quotl

1020 4784 1112 4834 etiam·
1125 4794 1195 4831 nunc
1216 4784 1365 4844 myrtatum
1376 4783 1502 4828 vocatur.
1539 4775 1698 4844 liadcnrqae
1710 4777 1819 4844 origine

1018 4866 1148 4918 aprorum
1170 4862 1255 4915 snpra
1275 4845 1495 4910 continendatur,
1516 4844 1724 4914 plerumquead
1737 4846 1820 4898 iatin-

1018 4928 1080 4972 ctus
1091 4920 1197 4972 additis
1208 4932 1233 4968 m
1249 4918 1318 4977 rtis.

1055 4987 1181 5041 xxxvl.
1201 4934 1290 5037 Αἰίιιιι
1311 4984 1372 5051 ipsa
1393 4984 1421 5036 ia
1435 4984 1564 5053 Europae
1581 4984 1714 5037 citeriore
1731 4981 1819 5043 caelo,
1835 5002 1866 5037 aa

1019 5059 1091 5126 quari
1103 5074 1120 5109 a
1131 5057 1277 5109 Cerauniis
1289 5054 1428 5106 nectentibus
1444 5055 1550 5122 incipit,
1572 5057 1689 5122 primum
1701 5051 1820 5103 Circeiis

1019 5133 1047 5180 ιιι
1061 5126 1207 5194 Elpenoris
1228 5125 1336 5176 tuamlo
1353 5126 1412 5176 risa
1426 5125 1561 5176 traditur:
1585 5123 1778 5187 Graecumque
1793 5119 1820 5169 ei

1018 5212 1117 5249 ncnica
1132 5202 1264 5255 remanet,
1276 5208 1331 5260 quo
1344 5196 1517 5261 peregrinam
1528 5208 1589 5246 essa
1599 5195 1723 5259 apparet.
1752 5187 1820 5236 Fuit

1019 5268 1066 5319 ubi
1078 5282 1149 5317 nune
1161 5265 1249 5317 Mania
1260 5273 1309 5321 est.
1321 5262 1376 5314 ianr
1386 5270 1444 5314 tum
1456 5276 1517 5315 cunt
1529 5264 1706 5315 conderetur:
1717 5255 1821 5318 quippe

1017 5340 1060 5389 ita
1071 5335 1202 5395 traditur,
1223 5341 1333 5403 myrtea
1354 5335 1476 5395 verbena
1489 5322 1821 5385 ttomsnnssiminosque·

1020 5421 1080 5458 eum
1092 5412 1206 5473 propter
1216 5410 1310 5471 raptas
1322 5404 1445 5472 virgines
1456 5401 1590 5453 dimicare
1601 5386 1823 5466 vriiaissent3de·

1037 5475 1118 5527 ositis
1140 5474 1225 5526 armis
1246 5480 1382 5540 purgatas
1399 5473 1427 5523 in
1444 5486 1478 5521 ee
1491 5472 1552 5506 ¹⁰⁰⁰
1591 5466 1636 5506 ⁰¹¹⁵
1649 5463 1722 5508 ΝΜ
1738 5465 1825 5519 ’18ὓῦ

1687 5519 1742 5565 'flttl
1756 5533 1826 5582 pur.

1043 5548 1133 5598 eaesis
1144 5544 1291 5596 Cluacinae
1303 5542 1397 5594 babet.
1436 5544 1447 5562 ‘⁷
1751 5591 1830 5644 mi

1015 5628 1084 5684 gare
1103 5614 1243 5671 dicebant.
1282 5614 1317 5663 iit
1335 5612 1364 5690 ιι
1381 5624 1413 5658 er
