<?xml version="1.0" encoding="UTF-8"?>
<!DOCTYPE html PUBLIC "-//W3C//DTD XHTML 1.0 Transitional//EN"
    "http://www.w3.org/TR/xhtml1/DTD/xhtml1-transitional.dtd">
<html xmlns="http://www.w3.org/1999/xhtml" xml:lang="en" lang="en">
 <head>
  <title>
</title>
<meta http-equiv="Content-Type" content="text/html;charset=utf-8" />
  <meta name='ocr-system' content='tesseract 3.04.00' />
  <meta name='ocr-capabilities' content='ocr_page ocr_carea ocr_par ocr_line ocrx_word'/>
</head>
<body>
  <div class='ocr_page' id='page_1' title='image "./historiaenatura00plingoog_0347.png"; bbox 0 0 4374 6014; ppageno 0'>
   <div class='ocr_carea' id='block_1_1' title="bbox 356 268 1924 382">
    <p class='ocr_par' dir='ltr' id='par_1_1' title="bbox 356 268 1924 382">
     <span class='ocr_line' id='line_1_1' title="bbox 356 268 1924 382; baseline -0.005 0"><span class='ocrx_word' id='word_1_1' title='bbox 356 316 423 382; x_wconf 83' lang='lat' dir='ltr'><strong>sse</strong></span> <span class='ocrx_word' id='word_1_2' title='bbox 464 316 495 375; x_wconf 82' lang='lat' dir='ltr'><strong>c,</strong></span> <span class='ocrx_word' id='word_1_3' title='bbox 532 311 681 375; x_wconf 82' lang='lat' dir='ltr'><strong>enisu</strong></span> <span class='ocrx_word' id='word_1_4' title='bbox 716 306 920 370; x_wconf 80' lang='lat' dir='ltr'><strong>sessum</strong></span> <span class='ocrx_word' id='word_1_5' title='bbox 952 268 1331 369; x_wconf 72' lang='lat' dir='ltr'><strong>peruastatos</strong></span> <span class='ocrx_word' id='word_1_6' title='bbox 1369 303 1454 367; x_wconf 86' lang='lat' dir='ltr'><strong>ms.</strong></span> <span class='ocrx_word' id='word_1_7' title='bbox 1475 303 1651 364; x_wconf 79' lang='lat' dir='ltr'><strong>xxviii</strong></span> <span class='ocrx_word' id='word_1_8' title='bbox 1682 305 1782 369; x_wconf 83' lang='lat' dir='ltr'><strong>ese.</strong></span> <span class='ocrx_word' id='word_1_9' title='bbox 1805 314 1924 374; x_wconf 78' lang='lat' dir='ltr'><strong>so-nc</strong></span> 
     </span>
    </p>
   </div>
   <div class='ocr_carea' id='block_1_2' title="bbox 341 452 2014 1982">
    <p class='ocr_par' dir='ltr' id='par_1_2' title="bbox 341 452 2014 1982">
     <span class='ocr_line' id='line_1_2' title="bbox 360 452 2010 531; baseline 0.008 -27"><span class='ocrx_word' id='word_1_10' title='bbox 360 469 434 531; x_wconf 65' lang='lat'><strong>0120,</strong></span> <span class='ocrx_word' id='word_1_11' title='bbox 453 471 486 518; x_wconf 72' lang='lat' dir='ltr'><strong>ns</strong></span> <span class='ocrx_word' id='word_1_12' title='bbox 506 461 615 517; x_wconf 74' lang='lat' dir='ltr'><strong>sorberi</strong></span> <span class='ocrx_word' id='word_1_13' title='bbox 629 457 745 527; x_wconf 80' lang='lat' dir='ltr'><strong>possint</strong></span> <span class='ocrx_word' id='word_1_14' title='bbox 779 454 909 510; x_wconf 78' lang='lat' dir='ltr'><strong>Medulla</strong></span> <span class='ocrx_word' id='word_1_15' title='bbox 918 456 985 528; x_wconf 69' lang='lat' dir='ltr'><strong>etin</strong></span> <span class='ocrx_word' id='word_1_16' title='bbox 995 466 1068 523; x_wconf 87' lang='lat' dir='ltr'><strong>pane</strong></span> <span class='ocrx_word' id='word_1_17' title='bbox 1078 452 1155 506; x_wconf 86' lang='lat' dir='ltr'><strong>suhi·</strong></span> <span class='ocrx_word' id='word_1_18' title='bbox 1208 460 1283 520; x_wconf 76' lang='lat' dir='ltr'><strong>arnt,</strong></span> <span class='ocrx_word' id='word_1_19' title='bbox 1303 459 1527 517; x_wconf 88' lang='lat' dir='ltr'><strong>autcamaoetn,</strong></span> <span class='ocrx_word' id='word_1_20' title='bbox 1547 459 1638 521; x_wconf 88' lang='lat' dir='ltr'><strong>etper</strong></span> <span class='ocrx_word' id='word_1_21' title='bbox 1657 454 1844 525; x_wconf 84' lang='lat' dir='ltr'><strong>sehutyrum.</strong></span> <span class='ocrx_word' id='word_1_22' title='bbox 1880 461 2010 518; x_wconf 79' lang='lat' dir='ltr'><strong>Testlura</strong></span> 
     </span>
     <span class='ocr_line' id='line_1_3' title="bbox 360 521 2011 607; baseline -0.002 -18"><span class='ocrx_word' id='word_1_23' title='bbox 360 540 445 607; x_wconf 85' lang='lat' dir='ltr'><strong>gitur.</strong></span> <span class='ocrx_word' id='word_1_24' title='bbox 480 529 689 598; x_wconf 85' lang='lat' dir='ltr'><strong>Laocuprinum</strong></span> <span class='ocrx_word' id='word_1_25' title='bbox 702 525 878 579; x_wconf 83' lang='lat' dir='ltr'><strong>addimidias</strong></span> <span class='ocrx_word' id='word_1_26' title='bbox 897 532 991 594; x_wconf 90' lang='lat' dir='ltr'><strong>partes</strong></span> <span class='ocrx_word' id='word_1_27' title='bbox 1001 524 1156 577; x_wconf 76' lang='lat' dir='ltr'><strong>decaehsur.</strong></span> <span class='ocrx_word' id='word_1_28' title='bbox 1207 532 1302 576; x_wconf 87' lang='lat' dir='ltr'><strong>tamor</strong></span> <span class='ocrx_word' id='word_1_29' title='bbox 1319 539 1387 578; x_wconf 82' lang='lat' dir='ltr'><strong>sero</strong></span> <span class='ocrx_word' id='word_1_30' title='bbox 1405 523 1497 586; x_wconf 86' lang='lat' dir='ltr'><strong>rituli,</strong></span> <span class='ocrx_word' id='word_1_31' title='bbox 1516 521 1611 574; x_wconf 84' lang='lat' dir='ltr'><strong>addito</strong></span> <span class='ocrx_word' id='word_1_32' title='bbox 1627 523 1701 577; x_wconf 85' lang='lat' dir='ltr'><strong>uitro</strong></span> <span class='ocrx_word' id='word_1_33' title='bbox 1711 525 1871 580; x_wconf 86' lang='lat' dir='ltr'><strong>cohibetur:</strong></span> <span class='ocrx_word' id='word_1_34' title='bbox 1892 529 2011 585; x_wconf 79' lang='lat' dir='ltr'><strong>veluus</strong></span> 
     </span>
     <span class='ocr_line' id='line_1_4' title="bbox 361 591 2011 663; baseline 0.011 -28"><span class='ocrx_word' id='word_1_35' title='bbox 361 607 392 659; x_wconf 64' lang='lat' dir='ltr'><strong>sp</strong></span> <span class='ocrx_word' id='word_1_36' title='bbox 402 606 458 658; x_wconf 60' lang='lat' dir='ltr'><strong>,pm</strong></span> <span class='ocrx_word' id='word_1_37' title='bbox 468 609 497 657; x_wconf 62' lang='lat' dir='ltr'><strong>,p</strong></span> <span class='ocrx_word' id='word_1_38' title='bbox 506 602 635 661; x_wconf 76' lang='lat' dir='ltr'><strong>tormina,</strong></span> <span class='ocrx_word' id='word_1_39' title='bbox 649 595 760 649; x_wconf 68' lang='lat' dir='ltr'><strong>additus</strong></span> <span class='ocrx_word' id='word_1_40' title='bbox 770 602 940 663; x_wconf 85' lang='lat' dir='ltr'><strong>protropum.</strong></span> <span class='ocrx_word' id='word_1_41' title='bbox 977 593 1157 649; x_wconf 75' lang='lat' dir='ltr'><strong>&#39;torminibus</strong></span> <span class='ocrx_word' id='word_1_42' title='bbox 1208 594 1330 646; x_wconf 86' lang='lat' dir='ltr'><strong>eiusdem</strong></span> <span class='ocrx_word' id='word_1_43' title='bbox 1352 607 1388 647; x_wconf 83' lang='lat' dir='ltr'><strong>ex</strong></span> <span class='ocrx_word' id='word_1_44' title='bbox 1405 598 1484 649; x_wconf 87' lang='lat' dir='ltr'><strong>aceto</strong></span> <span class='ocrx_word' id='word_1_45' title='bbox 1496 591 1621 645; x_wconf 85' lang='lat' dir='ltr'><strong>decocto.</strong></span> <span class='ocrx_word' id='word_1_46' title='bbox 1659 595 1762 648; x_wconf 85' lang='lat' dir='ltr'><strong>Urinae</strong></span> <span class='ocrx_word' id='word_1_47' title='bbox 1774 597 2011 653; x_wconf 82' lang='lat' dir='ltr'><strong>incontinentiam</strong></span> 
     </span>
     <span class='ocr_line' id='line_1_5' title="bbox 361 660 2011 734; baseline 0.007 -26"><span class='ocrx_word' id='word_1_48' title='bbox 361 675 433 728; x_wconf 61' lang='lat' dir='ltr'><strong>mi,</strong></span> <span class='ocrx_word' id='word_1_49' title='bbox 444 687 504 726; x_wconf 55' lang='grc' dir='ltr'><strong>Μ</strong></span> <span class='ocrx_word' id='word_1_50' title='bbox 514 667 631 722; x_wconf 66' lang='lat' dir='ltr'><strong>remedii</strong></span> <span class='ocrx_word' id='word_1_51' title='bbox 641 669 670 717; x_wconf 89' lang='lat' dir='ltr'><strong>in</strong></span> <span class='ocrx_word' id='word_1_52' title='bbox 691 667 797 732; x_wconf 89' lang='lat' dir='ltr'><strong>leporis</strong></span> <span class='ocrx_word' id='word_1_53' title='bbox 807 664 925 731; x_wconf 86' lang='lat' dir='ltr'><strong>coagulo</strong></span> <span class='ocrx_word' id='word_1_54' title='bbox 936 670 1005 730; x_wconf 86' lang='lat' dir='ltr'><strong>poto</strong></span> <span class='ocrx_word' id='word_1_55' title='bbox 1016 663 1107 715; x_wconf 69' lang='lat' dir='ltr'><strong>eume</strong></span> <span class='ocrx_word' id='word_1_56' title='bbox 1117 668 1157 714; x_wconf 87' lang='lat' dir='ltr'><strong>te·</strong></span> <span class='ocrx_word' id='word_1_57' title='bbox 1209 661 1321 719; x_wconf 76' lang='lat' dir='ltr'>cohibet</span> <span class='ocrx_word' id='word_1_58' title='bbox 1330 662 1423 716; x_wconf 79' lang='lat' dir='ltr'><strong>vesica</strong></span> <span class='ocrx_word' id='word_1_59' title='bbox 1432 660 1539 728; x_wconf 87' lang='lat' dir='ltr'><strong>aprina,</strong></span> <span class='ocrx_word' id='word_1_60' title='bbox 1548 663 1572 711; x_wconf 90' lang='lat' dir='ltr'><strong>si</strong></span> <span class='ocrx_word' id='word_1_61' title='bbox 1585 674 1652 711; x_wconf 86' lang='lat' dir='ltr'><strong>assa</strong></span> <span class='ocrx_word' id='word_1_62' title='bbox 1662 665 1818 718; x_wconf 88' lang='lat' dir='ltr'><strong>mandatur.</strong></span> <span class='ocrx_word' id='word_1_63' title='bbox 1835 666 2011 734; x_wconf 80' lang='lat' dir='ltr'><strong>lingularum</strong></span> 
     </span>
     <span class='ocr_line' id='line_1_6' title="bbox 361 730 2009 812; baseline -0.002 -19"><span class='ocrx_word' id='word_1_64' title='bbox 361 743 438 812; x_wconf 90' lang='lat' dir='ltr'><strong>pido,</strong></span> <span class='ocrx_word' id='word_1_65' title='bbox 448 741 492 793; x_wconf 84' lang='lat' dir='ltr'><strong>rel</strong></span> <span class='ocrx_word' id='word_1_66' title='bbox 501 736 597 799; x_wconf 90' lang='lat' dir='ltr'><strong>semel,</strong></span> <span class='ocrx_word' id='word_1_67' title='bbox 606 734 780 788; x_wconf 89' lang='lat' dir='ltr'><strong>arbitrantur</strong></span> <span class='ocrx_word' id='word_1_68' title='bbox 787 734 885 800; x_wconf 88' lang='lat' dir='ltr'><strong>aliqui.</strong></span> <span class='ocrx_word' id='word_1_69' title='bbox 897 733 1043 784; x_wconf 72' lang='lat' dir='ltr'><strong>cautiores</strong></span> <span class='ocrx_word' id='word_1_70' title='bbox 1053 737 1082 783; x_wconf 90' lang='lat' dir='ltr'><strong>et</strong></span> <span class='ocrx_word' id='word_1_71' title='bbox 1092 745 1156 782; x_wconf 83' lang='lat' dir='ltr'><strong>sau·</strong></span> <span class='ocrx_word' id='word_1_72' title='bbox 1208 735 1270 798; x_wconf 84' lang='lat' dir='ltr'><strong>apri</strong></span> <span class='ocrx_word' id='word_1_73' title='bbox 1280 733 1324 785; x_wconf 83' lang='lat' dir='ltr'><strong>rel</strong></span> <span class='ocrx_word' id='word_1_74' title='bbox 1335 731 1394 783; x_wconf 85' lang='lat' dir='ltr'><strong>auis</strong></span> <span class='ocrx_word' id='word_1_75' title='bbox 1405 731 1478 782; x_wconf 85' lang='lat' dir='ltr'><strong>einis</strong></span> <span class='ocrx_word' id='word_1_76' title='bbox 1488 731 1594 797; x_wconf 88' lang='lat' dir='ltr'><strong>potioni</strong></span> <span class='ocrx_word' id='word_1_77' title='bbox 1606 730 1756 796; x_wconf 86' lang='lat' dir='ltr'><strong>inspersus.</strong></span> <span class='ocrx_word' id='word_1_78' title='bbox 1774 733 1874 787; x_wconf 87' lang='lat' dir='ltr'><strong>Vesica</strong></span> <span class='ocrx_word' id='word_1_79' title='bbox 1884 736 2009 790; x_wconf 82' lang='lat' dir='ltr'><strong>teminae</strong></span> 
     </span>
     <span class='ocr_line' id='line_1_7' title="bbox 362 799 2013 880; baseline 0.003 -25"><span class='ocrx_word' id='word_1_80' title='bbox 362 814 446 880; x_wconf 75' lang='lat' dir='ltr'><strong>guise</strong></span> <span class='ocrx_word' id='word_1_81' title='bbox 467 808 580 874; x_wconf 87' lang='lat' dir='ltr'><strong>caprino</strong></span> <span class='ocrx_word' id='word_1_82' title='bbox 601 820 661 856; x_wconf 92' lang='lat' dir='ltr'><strong>cum</strong></span> <span class='ocrx_word' id='word_1_83' title='bbox 680 803 774 856; x_wconf 87' lang='lat' dir='ltr'><strong>iarina</strong></span> <span class='ocrx_word' id='word_1_84' title='bbox 784 801 939 855; x_wconf 87' lang='lat' dir='ltr'><strong>hordeacea</strong></span> <span class='ocrx_word' id='word_1_85' title='bbox 948 808 978 855; x_wconf 89' lang='lat' dir='ltr'><strong>et</strong></span> <span class='ocrx_word' id='word_1_86' title='bbox 989 801 1082 852; x_wconf 85' lang='lat' dir='ltr'><strong>resina</strong></span> <span class='ocrx_word' id='word_1_87' title='bbox 1091 814 1158 851; x_wconf 85' lang='lat' dir='ltr'><strong>ren·</strong></span> <span class='ocrx_word' id='word_1_88' title='bbox 1208 802 1551 866; x_wconf 83' lang='lat' dir='ltr'><strong>aniscombustaacpota:</strong></span> <span class='ocrx_word' id='word_1_89' title='bbox 1574 799 1641 850; x_wconf 87' lang='lat' dir='ltr'><strong>item</strong></span> <span class='ocrx_word' id='word_1_90' title='bbox 1652 799 1796 864; x_wconf 67' lang='lat' dir='ltr'><strong>hesdinol</strong></span> <span class='ocrx_word' id='word_1_91' title='bbox 1806 805 1917 871; x_wconf 79' lang='lat' dir='ltr'><strong>pulmor</strong></span> <span class='ocrx_word' id='word_1_92' title='bbox 1934 819 2013 860; x_wconf 83' lang='lat' dir='ltr'><strong>cere·</strong></span> 
     </span>
     <span class='ocr_line' id='line_1_8' title="bbox 341 867 2014 938; baseline 0.001 -12"><span class='ocrx_word' id='word_1_93' title='bbox 341 922 348 927; x_wconf 86' lang='lat'><em>.</em></span> <span class='ocrx_word' id='word_1_94' title='bbox 362 892 435 933; x_wconf 74' lang='lat' dir='ltr'><strong>esem</strong></span> <span class='ocrx_word' id='word_1_95' title='bbox 446 877 566 929; x_wconf 84' lang='lat' dir='ltr'>illinunt.</span> <span class='ocrx_word' id='word_1_96' title='bbox 593 873 634 926; x_wconf 81' lang='lat' dir='ltr'><strong>ad</strong></span> <span class='ocrx_word' id='word_1_97' title='bbox 646 887 741 925; x_wconf 82' lang='lat' dir='ltr'><strong>omnes</strong></span> <span class='ocrx_word' id='word_1_98' title='bbox 752 870 900 938; x_wconf 72' lang='lat' dir='ltr'>epiphoras</span> <span class='ocrx_word' id='word_1_99' title='bbox 911 869 1020 922; x_wconf 75' lang='lat' dir='ltr'><strong>centris</strong></span> <span class='ocrx_word' id='word_1_100' title='bbox 1031 868 1103 920; x_wconf 91' lang='lat' dir='ltr'><strong>illini</strong></span> <span class='ocrx_word' id='word_1_101' title='bbox 1113 881 1158 919; x_wconf 83' lang='lat' dir='ltr'><strong>ca·</strong></span> <span class='ocrx_word' id='word_1_102' title='bbox 1208 874 1288 926; x_wconf 86' lang='lat' dir='ltr'><strong>hrum</strong></span> <span class='ocrx_word' id='word_1_103' title='bbox 1302 869 1405 937; x_wconf 89' lang='lat' dir='ltr'><strong>leporis</strong></span> <span class='ocrx_word' id='word_1_104' title='bbox 1415 868 1444 919; x_wconf 91' lang='lat' dir='ltr'><strong>in</strong></span> <span class='ocrx_word' id='word_1_105' title='bbox 1454 870 1532 920; x_wconf 74' lang='lat' dir='ltr'><strong>einos</strong></span> <span class='ocrx_word' id='word_1_106' title='bbox 1543 867 1669 921; x_wconf 85' lang='lat' dir='ltr'><strong>eiusdem</strong></span> <span class='ocrx_word' id='word_1_107' title='bbox 1679 871 1936 937; x_wconf 81' lang='lat' dir='ltr'><strong>testiculitosti,rel</strong></span> <span class='ocrx_word' id='word_1_108' title='bbox 1944 889 2014 928; x_wconf 87' lang='lat' dir='ltr'><strong>coa·</strong></span> 
     </span>
     <span class='ocr_line' id='line_1_9' title="bbox 362 936 2014 1011; baseline -0.001 -12"><span class='ocrx_word' id='word_1_109' title='bbox 362 964 440 1001; x_wconf 87' lang='lat' dir='ltr'><strong>scum</strong></span> <span class='ocrx_word' id='word_1_110' title='bbox 451 945 563 997; x_wconf 89' lang='lat' dir='ltr'><strong>mollem</strong></span> <span class='ocrx_word' id='word_1_111' title='bbox 575 943 706 994; x_wconf 85' lang='lat' dir='ltr'><strong>suadent:</strong></span> <span class='ocrx_word' id='word_1_112' title='bbox 727 950 848 993; x_wconf 82' lang='lat' dir='ltr'><strong>veterem</strong></span> <span class='ocrx_word' id='word_1_113' title='bbox 864 946 955 992; x_wconf 89' lang='lat' dir='ltr'><strong>autem</strong></span> <span class='ocrx_word' id='word_1_114' title='bbox 966 938 995 988; x_wconf 93' lang='lat' dir='ltr'><strong>in</strong></span> <span class='ocrx_word' id='word_1_115' title='bbox 1004 937 1096 988; x_wconf 79' lang='lat' dir='ltr'><strong>farina</strong></span> <span class='ocrx_word' id='word_1_116' title='bbox 1106 936 1158 988; x_wconf 88' lang='lat' dir='ltr'><strong>tri·</strong></span> <span class='ocrx_word' id='word_1_117' title='bbox 1210 942 1304 1011; x_wconf 80' lang='lat' dir='ltr'><strong>gulam</strong></span> <span class='ocrx_word' id='word_1_118' title='bbox 1316 953 1377 992; x_wconf 91' lang='lat' dir='ltr'><strong>cum</strong></span> <span class='ocrx_word' id='word_1_119' title='bbox 1389 938 1518 1011; x_wconf 74' lang='lat' dir='ltr'><strong>anserino</strong></span> <span class='ocrx_word' id='word_1_120' title='bbox 1529 936 1613 1003; x_wconf 84' lang='lat' dir='ltr'><strong>adipe</strong></span> <span class='ocrx_word' id='word_1_121' title='bbox 1623 938 1651 988; x_wconf 92' lang='lat' dir='ltr'><strong>in</strong></span> <span class='ocrx_word' id='word_1_122' title='bbox 1667 938 1799 1004; x_wconf 84' lang='lat' dir='ltr'><strong>polenta:</strong></span> <span class='ocrx_word' id='word_1_123' title='bbox 1818 957 1899 996; x_wconf 88' lang='lat' dir='ltr'><strong>renea</strong></span> <span class='ocrx_word' id='word_1_124' title='bbox 1908 944 2014 997; x_wconf 86' lang='lat' dir='ltr'><strong>asinini</strong></span> 
     </span>
     <span class='ocr_line' id='line_1_10' title="bbox 363 1005 2012 1079; baseline -0.001 -13"><span class='ocrx_word' id='word_1_125' title='bbox 363 1029 435 1076; x_wconf 85' lang='lat' dir='ltr'><strong>tom,</strong></span> <span class='ocrx_word' id='word_1_126' title='bbox 455 1013 588 1066; x_wconf 75' lang='lat' dir='ltr'><strong>coeliacis</strong></span> <span class='ocrx_word' id='word_1_127' title='bbox 599 1018 628 1064; x_wconf 95' lang='lat' dir='ltr'><strong>et</strong></span> <span class='ocrx_word' id='word_1_128' title='bbox 639 1009 825 1079; x_wconf 70' lang='lat' dir='ltr'><strong>dysentericis</strong></span> <span class='ocrx_word' id='word_1_129' title='bbox 837 1008 912 1071; x_wconf 89' lang='lat' dir='ltr'><strong>dari,</strong></span> <span class='ocrx_word' id='word_1_130' title='bbox 932 1006 1036 1074; x_wconf 81' lang='lat' dir='ltr'><strong>cyatho</strong></span> <span class='ocrx_word' id='word_1_131' title='bbox 1046 1007 1121 1057; x_wconf 84' lang='lat' dir='ltr'><strong>casei</strong></span> <span class='ocrx_word' id='word_1_132' title='bbox 1129 1005 1159 1056; x_wconf 78' lang='lat' dir='ltr'><strong>is</strong></span> <span class='ocrx_word' id='word_1_133' title='bbox 1210 1015 1238 1063; x_wconf 84' lang='lat' dir='ltr'><strong>ln</strong></span> <span class='ocrx_word' id='word_1_134' title='bbox 1248 1024 1324 1062; x_wconf 86' lang='lat' dir='ltr'><strong>nrero</strong></span> <span class='ocrx_word' id='word_1_135' title='bbox 1336 1007 1399 1059; x_wconf 87' lang='lat' dir='ltr'><strong>triti</strong></span> <span class='ocrx_word' id='word_1_136' title='bbox 1407 1008 1533 1075; x_wconf 91' lang='lat' dir='ltr'><strong>potique.</strong></span> <span class='ocrx_word' id='word_1_137' title='bbox 1568 1005 1648 1075; x_wconf 71' lang='lat' dir='ltr'><strong>hlagi</strong></span> <span class='ocrx_word' id='word_1_138' title='bbox 1659 1009 1763 1059; x_wconf 78' lang='lat' dir='ltr'><strong>verrini</strong></span> <span class='ocrx_word' id='word_1_139' title='bbox 1773 1010 1907 1077; x_wconf 87' lang='lat' dir='ltr'><strong>genitalis</strong></span> <span class='ocrx_word' id='word_1_140' title='bbox 1918 1013 2012 1067; x_wconf 87' lang='lat' dir='ltr'><strong>cinere</strong></span> 
     </span>
     <span class='ocr_line' id='line_1_11' title="bbox 363 1074 2010 1154; baseline 0.006 -17"><span class='ocrx_word' id='word_1_141' title='bbox 363 1083 474 1154; x_wconf 86' lang='lat' dir='ltr'><strong>cyathis</strong></span> <span class='ocrx_word' id='word_1_142' title='bbox 484 1083 540 1134; x_wconf 83' lang='lat' dir='ltr'><strong>riui</strong></span> <span class='ocrx_word' id='word_1_143' title='bbox 552 1081 649 1133; x_wconf 87' lang='lat' dir='ltr'><strong>trihus.</strong></span> <span class='ocrx_word' id='word_1_144' title='bbox 686 1078 804 1145; x_wconf 75' lang='lat' dir='ltr'>Sanguis</span> <span class='ocrx_word' id='word_1_145' title='bbox 816 1080 945 1145; x_wconf 88' lang='lat' dir='ltr'><strong>caprinus</strong></span> <span class='ocrx_word' id='word_1_146' title='bbox 956 1077 1087 1129; x_wconf 87' lang='lat' dir='ltr'><strong>decoctus</strong></span> <span class='ocrx_word' id='word_1_147' title='bbox 1098 1088 1160 1127; x_wconf 87' lang='lat' dir='ltr'><strong>cura</strong></span> <span class='ocrx_word' id='word_1_148' title='bbox 1212 1086 1280 1148; x_wconf 91' lang='lat' dir='ltr'><strong>poto</strong></span> <span class='ocrx_word' id='word_1_149' title='bbox 1291 1094 1326 1132; x_wconf 82' lang='lat' dir='ltr'><strong>ex</strong></span> <span class='ocrx_word' id='word_1_150' title='bbox 1336 1076 1401 1129; x_wconf 79' lang='lat' dir='ltr'><strong>vino</strong></span> <span class='ocrx_word' id='word_1_151' title='bbox 1412 1076 1485 1127; x_wconf 69' lang='lat' dir='ltr'><strong>dulci</strong></span> <span class='ocrx_word' id='word_1_152' title='bbox 1496 1074 1689 1128; x_wconf 52' lang='lat' dir='ltr'><strong>‘lemnum‘</strong></span> <span class='ocrx_word' id='word_1_153' title='bbox 1699 1078 1810 1130; x_wconf 58' lang='lat' dir='ltr'><strong>”mim</strong></span> <span class='ocrx_word' id='word_1_154' title='bbox 1820 1078 1914 1133; x_wconf 50' lang='grc' dir='ltr'><strong>(ΜΝ</strong></span> <span class='ocrx_word' id='word_1_155' title='bbox 1924 1081 1953 1131; x_wconf 65' lang='grc' dir='ltr'><strong>ῑίῑ</strong></span> <span class='ocrx_word' id='word_1_156' title='bbox 1965 1096 2010 1133; x_wconf 74' lang='lat'><strong>⁰⁸·</strong></span> 
     </span>
     <span class='ocr_line' id='line_1_12' title="bbox 362 1143 2010 1219; baseline 0.004 -24"><span class='ocrx_word' id='word_1_157' title='bbox 362 1153 486 1208; x_wconf 59' lang='lat' dir='ltr'><strong>mannus</strong></span> <span class='ocrx_word' id='word_1_158' title='bbox 496 1148 688 1219; x_wconf 70' lang='lat' dir='ltr'><strong>dysentericis.</strong></span> <span class='ocrx_word' id='word_1_159' title='bbox 723 1148 803 1199; x_wconf 88' lang='lat' dir='ltr'><strong>iecur</strong></span> <span class='ocrx_word' id='word_1_160' title='bbox 813 1161 904 1197; x_wconf 76' lang='lat' dir='ltr'><strong>meum</strong></span> <span class='ocrx_word' id='word_1_161' title='bbox 918 1144 1160 1213; x_wconf 70' lang='lat' dir='ltr'><strong>caprae‘coeliaeie</strong></span> <span class='ocrx_word' id='word_1_162' title='bbox 1211 1151 1255 1201; x_wconf 90' lang='lat' dir='ltr'><strong>nis</strong></span> <span class='ocrx_word' id='word_1_163' title='bbox 1265 1148 1360 1209; x_wconf 90' lang='lat' dir='ltr'><strong>cubili,</strong></span> <span class='ocrx_word' id='word_1_164' title='bbox 1381 1161 1414 1198; x_wconf 86' lang='lat' dir='ltr'><strong>ac</strong></span> <span class='ocrx_word' id='word_1_165' title='bbox 1425 1146 1509 1198; x_wconf 87' lang='lat' dir='ltr'><strong>rerba</strong></span> <span class='ocrx_word' id='word_1_166' title='bbox 1519 1143 1655 1207; x_wconf 88' lang='lat' dir='ltr'><strong>adiicere,</strong></span> <span class='ocrx_word' id='word_1_167' title='bbox 1676 1160 1712 1197; x_wconf 91' lang='lat' dir='ltr'><strong>ae</strong></span> <span class='ocrx_word' id='word_1_168' title='bbox 1723 1147 1782 1214; x_wconf 89' lang='lat' dir='ltr'><strong>ipso</strong></span> <span class='ocrx_word' id='word_1_169' title='bbox 1793 1149 1900 1201; x_wconf 82' lang='lat' dir='ltr'><strong>urinam</strong></span> <span class='ocrx_word' id='word_1_170' title='bbox 1913 1150 2010 1212; x_wconf 84' lang='lat' dir='ltr'><strong>iaciat,</strong></span> 
     </span>
     <span class='ocr_line' id='line_1_13' title="bbox 364 1211 2011 1288; baseline 0.007 -28"><span class='ocrx_word' id='word_1_171' title='bbox 364 1223 502 1284; x_wconf 79' lang='lat' dir='ltr'><strong>subvenit,</strong></span> <span class='ocrx_word' id='word_1_172' title='bbox 522 1221 666 1288; x_wconf 68' lang='lat' dir='ltr'><strong>magisque</strong></span> <span class='ocrx_word' id='word_1_173' title='bbox 674 1217 760 1286; x_wconf 77' lang='lat' dir='ltr'><strong>etiam</strong></span> <span class='ocrx_word' id='word_1_174' title='bbox 772 1215 856 1279; x_wconf 89' lang='lat' dir='ltr'><strong>hirci,</strong></span> <span class='ocrx_word' id='word_1_175' title='bbox 877 1218 903 1267; x_wconf 93' lang='lat' dir='ltr'><strong>in</strong></span> <span class='ocrx_word' id='word_1_176' title='bbox 914 1216 978 1267; x_wconf 81' lang='lat' dir='ltr'><strong>riae</strong></span> <span class='ocrx_word' id='word_1_177' title='bbox 990 1211 1159 1266; x_wconf 90' lang='lat' dir='ltr'><strong>austerode·</strong></span> <span class='ocrx_word' id='word_1_178' title='bbox 1210 1225 1244 1270; x_wconf 91' lang='lat' dir='ltr'><strong>ut</strong></span> <span class='ocrx_word' id='word_1_179' title='bbox 1255 1221 1339 1280; x_wconf 84' lang='lat' dir='ltr'><strong>canis,</strong></span> <span class='ocrx_word' id='word_1_180' title='bbox 1359 1218 1387 1268; x_wconf 89' lang='lat' dir='ltr'><strong>in</strong></span> <span class='ocrx_word' id='word_1_181' title='bbox 1407 1230 1458 1266; x_wconf 89' lang='lat' dir='ltr'><strong>suo</strong></span> <span class='ocrx_word' id='word_1_182' title='bbox 1477 1212 1574 1266; x_wconf 87' lang='lat' dir='ltr'><strong>cubili.</strong></span> <span class='ocrx_word' id='word_1_183' title='bbox 1610 1214 1719 1266; x_wconf 80' lang='lat' dir='ltr'><strong>Rursus</strong></span> <span class='ocrx_word' id='word_1_184' title='bbox 1731 1216 1908 1270; x_wconf 84' lang='lat' dir='ltr'><strong>cieturinam</strong></span> <span class='ocrx_word' id='word_1_185' title='bbox 1919 1221 2011 1272; x_wconf 79' lang='lat' dir='ltr'><strong>reaics</strong></span> 
     </span>
     <span class='ocr_line' id='line_1_14' title="bbox 365 1282 1882 1357; baseline -0.003 -13"><span class='ocrx_word' id='word_1_186' title='bbox 365 1299 475 1347; x_wconf 90' lang='lat' dir='ltr'><strong>coctum</strong></span> <span class='ocrx_word' id='word_1_187' title='bbox 486 1297 646 1357; x_wconf 89' lang='lat' dir='ltr'><strong>potumque,</strong></span> <span class='ocrx_word' id='word_1_188' title='bbox 667 1286 712 1338; x_wconf 83' lang='lat' dir='ltr'><strong>vel</strong></span> <span class='ocrx_word' id='word_1_189' title='bbox 721 1300 756 1338; x_wconf 79' lang='lat' dir='ltr'><strong>ex</strong></span> <span class='ocrx_word' id='word_1_190' title='bbox 768 1285 830 1336; x_wconf 89' lang='lat' dir='ltr'><strong>oleo</strong></span> <span class='ocrx_word' id='word_1_191' title='bbox 848 1290 959 1353; x_wconf 85' lang='lat' dir='ltr'><strong>myrteo</strong></span> <span class='ocrx_word' id='word_1_192' title='bbox 970 1283 1099 1335; x_wconf 80' lang='lat' dir='ltr'><strong>umbilico</strong></span> <span class='ocrx_word' id='word_1_193' title='bbox 1109 1282 1161 1333; x_wconf 85' lang='lat' dir='ltr'><strong>im·</strong></span> <span class='ocrx_word' id='word_1_194' title='bbox 1213 1291 1280 1351; x_wconf 86' lang='lat' dir='ltr'><strong>suis,</strong></span> <span class='ocrx_word' id='word_1_195' title='bbox 1294 1289 1320 1338; x_wconf 91' lang='lat' dir='ltr'><strong>si</strong></span> <span class='ocrx_word' id='word_1_196' title='bbox 1330 1293 1434 1339; x_wconf 87' lang='lat' dir='ltr'><strong>terram</strong></span> <span class='ocrx_word' id='word_1_197' title='bbox 1446 1300 1501 1336; x_wconf 89' lang='lat' dir='ltr'><strong>nou</strong></span> <span class='ocrx_word' id='word_1_198' title='bbox 1513 1285 1648 1352; x_wconf 84' lang='lat' dir='ltr'><strong>attigerit,</strong></span> <span class='ocrx_word' id='word_1_199' title='bbox 1660 1285 1795 1349; x_wconf 89' lang='lat' dir='ltr'><strong>imposita</strong></span> <span class='ocrx_word' id='word_1_200' title='bbox 1806 1287 1882 1355; x_wconf 92' lang='lat' dir='ltr'><strong>pubi.</strong></span> 
     </span>
     <span class='ocr_line' id='line_1_15' title="bbox 362 1353 2010 1432; baseline -0.003 -18"><span class='ocrx_word' id='word_1_201' title='bbox 362 1363 495 1432; x_wconf 89' lang='lat' dir='ltr'><strong>positum.</strong></span> <span class='ocrx_word' id='word_1_202' title='bbox 507 1358 624 1420; x_wconf 77' lang='lat' dir='ltr'><strong>Quidam</strong></span> <span class='ocrx_word' id='word_1_203' title='bbox 637 1355 819 1423; x_wconf 89' lang='lat' dir='ltr'><strong>decoquunta</strong></span> <span class='ocrx_word' id='word_1_204' title='bbox 830 1354 1061 1406; x_wconf 83' lang='lat' dir='ltr'><strong>tribusseatariis</strong></span> <span class='ocrx_word' id='word_1_205' title='bbox 1073 1364 1162 1419; x_wconf 87' lang='lat' dir='ltr'><strong>aquae</strong></span> <span class='ocrx_word' id='word_1_206' title='bbox 1247 1358 1318 1409; x_wconf 80' lang='lat' dir='ltr'><strong>Lxl.</strong></span> <span class='ocrx_word' id='word_1_207' title='bbox 1337 1355 1417 1409; x_wconf 85' lang='lat' dir='ltr'><strong>Sedis</strong></span> <span class='ocrx_word' id='word_1_208' title='bbox 1435 1354 1514 1405; x_wconf 77' lang='lat' dir='ltr'><strong>titiis</strong></span> <span class='ocrx_word' id='word_1_209' title='bbox 1534 1353 1677 1420; x_wconf 86' lang='lat' dir='ltr'><strong>praeclare</strong></span> <span class='ocrx_word' id='word_1_210' title='bbox 1698 1354 1813 1420; x_wconf 90' lang='lat' dir='ltr'><strong>prodest</strong></span> <span class='ocrx_word' id='word_1_211' title='bbox 1828 1354 1868 1408; x_wconf 85' lang='lat' dir='ltr'><strong>iel</strong></span> <span class='ocrx_word' id='word_1_212' title='bbox 1888 1357 2010 1409; x_wconf 81' lang='lat' dir='ltr'><strong>uminum</strong></span> 
     </span>
     <span class='ocr_line' id='line_1_16' title="bbox 364 1421 2010 1494; baseline -0.002 -12"><span class='ocrx_word' id='word_1_213' title='bbox 364 1425 751 1491; x_wconf 84' lang='lat' dir='ltr'><strong>adheminam,edditaruts.</strong></span> <span class='ocrx_word' id='word_1_214' title='bbox 788 1425 908 1476; x_wconf 85' lang='lat' dir='ltr'><strong>Utuntur</strong></span> <span class='ocrx_word' id='word_1_215' title='bbox 919 1430 948 1474; x_wconf 85' lang='lat' dir='ltr'><strong>et</strong></span> <span class='ocrx_word' id='word_1_216' title='bbox 959 1423 1031 1474; x_wconf 84' lang='lat' dir='ltr'><strong>liene</strong></span> <span class='ocrx_word' id='word_1_217' title='bbox 1041 1437 1104 1473; x_wconf 87' lang='lat' dir='ltr'><strong>asso</strong></span> <span class='ocrx_word' id='word_1_218' title='bbox 1115 1434 1160 1471; x_wconf 70' lang='lat' dir='ltr'><strong>ca·</strong></span> <span class='ocrx_word' id='word_1_219' title='bbox 1212 1441 1275 1479; x_wconf 91' lang='lat' dir='ltr'><strong>cum</strong></span> <span class='ocrx_word' id='word_1_220' title='bbox 1293 1427 1383 1492; x_wconf 82' lang='lat' dir='ltr'><strong>adipe.</strong></span> <span class='ocrx_word' id='word_1_221' title='bbox 1419 1424 1538 1485; x_wconf 73' lang='lat' dir='ltr'><strong>Quidam</strong></span> <span class='ocrx_word' id='word_1_222' title='bbox 1558 1421 1693 1474; x_wconf 82' lang='lat' dir='ltr'><strong>adiiciunt</strong></span> <span class='ocrx_word' id='word_1_223' title='bbox 1712 1438 1838 1490; x_wconf 91' lang='lat' dir='ltr'><strong>spumam</strong></span> <span class='ocrx_word' id='word_1_224' title='bbox 1859 1428 2010 1494; x_wconf 77' lang='lat' dir='ltr'><strong>argentias</strong></span> 
     </span>
     <span class='ocr_line' id='line_1_17' title="bbox 363 1492 2010 1569; baseline 0.003 -25"><span class='ocrx_word' id='word_1_225' title='bbox 363 1515 431 1569; x_wconf 74' lang='lat' dir='ltr'><strong>pene</strong></span> <span class='ocrx_word' id='word_1_226' title='bbox 442 1498 556 1560; x_wconf 82' lang='lat' dir='ltr'><strong>hircive,</strong></span> <span class='ocrx_word' id='word_1_227' title='bbox 576 1501 605 1548; x_wconf 91' lang='lat' dir='ltr'><strong>et</strong></span> <span class='ocrx_word' id='word_1_228' title='bbox 615 1510 681 1548; x_wconf 79' lang='lat' dir='ltr'><strong>seeo</strong></span> <span class='ocrx_word' id='word_1_229' title='bbox 691 1493 763 1551; x_wconf 88' lang='lat' dir='ltr'><strong>birci</strong></span> <span class='ocrx_word' id='word_1_230' title='bbox 778 1495 806 1545; x_wconf 91' lang='lat' dir='ltr'><strong>in</strong></span> <span class='ocrx_word' id='word_1_231' title='bbox 825 1507 896 1560; x_wconf 85' lang='lat' dir='ltr'><strong>pane</strong></span> <span class='ocrx_word' id='word_1_232' title='bbox 908 1493 955 1560; x_wconf 91' lang='lat' dir='ltr'><strong>qui</strong></span> <span class='ocrx_word' id='word_1_233' title='bbox 963 1493 1058 1544; x_wconf 71' lang='lat' dir='ltr'><strong>maere</strong></span> <span class='ocrx_word' id='word_1_234' title='bbox 1068 1497 1161 1542; x_wconf 88' lang='lat' dir='ltr'><strong>coctus</strong></span> <span class='ocrx_word' id='word_1_235' title='bbox 1212 1495 1286 1548; x_wconf 86' lang='lat' dir='ltr'><strong>thus.</strong></span> <span class='ocrx_word' id='word_1_236' title='bbox 1307 1494 1425 1547; x_wconf 90' lang='lat' dir='ltr'><strong>Prodest</strong></span> <span class='ocrx_word' id='word_1_237' title='bbox 1435 1501 1463 1545; x_wconf 88' lang='lat' dir='ltr'><strong>ct</strong></span> <span class='ocrx_word' id='word_1_238' title='bbox 1474 1494 1608 1558; x_wconf 76' lang='lat' dir='ltr'><strong>butyrum</strong></span> <span class='ocrx_word' id='word_1_239' title='bbox 1619 1507 1679 1544; x_wconf 91' lang='lat' dir='ltr'><strong>cum</strong></span> <span class='ocrx_word' id='word_1_240' title='bbox 1691 1492 1773 1562; x_wconf 91' lang='lat' dir='ltr'><strong>adlpe</strong></span> <span class='ocrx_word' id='word_1_241' title='bbox 1784 1494 1912 1546; x_wconf 85' lang='lat' dir='ltr'><strong>anserino</strong></span> <span class='ocrx_word' id='word_1_242' title='bbox 1925 1509 1958 1546; x_wconf 88' lang='lat' dir='ltr'><strong>ec</strong></span> <span class='ocrx_word' id='word_1_243' title='bbox 1967 1510 2010 1549; x_wconf 91' lang='lat' dir='ltr'><strong>ro·</strong></span> 
     </span>
     <span class='ocr_line' id='line_1_18' title="bbox 364 1559 2007 1636; baseline 0.002 -25"><span class='ocrx_word' id='word_1_244' title='bbox 364 1572 416 1621; x_wconf 62' lang='lat' dir='ltr'><strong>sits</strong></span> <span class='ocrx_word' id='word_1_245' title='bbox 440 1583 554 1636; x_wconf 73' lang='lat' dir='ltr'><strong>caprae,</strong></span> <span class='ocrx_word' id='word_1_246' title='bbox 575 1564 856 1627; x_wconf 81' lang='lat' dir='ltr'><strong>arcaibusruaxime,</strong></span> <span class='ocrx_word' id='word_1_247' title='bbox 877 1559 1167 1635; x_wconf 74' lang='lat' dir='ltr'><strong>otpersehanriatnr</strong></span> <span class='ocrx_word' id='word_1_248' title='bbox 1214 1579 1304 1617; x_wconf 79' lang='lat' dir='ltr'><strong>sacen.</strong></span> <span class='ocrx_word' id='word_1_249' title='bbox 1338 1561 1748 1628; x_wconf 86' lang='lat' dir='ltr'><strong>Modumipsaeresstatuunt,</strong></span> <span class='ocrx_word' id='word_1_250' title='bbox 1771 1570 1802 1614; x_wconf 91' lang='lat' dir='ltr'><strong>nt</strong></span> <span class='ocrx_word' id='word_1_251' title='bbox 1812 1564 1869 1614; x_wconf 91' lang='lat' dir='ltr'><strong>sint</strong></span> <span class='ocrx_word' id='word_1_252' title='bbox 1879 1564 1954 1614; x_wconf 89' lang='lat' dir='ltr'><strong>illitu</strong></span> <span class='ocrx_word' id='word_1_253' title='bbox 1965 1562 2007 1616; x_wconf 82' lang='lat' dir='ltr'><strong>ia·</strong></span> 
     </span>
     <span class='ocr_line' id='line_1_19' title="bbox 365 1626 2011 1705; baseline 0.004 -17"><span class='ocrx_word' id='word_1_254' title='bbox 365 1637 602 1705; x_wconf 78' lang='lat' dir='ltr'><strong>protinuszinque</strong></span> <span class='ocrx_word' id='word_1_255' title='bbox 614 1636 723 1689; x_wconf 89' lang='lat' dir='ltr'><strong>modice</strong></span> <span class='ocrx_word' id='word_1_256' title='bbox 733 1634 837 1701; x_wconf 74' lang='lat' dir='ltr'><strong>frigida</strong></span> <span class='ocrx_word' id='word_1_257' title='bbox 846 1633 955 1686; x_wconf 88' lang='lat' dir='ltr'><strong>sorberi</strong></span> <span class='ocrx_word' id='word_1_258' title='bbox 965 1632 1070 1683; x_wconf 88' lang='lat' dir='ltr'><strong>iubent.</strong></span> <span class='ocrx_word' id='word_1_259' title='bbox 1105 1626 1161 1680; x_wconf 78' lang='lat' dir='ltr'><strong>Ali·</strong></span> <span class='ocrx_word' id='word_1_260' title='bbox 1213 1634 1290 1686; x_wconf 88' lang='lat' dir='ltr'><strong>eiles.</strong></span> <span class='ocrx_word' id='word_1_261' title='bbox 1325 1630 1473 1683; x_wconf 85' lang='lat' dir='ltr'><strong>Praeclare</strong></span> <span class='ocrx_word' id='word_1_262' title='bbox 1484 1628 1798 1684; x_wconf 87' lang='lat' dir='ltr'><strong>medeturcttaurinum</strong></span> <span class='ocrx_word' id='word_1_263' title='bbox 1812 1632 1859 1693; x_wconf 85' lang='lat' dir='ltr'><strong>tel,</strong></span> <span class='ocrx_word' id='word_1_264' title='bbox 1869 1633 1898 1683; x_wconf 77' lang='lat' dir='ltr'><strong>in</strong></span> <span class='ocrx_word' id='word_1_265' title='bbox 1909 1633 2011 1686; x_wconf 69' lang='lat' dir='ltr'><strong>linito·</strong></span> 
     </span>
     <span class='ocr_line' id='line_1_20' title="bbox 366 1698 2011 1774; baseline -0.002 -16"><span class='ocrx_word' id='word_1_266' title='bbox 366 1705 451 1774; x_wconf 89' lang='lat' dir='ltr'><strong>quiet</strong></span> <span class='ocrx_word' id='word_1_267' title='bbox 461 1707 490 1757; x_wconf 91' lang='lat' dir='ltr'><strong>in</strong></span> <span class='ocrx_word' id='word_1_268' title='bbox 501 1720 572 1772; x_wconf 90' lang='lat' dir='ltr'><strong>aqua</strong></span> <span class='ocrx_word' id='word_1_269' title='bbox 583 1705 727 1757; x_wconf 87' lang='lat' dir='ltr'><strong>decoctum</strong></span> <span class='ocrx_word' id='word_1_270' title='bbox 739 1716 833 1755; x_wconf 85' lang='lat' dir='ltr'><strong>sevum</strong></span> <span class='ocrx_word' id='word_1_271' title='bbox 845 1703 973 1754; x_wconf 83' lang='lat' dir='ltr'><strong>admista</strong></span> <span class='ocrx_word' id='word_1_272' title='bbox 982 1700 1112 1768; x_wconf 83' lang='lat' dir='ltr'><strong>polenta,</strong></span> <span class='ocrx_word' id='word_1_273' title='bbox 1133 1701 1162 1747; x_wconf 80' lang='lat' dir='ltr'><strong>et</strong></span> <span class='ocrx_word' id='word_1_274' title='bbox 1213 1703 1249 1754; x_wconf 92' lang='lat' dir='ltr'><strong>lis</strong></span> <span class='ocrx_word' id='word_1_275' title='bbox 1261 1701 1433 1767; x_wconf 83' lang='lat' dir='ltr'><strong>concerptis:</strong></span> <span class='ocrx_word' id='word_1_276' title='bbox 1444 1700 1583 1765; x_wconf 87' lang='lat' dir='ltr'><strong>rimasque</strong></span> <span class='ocrx_word' id='word_1_277' title='bbox 1592 1698 1720 1765; x_wconf 75' lang='lat' dir='ltr'><strong>perducit</strong></span> <span class='ocrx_word' id='word_1_278' title='bbox 1731 1702 1766 1753; x_wconf 93' lang='lat' dir='ltr'><strong>ad</strong></span> <span class='ocrx_word' id='word_1_279' title='bbox 1779 1702 1942 1754; x_wconf 84' lang='lat' dir='ltr'><strong>cicatricem.</strong></span> <span class='ocrx_word' id='word_1_280' title='bbox 1968 1704 2011 1754; x_wconf 87' lang='lat' dir='ltr'><strong>ln·</strong></span> 
     </span>
     <span class='ocr_line' id='line_1_21' title="bbox 366 1770 2010 1839; baseline -0.002 -12"><span class='ocrx_word' id='word_1_281' title='bbox 366 1775 485 1835; x_wconf 87' lang='lat' dir='ltr'><strong>cumino,</strong></span> <span class='ocrx_word' id='word_1_282' title='bbox 508 1783 538 1827; x_wconf 89' lang='lat' dir='ltr'><strong>et</strong></span> <span class='ocrx_word' id='word_1_283' title='bbox 559 1773 676 1836; x_wconf 82' lang='lat' dir='ltr'><strong>anetho,</strong></span> <span class='ocrx_word' id='word_1_284' title='bbox 696 1780 838 1839; x_wconf 83' lang='lat' dir='ltr'><strong>acetoque.</strong></span> <span class='ocrx_word' id='word_1_285' title='bbox 875 1771 989 1823; x_wconf 84' lang='lat' dir='ltr'><strong>illinunt</strong></span> <span class='ocrx_word' id='word_1_286' title='bbox 999 1776 1028 1822; x_wconf 88' lang='lat' dir='ltr'><strong>et</strong></span> <span class='ocrx_word' id='word_1_287' title='bbox 1038 1773 1162 1820; x_wconf 78' lang='lat' dir='ltr'><strong>ventrem</strong></span> <span class='ocrx_word' id='word_1_288' title='bbox 1213 1771 1373 1823; x_wconf 78' lang='lat' dir='ltr'><strong>dationibus</strong></span> <span class='ocrx_word' id='word_1_289' title='bbox 1384 1770 1412 1819; x_wconf 93' lang='lat' dir='ltr'><strong>in</strong></span> <span class='ocrx_word' id='word_1_290' title='bbox 1423 1782 1457 1820; x_wconf 88' lang='lat' dir='ltr'><strong>ea</strong></span> <span class='ocrx_word' id='word_1_291' title='bbox 1468 1775 1557 1834; x_wconf 89' lang='lat' dir='ltr'><strong>parte,</strong></span> <span class='ocrx_word' id='word_1_292' title='bbox 1579 1782 1674 1821; x_wconf 83' lang='lat' dir='ltr'><strong>serum</strong></span> <span class='ocrx_word' id='word_1_293' title='bbox 1687 1771 1777 1834; x_wconf 84' lang='lat' dir='ltr'><strong>rituli,</strong></span> <span class='ocrx_word' id='word_1_294' title='bbox 1794 1775 1913 1825; x_wconf 79' lang='lat' dir='ltr'><strong>maxime</strong></span> <span class='ocrx_word' id='word_1_295' title='bbox 1924 1770 1959 1822; x_wconf 92' lang='lat' dir='ltr'><strong>ah</strong></span> <span class='ocrx_word' id='word_1_296' title='bbox 1971 1770 2010 1823; x_wconf 88' lang='lat' dir='ltr'><strong>iu·</strong></span> 
     </span>
     <span class='ocr_line' id='line_1_22' title="bbox 365 1837 2010 1908; baseline 0.007 -12"><span class='ocrx_word' id='word_1_297' title='bbox 365 1844 506 1907; x_wconf 88' lang='lat' dir='ltr'><strong>coeliacis,</strong></span> <span class='ocrx_word' id='word_1_298' title='bbox 515 1845 580 1895; x_wconf 89' lang='lat' dir='ltr'><strong>limo</strong></span> <span class='ocrx_word' id='word_1_299' title='bbox 592 1856 652 1895; x_wconf 88' lang='lat' dir='ltr'><strong>eum</strong></span> <span class='ocrx_word' id='word_1_300' title='bbox 661 1842 744 1894; x_wconf 89' lang='lat' dir='ltr'><strong>melle</strong></span> <span class='ocrx_word' id='word_1_301' title='bbox 753 1842 877 1893; x_wconf 88' lang='lat' dir='ltr'><strong>decocto.</strong></span> <span class='ocrx_word' id='word_1_302' title='bbox 888 1837 1053 1890; x_wconf 89' lang='lat' dir='ltr'><strong>Utunturad</strong></span> <span class='ocrx_word' id='word_1_303' title='bbox 1061 1842 1162 1885; x_wconf 85' lang='lat' dir='ltr'><strong>utrum·</strong></span> <span class='ocrx_word' id='word_1_304' title='bbox 1214 1841 1345 1908; x_wconf 82' lang='lat' dir='ltr'><strong>guinihus</strong></span> <span class='ocrx_word' id='word_1_305' title='bbox 1365 1854 1434 1891; x_wconf 84' lang='lat' dir='ltr'><strong>cnm</strong></span> <span class='ocrx_word' id='word_1_306' title='bbox 1449 1843 1526 1889; x_wconf 66' lang='lat' dir='ltr'><strong>futat</strong></span> <span class='ocrx_word' id='word_1_307' title='bbox 1547 1839 1649 1889; x_wconf 59' lang='lat' dir='ltr'><strong>⁰020?st</strong></span> <span class='ocrx_word' id='word_1_308' title='bbox 1670 1839 1748 1892; x_wconf 62' lang='lat' dir='ltr'><strong>Vitii·</strong></span> <span class='ocrx_word' id='word_1_309' title='bbox 1760 1839 2010 1908; x_wconf 64' lang='lat' dir='ltr'><strong>mtd0i²¹l⁸⁸¹l8⁰⁵⁸</strong></span> 
     </span>
     <span class='ocr_line' id='line_1_23' title="bbox 365 1902 2009 1982; baseline -0.002 -19"><span class='ocrx_word' id='word_1_310' title='bbox 365 1929 419 1982; x_wconf 90' lang='lat' dir='ltr'><strong>que</strong></span> <span class='ocrx_word' id='word_1_311' title='bbox 430 1913 526 1964; x_wconf 80' lang='lat' dir='ltr'><strong>titium</strong></span> <span class='ocrx_word' id='word_1_312' title='bbox 540 1920 569 1965; x_wconf 91' lang='lat' dir='ltr'><strong>et</strong></span> <span class='ocrx_word' id='word_1_313' title='bbox 579 1911 697 1981; x_wconf 84' lang='lat' dir='ltr'><strong>coagulo</strong></span> <span class='ocrx_word' id='word_1_314' title='bbox 707 1909 790 1962; x_wconf 92' lang='lat' dir='ltr'><strong>hoedi</strong></span> <span class='ocrx_word' id='word_1_315' title='bbox 803 1911 832 1960; x_wconf 92' lang='lat' dir='ltr'><strong>in</strong></span> <span class='ocrx_word' id='word_1_316' title='bbox 841 1909 906 1959; x_wconf 81' lang='lat' dir='ltr'><strong>vino</strong></span> <span class='ocrx_word' id='word_1_317' title='bbox 919 1910 1044 1975; x_wconf 79' lang='lat' dir='ltr'><strong>myrtite,</strong></span> <span class='ocrx_word' id='word_1_318' title='bbox 1057 1902 1161 1970; x_wconf 78' lang='lat' dir='ltr'><strong>anagui-</strong></span> <span class='ocrx_word' id='word_1_319' title='bbox 1215 1912 1343 1977; x_wconf 88' lang='lat' dir='ltr'><strong>caprinua</strong></span> <span class='ocrx_word' id='word_1_320' title='bbox 1354 1923 1414 1960; x_wconf 91' lang='lat' dir='ltr'><strong>cum</strong></span> <span class='ocrx_word' id='word_1_321' title='bbox 1434 1907 1558 1974; x_wconf 89' lang='lat' dir='ltr'><strong>polenta.</strong></span> <span class='ocrx_word' id='word_1_322' title='bbox 1593 1907 1662 1960; x_wconf 87' lang='lat' dir='ltr'><strong>item</strong></span> <span class='ocrx_word' id='word_1_323' title='bbox 1674 1907 1713 1961; x_wconf 84' lang='lat' dir='ltr'><strong>iel</strong></span> <span class='ocrx_word' id='word_1_324' title='bbox 1723 1909 1865 1977; x_wconf 86' lang='lat' dir='ltr'><strong>caprinum</strong></span> <span class='ocrx_word' id='word_1_325' title='bbox 1878 1908 2009 1977; x_wconf 85' lang='lat' dir='ltr'><strong>condylo-</strong></span> 
     </span>
    </p>
   </div>
   <div class='ocr_carea' id='block_1_3' title="bbox 365 1971 1164 2186">
    <p class='ocr_par' dir='ltr' id='par_1_3' title="bbox 365 1971 1164 2186">
     <span class='ocr_line' id='line_1_24' title="bbox 366 1971 1164 2048; baseline -0.018 -13"><span class='ocrx_word' id='word_1_326' title='bbox 366 1982 462 2035; x_wconf 90' lang='lat' dir='ltr'><strong>tudine</strong></span> <span class='ocrx_word' id='word_1_327' title='bbox 473 1982 555 2034; x_wconf 86' lang='lat' dir='ltr'><strong>iubae</strong></span> <span class='ocrx_word' id='word_1_328' title='bbox 567 1988 647 2048; x_wconf 90' lang='lat' dir='ltr'><strong>poto:</strong></span> <span class='ocrx_word' id='word_1_329' title='bbox 658 1988 687 2032; x_wconf 93' lang='lat' dir='ltr'><strong>et</strong></span> <span class='ocrx_word' id='word_1_330' title='bbox 696 1977 962 2046; x_wconf 86' lang='lat' dir='ltr'><strong>sanguineeiusdem</strong></span> <span class='ocrx_word' id='word_1_331' title='bbox 973 1976 1096 2027; x_wconf 89' lang='lat' dir='ltr'><strong>incibum</strong></span> <span class='ocrx_word' id='word_1_332' title='bbox 1107 1971 1164 2022; x_wconf 81' lang='lat' dir='ltr'><strong>ior·</strong></span> 
     </span>
     <span class='ocr_line' id='line_1_25' title="bbox 366 2042 1163 2116; baseline -0.014 -14"><span class='ocrx_word' id='word_1_333' title='bbox 366 2058 453 2114; x_wconf 86' lang='lat' dir='ltr'><strong>rnatu,</strong></span> <span class='ocrx_word' id='word_1_334' title='bbox 467 2066 547 2116; x_wconf 85' lang='lat' dir='ltr'><strong>quom</strong></span> <span class='ocrx_word' id='word_1_335' title='bbox 558 2048 748 2115; x_wconf 75' lang='lat' dir='ltr'><strong>sanguiculum</strong></span> <span class='ocrx_word' id='word_1_336' title='bbox 760 2052 868 2098; x_wconf 75' lang='lat' dir='ltr'><strong>cocunt.</strong></span> <span class='ocrx_word' id='word_1_337' title='bbox 904 2044 1056 2096; x_wconf 81' lang='lat' dir='ltr'><strong>infundunt</strong></span> <span class='ocrx_word' id='word_1_338' title='bbox 1066 2042 1163 2108; x_wconf 83' lang='lat' dir='ltr'><strong>dysen-</strong></span> 
     </span>
     <span class='ocr_line' id='line_1_26' title="bbox 365 2111 1162 2186; baseline -0.016 -14"><span class='ocrx_word' id='word_1_339' title='bbox 365 2120 462 2172; x_wconf 83' lang='lat' dir='ltr'><strong>tericis</strong></span> <span class='ocrx_word' id='word_1_340' title='bbox 474 2125 502 2171; x_wconf 91' lang='lat' dir='ltr'><strong>et</strong></span> <span class='ocrx_word' id='word_1_341' title='bbox 512 2118 649 2186; x_wconf 88' lang='lat' dir='ltr'><strong>glutinum</strong></span> <span class='ocrx_word' id='word_1_342' title='bbox 662 2116 799 2168; x_wconf 85' lang='lat' dir='ltr'><strong>taurirmm</strong></span> <span class='ocrx_word' id='word_1_343' title='bbox 811 2129 884 2181; x_wconf 85' lang='lat' dir='ltr'><strong>aqua</strong></span> <span class='ocrx_word' id='word_1_344' title='bbox 900 2113 992 2165; x_wconf 83' lang='lat' dir='ltr'><strong>calida</strong></span> <span class='ocrx_word' id='word_1_345' title='bbox 1002 2111 1162 2163; x_wconf 88' lang='lat' dir='ltr'><strong>resolutum.</strong></span> 
     </span>
    </p>
   </div>
   <div class='ocr_carea' id='block_1_4' title="bbox 254 2179 1161 2257">
    <p class='ocr_par' dir='ltr' id='par_1_4' title="bbox 254 2179 1161 2257">
     <span class='ocr_line' id='line_1_27' title="bbox 254 2179 1161 2257; baseline -0.011 -17"><span class='ocrx_word' id='word_1_346' title='bbox 254 2246 258 2257; x_wconf 41' lang='grc' dir='ltr'><strong><em>Ι</em></strong></span> <span class='ocrx_word' id='word_1_347' title='bbox 367 2189 528 2241; x_wconf 88' lang='lat' dir='ltr'><strong>lnllationes</strong></span> <span class='ocrx_word' id='word_1_348' title='bbox 549 2185 664 2237; x_wconf 78' lang='lat' dir='ltr'><strong>discutit</strong></span> <span class='ocrx_word' id='word_1_349' title='bbox 683 2184 827 2235; x_wconf 81' lang='lat' dir='ltr'><strong>vitulinum</strong></span> <span class='ocrx_word' id='word_1_350' title='bbox 845 2184 938 2234; x_wconf 88' lang='lat' dir='ltr'><strong>limum</strong></span> <span class='ocrx_word' id='word_1_351' title='bbox 958 2183 987 2234; x_wconf 89' lang='lat' dir='ltr'><strong>in</strong></span> <span class='ocrx_word' id='word_1_352' title='bbox 1004 2182 1068 2232; x_wconf 78' lang='lat' dir='ltr'><strong>rino</strong></span> <span class='ocrx_word' id='word_1_353' title='bbox 1080 2179 1161 2231; x_wconf 90' lang='lat' dir='ltr'><strong>deco·</strong></span> 
     </span>
    </p>
   </div>
   <div class='ocr_carea' id='block_1_5' title="bbox 366 2252 1166 5009">
    <p class='ocr_par' dir='ltr' id='par_1_5' title="bbox 366 2252 1165 3136">
     <span class='ocr_line' id='line_1_28' title="bbox 368 2252 1164 2319; baseline -0.013 -9"><span class='ocrx_word' id='word_1_354' title='bbox 368 2267 452 2310; x_wconf 85' lang='lat' dir='ltr'><strong>ctum.</strong></span> <span class='ocrx_word' id='word_1_355' title='bbox 488 2258 687 2308; x_wconf 87' lang='lat' dir='ltr'><strong>intestinarum</strong></span> <span class='ocrx_word' id='word_1_356' title='bbox 701 2253 776 2304; x_wconf 79' lang='lat' dir='ltr'><strong>vitiis</strong></span> <span class='ocrx_word' id='word_1_357' title='bbox 797 2266 966 2319; x_wconf 76' lang='lat' dir='ltr'><strong>magnopere</strong></span> <span class='ocrx_word' id='word_1_358' title='bbox 977 2252 1091 2318; x_wconf 89' lang='lat' dir='ltr'><strong>prodeat</strong></span> <span class='ocrx_word' id='word_1_359' title='bbox 1103 2264 1164 2301; x_wconf 85' lang='lat' dir='ltr'><strong>coa·</strong></span> 
     </span>
     <span class='ocr_line' id='line_1_29' title="bbox 367 2322 1164 2395; baseline -0.013 -16"><span class='ocrx_word' id='word_1_360' title='bbox 367 2328 463 2395; x_wconf 89' lang='lat' dir='ltr'><strong>guium</strong></span> <span class='ocrx_word' id='word_1_361' title='bbox 474 2325 778 2387; x_wconf 73' lang='lat' dir='ltr'><strong>nemorumnemorum</strong></span> <span class='ocrx_word' id='word_1_362' title='bbox 790 2337 850 2373; x_wconf 90' lang='lat' dir='ltr'><strong>cum</strong></span> <span class='ocrx_word' id='word_1_363' title='bbox 864 2322 938 2374; x_wconf 85' lang='lat' dir='ltr'><strong>lente</strong></span> <span class='ocrx_word' id='word_1_364' title='bbox 947 2322 1164 2388; x_wconf 81' lang='lat' dir='ltr'><strong>betaque,atque</strong></span> 
     </span>
     <span class='ocr_line' id='line_1_30' title="bbox 368 2388 1164 2459; baseline -0.011 -12"><span class='ocrx_word' id='word_1_365' title='bbox 368 2397 396 2447; x_wconf 91' lang='lat' dir='ltr'><strong>ln</strong></span> <span class='ocrx_word' id='word_1_366' title='bbox 409 2396 470 2447; x_wconf 90' lang='lat' dir='ltr'><strong>cibo</strong></span> <span class='ocrx_word' id='word_1_367' title='bbox 487 2402 617 2446; x_wconf 83' lang='lat' dir='ltr'><strong>sumtum.</strong></span> <span class='ocrx_word' id='word_1_368' title='bbox 653 2392 771 2459; x_wconf 85' lang='lat' dir='ltr'><strong>Leporis</strong></span> <span class='ocrx_word' id='word_1_369' title='bbox 789 2391 906 2458; x_wconf 87' lang='lat' dir='ltr'><strong>pilorum</strong></span> <span class='ocrx_word' id='word_1_370' title='bbox 918 2390 988 2442; x_wconf 80' lang='lat' dir='ltr'><strong>elisis</strong></span> <span class='ocrx_word' id='word_1_371' title='bbox 1000 2404 1061 2442; x_wconf 85' lang='lat' dir='ltr'><strong>cum</strong></span> <span class='ocrx_word' id='word_1_372' title='bbox 1080 2388 1164 2440; x_wconf 87' lang='lat' dir='ltr'><strong>melle</strong></span> 
     </span>
     <span class='ocr_line' id='line_1_31' title="bbox 368 2458 1163 2529; baseline -0.01 -12"><span class='ocrx_word' id='word_1_373' title='bbox 368 2465 510 2518; x_wconf 84' lang='lat' dir='ltr'><strong>decoctus.</strong></span> <span class='ocrx_word' id='word_1_374' title='bbox 538 2461 635 2513; x_wconf 84' lang='lat' dir='ltr'><strong>Lectis</strong></span> <span class='ocrx_word' id='word_1_375' title='bbox 647 2462 754 2529; x_wconf 81' lang='lat' dir='ltr'><strong>caprini</strong></span> <span class='ocrx_word' id='word_1_376' title='bbox 766 2468 859 2527; x_wconf 91' lang='lat' dir='ltr'><strong>potus,</strong></span> <span class='ocrx_word' id='word_1_377' title='bbox 871 2459 1052 2512; x_wconf 73' lang='lat' dir='ltr'><strong>decoctionem</strong></span> <span class='ocrx_word' id='word_1_378' title='bbox 1064 2458 1163 2520; x_wconf 79' lang='lat' dir='ltr'><strong>malva,</strong></span> 
     </span>
     <span class='ocr_line' id='line_1_32' title="bbox 368 2526 1165 2601; baseline -0.008 -16"><span class='ocrx_word' id='word_1_379' title='bbox 368 2536 470 2601; x_wconf 83' lang='lat' dir='ltr'><strong>exiguo</strong></span> <span class='ocrx_word' id='word_1_380' title='bbox 481 2531 541 2583; x_wconf 89' lang='lat' dir='ltr'><strong>sale</strong></span> <span class='ocrx_word' id='word_1_381' title='bbox 552 2529 658 2582; x_wconf 84' lang='lat' dir='ltr'><strong>addita.</strong></span> <span class='ocrx_word' id='word_1_382' title='bbox 695 2531 723 2581; x_wconf 81' lang='lat' dir='ltr'><strong>Si</strong></span> <span class='ocrx_word' id='word_1_383' title='bbox 733 2535 762 2580; x_wconf 86' lang='lat' dir='ltr'><strong>et</strong></span> <span class='ocrx_word' id='word_1_384' title='bbox 774 2529 918 2596; x_wconf 79' lang='lat' dir='ltr'><strong>coagulum</strong></span> <span class='ocrx_word' id='word_1_385' title='bbox 931 2528 1062 2591; x_wconf 87' lang='lat' dir='ltr'><strong>addatur,</strong></span> <span class='ocrx_word' id='word_1_386' title='bbox 1081 2526 1165 2579; x_wconf 81' lang='lat' dir='ltr'><strong>oraio·</strong></span> 
     </span>
     <span class='ocr_line' id='line_1_33' title="bbox 368 2598 1163 2654; baseline -0.009 0"><span class='ocrx_word' id='word_1_387' title='bbox 368 2603 447 2654; x_wconf 91' lang='lat' dir='ltr'><strong>ribus</strong></span> <span class='ocrx_word' id='word_1_388' title='bbox 457 2600 652 2654; x_wconf 80' lang='lat' dir='ltr'><strong>emolumentis</strong></span> <span class='ocrx_word' id='word_1_389' title='bbox 664 2599 722 2650; x_wconf 86' lang='lat' dir='ltr'><strong>ilat.</strong></span> <span class='ocrx_word' id='word_1_390' title='bbox 745 2599 848 2651; x_wconf 83' lang='lat' dir='ltr'><strong>Eadem</strong></span> <span class='ocrx_word' id='word_1_391' title='bbox 860 2598 902 2649; x_wconf 80' lang='lat' dir='ltr'><strong>ris</strong></span> <span class='ocrx_word' id='word_1_392' title='bbox 913 2605 956 2650; x_wconf 87' lang='lat' dir='ltr'><strong>est</strong></span> <span class='ocrx_word' id='word_1_393' title='bbox 966 2603 995 2650; x_wconf 86' lang='lat' dir='ltr'><strong>et</strong></span> <span class='ocrx_word' id='word_1_394' title='bbox 1003 2598 1034 2649; x_wconf 91' lang='lat' dir='ltr'><strong>in</strong></span> <span class='ocrx_word' id='word_1_395' title='bbox 1043 2612 1110 2649; x_wconf 81' lang='lat' dir='ltr'><strong>sevo</strong></span> <span class='ocrx_word' id='word_1_396' title='bbox 1118 2611 1163 2648; x_wconf 81' lang='lat' dir='ltr'><strong>ea·</strong></span> 
     </span>
     <span class='ocr_line' id='line_1_34' title="bbox 367 2666 1165 2750; baseline -0.008 -27"><span class='ocrx_word' id='word_1_397' title='bbox 367 2671 449 2740; x_wconf 91' lang='lat' dir='ltr'><strong>prino</strong></span> <span class='ocrx_word' id='word_1_398' title='bbox 471 2670 500 2721; x_wconf 92' lang='lat' dir='ltr'><strong>in</strong></span> <span class='ocrx_word' id='word_1_399' title='bbox 522 2669 677 2722; x_wconf 87' lang='lat' dir='ltr'><strong>sorbitione</strong></span> <span class='ocrx_word' id='word_1_400' title='bbox 690 2668 793 2750; x_wconf 82' lang='lat' dir='ltr'><strong>aliqua,</strong></span> <span class='ocrx_word' id='word_1_401' title='bbox 814 2669 856 2719; x_wconf 92' lang='lat' dir='ltr'><strong>uti</strong></span> <span class='ocrx_word' id='word_1_402' title='bbox 870 2669 998 2735; x_wconf 88' lang='lat' dir='ltr'><strong>protinus</strong></span> <span class='ocrx_word' id='word_1_403' title='bbox 1019 2666 1165 2718; x_wconf 86' lang='lat' dir='ltr'><strong>haurietur</strong></span> 
     </span>
     <span class='ocr_line' id='line_1_35' title="bbox 368 2736 1165 2808; baseline -0.005 -17"><span class='ocrx_word' id='word_1_404' title='bbox 368 2739 474 2808; x_wconf 84' lang='lat' dir='ltr'><strong>frigida</strong></span> <span class='ocrx_word' id='word_1_405' title='bbox 484 2754 564 2806; x_wconf 80' lang='lat' dir='ltr'><strong>aqua</strong></span> <span class='ocrx_word' id='word_1_406' title='bbox 600 2739 670 2791; x_wconf 87' lang='lat' dir='ltr'><strong>ltem</strong></span> <span class='ocrx_word' id='word_1_407' title='bbox 681 2737 813 2790; x_wconf 78' lang='lat' dir='ltr'><strong>feminum</strong></span> <span class='ocrx_word' id='word_1_408' title='bbox 826 2736 912 2790; x_wconf 86' lang='lat' dir='ltr'><strong>hoedi</strong></span> <span class='ocrx_word' id='word_1_409' title='bbox 922 2738 989 2790; x_wconf 88' lang='lat' dir='ltr'><strong>einis</strong></span> <span class='ocrx_word' id='word_1_410' title='bbox 1002 2742 1086 2804; x_wconf 85' lang='lat' dir='ltr'><strong>rupta</strong></span> <span class='ocrx_word' id='word_1_411' title='bbox 1096 2736 1165 2787; x_wconf 87' lang='lat' dir='ltr'><strong>inte·</strong></span> 
     </span>
     <span class='ocr_line' id='line_1_36' title="bbox 368 2803 1165 2874; baseline -0.009 -13"><span class='ocrx_word' id='word_1_412' title='bbox 368 2811 444 2862; x_wconf 89' lang='lat' dir='ltr'><strong>stine</strong></span> <span class='ocrx_word' id='word_1_413' title='bbox 452 2811 556 2862; x_wconf 83' lang='lat' dir='ltr'><strong>sarcire</strong></span> <span class='ocrx_word' id='word_1_414' title='bbox 566 2807 637 2860; x_wconf 89' lang='lat' dir='ltr'><strong>mire</strong></span> <span class='ocrx_word' id='word_1_415' title='bbox 647 2807 778 2860; x_wconf 87' lang='lat' dir='ltr'><strong>traditur.</strong></span> <span class='ocrx_word' id='word_1_416' title='bbox 790 2807 897 2859; x_wconf 88' lang='lat' dir='ltr'><strong>Fimum</strong></span> <span class='ocrx_word' id='word_1_417' title='bbox 912 2806 1015 2874; x_wconf 91' lang='lat' dir='ltr'><strong>leporis</strong></span> <span class='ocrx_word' id='word_1_418' title='bbox 1025 2820 1089 2858; x_wconf 85' lang='lat' dir='ltr'><strong>cum</strong></span> <span class='ocrx_word' id='word_1_419' title='bbox 1100 2803 1165 2857; x_wconf 91' lang='lat' dir='ltr'><strong>mel·</strong></span> 
     </span>
     <span class='ocr_line' id='line_1_37' title="bbox 367 2876 1165 2945; baseline -0.01 -14"><span class='ocrx_word' id='word_1_420' title='bbox 367 2879 396 2933; x_wconf 89' lang='lat' dir='ltr'><strong>le</strong></span> <span class='ocrx_word' id='word_1_421' title='bbox 408 2880 563 2942; x_wconf 88' lang='lat' dir='ltr'><strong>decoctum,</strong></span> <span class='ocrx_word' id='word_1_422' title='bbox 574 2884 603 2930; x_wconf 92' lang='lat' dir='ltr'><strong>et</strong></span> <span class='ocrx_word' id='word_1_423' title='bbox 614 2877 738 2945; x_wconf 86' lang='lat' dir='ltr'><strong>quotidie</strong></span> <span class='ocrx_word' id='word_1_424' title='bbox 748 2876 831 2929; x_wconf 85' lang='lat' dir='ltr'><strong>iabae</strong></span> <span class='ocrx_word' id='word_1_425' title='bbox 842 2876 1029 2944; x_wconf 88' lang='lat' dir='ltr'><strong>magnitudine</strong></span> <span class='ocrx_word' id='word_1_426' title='bbox 1034 2882 1165 2941; x_wconf 85' lang='lat' dir='ltr'><strong>sumtum,</strong></span> 
     </span>
     <span class='ocr_line' id='line_1_38' title="bbox 366 2940 1165 3016; baseline -0.008 -16"><span class='ocrx_word' id='word_1_427' title='bbox 366 2950 460 3002; x_wconf 89' lang='lat' dir='ltr'><strong>itaut</strong></span> <span class='ocrx_word' id='word_1_428' title='bbox 480 2948 639 3016; x_wconf 89' lang='lat' dir='ltr'><strong>deploratos</strong></span> <span class='ocrx_word' id='word_1_429' title='bbox 659 2949 824 2999; x_wconf 82' lang='lat' dir='ltr'><strong>sanaverint.</strong></span> <span class='ocrx_word' id='word_1_430' title='bbox 862 2945 992 2998; x_wconf 87' lang='lat' dir='ltr'><strong>Laudant</strong></span> <span class='ocrx_word' id='word_1_431' title='bbox 1012 2950 1041 2997; x_wconf 90' lang='lat' dir='ltr'><strong>et</strong></span> <span class='ocrx_word' id='word_1_432' title='bbox 1058 2940 1165 3010; x_wconf 90' lang='lat' dir='ltr'><strong>caprini</strong></span> 
     </span>
     <span class='ocr_line' id='line_1_39' title="bbox 368 3016 933 3136; baseline -0.005 -66"><span class='ocrx_word' id='word_1_433' title='bbox 368 3017 467 3136; x_wconf 68' lang='lat' dir='ltr'><strong>capitis</strong></span> <span class='ocrx_word' id='word_1_434' title='bbox 478 3031 539 3068; x_wconf 92' lang='lat' dir='ltr'><strong>cum</strong></span> <span class='ocrx_word' id='word_1_435' title='bbox 550 3018 607 3069; x_wconf 89' lang='lat' dir='ltr'><strong>suis</strong></span> <span class='ocrx_word' id='word_1_436' title='bbox 619 3016 684 3083; x_wconf 90' lang='lat' dir='ltr'><strong>pilis</strong></span> <span class='ocrx_word' id='word_1_437' title='bbox 695 3017 801 3068; x_wconf 86' lang='lat' dir='ltr'><strong>decocti</strong></span> <span class='ocrx_word' id='word_1_438' title='bbox 812 3029 933 3067; x_wconf 90' lang='lat' dir='ltr'><strong>succum.</strong></span> 
     </span>
    </p>

    <p class='ocr_par' dir='ltr' id='par_1_6' title="bbox 367 3081 1166 3767">
     <span class='ocr_line' id='line_1_40' title="bbox 429 3081 1165 3146; baseline -0.004 -11"><span class='ocrx_word' id='word_1_439' title='bbox 429 3085 475 3135; x_wconf 85' lang='lat' dir='ltr'><strong>lx.</strong></span> <span class='ocrx_word' id='word_1_440' title='bbox 493 3088 656 3146; x_wconf 88' lang='lat' dir='ltr'><strong>Tenesmos,</strong></span> <span class='ocrx_word' id='word_1_441' title='bbox 676 3084 767 3145; x_wconf 88' lang='lat' dir='ltr'><strong>idest,</strong></span> <span class='ocrx_word' id='word_1_442' title='bbox 787 3085 883 3137; x_wconf 87' lang='lat' dir='ltr'><strong>erebra</strong></span> <span class='ocrx_word' id='word_1_443' title='bbox 895 3090 924 3137; x_wconf 87' lang='lat' dir='ltr'><strong>et</strong></span> <span class='ocrx_word' id='word_1_444' title='bbox 935 3081 1025 3135; x_wconf 84' lang='lat' dir='ltr'><strong>inanis</strong></span> <span class='ocrx_word' id='word_1_445' title='bbox 1034 3081 1165 3134; x_wconf 78' lang='lat' dir='ltr'><strong>voluntas</strong></span> 
     </span>
     <span class='ocr_line' id='line_1_41' title="bbox 367 3151 1164 3220; baseline -0.004 -14"><span class='ocrx_word' id='word_1_446' title='bbox 367 3154 545 3220; x_wconf 89' lang='lat' dir='ltr'><strong>desurgemli,</strong></span> <span class='ocrx_word' id='word_1_447' title='bbox 555 3154 664 3205; x_wconf 88' lang='lat' dir='ltr'><strong>tollitur</strong></span> <span class='ocrx_word' id='word_1_448' title='bbox 676 3160 741 3219; x_wconf 93' lang='lat' dir='ltr'><strong>potn</strong></span> <span class='ocrx_word' id='word_1_449' title='bbox 753 3154 826 3205; x_wconf 91' lang='lat' dir='ltr'><strong>laete</strong></span> <span class='ocrx_word' id='word_1_450' title='bbox 839 3153 961 3205; x_wconf 82' lang='lat' dir='ltr'><strong>asinino:</strong></span> <span class='ocrx_word' id='word_1_451' title='bbox 973 3152 1041 3203; x_wconf 90' lang='lat' dir='ltr'><strong>item</strong></span> <span class='ocrx_word' id='word_1_452' title='bbox 1051 3151 1164 3203; x_wconf 90' lang='lat' dir='ltr'><strong>bubulo.</strong></span> 
     </span>
     <span class='ocr_line' id='line_1_42' title="bbox 367 3221 1165 3289; baseline -0.001 -15"><span class='ocrx_word' id='word_1_453' title='bbox 367 3223 535 3275; x_wconf 68' lang='lat' dir='ltr'><strong>&#39;taeniarum</strong></span> <span class='ocrx_word' id='word_1_454' title='bbox 546 3236 650 3289; x_wconf 88' lang='lat' dir='ltr'><strong>genera</strong></span> <span class='ocrx_word' id='word_1_455' title='bbox 660 3223 741 3288; x_wconf 89' lang='lat' dir='ltr'><strong>pellit</strong></span> <span class='ocrx_word' id='word_1_456' title='bbox 761 3222 865 3273; x_wconf 78' lang='lat' dir='ltr'><strong>cervini</strong></span> <span class='ocrx_word' id='word_1_457' title='bbox 881 3236 982 3272; x_wconf 85' lang='lat' dir='ltr'><strong>cornus</strong></span> <span class='ocrx_word' id='word_1_458' title='bbox 992 3221 1063 3272; x_wconf 87' lang='lat' dir='ltr'><strong>cinis</strong></span> <span class='ocrx_word' id='word_1_459' title='bbox 1074 3226 1165 3288; x_wconf 89' lang='lat' dir='ltr'><strong>potus.</strong></span> 
     </span>
     <span class='ocr_line' id='line_1_43' title="bbox 369 3289 1166 3358; baseline -0.004 -15"><span class='ocrx_word' id='word_1_460' title='bbox 369 3294 446 3357; x_wconf 77' lang='lat' dir='ltr'><strong>Quae</strong></span> <span class='ocrx_word' id='word_1_461' title='bbox 465 3292 494 3343; x_wconf 88' lang='lat' dir='ltr'><strong>in</strong></span> <span class='ocrx_word' id='word_1_462' title='bbox 514 3292 696 3345; x_wconf 78' lang='lat' dir='ltr'><strong>excrementis</strong></span> <span class='ocrx_word' id='word_1_463' title='bbox 708 3289 767 3358; x_wconf 91' lang='lat' dir='ltr'><strong>lupi</strong></span> <span class='ocrx_word' id='word_1_464' title='bbox 779 3290 898 3342; x_wconf 74' lang='lat' dir='ltr'><strong>diximus</strong></span> <span class='ocrx_word' id='word_1_465' title='bbox 918 3291 1035 3343; x_wconf 74' lang='lat' dir='ltr'><strong>inveniri</strong></span> <span class='ocrx_word' id='word_1_466' title='bbox 1046 3306 1119 3353; x_wconf 86' lang='lat' dir='ltr'><strong>ossa,</strong></span> <span class='ocrx_word' id='word_1_467' title='bbox 1140 3290 1166 3341; x_wconf 91' lang='lat' dir='ltr'><strong>si</strong></span> 
     </span>
     <span class='ocr_line' id='line_1_44' title="bbox 367 3360 1166 3429; baseline -0.004 -15"><span class='ocrx_word' id='word_1_468' title='bbox 367 3370 471 3415; x_wconf 87' lang='lat' dir='ltr'><strong>terram</strong></span> <span class='ocrx_word' id='word_1_469' title='bbox 494 3375 549 3413; x_wconf 89' lang='lat' dir='ltr'><strong>non</strong></span> <span class='ocrx_word' id='word_1_470' title='bbox 570 3361 730 3428; x_wconf 77' lang='lat' dir='ltr'><strong>attigerint,</strong></span> <span class='ocrx_word' id='word_1_471' title='bbox 752 3360 815 3421; x_wconf 84' lang='lat' dir='ltr'><strong>colo</strong></span> <span class='ocrx_word' id='word_1_472' title='bbox 836 3361 990 3423; x_wconf 88' lang='lat' dir='ltr'><strong>medentur,</strong></span> <span class='ocrx_word' id='word_1_473' title='bbox 1011 3360 1166 3429; x_wconf 88' lang='lat' dir='ltr'><strong>adalligata</strong></span> 
     </span>
     <span class='ocr_line' id='line_1_45' title="bbox 367 3430 1165 3500; baseline -0.003 -17"><span class='ocrx_word' id='word_1_474' title='bbox 367 3430 491 3483; x_wconf 89' lang='lat' dir='ltr'><strong>brachio.</strong></span> <span class='ocrx_word' id='word_1_475' title='bbox 528 3431 612 3483; x_wconf 87' lang='lat' dir='ltr'><strong>Polea</strong></span> <span class='ocrx_word' id='word_1_476' title='bbox 624 3444 732 3497; x_wconf 91' lang='lat' dir='ltr'><strong>quoque</strong></span> <span class='ocrx_word' id='word_1_477' title='bbox 743 3443 827 3496; x_wconf 90' lang='lat' dir='ltr'><strong>supra</strong></span> <span class='ocrx_word' id='word_1_478' title='bbox 842 3430 916 3482; x_wconf 85' lang='lat' dir='ltr'><strong>dicta</strong></span> <span class='ocrx_word' id='word_1_479' title='bbox 927 3446 971 3482; x_wconf 81' lang='lat' dir='ltr'><strong>nia</strong></span> <span class='ocrx_word' id='word_1_480' title='bbox 991 3445 1092 3500; x_wconf 88' lang='lat' dir='ltr'><strong>nopere</strong></span> <span class='ocrx_word' id='word_1_481' title='bbox 1105 3444 1165 3497; x_wconf 91' lang='lat' dir='ltr'><strong>pro·</strong></span> 
     </span>
     <span class='ocr_line' id='line_1_46' title="bbox 369 3447 1164 3566; baseline -0.005 -13"><span class='ocrx_word' id='word_1_482' title='bbox 369 3501 432 3553; x_wconf 86' lang='lat' dir='ltr'><strong>dest</strong></span> <span class='ocrx_word' id='word_1_483' title='bbox 443 3503 470 3551; x_wconf 91' lang='lat' dir='ltr'><strong>ln</strong></span> <span class='ocrx_word' id='word_1_484' title='bbox 482 3514 551 3566; x_wconf 89' lang='lat' dir='ltr'><strong>sapa</strong></span> <span class='ocrx_word' id='word_1_485' title='bbox 561 3499 684 3550; x_wconf 88' lang='lat' dir='ltr'><strong>decocta.</strong></span> <span class='ocrx_word' id='word_1_486' title='bbox 720 3499 789 3552; x_wconf 87' lang='lat' dir='ltr'><strong>item</strong></span> <span class='ocrx_word' id='word_1_487' title='bbox 801 3500 875 3551; x_wconf 90' lang='lat' dir='ltr'><strong>suilli</strong></span> <span class='ocrx_word' id='word_1_488' title='bbox 895 3501 949 3553; x_wconf 87' lang='lat' dir='ltr'><strong>limi</strong></span> <span class='ocrx_word' id='word_1_489' title='bbox 967 3447 1058 3553; x_wconf 50' lang='lat' dir='ltr'><strong>ferina</strong></span> <span class='ocrx_word' id='word_1_490' title='bbox 1068 3500 1164 3552; x_wconf 88' lang='lat' dir='ltr'><strong>addito</strong></span> 
     </span>
     <span class='ocr_line' id='line_1_47' title="bbox 368 3569 1164 3635; baseline -0.003 -14"><span class='ocrx_word' id='word_1_491' title='bbox 368 3571 479 3622; x_wconf 87' lang='lat' dir='ltr'><strong>cumino</strong></span> <span class='ocrx_word' id='word_1_492' title='bbox 490 3569 520 3620; x_wconf 89' lang='lat' dir='ltr'><strong>ln</strong></span> <span class='ocrx_word' id='word_1_493' title='bbox 530 3583 602 3635; x_wconf 86' lang='lat' dir='ltr'><strong>aque</strong></span> <span class='ocrx_word' id='word_1_494' title='bbox 614 3574 694 3621; x_wconf 91' lang='lat' dir='ltr'><strong>rutae</strong></span> <span class='ocrx_word' id='word_1_495' title='bbox 714 3569 854 3622; x_wconf 86' lang='lat' dir='ltr'><strong>decoctae.</strong></span> <span class='ocrx_word' id='word_1_496' title='bbox 891 3571 998 3622; x_wconf 83' lang='lat' dir='ltr'><strong>Cornus</strong></span> <span class='ocrx_word' id='word_1_497' title='bbox 1009 3569 1112 3622; x_wconf 72' lang='lat' dir='ltr'><strong>cervini</strong></span> <span class='ocrx_word' id='word_1_498' title='bbox 1123 3575 1164 3620; x_wconf 88' lang='lat' dir='ltr'><strong>te·</strong></span> 
     </span>
     <span class='ocr_line' id='line_1_48' title="bbox 367 3634 1165 3697; baseline -0.001 -9"><span class='ocrx_word' id='word_1_499' title='bbox 367 3638 429 3689; x_wconf 90' lang='lat' dir='ltr'><strong>neri</strong></span> <span class='ocrx_word' id='word_1_500' title='bbox 450 3639 536 3697; x_wconf 86' lang='lat' dir='ltr'><strong>cinis,</strong></span> <span class='ocrx_word' id='word_1_501' title='bbox 556 3634 677 3688; x_wconf 89' lang='lat' dir='ltr'><strong>cochleis</strong></span> <span class='ocrx_word' id='word_1_502' title='bbox 697 3636 837 3691; x_wconf 73' lang='lat' dir='ltr'><strong>Africanis</strong></span> <span class='ocrx_word' id='word_1_503' title='bbox 859 3653 921 3690; x_wconf 90' lang='lat' dir='ltr'><strong>cum</strong></span> <span class='ocrx_word' id='word_1_504' title='bbox 936 3647 1012 3692; x_wconf 88' lang='lat' dir='ltr'><strong>testa</strong></span> <span class='ocrx_word' id='word_1_505' title='bbox 1029 3653 1080 3691; x_wconf 88' lang='lat' dir='ltr'><strong>sua</strong></span> <span class='ocrx_word' id='word_1_506' title='bbox 1095 3637 1165 3689; x_wconf 88' lang='lat' dir='ltr'><strong>tusis</strong></span> 
     </span>
     <span class='ocr_line' id='line_1_49' title="bbox 368 3702 726 3767; baseline -0.003 -12"><span class='ocrx_word' id='word_1_507' title='bbox 368 3704 482 3765; x_wconf 80' lang='lat' dir='ltr'><strong>mistus,</strong></span> <span class='ocrx_word' id='word_1_508' title='bbox 493 3703 523 3752; x_wconf 89' lang='lat' dir='ltr'><strong>lu</strong></span> <span class='ocrx_word' id='word_1_509' title='bbox 534 3702 590 3757; x_wconf 75' lang='lat' dir='ltr'><strong>viai</strong></span> <span class='ocrx_word' id='word_1_510' title='bbox 598 3703 726 3767; x_wconf 87' lang='lat' dir='ltr'><strong>potione.</strong></span> 
     </span>
    </p>

    <p class='ocr_par' dir='ltr' id='par_1_7' title="bbox 367 3769 1166 4442">
     <span class='ocr_line' id='line_1_50' title="bbox 403 3769 1166 3836; baseline 0.004 -14"><span class='ocrx_word' id='word_1_511' title='bbox 403 3771 462 3822; x_wconf 76' lang='lat' dir='ltr'><strong>bx.</strong></span> <span class='ocrx_word' id='word_1_512' title='bbox 472 3769 589 3823; x_wconf 82' lang='lat' dir='ltr'><strong>Vesicae</strong></span> <span class='ocrx_word' id='word_1_513' title='bbox 599 3769 825 3836; x_wconf 82' lang='lat' dir='ltr'><strong>calculorumque</strong></span> <span class='ocrx_word' id='word_1_514' title='bbox 837 3773 1004 3826; x_wconf 80' lang='lat' dir='ltr'><strong>eruciatibus</strong></span> <span class='ocrx_word' id='word_1_515' title='bbox 1016 3773 1166 3827; x_wconf 80' lang='lat' dir='ltr'><strong>auxiliatur</strong></span> 
     </span>
     <span class='ocr_line' id='line_1_51' title="bbox 368 3837 1165 3907; baseline 0.006 -17"><span class='ocrx_word' id='word_1_516' title='bbox 368 3840 451 3891; x_wconf 80' lang='lat' dir='ltr'><strong>irrina</strong></span> <span class='ocrx_word' id='word_1_517' title='bbox 461 3839 531 3905; x_wconf 91' lang='lat' dir='ltr'><strong>apri,</strong></span> <span class='ocrx_word' id='word_1_518' title='bbox 541 3844 569 3889; x_wconf 90' lang='lat' dir='ltr'><strong>et</strong></span> <span class='ocrx_word' id='word_1_519' title='bbox 584 3837 644 3902; x_wconf 91' lang='lat' dir='ltr'><strong>ipsa</strong></span> <span class='ocrx_word' id='word_1_520' title='bbox 654 3837 746 3889; x_wconf 81' lang='lat' dir='ltr'><strong>vesica</strong></span> <span class='ocrx_word' id='word_1_521' title='bbox 756 3853 806 3903; x_wconf 91' lang='lat' dir='ltr'><strong>pro</strong></span> <span class='ocrx_word' id='word_1_522' title='bbox 817 3840 878 3889; x_wconf 91' lang='lat' dir='ltr'><strong>cibo</strong></span> <span class='ocrx_word' id='word_1_523' title='bbox 888 3847 993 3891; x_wconf 81' lang='lat' dir='ltr'><strong>sumta:</strong></span> <span class='ocrx_word' id='word_1_524' title='bbox 1016 3843 1165 3907; x_wconf 79' lang='lat' dir='ltr'><strong>efficacius,</strong></span> 
     </span>
     <span class='ocr_line' id='line_1_52' title="bbox 368 3905 1164 3975; baseline -0.001 -15"><span class='ocrx_word' id='word_1_525' title='bbox 368 3910 393 3960; x_wconf 93' lang='lat' dir='ltr'><strong>si</strong></span> <span class='ocrx_word' id='word_1_526' title='bbox 405 3908 481 3975; x_wconf 86' lang='lat' dir='ltr'><strong>prius</strong></span> <span class='ocrx_word' id='word_1_527' title='bbox 492 3905 567 3956; x_wconf 87' lang='lat' dir='ltr'><strong>inmo</strong></span> <span class='ocrx_word' id='word_1_528' title='bbox 579 3913 733 3957; x_wconf 87' lang='lat' dir='ltr'><strong>maceretur</strong></span> <span class='ocrx_word' id='word_1_529' title='bbox 744 3913 900 3972; x_wconf 88' lang='lat' dir='ltr'><strong>utrumque.</strong></span> <span class='ocrx_word' id='word_1_530' title='bbox 923 3906 1050 3960; x_wconf 82' lang='lat' dir='ltr'><strong>Vesicam</strong></span> <span class='ocrx_word' id='word_1_531' title='bbox 1062 3909 1164 3960; x_wconf 81' lang='lat' dir='ltr'><strong>elisam</strong></span> 
     </span>
     <span class='ocr_line' id='line_1_53' title="bbox 368 3973 1165 4041; baseline 0 -12"><span class='ocrx_word' id='word_1_532' title='bbox 368 3977 462 4029; x_wconf 88' lang='lat' dir='ltr'><strong>mandi</strong></span> <span class='ocrx_word' id='word_1_533' title='bbox 474 3980 597 4041; x_wconf 83' lang='lat' dir='ltr'><strong>oportet:</strong></span> <span class='ocrx_word' id='word_1_534' title='bbox 619 3980 647 4026; x_wconf 90' lang='lat' dir='ltr'><strong>et</strong></span> <span class='ocrx_word' id='word_1_535' title='bbox 669 3988 686 4024; x_wconf 89' lang='lat' dir='ltr'><strong>a</strong></span> <span class='ocrx_word' id='word_1_536' title='bbox 706 3973 833 4036; x_wconf 89' lang='lat' dir='ltr'><strong>muliere,</strong></span> <span class='ocrx_word' id='word_1_537' title='bbox 853 3974 973 4029; x_wconf 79' lang='lat' dir='ltr'><strong>feminae</strong></span> <span class='ocrx_word' id='word_1_538' title='bbox 986 3976 1050 4028; x_wconf 85' lang='lat' dir='ltr'><strong>auis.</strong></span> <span class='ocrx_word' id='word_1_539' title='bbox 1087 3979 1165 4029; x_wconf 84' lang='lat' dir='ltr'><strong>inve-</strong></span> 
     </span>
     <span class='ocr_line' id='line_1_54' title="bbox 367 4043 1165 4112; baseline 0.001 -15"><span class='ocrx_word' id='word_1_540' title='bbox 367 4047 485 4097; x_wconf 89' lang='lat' dir='ltr'><strong>niuntur</strong></span> <span class='ocrx_word' id='word_1_541' title='bbox 495 4051 524 4096; x_wconf 89' lang='lat' dir='ltr'><strong>et</strong></span> <span class='ocrx_word' id='word_1_542' title='bbox 535 4043 562 4093; x_wconf 92' lang='lat' dir='ltr'><strong>in</strong></span> <span class='ocrx_word' id='word_1_543' title='bbox 575 4043 743 4096; x_wconf 89' lang='lat' dir='ltr'><strong>iocineribus</strong></span> <span class='ocrx_word' id='word_1_544' title='bbox 759 4058 854 4099; x_wconf 90' lang='lat' dir='ltr'><strong>eorum</strong></span> <span class='ocrx_word' id='word_1_545' title='bbox 873 4044 980 4112; x_wconf 91' lang='lat' dir='ltr'><strong>lapilli,</strong></span> <span class='ocrx_word' id='word_1_546' title='bbox 1001 4051 1050 4098; x_wconf 89' lang='lat' dir='ltr'><strong>aut</strong></span> <span class='ocrx_word' id='word_1_547' title='bbox 1064 4045 1165 4098; x_wconf 88' lang='lat' dir='ltr'><strong>duritie</strong></span> 
     </span>
     <span class='ocr_line' id='line_1_55' title="bbox 367 4112 1166 4184; baseline 0 -17"><span class='ocrx_word' id='word_1_548' title='bbox 367 4114 473 4182; x_wconf 87' lang='lat' dir='ltr'><strong>lapillis</strong></span> <span class='ocrx_word' id='word_1_549' title='bbox 485 4112 600 4175; x_wconf 91' lang='lat' dir='ltr'><strong>similes,</strong></span> <span class='ocrx_word' id='word_1_550' title='bbox 610 4113 730 4177; x_wconf 89' lang='lat' dir='ltr'><strong>candidi,</strong></span> <span class='ocrx_word' id='word_1_551' title='bbox 737 4115 822 4166; x_wconf 87' lang='lat' dir='ltr'><strong>sicuti</strong></span> <span class='ocrx_word' id='word_1_552' title='bbox 835 4117 863 4166; x_wconf 88' lang='lat' dir='ltr'><strong>in</strong></span> <span class='ocrx_word' id='word_1_553' title='bbox 874 4116 983 4184; x_wconf 74' lang='lat' dir='ltr'><strong>vulgari</strong></span> <span class='ocrx_word' id='word_1_554' title='bbox 992 4116 1052 4168; x_wconf 85' lang='lat' dir='ltr'><strong>sue:</strong></span> <span class='ocrx_word' id='word_1_555' title='bbox 1066 4115 1166 4181; x_wconf 89' lang='lat' dir='ltr'><strong>quibus</strong></span> 
     </span>
     <span class='ocr_line' id='line_1_56' title="bbox 368 4184 1164 4252; baseline 0 -15"><span class='ocrx_word' id='word_1_556' title='bbox 368 4185 497 4238; x_wconf 89' lang='lat' dir='ltr'><strong>contritis</strong></span> <span class='ocrx_word' id='word_1_557' title='bbox 516 4190 600 4250; x_wconf 90' lang='lat' dir='ltr'><strong>atque</strong></span> <span class='ocrx_word' id='word_1_558' title='bbox 619 4185 694 4252; x_wconf 93' lang='lat' dir='ltr'><strong>potis</strong></span> <span class='ocrx_word' id='word_1_559' title='bbox 713 4184 742 4235; x_wconf 91' lang='lat' dir='ltr'><strong>in</strong></span> <span class='ocrx_word' id='word_1_560' title='bbox 758 4185 838 4248; x_wconf 85' lang='lat' dir='ltr'><strong>rino,</strong></span> <span class='ocrx_word' id='word_1_561' title='bbox 858 4184 926 4251; x_wconf 90' lang='lat' dir='ltr'><strong>pelli</strong></span> <span class='ocrx_word' id='word_1_562' title='bbox 943 4185 1065 4238; x_wconf 88' lang='lat' dir='ltr'><strong>calculos</strong></span> <span class='ocrx_word' id='word_1_563' title='bbox 1076 4185 1164 4237; x_wconf 86' lang='lat' dir='ltr'><strong>aiunt.</strong></span> 
     </span>
     <span class='ocr_line' id='line_1_57' title="bbox 367 4253 1166 4323; baseline -0.001 -17"><span class='ocrx_word' id='word_1_564' title='bbox 367 4256 424 4322; x_wconf 91' lang='lat' dir='ltr'><strong>lpei</strong></span> <span class='ocrx_word' id='word_1_565' title='bbox 437 4268 504 4323; x_wconf 89' lang='lat' dir='ltr'><strong>apro</strong></span> <span class='ocrx_word' id='word_1_566' title='bbox 516 4260 572 4305; x_wconf 88' lang='lat' dir='ltr'><strong>tam</strong></span> <span class='ocrx_word' id='word_1_567' title='bbox 583 4256 675 4322; x_wconf 75' lang='lat' dir='ltr'><strong>graiis</strong></span> <span class='ocrx_word' id='word_1_568' title='bbox 686 4269 738 4307; x_wconf 89' lang='lat' dir='ltr'><strong>sua</strong></span> <span class='ocrx_word' id='word_1_569' title='bbox 749 4254 830 4306; x_wconf 86' lang='lat' dir='ltr'><strong>urina</strong></span> <span class='ocrx_word' id='word_1_570' title='bbox 840 4262 891 4317; x_wconf 86' lang='lat' dir='ltr'><strong>est,</strong></span> <span class='ocrx_word' id='word_1_571' title='bbox 902 4262 934 4307; x_wconf 92' lang='lat' dir='ltr'><strong>ut</strong></span> <span class='ocrx_word' id='word_1_572' title='bbox 945 4255 998 4306; x_wconf 88' lang='lat' dir='ltr'><strong>nisi</strong></span> <span class='ocrx_word' id='word_1_573' title='bbox 1008 4261 1114 4321; x_wconf 87' lang='lat' dir='ltr'><strong>egesta,</strong></span> <span class='ocrx_word' id='word_1_574' title='bbox 1125 4253 1166 4305; x_wconf 88' lang='lat' dir='ltr'><strong>iu·</strong></span> 
     </span>
     <span class='ocr_line' id='line_1_58' title="bbox 368 4322 1164 4442; baseline -0.003 -66"><span class='ocrx_word' id='word_1_575' title='bbox 368 4337 422 4442; x_wconf 48' lang='lat' dir='ltr'><strong>{aa</strong></span> <span class='ocrx_word' id='word_1_576' title='bbox 441 4341 497 4376; x_wconf 91' lang='lat' dir='ltr'><strong>non</strong></span> <span class='ocrx_word' id='word_1_577' title='bbox 519 4322 650 4384; x_wconf 79' lang='lat' dir='ltr'><strong>sufficiet,</strong></span> <span class='ocrx_word' id='word_1_578' title='bbox 672 4337 705 4375; x_wconf 88' lang='lat' dir='ltr'><strong>ae</strong></span> <span class='ocrx_word' id='word_1_579' title='bbox 724 4324 800 4376; x_wconf 83' lang='lat' dir='ltr'><strong>velut</strong></span> <span class='ocrx_word' id='word_1_580' title='bbox 820 4323 963 4376; x_wconf 72' lang='lat' dir='ltr'><strong>devinctus</strong></span> <span class='ocrx_word' id='word_1_581' title='bbox 983 4326 1164 4391; x_wconf 85' lang='lat' dir='ltr'><strong>opprimatur.</strong></span> 
     </span>
    </p>

    <p class='ocr_par' dir='ltr' id='par_1_8' title="bbox 368 4392 1165 5009">
     <span class='ocr_line' id='line_1_59' title="bbox 397 4392 1164 4459; baseline 0.004 -18"><span class='ocrx_word' id='word_1_582' title='bbox 397 4395 458 4444; x_wconf 81' lang='lat' dir='ltr'><strong>auri</strong></span> <span class='ocrx_word' id='word_1_583' title='bbox 469 4394 519 4445; x_wconf 91' lang='lat' dir='ltr'><strong>illa</strong></span> <span class='ocrx_word' id='word_1_584' title='bbox 531 4393 648 4444; x_wconf 88' lang='lat' dir='ltr'><strong>tradunt</strong></span> <span class='ocrx_word' id='word_1_585' title='bbox 659 4407 715 4446; x_wconf 86' lang='lat' dir='ltr'><strong>cos.</strong></span> <span class='ocrx_word' id='word_1_586' title='bbox 752 4392 867 4459; x_wconf 83' lang='lat' dir='ltr'><strong>Leporis</strong></span> <span class='ocrx_word' id='word_1_587' title='bbox 880 4409 959 4446; x_wconf 86' lang='lat' dir='ltr'><strong>renes</strong></span> <span class='ocrx_word' id='word_1_588' title='bbox 969 4393 1126 4454; x_wconf 78' lang='lat' dir='ltr'><strong>inveterati,</strong></span> <span class='ocrx_word' id='word_1_589' title='bbox 1136 4393 1164 4444; x_wconf 90' lang='lat' dir='ltr'><strong>in</strong></span> 
     </span>
     <span class='ocr_line' id='line_1_60' title="bbox 368 4461 1164 4529; baseline 0.005 -20"><span class='ocrx_word' id='word_1_590' title='bbox 368 4461 432 4512; x_wconf 78' lang='lat' dir='ltr'><strong>eino</strong></span> <span class='ocrx_word' id='word_1_591' title='bbox 443 4463 512 4528; x_wconf 92' lang='lat' dir='ltr'><strong>poti,</strong></span> <span class='ocrx_word' id='word_1_592' title='bbox 524 4462 646 4515; x_wconf 80' lang='lat' dir='ltr'><strong>calcrdns</strong></span> <span class='ocrx_word' id='word_1_593' title='bbox 658 4462 772 4529; x_wconf 88' lang='lat' dir='ltr'><strong>pellunt.</strong></span> <span class='ocrx_word' id='word_1_594' title='bbox 808 4462 837 4513; x_wconf 89' lang='lat' dir='ltr'><strong>ln</strong></span> <span class='ocrx_word' id='word_1_595' title='bbox 847 4477 933 4529; x_wconf 87' lang='lat' dir='ltr'><strong>perna</strong></span> <span class='ocrx_word' id='word_1_596' title='bbox 942 4476 1021 4514; x_wconf 88' lang='lat' dir='ltr'><strong>suum</strong></span> <span class='ocrx_word' id='word_1_597' title='bbox 1032 4461 1164 4515; x_wconf 87' lang='lat' dir='ltr'><strong>articulos</strong></span> 
     </span>
     <span class='ocr_line' id='line_1_61' title="bbox 368 4530 1164 4598; baseline 0 -17"><span class='ocrx_word' id='word_1_598' title='bbox 368 4545 430 4581; x_wconf 90' lang='lat' dir='ltr'><strong>esse</strong></span> <span class='ocrx_word' id='word_1_599' title='bbox 441 4531 568 4594; x_wconf 80' lang='lat' dir='ltr'><strong>diximus,</strong></span> <span class='ocrx_word' id='word_1_600' title='bbox 582 4547 697 4598; x_wconf 91' lang='lat' dir='ltr'><strong>quorum</strong></span> <span class='ocrx_word' id='word_1_601' title='bbox 709 4531 852 4583; x_wconf 85' lang='lat' dir='ltr'><strong>decoctum</strong></span> <span class='ocrx_word' id='word_1_602' title='bbox 865 4532 908 4584; x_wconf 88' lang='lat' dir='ltr'><strong>ius</strong></span> <span class='ocrx_word' id='word_1_603' title='bbox 921 4531 990 4585; x_wconf 84' lang='lat' dir='ltr'><strong>iacit</strong></span> <span class='ocrx_word' id='word_1_604' title='bbox 1002 4532 1098 4583; x_wconf 91' lang='lat' dir='ltr'><strong>urinae</strong></span> <span class='ocrx_word' id='word_1_605' title='bbox 1108 4530 1164 4582; x_wconf 89' lang='lat' dir='ltr'><strong>uti·</strong></span> 
     </span>
     <span class='ocr_line' id='line_1_62' title="bbox 368 4599 1164 4668; baseline 0.003 -19"><span class='ocrx_word' id='word_1_606' title='bbox 368 4599 404 4649; x_wconf 72' lang='lat' dir='ltr'><strong><em>ch</em></strong></span> <span class='ocrx_word' id='word_1_607' title='bbox 440 4599 514 4650; x_wconf 78' lang='lat' dir='ltr'><strong>Asini</strong></span> <span class='ocrx_word' id='word_1_608' title='bbox 526 4614 606 4652; x_wconf 87' lang='lat' dir='ltr'><strong>renes</strong></span> <span class='ocrx_word' id='word_1_609' title='bbox 616 4601 773 4661; x_wconf 73' lang='lat' dir='ltr'><strong>inveterati,</strong></span> <span class='ocrx_word' id='word_1_610' title='bbox 794 4603 916 4668; x_wconf 87' lang='lat' dir='ltr'><strong>tritique,</strong></span> <span class='ocrx_word' id='word_1_611' title='bbox 928 4609 957 4654; x_wconf 88' lang='lat' dir='ltr'><strong>et</strong></span> <span class='ocrx_word' id='word_1_612' title='bbox 969 4603 997 4654; x_wconf 90' lang='lat' dir='ltr'><strong>in</strong></span> <span class='ocrx_word' id='word_1_613' title='bbox 1011 4603 1076 4652; x_wconf 85' lang='lat' dir='ltr'><strong>vino</strong></span> <span class='ocrx_word' id='word_1_614' title='bbox 1088 4613 1164 4652; x_wconf 84' lang='lat' dir='ltr'><strong>mero</strong></span> 
     </span>
     <span class='ocr_line' id='line_1_63' title="bbox 368 4666 1164 4739; baseline 0.005 -22"><span class='ocrx_word' id='word_1_615' title='bbox 368 4666 437 4728; x_wconf 89' lang='lat' dir='ltr'><strong>dati,</strong></span> <span class='ocrx_word' id='word_1_616' title='bbox 448 4668 556 4720; x_wconf 79' lang='lat' dir='ltr'><strong>vesicae</strong></span> <span class='ocrx_word' id='word_1_617' title='bbox 567 4670 724 4722; x_wconf 88' lang='lat' dir='ltr'><strong>medentur.</strong></span> <span class='ocrx_word' id='word_1_618' title='bbox 746 4670 875 4722; x_wconf 83' lang='lat' dir='ltr'><strong>Calculus</strong></span> <span class='ocrx_word' id='word_1_619' title='bbox 886 4671 1030 4739; x_wconf 79' lang='lat' dir='ltr'><strong>expellunt</strong></span> <span class='ocrx_word' id='word_1_620' title='bbox 1039 4666 1164 4721; x_wconf 85' lang='lat' dir='ltr'><strong>lichenes</strong></span> 
     </span>
     <span class='ocr_line' id='line_1_64' title="bbox 368 4735 1165 4807; baseline 0.006 -22"><span class='ocrx_word' id='word_1_621' title='bbox 368 4735 463 4801; x_wconf 88' lang='lat' dir='ltr'><strong>equini</strong></span> <span class='ocrx_word' id='word_1_622' title='bbox 475 4752 509 4788; x_wconf 85' lang='lat' dir='ltr'><strong>ex</strong></span> <span class='ocrx_word' id='word_1_623' title='bbox 519 4737 584 4789; x_wconf 84' lang='lat' dir='ltr'><strong>rino</strong></span> <span class='ocrx_word' id='word_1_624' title='bbox 596 4746 646 4790; x_wconf 91' lang='lat' dir='ltr'><strong>aut</strong></span> <span class='ocrx_word' id='word_1_625' title='bbox 657 4739 746 4790; x_wconf 89' lang='lat' dir='ltr'><strong>mulso</strong></span> <span class='ocrx_word' id='word_1_626' title='bbox 763 4739 823 4807; x_wconf 91' lang='lat' dir='ltr'><strong>poti</strong></span> <span class='ocrx_word' id='word_1_627' title='bbox 841 4741 938 4793; x_wconf 92' lang='lat' dir='ltr'><strong>diebus</strong></span> <span class='ocrx_word' id='word_1_628' title='bbox 949 4739 1009 4792; x_wconf 78' lang='lat' dir='ltr'><strong>XL.</strong></span> <span class='ocrx_word' id='word_1_629' title='bbox 1045 4737 1165 4791; x_wconf 86' lang='lat' dir='ltr'><strong>Prodest</strong></span> 
     </span>
     <span class='ocr_line' id='line_1_65' title="bbox 370 4805 1163 4877; baseline 0.008 -24"><span class='ocrx_word' id='word_1_630' title='bbox 370 4813 399 4854; x_wconf 88' lang='lat' dir='ltr'><strong>et</strong></span> <span class='ocrx_word' id='word_1_631' title='bbox 419 4805 539 4872; x_wconf 90' lang='lat' dir='ltr'><strong>ungulae</strong></span> <span class='ocrx_word' id='word_1_632' title='bbox 556 4807 671 4873; x_wconf 86' lang='lat' dir='ltr'><strong>equinae</strong></span> <span class='ocrx_word' id='word_1_633' title='bbox 691 4809 768 4871; x_wconf 82' lang='lat' dir='ltr'><strong>cinis,</strong></span> <span class='ocrx_word' id='word_1_634' title='bbox 788 4809 815 4859; x_wconf 83' lang='lat' dir='ltr'><strong>in</strong></span> <span class='ocrx_word' id='word_1_635' title='bbox 827 4810 900 4871; x_wconf 84' lang='lat' dir='ltr'><strong>rino,</strong></span> <span class='ocrx_word' id='word_1_636' title='bbox 918 4816 1058 4877; x_wconf 85' lang='lat' dir='ltr'><strong>anteque.</strong></span> <span class='ocrx_word' id='word_1_637' title='bbox 1093 4808 1163 4859; x_wconf 87' lang='lat' dir='ltr'><strong>ltem</strong></span> 
     </span>
     <span class='ocr_line' id='line_1_66' title="bbox 369 4874 1164 4940; baseline 0.008 -18"><span class='ocrx_word' id='word_1_638' title='bbox 369 4874 463 4923; x_wconf 88' lang='lat' dir='ltr'><strong>timnrn</strong></span> <span class='ocrx_word' id='word_1_639' title='bbox 474 4887 617 4940; x_wconf 88' lang='lat' dir='ltr'><strong>caprarum</strong></span> <span class='ocrx_word' id='word_1_640' title='bbox 630 4876 657 4926; x_wconf 89' lang='lat' dir='ltr'><strong>in</strong></span> <span class='ocrx_word' id='word_1_641' title='bbox 667 4878 767 4939; x_wconf 89' lang='lat' dir='ltr'><strong>mulso,</strong></span> <span class='ocrx_word' id='word_1_642' title='bbox 775 4877 910 4930; x_wconf 79' lang='lat' dir='ltr'><strong>efficacius</strong></span> <span class='ocrx_word' id='word_1_643' title='bbox 921 4879 1099 4930; x_wconf 79' lang='lat' dir='ltr'><strong>silvestrium.</strong></span> <span class='ocrx_word' id='word_1_644' title='bbox 1110 4877 1164 4929; x_wconf 92' lang='lat' dir='ltr'><strong>Pili</strong></span> 
     </span>
     <span class='ocr_line' id='line_1_67' title="bbox 370 4942 1160 5009; baseline 0.01 -18"><span class='ocrx_word' id='word_1_645' title='bbox 370 4955 479 5008; x_wconf 82' lang='lat' dir='ltr'><strong>quoque</strong></span> <span class='ocrx_word' id='word_1_646' title='bbox 490 4942 594 5008; x_wconf 85' lang='lat' dir='ltr'><strong>caprini</strong></span> <span class='ocrx_word' id='word_1_647' title='bbox 605 4946 681 4996; x_wconf 90' lang='lat' dir='ltr'><strong>cinis.</strong></span> <span class='ocrx_word' id='word_1_648' title='bbox 694 4944 881 4999; x_wconf 86' lang='lat' dir='ltr'><strong>Verendorum</strong></span> <span class='ocrx_word' id='word_1_649' title='bbox 893 4947 1075 5009; x_wconf 85' lang='lat' dir='ltr'><strong>carbunculis,</strong></span> <span class='ocrx_word' id='word_1_650' title='bbox 1085 4961 1160 4999; x_wconf 88' lang='lat' dir='ltr'><strong>cere·</strong></span> 
     </span>
    </p>
   </div>
   <div class='ocr_carea' id='block_1_6' title="bbox 1214 1974 2019 5018">
    <p class='ocr_par' dir='ltr' id='par_1_9' title="bbox 1214 1974 2015 3430">
     <span class='ocr_line' id='line_1_68' title="bbox 1215 1974 2011 2045; baseline 0 -15"><span class='ocrx_word' id='word_1_651' title='bbox 1215 1980 1297 2030; x_wconf 88' lang='lat' dir='ltr'><strong>matis</strong></span> <span class='ocrx_word' id='word_1_652' title='bbox 1312 1993 1361 2045; x_wconf 93' lang='lat' dir='ltr'><strong>per</strong></span> <span class='ocrx_word' id='word_1_653' title='bbox 1376 1992 1416 2029; x_wconf 90' lang='lat' dir='ltr'><strong>se.</strong></span> <span class='ocrx_word' id='word_1_654' title='bbox 1452 1977 1520 2039; x_wconf 83' lang='lat' dir='ltr'><strong>item</strong></span> <span class='ocrx_word' id='word_1_655' title='bbox 1531 1974 1572 2027; x_wconf 87' lang='lat' dir='ltr'><strong>iel</strong></span> <span class='ocrx_word' id='word_1_656' title='bbox 1589 1974 1715 2043; x_wconf 90' lang='lat' dir='ltr'><strong>lupinum</strong></span> <span class='ocrx_word' id='word_1_657' title='bbox 1727 1994 1760 2030; x_wconf 83' lang='lat' dir='ltr'><strong>ex</strong></span> <span class='ocrx_word' id='word_1_658' title='bbox 1771 1979 1845 2029; x_wconf 81' lang='lat' dir='ltr'><strong>rino.</strong></span> <span class='ocrx_word' id='word_1_659' title='bbox 1880 1977 1971 2029; x_wconf 90' lang='lat' dir='ltr'><strong>Panos</strong></span> <span class='ocrx_word' id='word_1_660' title='bbox 1982 1985 2011 2030; x_wconf 89' lang='lat' dir='ltr'><strong>et</strong></span> 
     </span>
     <span class='ocr_line' id='line_1_69' title="bbox 1214 2046 2010 2115; baseline 0 -16"><span class='ocrx_word' id='word_1_661' title='bbox 1214 2053 1388 2115; x_wconf 86' lang='lat' dir='ltr'><strong>apostemata</strong></span> <span class='ocrx_word' id='word_1_662' title='bbox 1399 2046 1427 2096; x_wconf 94' lang='lat' dir='ltr'><strong>in</strong></span> <span class='ocrx_word' id='word_1_663' title='bbox 1439 2059 1601 2112; x_wconf 88' lang='lat' dir='ltr'><strong>quacunque</strong></span> <span class='ocrx_word' id='word_1_664' title='bbox 1612 2053 1691 2113; x_wconf 89' lang='lat' dir='ltr'><strong>parte</strong></span> <span class='ocrx_word' id='word_1_665' title='bbox 1708 2051 1822 2114; x_wconf 89' lang='lat' dir='ltr'><strong>sangnis</strong></span> <span class='ocrx_word' id='word_1_666' title='bbox 1832 2048 1942 2099; x_wconf 89' lang='lat' dir='ltr'><strong>ursinus</strong></span> <span class='ocrx_word' id='word_1_667' title='bbox 1953 2046 2010 2099; x_wconf 87' lang='lat' dir='ltr'><strong>dia·</strong></span> 
     </span>
     <span class='ocr_line' id='line_1_70' title="bbox 1215 2114 2010 2184; baseline 0 -15"><span class='ocrx_word' id='word_1_668' title='bbox 1215 2118 1297 2169; x_wconf 84' lang='lat' dir='ltr'><strong>eutii:</strong></span> <span class='ocrx_word' id='word_1_669' title='bbox 1317 2116 1384 2167; x_wconf 89' lang='lat' dir='ltr'><strong>item</strong></span> <span class='ocrx_word' id='word_1_670' title='bbox 1396 2117 1523 2166; x_wconf 87' lang='lat' dir='ltr'><strong>taurinos</strong></span> <span class='ocrx_word' id='word_1_671' title='bbox 1535 2114 1629 2166; x_wconf 86' lang='lat' dir='ltr'><strong>aridus</strong></span> <span class='ocrx_word' id='word_1_672' title='bbox 1643 2116 1738 2169; x_wconf 90' lang='lat' dir='ltr'><strong>tritus.</strong></span> <span class='ocrx_word' id='word_1_673' title='bbox 1773 2116 1955 2184; x_wconf 86' lang='lat' dir='ltr'><strong>Praecipuum</strong></span> <span class='ocrx_word' id='word_1_674' title='bbox 1966 2124 2010 2169; x_wconf 87' lang='lat' dir='ltr'><strong>ta·</strong></span> 
     </span>
     <span class='ocr_line' id='line_1_71' title="bbox 1214 2183 2011 2253; baseline -0.004 -14"><span class='ocrx_word' id='word_1_675' title='bbox 1214 2203 1276 2239; x_wconf 80' lang='lat' dir='ltr'><strong>nien</strong></span> <span class='ocrx_word' id='word_1_676' title='bbox 1287 2184 1438 2238; x_wconf 90' lang='lat' dir='ltr'><strong>remedium</strong></span> <span class='ocrx_word' id='word_1_677' title='bbox 1452 2183 1573 2236; x_wconf 89' lang='lat' dir='ltr'><strong>traditur</strong></span> <span class='ocrx_word' id='word_1_678' title='bbox 1583 2184 1612 2235; x_wconf 93' lang='lat' dir='ltr'><strong>in</strong></span> <span class='ocrx_word' id='word_1_679' title='bbox 1625 2185 1730 2238; x_wconf 82' lang='lat' dir='ltr'><strong>calculo</strong></span> <span class='ocrx_word' id='word_1_680' title='bbox 1743 2188 1854 2253; x_wconf 76' lang='lat' dir='ltr'><strong>onagris</strong></span> <span class='ocrx_word' id='word_1_681' title='bbox 1876 2200 1956 2252; x_wconf 87' lang='lat' dir='ltr'><strong>quern</strong></span> <span class='ocrx_word' id='word_1_682' title='bbox 1968 2185 2011 2237; x_wconf 92' lang='lat' dir='ltr'><strong>di·</strong></span> 
     </span>
     <span class='ocr_line' id='line_1_72' title="bbox 1215 2254 2013 2318; baseline -0.004 -10"><span class='ocrx_word' id='word_1_683' title='bbox 1215 2257 1297 2318; x_wconf 86' lang='lat' dir='ltr'><strong>citur,</strong></span> <span class='ocrx_word' id='word_1_684' title='bbox 1317 2254 1809 2316; x_wconf 79' lang='lat' dir='ltr'><strong>cunrinterficiatur,reddereurins,</strong></span> <span class='ocrx_word' id='word_1_685' title='bbox 1832 2256 1850 2305; x_wconf 92' lang='lat' dir='ltr'><strong>li</strong></span> <span class='ocrx_word' id='word_1_686' title='bbox 1871 2254 2013 2307; x_wconf 86' lang='lat' dir='ltr'><strong>uidiorem</strong></span> 
     </span>
     <span class='ocr_line' id='line_1_73' title="bbox 1214 2270 2013 2390; baseline -0.004 -12"><span class='ocrx_word' id='word_1_687' title='bbox 1214 2327 1307 2388; x_wconf 86' lang='lat' dir='ltr'><strong>initio,</strong></span> <span class='ocrx_word' id='word_1_688' title='bbox 1330 2323 1380 2376; x_wconf 90' lang='lat' dir='ltr'><strong>aed</strong></span> <span class='ocrx_word' id='word_1_689' title='bbox 1391 2326 1504 2376; x_wconf 89' lang='lat' dir='ltr'><strong>interra</strong></span> <span class='ocrx_word' id='word_1_690' title='bbox 1515 2322 1677 2389; x_wconf 77' lang='lat' dir='ltr'><strong>spissantem</strong></span> <span class='ocrx_word' id='word_1_691' title='bbox 1700 2338 1737 2376; x_wconf 90' lang='lat' dir='ltr'><strong>ae.</strong></span> <span class='ocrx_word' id='word_1_692' title='bbox 1772 2323 1827 2374; x_wconf 85' lang='lat' dir='ltr'><strong>iiic</strong></span> <span class='ocrx_word' id='word_1_693' title='bbox 1839 2270 2013 2390; x_wconf 53' lang='lat' dir='ltr'><strong>adalligatus</strong></span> 
     </span>
     <span class='ocr_line' id='line_1_74' title="bbox 1216 2392 2015 2460; baseline -0.004 -15"><span class='ocrx_word' id='word_1_694' title='bbox 1216 2393 1322 2458; x_wconf 76' lang='lat' dir='ltr'><strong>fentini,</strong></span> <span class='ocrx_word' id='word_1_695' title='bbox 1343 2408 1437 2446; x_wconf 88' lang='lat' dir='ltr'><strong>omncs</strong></span> <span class='ocrx_word' id='word_1_696' title='bbox 1453 2396 1572 2460; x_wconf 86' lang='lat' dir='ltr'><strong>impetus</strong></span> <span class='ocrx_word' id='word_1_697' title='bbox 1593 2392 1716 2455; x_wconf 87' lang='lat' dir='ltr'><strong>discutit,</strong></span> <span class='ocrx_word' id='word_1_698' title='bbox 1737 2393 2015 2459; x_wconf 87' lang='lat' dir='ltr'><strong>omniqueauppura·</strong></span> 
     </span>
     <span class='ocr_line' id='line_1_75' title="bbox 1215 2460 2014 2522; baseline -0.005 -6"><span class='ocrx_word' id='word_1_699' title='bbox 1215 2466 1292 2517; x_wconf 90' lang='lat' dir='ltr'><strong>tinne</strong></span> <span class='ocrx_word' id='word_1_700' title='bbox 1302 2464 1413 2515; x_wconf 87' lang='lat' dir='ltr'><strong>liberat.</strong></span> <span class='ocrx_word' id='word_1_701' title='bbox 1441 2464 1492 2515; x_wconf 82' lang='lat' dir='ltr'><strong>Est</strong></span> <span class='ocrx_word' id='word_1_702' title='bbox 1502 2469 1591 2514; x_wconf 91' lang='lat' dir='ltr'><strong>autem</strong></span> <span class='ocrx_word' id='word_1_703' title='bbox 1603 2476 1682 2513; x_wconf 89' lang='lat' dir='ltr'><strong>rarus</strong></span> <span class='ocrx_word' id='word_1_704' title='bbox 1694 2462 1919 2522; x_wconf 60' lang='lat' dir='ltr'><strong>incontumaces</strong></span> <span class='ocrx_word' id='word_1_705' title='bbox 1932 2460 2014 2512; x_wconf 88' lang='lat' dir='ltr'><strong>omni</strong></span> 
     </span>
     <span class='ocr_line' id='line_1_76' title="bbox 1215 2530 2012 2603; baseline -0.005 -18"><span class='ocrx_word' id='word_1_706' title='bbox 1215 2548 1332 2603; x_wconf 57' lang='lat' dir='ltr'><strong>onemo,</strong></span> <span class='ocrx_word' id='word_1_707' title='bbox 1342 2533 1392 2585; x_wconf 89' lang='lat' dir='ltr'><strong>sed</strong></span> <span class='ocrx_word' id='word_1_708' title='bbox 1403 2532 1505 2585; x_wconf 84' lang='lat' dir='ltr'><strong>celebri</strong></span> <span class='ocrx_word' id='word_1_709' title='bbox 1518 2531 1649 2584; x_wconf 88' lang='lat' dir='ltr'><strong>remedio.</strong></span> <span class='ocrx_word' id='word_1_710' title='bbox 1680 2531 1796 2584; x_wconf 89' lang='lat' dir='ltr'><strong>Prodest</strong></span> <span class='ocrx_word' id='word_1_711' title='bbox 1806 2535 1834 2580; x_wconf 89' lang='lat' dir='ltr'><strong>et</strong></span> <span class='ocrx_word' id='word_1_712' title='bbox 1845 2530 1927 2580; x_wconf 92' lang='lat' dir='ltr'><strong>urina</strong></span> <span class='ocrx_word' id='word_1_713' title='bbox 1937 2530 2012 2581; x_wconf 87' lang='lat' dir='ltr'><strong>asini</strong></span> 
     </span>
     <span class='ocr_line' id='line_1_77' title="bbox 1216 2598 2011 2668; baseline -0.005 -13"><span class='ocrx_word' id='word_1_714' title='bbox 1216 2618 1277 2656; x_wconf 86' lang='lat' dir='ltr'><strong>com</strong></span> <span class='ocrx_word' id='word_1_715' title='bbox 1287 2599 1448 2655; x_wconf 87' lang='lat' dir='ltr'><strong>melanthio.</strong></span> <span class='ocrx_word' id='word_1_716' title='bbox 1485 2604 1522 2653; x_wconf 83' lang='lat' dir='ltr'><strong>iit</strong></span> <span class='ocrx_word' id='word_1_717' title='bbox 1533 2602 1651 2667; x_wconf 86' lang='lat' dir='ltr'><strong>ungulae</strong></span> <span class='ocrx_word' id='word_1_718' title='bbox 1663 2601 1780 2668; x_wconf 87' lang='lat' dir='ltr'><strong>equinae</strong></span> <span class='ocrx_word' id='word_1_719' title='bbox 1791 2598 1861 2649; x_wconf 91' lang='lat' dir='ltr'><strong>cinis</strong></span> <span class='ocrx_word' id='word_1_720' title='bbox 1872 2612 1933 2648; x_wconf 88' lang='lat' dir='ltr'><strong>oum</strong></span> <span class='ocrx_word' id='word_1_721' title='bbox 1946 2598 2011 2651; x_wconf 88' lang='lat' dir='ltr'><strong>oleo</strong></span> 
     </span>
     <span class='ocr_line' id='line_1_78' title="bbox 1217 2666 2012 2740; baseline -0.009 -15"><span class='ocrx_word' id='word_1_722' title='bbox 1217 2679 1246 2726; x_wconf 88' lang='lat' dir='ltr'><strong>et</strong></span> <span class='ocrx_word' id='word_1_723' title='bbox 1255 2687 1326 2740; x_wconf 84' lang='lat' dir='ltr'><strong>aqua</strong></span> <span class='ocrx_word' id='word_1_724' title='bbox 1336 2671 1433 2723; x_wconf 89' lang='lat' dir='ltr'><strong>illitus.</strong></span> <span class='ocrx_word' id='word_1_725' title='bbox 1468 2668 1588 2737; x_wconf 83' lang='lat' dir='ltr'><strong>Sanguis</strong></span> <span class='ocrx_word' id='word_1_726' title='bbox 1599 2671 1673 2738; x_wconf 85' lang='lat' dir='ltr'><strong>equi,</strong></span> <span class='ocrx_word' id='word_1_727' title='bbox 1684 2669 1829 2737; x_wconf 88' lang='lat' dir='ltr'><strong>praecipue</strong></span> <span class='ocrx_word' id='word_1_728' title='bbox 1841 2666 2012 2718; x_wconf 76' lang='lat' dir='ltr'><strong>admissarii:</strong></span> 
     </span>
     <span class='ocr_line' id='line_1_79' title="bbox 1216 2735 2012 2819; baseline -0.01 -25"><span class='ocrx_word' id='word_1_729' title='bbox 1216 2749 1245 2795; x_wconf 91' lang='lat' dir='ltr'><strong>et</strong></span> <span class='ocrx_word' id='word_1_730' title='bbox 1257 2743 1372 2819; x_wconf 84' lang='lat' dir='ltr'><strong>sanguis</strong></span> <span class='ocrx_word' id='word_1_731' title='bbox 1381 2739 1514 2792; x_wconf 89' lang='lat' dir='ltr'><strong>bubulus:</strong></span> <span class='ocrx_word' id='word_1_732' title='bbox 1533 2741 1600 2791; x_wconf 88' lang='lat' dir='ltr'><strong>item</strong></span> <span class='ocrx_word' id='word_1_733' title='bbox 1612 2740 1659 2792; x_wconf 83' lang='lat' dir='ltr'><strong>iel.</strong></span> <span class='ocrx_word' id='word_1_734' title='bbox 1695 2742 1765 2792; x_wconf 77' lang='lat' dir='ltr'><strong>caro</strong></span> <span class='ocrx_word' id='word_1_735' title='bbox 1776 2750 1885 2805; x_wconf 91' lang='lat' dir='ltr'><strong>quoque</strong></span> <span class='ocrx_word' id='word_1_736' title='bbox 1898 2735 2012 2788; x_wconf 88' lang='lat' dir='ltr'><strong>eosdem</strong></span> 
     </span>
     <span class='ocr_line' id='line_1_80' title="bbox 1217 2805 2011 2875; baseline -0.011 -12"><span class='ocrx_word' id='word_1_737' title='bbox 1217 2811 1333 2864; x_wconf 87' lang='lat' dir='ltr'><strong>ciiectus</strong></span> <span class='ocrx_word' id='word_1_738' title='bbox 1353 2810 1437 2862; x_wconf 87' lang='lat' dir='ltr'><strong>habet</strong></span> <span class='ocrx_word' id='word_1_739' title='bbox 1454 2807 1548 2860; x_wconf 88' lang='lat' dir='ltr'><strong>calida</strong></span> <span class='ocrx_word' id='word_1_740' title='bbox 1559 2808 1705 2875; x_wconf 84' lang='lat' dir='ltr'><strong>imposita:</strong></span> <span class='ocrx_word' id='word_1_741' title='bbox 1727 2805 1966 2873; x_wconf 86' lang='lat' dir='ltr'><strong>etungnleecinia</strong></span> <span class='ocrx_word' id='word_1_742' title='bbox 1977 2816 2011 2857; x_wconf 84' lang='lat' dir='ltr'><strong>ex</strong></span> 
     </span>
     <span class='ocr_line' id='line_1_81' title="bbox 1217 2875 2011 2948; baseline -0.009 -16"><span class='ocrx_word' id='word_1_743' title='bbox 1217 2896 1290 2948; x_wconf 90' lang='lat' dir='ltr'><strong>aqua</strong></span> <span class='ocrx_word' id='word_1_744' title='bbox 1303 2878 1457 2932; x_wconf 83' lang='lat' dir='ltr'><strong>autmelle:</strong></span> <span class='ocrx_word' id='word_1_745' title='bbox 1476 2877 1557 2928; x_wconf 92' lang='lat' dir='ltr'><strong>urina</strong></span> <span class='ocrx_word' id='word_1_746' title='bbox 1567 2892 1726 2944; x_wconf 84' lang='lat' dir='ltr'><strong>caprarum:</strong></span> <span class='ocrx_word' id='word_1_747' title='bbox 1747 2875 1886 2927; x_wconf 84' lang='lat' dir='ltr'><strong>hircorum</strong></span> <span class='ocrx_word' id='word_1_748' title='bbox 1905 2886 2011 2940; x_wconf 86' lang='lat' dir='ltr'><strong>quoque</strong></span> 
     </span>
     <span class='ocr_line' id='line_1_82' title="bbox 1217 2941 2011 3015; baseline -0.01 -12"><span class='ocrx_word' id='word_1_749' title='bbox 1217 2964 1313 3003; x_wconf 87' lang='lat' dir='ltr'><strong>carnes</strong></span> <span class='ocrx_word' id='word_1_750' title='bbox 1322 2948 1352 2999; x_wconf 90' lang='lat' dir='ltr'><strong>in</strong></span> <span class='ocrx_word' id='word_1_751' title='bbox 1363 2962 1434 3015; x_wconf 90' lang='lat' dir='ltr'><strong>aqua</strong></span> <span class='ocrx_word' id='word_1_752' title='bbox 1445 2946 1589 2998; x_wconf 87' lang='lat' dir='ltr'><strong>decoctae:</strong></span> <span class='ocrx_word' id='word_1_753' title='bbox 1600 2952 1648 2996; x_wconf 88' lang='lat' dir='ltr'><strong>aut</strong></span> <span class='ocrx_word' id='word_1_754' title='bbox 1660 2949 1752 2997; x_wconf 84' lang='lat' dir='ltr'><strong>iinrnm</strong></span> <span class='ocrx_word' id='word_1_755' title='bbox 1765 2959 1798 2997; x_wconf 81' lang='lat' dir='ltr'><strong>ea</strong></span> <span class='ocrx_word' id='word_1_756' title='bbox 1810 2943 1853 2995; x_wconf 92' lang='lat' dir='ltr'><strong>his</strong></span> <span class='ocrx_word' id='word_1_757' title='bbox 1863 2957 1922 2994; x_wconf 92' lang='lat' dir='ltr'><strong>cum</strong></span> <span class='ocrx_word' id='word_1_758' title='bbox 1929 2941 2011 2995; x_wconf 79' lang='lat' dir='ltr'><strong>mello</strong></span> 
     </span>
     <span class='ocr_line' id='line_1_83' title="bbox 1218 3012 2011 3079; baseline -0.013 -7"><span class='ocrx_word' id='word_1_759' title='bbox 1218 3020 1377 3072; x_wconf 86' lang='lat' dir='ltr'><strong>decoctum:</strong></span> <span class='ocrx_word' id='word_1_760' title='bbox 1398 3016 1538 3067; x_wconf 76' lang='lat' dir='ltr'><strong>verrinum</strong></span> <span class='ocrx_word' id='word_1_761' title='bbox 1552 3014 1603 3065; x_wconf 83' lang='lat' dir='ltr'><strong>iel:</strong></span> <span class='ocrx_word' id='word_1_762' title='bbox 1625 3017 1795 3066; x_wconf 87' lang='lat' dir='ltr'><strong>urinasuum</strong></span> <span class='ocrx_word' id='word_1_763' title='bbox 1813 3017 1841 3065; x_wconf 92' lang='lat' dir='ltr'><strong>ln</strong></span> <span class='ocrx_word' id='word_1_764' title='bbox 1853 3012 2011 3079; x_wconf 86' lang='lat' dir='ltr'><strong>lanaiarpo·</strong></span> 
     </span>
     <span class='ocr_line' id='line_1_84' title="bbox 1217 3083 2010 3151; baseline -0.008 -12"><span class='ocrx_word' id='word_1_765' title='bbox 1217 3089 1280 3140; x_wconf 89' lang='lat' dir='ltr'><strong>sita.</strong></span> <span class='ocrx_word' id='word_1_766' title='bbox 1315 3084 1430 3139; x_wconf 86' lang='lat' dir='ltr'><strong>Femina</strong></span> <span class='ocrx_word' id='word_1_767' title='bbox 1451 3083 1534 3135; x_wconf 90' lang='lat' dir='ltr'><strong>atteri</strong></span> <span class='ocrx_word' id='word_1_768' title='bbox 1554 3083 1690 3151; x_wconf 86' lang='lat' dir='ltr'><strong>adurique</strong></span> <span class='ocrx_word' id='word_1_769' title='bbox 1710 3083 1836 3150; x_wconf 88' lang='lat' dir='ltr'><strong>equitatu</strong></span> <span class='ocrx_word' id='word_1_770' title='bbox 1854 3087 2010 3134; x_wconf 83' lang='lat' dir='ltr'><strong>nolumest.</strong></span> 
     </span>
     <span class='ocr_line' id='line_1_85' title="bbox 1219 3150 2011 3220; baseline -0.009 -11"><span class='ocrx_word' id='word_1_771' title='bbox 1219 3156 1404 3210; x_wconf 86' lang='lat' dir='ltr'><strong>Utilissimum</strong></span> <span class='ocrx_word' id='word_1_772' title='bbox 1416 3160 1458 3205; x_wconf 90' lang='lat' dir='ltr'><strong>est</strong></span> <span class='ocrx_word' id='word_1_773' title='bbox 1469 3151 1503 3202; x_wconf 90' lang='lat' dir='ltr'><strong>ad</strong></span> <span class='ocrx_word' id='word_1_774' title='bbox 1516 3167 1610 3205; x_wconf 89' lang='lat' dir='ltr'><strong>omncs</strong></span> <span class='ocrx_word' id='word_1_775' title='bbox 1621 3152 1685 3204; x_wconf 91' lang='lat' dir='ltr'><strong>inde</strong></span> <span class='ocrx_word' id='word_1_776' title='bbox 1697 3166 1805 3214; x_wconf 88' lang='lat' dir='ltr'><strong>causas,</strong></span> <span class='ocrx_word' id='word_1_777' title='bbox 1813 3166 1939 3220; x_wconf 88' lang='lat' dir='ltr'><strong>spumam</strong></span> <span class='ocrx_word' id='word_1_778' title='bbox 1950 3150 2011 3219; x_wconf 89' lang='lat' dir='ltr'><strong>equi</strong></span> 
     </span>
     <span class='ocr_line' id='line_1_86' title="bbox 1219 3220 2011 3292; baseline -0.011 -13"><span class='ocrx_word' id='word_1_779' title='bbox 1219 3238 1254 3279; x_wconf 81' lang='lat' dir='ltr'><strong>ex</strong></span> <span class='ocrx_word' id='word_1_780' title='bbox 1265 3240 1324 3289; x_wconf 88' lang='lat' dir='ltr'><strong>ore,</strong></span> <span class='ocrx_word' id='word_1_781' title='bbox 1335 3222 1496 3292; x_wconf 82' lang='lat' dir='ltr'><strong>inguinibus</strong></span> <span class='ocrx_word' id='word_1_782' title='bbox 1506 3222 1619 3275; x_wconf 85' lang='lat' dir='ltr'><strong>illinire.</strong></span> <span class='ocrx_word' id='word_1_783' title='bbox 1655 3223 1774 3290; x_wconf 77' lang='lat' dir='ltr'><strong>Inguina</strong></span> <span class='ocrx_word' id='word_1_784' title='bbox 1785 3228 1858 3274; x_wconf 86' lang='lat' dir='ltr'><strong>etex</strong></span> <span class='ocrx_word' id='word_1_785' title='bbox 1871 3220 2011 3273; x_wconf 80' lang='lat' dir='ltr'><strong>hulcerum</strong></span> 
     </span>
     <span class='ocr_line' id='line_1_87' title="bbox 1218 3290 2011 3359; baseline -0.009 -11"><span class='ocrx_word' id='word_1_786' title='bbox 1218 3310 1303 3349; x_wconf 83' lang='lat' dir='ltr'><strong>eausa</strong></span> <span class='ocrx_word' id='word_1_787' title='bbox 1313 3295 1507 3346; x_wconf 87' lang='lat' dir='ltr'><strong>intumescunt.</strong></span> <span class='ocrx_word' id='word_1_788' title='bbox 1542 3290 1676 3344; x_wconf 85' lang='lat' dir='ltr'><strong>Remedio</strong></span> <span class='ocrx_word' id='word_1_789' title='bbox 1698 3297 1762 3343; x_wconf 90' lang='lat' dir='ltr'><strong>sunt</strong></span> <span class='ocrx_word' id='word_1_790' title='bbox 1782 3292 1846 3359; x_wconf 89' lang='lat' dir='ltr'><strong>equi</strong></span> <span class='ocrx_word' id='word_1_791' title='bbox 1866 3294 2011 3344; x_wconf 85' lang='lat' dir='ltr'><strong>setaetres</strong></span> 
     </span>
     <span class='ocr_line' id='line_1_88' title="bbox 1217 3360 1765 3430; baseline -0.011 -12"><span class='ocrx_word' id='word_1_792' title='bbox 1217 3364 1335 3418; x_wconf 87' lang='lat' dir='ltr'><strong>totidem</strong></span> <span class='ocrx_word' id='word_1_793' title='bbox 1346 3363 1426 3415; x_wconf 88' lang='lat' dir='ltr'><strong>nodia</strong></span> <span class='ocrx_word' id='word_1_794' title='bbox 1435 3362 1566 3430; x_wconf 86' lang='lat' dir='ltr'><strong>alligatae</strong></span> <span class='ocrx_word' id='word_1_795' title='bbox 1575 3362 1649 3412; x_wconf 88' lang='lat' dir='ltr'><strong>intra</strong></span> <span class='ocrx_word' id='word_1_796' title='bbox 1659 3360 1765 3412; x_wconf 90' lang='lat' dir='ltr'><strong>hulcus.</strong></span> 
     </span>
    </p>

    <p class='ocr_par' dir='ltr' id='par_1_10' title="bbox 1215 3429 2019 5018">
     <span class='ocr_line' id='line_1_89' title="bbox 1252 3429 2012 3515; baseline -0.008 -30"><span class='ocrx_word' id='word_1_797' title='bbox 1252 3433 1336 3486; x_wconf 73' lang='lat' dir='ltr'><strong>exn.</strong></span> <span class='ocrx_word' id='word_1_798' title='bbox 1355 3432 1489 3515; x_wconf 79' lang='lat' dir='ltr'><strong>Podagris</strong></span> <span class='ocrx_word' id='word_1_799' title='bbox 1502 3430 1630 3484; x_wconf 88' lang='lat' dir='ltr'><strong>medetur</strong></span> <span class='ocrx_word' id='word_1_800' title='bbox 1640 3433 1749 3482; x_wconf 90' lang='lat' dir='ltr'><strong>ursinus</strong></span> <span class='ocrx_word' id='word_1_801' title='bbox 1759 3429 1853 3497; x_wconf 91' lang='lat' dir='ltr'><strong>adeps,</strong></span> <span class='ocrx_word' id='word_1_802' title='bbox 1863 3430 2012 3482; x_wconf 86' lang='lat' dir='ltr'><strong>taurinum·</strong></span> 
     </span>
     <span class='ocr_line' id='line_1_90' title="bbox 1218 3498 2013 3572; baseline -0.01 -16"><span class='ocrx_word' id='word_1_803' title='bbox 1218 3520 1269 3572; x_wconf 91' lang='lat' dir='ltr'><strong>que</strong></span> <span class='ocrx_word' id='word_1_804' title='bbox 1281 3517 1375 3555; x_wconf 85' lang='lat' dir='ltr'><strong>sevum</strong></span> <span class='ocrx_word' id='word_1_805' title='bbox 1388 3517 1450 3569; x_wconf 86' lang='lat' dir='ltr'><strong>perr</strong></span> <span class='ocrx_word' id='word_1_806' title='bbox 1465 3502 1586 3570; x_wconf 89' lang='lat' dir='ltr'><strong>pondere</strong></span> <span class='ocrx_word' id='word_1_807' title='bbox 1603 3506 1631 3552; x_wconf 85' lang='lat' dir='ltr'><strong>et</strong></span> <span class='ocrx_word' id='word_1_808' title='bbox 1649 3515 1739 3552; x_wconf 88' lang='lat' dir='ltr'><strong>cerae.</strong></span> <span class='ocrx_word' id='word_1_809' title='bbox 1775 3500 1887 3550; x_wconf 78' lang='lat' dir='ltr'><strong>Addunt</strong></span> <span class='ocrx_word' id='word_1_810' title='bbox 1901 3498 2013 3565; x_wconf 83' lang='lat' dir='ltr'><strong>quidam</strong></span> 
     </span>
     <span class='ocr_line' id='line_1_91' title="bbox 1216 3566 2013 3640; baseline -0.009 -16"><span class='ocrx_word' id='word_1_811' title='bbox 1216 3570 1414 3640; x_wconf 83' lang='lat' dir='ltr'><strong>hypocisthide</strong></span> <span class='ocrx_word' id='word_1_812' title='bbox 1425 3578 1452 3624; x_wconf 88' lang='lat' dir='ltr'><strong>et</strong></span> <span class='ocrx_word' id='word_1_813' title='bbox 1463 3572 1575 3639; x_wconf 87' lang='lat' dir='ltr'><strong>gallam.</strong></span> <span class='ocrx_word' id='word_1_814' title='bbox 1586 3570 1642 3621; x_wconf 83' lang='lat' dir='ltr'><strong>hlii</strong></span> <span class='ocrx_word' id='word_1_815' title='bbox 1652 3566 1788 3621; x_wconf 86' lang='lat' dir='ltr'><strong>hircinum</strong></span> <span class='ocrx_word' id='word_1_816' title='bbox 1801 3566 1961 3634; x_wconf 85' lang='lat' dir='ltr'><strong>praeierunt</strong></span> <span class='ocrx_word' id='word_1_817' title='bbox 1971 3580 2013 3617; x_wconf 86' lang='lat' dir='ltr'><strong>se·</strong></span> 
     </span>
     <span class='ocr_line' id='line_1_92' title="bbox 1216 3633 2013 3707; baseline -0.011 -14"><span class='ocrx_word' id='word_1_818' title='bbox 1216 3657 1279 3693; x_wconf 81' lang='lat' dir='ltr'><strong>vum</strong></span> <span class='ocrx_word' id='word_1_819' title='bbox 1292 3657 1354 3693; x_wconf 92' lang='lat' dir='ltr'><strong>cum</strong></span> <span class='ocrx_word' id='word_1_820' title='bbox 1366 3643 1430 3692; x_wconf 90' lang='lat' dir='ltr'><strong>iimo</strong></span> <span class='ocrx_word' id='word_1_821' title='bbox 1443 3656 1551 3707; x_wconf 88' lang='lat' dir='ltr'><strong>caprae,</strong></span> <span class='ocrx_word' id='word_1_822' title='bbox 1563 3646 1592 3692; x_wconf 91' lang='lat' dir='ltr'><strong>et</strong></span> <span class='ocrx_word' id='word_1_823' title='bbox 1601 3653 1682 3691; x_wconf 90' lang='lat' dir='ltr'><strong>eroco</strong></span> <span class='ocrx_word' id='word_1_824' title='bbox 1693 3637 1822 3704; x_wconf 80' lang='lat' dir='ltr'><strong>sinapise,</strong></span> <span class='ocrx_word' id='word_1_825' title='bbox 1830 3634 1874 3685; x_wconf 76' lang='lat' dir='ltr'><strong>vel</strong></span> <span class='ocrx_word' id='word_1_826' title='bbox 1884 3633 2013 3684; x_wconf 87' lang='lat' dir='ltr'><strong>caulibus</strong></span> 
     </span>
     <span class='ocr_line' id='line_1_93' title="bbox 1218 3702 2015 3777; baseline -0.01 -14"><span class='ocrx_word' id='word_1_827' title='bbox 1218 3711 1318 3764; x_wconf 83' lang='lat' dir='ltr'><strong>ederae</strong></span> <span class='ocrx_word' id='word_1_828' title='bbox 1328 3711 1411 3774; x_wconf 88' lang='lat' dir='ltr'><strong>tritis,</strong></span> <span class='ocrx_word' id='word_1_829' title='bbox 1430 3725 1463 3761; x_wconf 86' lang='lat' dir='ltr'><strong>ac</strong></span> <span class='ocrx_word' id='word_1_830' title='bbox 1474 3710 1606 3777; x_wconf 88' lang='lat' dir='ltr'><strong>perdicio,</strong></span> <span class='ocrx_word' id='word_1_831' title='bbox 1626 3708 1668 3760; x_wconf 80' lang='lat' dir='ltr'><strong>rel</strong></span> <span class='ocrx_word' id='word_1_832' title='bbox 1680 3705 1748 3757; x_wconf 81' lang='lat' dir='ltr'><strong>hore</strong></span> <span class='ocrx_word' id='word_1_833' title='bbox 1766 3704 1919 3755; x_wconf 88' lang='lat' dir='ltr'><strong>cucumeris</strong></span> <span class='ocrx_word' id='word_1_834' title='bbox 1929 3702 2015 3755; x_wconf 85' lang='lat' dir='ltr'><strong>ailre-</strong></span> 
     </span>
     <span class='ocr_line' id='line_1_94' title="bbox 1217 3770 2014 3839; baseline -0.014 -8"><span class='ocrx_word' id='word_1_835' title='bbox 1217 3781 1293 3832; x_wconf 88' lang='lat' dir='ltr'><strong>atris.</strong></span> <span class='ocrx_word' id='word_1_836' title='bbox 1331 3782 1400 3830; x_wconf 88' lang='lat' dir='ltr'><strong>ltem</strong></span> <span class='ocrx_word' id='word_1_837' title='bbox 1411 3779 1490 3829; x_wconf 83' lang='lat' dir='ltr'><strong>boris</strong></span> <span class='ocrx_word' id='word_1_838' title='bbox 1502 3781 1595 3830; x_wconf 87' lang='lat' dir='ltr'><strong>timum</strong></span> <span class='ocrx_word' id='word_1_839' title='bbox 1607 3792 1666 3827; x_wconf 87' lang='lat' dir='ltr'><strong>curn</strong></span> <span class='ocrx_word' id='word_1_840' title='bbox 1677 3775 1750 3825; x_wconf 89' lang='lat' dir='ltr'><strong>aceti</strong></span> <span class='ocrx_word' id='word_1_841' title='bbox 1760 3771 1845 3822; x_wconf 85' lang='lat' dir='ltr'><strong>iaece.</strong></span> <span class='ocrx_word' id='word_1_842' title='bbox 1881 3770 2014 3839; x_wconf 85' lang='lat' dir='ltr'><strong>Mugnill·</strong></span> 
     </span>
     <span class='ocr_line' id='line_1_95' title="bbox 1217 3839 2014 3912; baseline -0.009 -13"><span class='ocrx_word' id='word_1_843' title='bbox 1217 3852 1320 3899; x_wconf 89' lang='lat' dir='ltr'><strong>cantet</strong></span> <span class='ocrx_word' id='word_1_844' title='bbox 1333 3848 1425 3909; x_wconf 81' lang='lat' dir='ltr'><strong>rituli,</strong></span> <span class='ocrx_word' id='word_1_845' title='bbox 1434 3850 1480 3912; x_wconf 91' lang='lat' dir='ltr'><strong>qui</strong></span> <span class='ocrx_word' id='word_1_846' title='bbox 1491 3843 1725 3899; x_wconf 87' lang='lat' dir='ltr'><strong>nondumherbsm</strong></span> <span class='ocrx_word' id='word_1_847' title='bbox 1734 3839 2014 3908; x_wconf 67' lang='lat' dir='ltr'><strong>gustaveritlimum:</strong></span> 
     </span>
     <span class='ocr_line' id='line_1_96' title="bbox 1217 3910 2016 3984; baseline -0.008 -17"><span class='ocrx_word' id='word_1_848' title='bbox 1217 3921 1266 3967; x_wconf 88' lang='lat' dir='ltr'><strong>aut</strong></span> <span class='ocrx_word' id='word_1_849' title='bbox 1277 3930 1326 3981; x_wconf 86' lang='lat' dir='ltr'><strong>per</strong></span> <span class='ocrx_word' id='word_1_850' title='bbox 1336 3931 1366 3967; x_wconf 91' lang='lat' dir='ltr'><strong>se</strong></span> <span class='ocrx_word' id='word_1_851' title='bbox 1376 3918 1536 3984; x_wconf 82' lang='lat' dir='ltr'><strong>sanguinem</strong></span> <span class='ocrx_word' id='word_1_852' title='bbox 1548 3915 1633 3967; x_wconf 81' lang='lat' dir='ltr'><strong>tauri:</strong></span> <span class='ocrx_word' id='word_1_853' title='bbox 1644 3911 1753 3979; x_wconf 74' lang='lat' dir='ltr'><strong>vulpem</strong></span> <span class='ocrx_word' id='word_1_854' title='bbox 1766 3910 1909 3962; x_wconf 88' lang='lat' dir='ltr'><strong>decoctam</strong></span> <span class='ocrx_word' id='word_1_855' title='bbox 1915 3910 2016 3972; x_wconf 81' lang='lat' dir='ltr'><strong>rivam,</strong></span> 
     </span>
     <span class='ocr_line' id='line_1_97' title="bbox 1217 3978 2015 4049; baseline -0.006 -13"><span class='ocrx_word' id='word_1_856' title='bbox 1217 3983 1306 4036; x_wconf 88' lang='lat' dir='ltr'><strong>donec</strong></span> <span class='ocrx_word' id='word_1_857' title='bbox 1317 3997 1380 4035; x_wconf 91' lang='lat' dir='ltr'><strong>ossa</strong></span> <span class='ocrx_word' id='word_1_858' title='bbox 1390 3991 1498 4038; x_wconf 88' lang='lat' dir='ltr'><strong>tanturn</strong></span> <span class='ocrx_word' id='word_1_859' title='bbox 1510 3990 1632 4038; x_wconf 75' lang='lat' dir='ltr'><strong>restent:</strong></span> <span class='ocrx_word' id='word_1_860' title='bbox 1651 3982 1779 4049; x_wconf 80' lang='lat' dir='ltr'><strong>lupumve</strong></span> <span class='ocrx_word' id='word_1_861' title='bbox 1790 3978 1883 4030; x_wconf 82' lang='lat' dir='ltr'><strong>rivum</strong></span> <span class='ocrx_word' id='word_1_862' title='bbox 1896 3980 1957 4031; x_wconf 90' lang='lat' dir='ltr'><strong>olco</strong></span> <span class='ocrx_word' id='word_1_863' title='bbox 1969 3993 2015 4032; x_wconf 87' lang='lat' dir='ltr'><strong>oe·</strong></span> 
     </span>
     <span class='ocr_line' id='line_1_98' title="bbox 1216 4047 2014 4111; baseline -0.008 -5"><span class='ocrx_word' id='word_1_864' title='bbox 1216 4053 1273 4106; x_wconf 86' lang='lat' dir='ltr'><strong>rati</strong></span> <span class='ocrx_word' id='word_1_865' title='bbox 1284 4053 1367 4103; x_wconf 90' lang='lat' dir='ltr'><strong>modo</strong></span> <span class='ocrx_word' id='word_1_866' title='bbox 1378 4052 1530 4106; x_wconf 80' lang='lat' dir='ltr'><strong>incoctum:</strong></span> <span class='ocrx_word' id='word_1_867' title='bbox 1552 4069 1646 4107; x_wconf 84' lang='lat' dir='ltr'><strong>serum</strong></span> <span class='ocrx_word' id='word_1_868' title='bbox 1658 4053 1803 4111; x_wconf 89' lang='lat' dir='ltr'><strong>hircinum,</strong></span> <span class='ocrx_word' id='word_1_869' title='bbox 1816 4047 2014 4101; x_wconf 83' lang='lat' dir='ltr'><strong>cum&#39;heisines</strong></span> 
     </span>
     <span class='ocr_line' id='line_1_99' title="bbox 1216 4119 2016 4191; baseline -0.008 -16"><span class='ocrx_word' id='word_1_870' title='bbox 1216 4128 1295 4191; x_wconf 83' lang='lat' dir='ltr'><strong>purte</strong></span> <span class='ocrx_word' id='word_1_871' title='bbox 1305 4124 1516 4191; x_wconf 70' lang='lat' dir='ltr'><strong>aequmsinapis</strong></span> <span class='ocrx_word' id='word_1_872' title='bbox 1526 4124 1625 4176; x_wconf 86' lang='lat' dir='ltr'><strong>tertia:</strong></span> <span class='ocrx_word' id='word_1_873' title='bbox 1637 4123 1696 4176; x_wconf 79' lang='lat' dir='ltr'><strong>dmi</strong></span> <span class='ocrx_word' id='word_1_874' title='bbox 1707 4119 1812 4189; x_wconf 89' lang='lat' dir='ltr'><strong>caprini</strong></span> <span class='ocrx_word' id='word_1_875' title='bbox 1826 4119 1943 4170; x_wconf 88' lang='lat' dir='ltr'><strong>cinerem</strong></span> <span class='ocrx_word' id='word_1_876' title='bbox 1951 4132 2016 4169; x_wconf 87' lang='lat' dir='ltr'><strong>cum</strong></span> 
     </span>
     <span class='ocr_line' id='line_1_100' title="bbox 1216 4188 2015 4260; baseline -0.006 -17"><span class='ocrx_word' id='word_1_877' title='bbox 1216 4193 1346 4260; x_wconf 79' lang='lat' dir='ltr'><strong>axungia.</strong></span> <span class='ocrx_word' id='word_1_878' title='bbox 1382 4192 1456 4253; x_wconf 69' lang='lat' dir='ltr'><strong>Quin</strong></span> <span class='ocrx_word' id='word_1_879' title='bbox 1469 4201 1497 4245; x_wconf 90' lang='lat' dir='ltr'><strong>ct</strong></span> <span class='ocrx_word' id='word_1_880' title='bbox 1507 4192 1677 4244; x_wconf 80' lang='lat' dir='ltr'><strong>ischiadicos</strong></span> <span class='ocrx_word' id='word_1_881' title='bbox 1686 4194 1731 4243; x_wconf 81' lang='lat' dir='ltr'><strong>eri</strong></span> <span class='ocrx_word' id='word_1_882' title='bbox 1749 4191 1799 4241; x_wconf 91' lang='lat' dir='ltr'><strong>sub</strong></span> <span class='ocrx_word' id='word_1_883' title='bbox 1811 4188 1958 4255; x_wconf 86' lang='lat' dir='ltr'><strong>pollicibus</strong></span> <span class='ocrx_word' id='word_1_884' title='bbox 1968 4200 2015 4252; x_wconf 88' lang='lat' dir='ltr'><strong>pe·</strong></span> 
     </span>
     <span class='ocr_line' id='line_1_101' title="bbox 1216 4255 2012 4324; baseline -0.008 -12"><span class='ocrx_word' id='word_1_885' title='bbox 1216 4261 1281 4312; x_wconf 91' lang='lat' dir='ltr'><strong>dum</strong></span> <span class='ocrx_word' id='word_1_886' title='bbox 1294 4275 1328 4312; x_wconf 91' lang='lat' dir='ltr'><strong>eo</strong></span> <span class='ocrx_word' id='word_1_887' title='bbox 1339 4261 1404 4311; x_wconf 88' lang='lat' dir='ltr'><strong>iimo</strong></span> <span class='ocrx_word' id='word_1_888' title='bbox 1415 4260 1708 4324; x_wconf 66' lang='lat' dir='ltr'><strong>innocentissimae</strong></span> <span class='ocrx_word' id='word_1_889' title='bbox 1718 4258 1841 4312; x_wconf 85' lang='lat' dir='ltr'><strong>tradunt.</strong></span> <span class='ocrx_word' id='word_1_890' title='bbox 1877 4255 2012 4323; x_wconf 62' lang='lat' dir='ltr'><strong>Articulo-</strong></span> 
     </span>
     <span class='ocr_line' id='line_1_102' title="bbox 1216 4323 2016 4396; baseline -0.01 -14"><span class='ocrx_word' id='word_1_891' title='bbox 1216 4344 1332 4396; x_wconf 87' lang='lat' dir='ltr'><strong>rumque</strong></span> <span class='ocrx_word' id='word_1_892' title='bbox 1344 4330 1419 4382; x_wconf 80' lang='lat' dir='ltr'><strong>vitiis</strong></span> <span class='ocrx_word' id='word_1_893' title='bbox 1430 4331 1466 4381; x_wconf 91' lang='lat' dir='ltr'><strong>iel</strong></span> <span class='ocrx_word' id='word_1_894' title='bbox 1478 4333 1601 4383; x_wconf 88' lang='lat' dir='ltr'><strong>ursinum</strong></span> <span class='ocrx_word' id='word_1_895' title='bbox 1617 4330 1794 4382; x_wconf 90' lang='lat' dir='ltr'><strong>utilissimum</strong></span> <span class='ocrx_word' id='word_1_896' title='bbox 1806 4341 1881 4389; x_wconf 89' lang='lat' dir='ltr'><strong>esse,</strong></span> <span class='ocrx_word' id='word_1_897' title='bbox 1902 4330 1931 4377; x_wconf 90' lang='lat' dir='ltr'><strong>et</strong></span> <span class='ocrx_word' id='word_1_898' title='bbox 1940 4323 2016 4390; x_wconf 83' lang='lat' dir='ltr'><strong>lepo-</strong></span> 
     </span>
     <span class='ocr_line' id='line_1_103' title="bbox 1215 4393 2015 4468; baseline -0.01 -17"><span class='ocrx_word' id='word_1_899' title='bbox 1215 4399 1255 4451; x_wconf 89' lang='lat' dir='ltr'><strong>ris</strong></span> <span class='ocrx_word' id='word_1_900' title='bbox 1266 4398 1350 4465; x_wconf 88' lang='lat' dir='ltr'><strong>pedes</strong></span> <span class='ocrx_word' id='word_1_901' title='bbox 1362 4398 1537 4468; x_wconf 85' lang='lat' dir='ltr'><strong>adalligatos.</strong></span> <span class='ocrx_word' id='word_1_902' title='bbox 1558 4399 1700 4468; x_wconf 87' lang='lat' dir='ltr'><strong>Podagras</strong></span> <span class='ocrx_word' id='word_1_903' title='bbox 1710 4398 1822 4465; x_wconf 90' lang='lat' dir='ltr'><strong>quidem</strong></span> <span class='ocrx_word' id='word_1_904' title='bbox 1836 4393 1957 4463; x_wconf 87' lang='lat' dir='ltr'><strong>mitigari</strong></span> <span class='ocrx_word' id='word_1_905' title='bbox 1969 4406 2015 4459; x_wconf 91' lang='lat' dir='ltr'><strong>pe·</strong></span> 
     </span>
     <span class='ocr_line' id='line_1_104' title="bbox 1217 4461 2015 4538; baseline -0.009 -18"><span class='ocrx_word' id='word_1_906' title='bbox 1217 4470 1251 4520; x_wconf 89' lang='lat' dir='ltr'><strong>de</strong></span> <span class='ocrx_word' id='word_1_907' title='bbox 1265 4468 1368 4538; x_wconf 90' lang='lat' dir='ltr'><strong>leporis</strong></span> <span class='ocrx_word' id='word_1_908' title='bbox 1391 4470 1508 4522; x_wconf 78' lang='lat' dir='ltr'><strong>virentis</strong></span> <span class='ocrx_word' id='word_1_909' title='bbox 1532 4469 1668 4532; x_wconf 88' lang='lat' dir='ltr'><strong>abscisso,</strong></span> <span class='ocrx_word' id='word_1_910' title='bbox 1690 4468 1714 4519; x_wconf 90' lang='lat' dir='ltr'><strong>si</strong></span> <span class='ocrx_word' id='word_1_911' title='bbox 1727 4468 1788 4533; x_wconf 89' lang='lat' dir='ltr'><strong>quis</strong></span> <span class='ocrx_word' id='word_1_912' title='bbox 1800 4479 1893 4516; x_wconf 89' lang='lat' dir='ltr'><strong>secum</strong></span> <span class='ocrx_word' id='word_1_913' title='bbox 1904 4461 2015 4513; x_wconf 81' lang='lat' dir='ltr'><strong>assidue</strong></span> 
     </span>
     <span class='ocr_line' id='line_1_105' title="bbox 1216 4530 2013 4603; baseline -0.014 -13"><span class='ocrx_word' id='word_1_914' title='bbox 1216 4536 1328 4592; x_wconf 87' lang='lat' dir='ltr'><strong>habeat.</strong></span> <span class='ocrx_word' id='word_1_915' title='bbox 1364 4537 1515 4592; x_wconf 90' lang='lat' dir='ltr'><strong>Perniones</strong></span> <span class='ocrx_word' id='word_1_916' title='bbox 1526 4538 1638 4591; x_wconf 82' lang='lat' dir='ltr'><strong>ominus</strong></span> <span class='ocrx_word' id='word_1_917' title='bbox 1650 4537 1745 4603; x_wconf 85' lang='lat' dir='ltr'><strong>adeps,</strong></span> <span class='ocrx_word' id='word_1_918' title='bbox 1761 4538 1902 4600; x_wconf 76' lang='lat' dir='ltr'><strong>rimasque</strong></span> <span class='ocrx_word' id='word_1_919' title='bbox 1913 4530 2013 4599; x_wconf 74' lang='lat' dir='ltr'><strong>perlusa</strong></span> 
     </span>
     <span class='ocr_line' id='line_1_106' title="bbox 1216 4602 2014 4661; baseline -0.013 -2"><span class='ocrx_word' id='word_1_920' title='bbox 1216 4622 1312 4660; x_wconf 90' lang='lat' dir='ltr'><strong>omnes</strong></span> <span class='ocrx_word' id='word_1_921' title='bbox 1323 4609 1422 4661; x_wconf 85' lang='lat' dir='ltr'><strong>sarcit:</strong></span> <span class='ocrx_word' id='word_1_922' title='bbox 1443 4610 1581 4661; x_wconf 88' lang='lat' dir='ltr'><strong>elllcacius</strong></span> <span class='ocrx_word' id='word_1_923' title='bbox 1592 4608 1715 4659; x_wconf 90' lang='lat' dir='ltr'><strong>alumine</strong></span> <span class='ocrx_word' id='word_1_924' title='bbox 1726 4602 1838 4655; x_wconf 85' lang='lat' dir='ltr'><strong>addito:</strong></span> <span class='ocrx_word' id='word_1_925' title='bbox 1860 4614 1954 4652; x_wconf 88' lang='lat' dir='ltr'><strong>serum</strong></span> <span class='ocrx_word' id='word_1_926' title='bbox 1968 4612 2014 4650; x_wconf 82' lang='lat' dir='ltr'><strong>cs·</strong></span> 
     </span>
     <span class='ocr_line' id='line_1_107' title="bbox 1215 4667 2015 4744; baseline -0.019 -10"><span class='ocrx_word' id='word_1_927' title='bbox 1215 4679 1337 4743; x_wconf 77' lang='lat' dir='ltr'><strong>prinum:</strong></span> <span class='ocrx_word' id='word_1_928' title='bbox 1359 4677 1482 4732; x_wconf 77' lang='lat' dir='ltr'><strong>dentium</strong></span> <span class='ocrx_word' id='word_1_929' title='bbox 1498 4678 1562 4744; x_wconf 89' lang='lat' dir='ltr'><strong>eqni</strong></span> <span class='ocrx_word' id='word_1_930' title='bbox 1580 4675 1684 4727; x_wconf 85' lang='lat' dir='ltr'><strong>iariaa:</strong></span> <span class='ocrx_word' id='word_1_931' title='bbox 1706 4671 1833 4737; x_wconf 86' lang='lat' dir='ltr'><strong>aprinum</strong></span> <span class='ocrx_word' id='word_1_932' title='bbox 1845 4668 1888 4716; x_wconf 79' lang='lat' dir='ltr'><strong>nel</strong></span> <span class='ocrx_word' id='word_1_933' title='bbox 1900 4667 2015 4719; x_wconf 75' lang='lat' dir='ltr'><strong>suillum</strong></span> 
     </span>
     <span class='ocr_line' id='line_1_108' title="bbox 1216 4735 2014 4814; baseline -0.011 -18"><span class='ocrx_word' id='word_1_934' title='bbox 1216 4744 1272 4799; x_wconf 82' lang='lat' dir='ltr'><strong>iel:</strong></span> <span class='ocrx_word' id='word_1_935' title='bbox 1292 4762 1352 4798; x_wconf 92' lang='lat' dir='ltr'><strong>cum</strong></span> <span class='ocrx_word' id='word_1_936' title='bbox 1373 4748 1453 4813; x_wconf 84' lang='lat' dir='ltr'><strong>adipe</strong></span> <span class='ocrx_word' id='word_1_937' title='bbox 1474 4742 1740 4812; x_wconf 80' lang='lat' dir='ltr'><strong>pularnimpositust</strong></span> <span class='ocrx_word' id='word_1_938' title='bbox 1759 4736 1814 4787; x_wconf 88' lang='lat' dir='ltr'><strong>etsi</strong></span> <span class='ocrx_word' id='word_1_939' title='bbox 1827 4735 1944 4814; x_wconf 70' lang='lat' dir='ltr'><strong>subtriti</strong></span> <span class='ocrx_word' id='word_1_940' title='bbox 1958 4738 2014 4787; x_wconf 88' lang='lat' dir='ltr'><strong>siat</strong></span> 
     </span>
     <span class='ocr_line' id='line_1_109' title="bbox 1215 4800 2015 4871; baseline -0.014 -3"><span class='ocrx_word' id='word_1_941' title='bbox 1215 4815 1360 4868; x_wconf 80' lang='lat' dir='ltr'><strong>canturire</strong></span> <span class='ocrx_word' id='word_1_942' title='bbox 1371 4814 1567 4866; x_wconf 72' lang='lat' dir='ltr'><strong>offensatione:</strong></span> <span class='ocrx_word' id='word_1_943' title='bbox 1588 4813 1613 4863; x_wconf 92' lang='lat' dir='ltr'><strong>si</strong></span> <span class='ocrx_word' id='word_1_944' title='bbox 1624 4824 1691 4862; x_wconf 85' lang='lat' dir='ltr'><strong>vero</strong></span> <span class='ocrx_word' id='word_1_945' title='bbox 1703 4803 1794 4857; x_wconf 88' lang='lat' dir='ltr'><strong>adusti</strong></span> <span class='ocrx_word' id='word_1_946' title='bbox 1807 4800 1923 4867; x_wconf 86' lang='lat' dir='ltr'><strong>irrgore,</strong></span> <span class='ocrx_word' id='word_1_947' title='bbox 1939 4804 2015 4871; x_wconf 86' lang='lat' dir='ltr'><strong>lepo-</strong></span> 
     </span>
     <span class='ocr_line' id='line_1_110' title="bbox 1215 4871 2019 4948; baseline -0.017 -12"><span class='ocrx_word' id='word_1_948' title='bbox 1215 4886 1270 4936; x_wconf 88' lang='lat' dir='ltr'><strong>rini</strong></span> <span class='ocrx_word' id='word_1_949' title='bbox 1282 4884 1333 4948; x_wconf 91' lang='lat' dir='ltr'><strong>pili</strong></span> <span class='ocrx_word' id='word_1_950' title='bbox 1351 4884 1429 4933; x_wconf 87' lang='lat' dir='ltr'><strong>cinis.</strong></span> <span class='ocrx_word' id='word_1_951' title='bbox 1466 4881 1597 4934; x_wconf 86' lang='lat' dir='ltr'><strong>Eiusdem</strong></span> <span class='ocrx_word' id='word_1_952' title='bbox 1614 4878 1708 4946; x_wconf 92' lang='lat' dir='ltr'><strong>pulmo</strong></span> <span class='ocrx_word' id='word_1_953' title='bbox 1723 4871 1846 4924; x_wconf 86' lang='lat' dir='ltr'><strong>contusis</strong></span> <span class='ocrx_word' id='word_1_954' title='bbox 1869 4871 2019 4935; x_wconf 87' lang='lat' dir='ltr'><strong>dissectus,</strong></span> 
     </span>
     <span class='ocr_line' id='line_1_111' title="bbox 1215 4938 2015 5018; baseline -0.015 -15"><span class='ocrx_word' id='word_1_955' title='bbox 1215 4958 1262 5003; x_wconf 89' lang='lat' dir='ltr'><strong>aut</strong></span> <span class='ocrx_word' id='word_1_956' title='bbox 1272 4951 1411 5018; x_wconf 88' lang='lat' dir='ltr'><strong>pulmonis</strong></span> <span class='ocrx_word' id='word_1_957' title='bbox 1422 4950 1501 5001; x_wconf 90' lang='lat' dir='ltr'><strong>cinis.</strong></span> <span class='ocrx_word' id='word_1_958' title='bbox 1530 4948 1594 5001; x_wconf 85' lang='lat' dir='ltr'><strong>Sole</strong></span> <span class='ocrx_word' id='word_1_959' title='bbox 1605 4946 1715 5002; x_wconf 89' lang='lat' dir='ltr'><strong>adusta,</strong></span> <span class='ocrx_word' id='word_1_960' title='bbox 1725 4954 1789 4993; x_wconf 85' lang='lat' dir='ltr'><strong>sero</strong></span> <span class='ocrx_word' id='word_1_961' title='bbox 1806 4938 1914 4991; x_wconf 88' lang='lat' dir='ltr'><strong>asinino</strong></span> <span class='ocrx_word' id='word_1_962' title='bbox 1925 4942 2015 5007; x_wconf 86' lang='lat' dir='ltr'><strong>aptis·</strong></span> 
     </span>
    </p>
   </div>
   <div class='ocr_carea' id='block_1_7' title="bbox 368 5010 2022 5218">
    <p class='ocr_par' dir='ltr' id='par_1_11' title="bbox 368 5010 2022 5218">
     <span class='ocr_line' id='line_1_112' title="bbox 368 5010 2016 5084; baseline -0.011 -7"><span class='ocrx_word' id='word_1_963' title='bbox 368 5011 447 5063; x_wconf 70' lang='lat' dir='ltr'><strong>bium</strong></span> <span class='ocrx_word' id='word_1_964' title='bbox 464 5010 843 5084; x_wconf 65' lang='lat' dir='ltr'><strong>¹¹{³¹¹¹&#39;⁸³¹⁸lfibfltogulsque.</strong></span> <span class='ocrx_word' id='word_1_965' title='bbox 879 5015 1162 5083; x_wconf 81' lang='lat' dir='ltr'><strong>vitiavern,quaein</strong></span> <span class='ocrx_word' id='word_1_966' title='bbox 1213 5021 1285 5072; x_wconf 90' lang='lat' dir='ltr'><strong>sime</strong></span> <span class='ocrx_word' id='word_1_967' title='bbox 1301 5023 1448 5070; x_wconf 84' lang='lat' dir='ltr'><strong>curantur:</strong></span> <span class='ocrx_word' id='word_1_968' title='bbox 1469 5020 1536 5071; x_wconf 90' lang='lat' dir='ltr'><strong>item</strong></span> <span class='ocrx_word' id='word_1_969' title='bbox 1552 5016 1656 5069; x_wconf 89' lang='lat' dir='ltr'><strong>bubulo</strong></span> <span class='ocrx_word' id='word_1_970' title='bbox 1673 5025 1734 5064; x_wconf 88' lang='lat' dir='ltr'><strong>eum</strong></span> <span class='ocrx_word' id='word_1_971' title='bbox 1752 5023 1880 5062; x_wconf 82' lang='lat' dir='ltr'><strong>rosaceo.</strong></span> <span class='ocrx_word' id='word_1_972' title='bbox 1915 5011 2016 5061; x_wconf 80' lang='lat' dir='ltr'><strong>clavos</strong></span> 
     </span>
     <span class='ocr_line' id='line_1_113' title="bbox 369 5078 2017 5155; baseline -0.002 -22"><span class='ocrx_word' id='word_1_973' title='bbox 369 5082 465 5133; x_wconf 84' lang='lat' dir='ltr'><strong>eadem</strong></span> <span class='ocrx_word' id='word_1_974' title='bbox 476 5085 556 5147; x_wconf 85' lang='lat' dir='ltr'><strong>parte</strong></span> <span class='ocrx_word' id='word_1_975' title='bbox 567 5087 689 5147; x_wconf 84' lang='lat' dir='ltr'><strong>serpunt,</strong></span> <span class='ocrx_word' id='word_1_976' title='bbox 709 5084 891 5136; x_wconf 88' lang='lat' dir='ltr'><strong>iecureorum</strong></span> <span class='ocrx_word' id='word_1_977' title='bbox 902 5087 1085 5147; x_wconf 85' lang='lat' dir='ltr'><strong>combustum,</strong></span> <span class='ocrx_word' id='word_1_978' title='bbox 1108 5100 1163 5137; x_wconf 89' lang='lat' dir='ltr'><strong>ma·</strong></span> <span class='ocrx_word' id='word_1_979' title='bbox 1213 5095 1244 5142; x_wconf 89' lang='lat' dir='ltr'><strong>et</strong></span> <span class='ocrx_word' id='word_1_980' title='bbox 1255 5088 1341 5139; x_wconf 79' lang='lat' dir='ltr'><strong>rimm</strong></span> <span class='ocrx_word' id='word_1_981' title='bbox 1358 5087 1477 5155; x_wconf 89' lang='lat' dir='ltr'><strong>callique</strong></span> <span class='ocrx_word' id='word_1_982' title='bbox 1493 5086 1576 5147; x_wconf 79' lang='lat' dir='ltr'><strong>sitia,</strong></span> <span class='ocrx_word' id='word_1_983' title='bbox 1599 5085 1692 5135; x_wconf 81' lang='lat' dir='ltr'><strong>harum</strong></span> <span class='ocrx_word' id='word_1_984' title='bbox 1709 5081 1768 5148; x_wconf 87' lang='lat' dir='ltr'><strong>apri</strong></span> <span class='ocrx_word' id='word_1_985' title='bbox 1789 5078 1833 5131; x_wconf 79' lang='lat' dir='ltr'><strong>rel</strong></span> <span class='ocrx_word' id='word_1_986' title='bbox 1851 5079 2017 5132; x_wconf 86' lang='lat' dir='ltr'><strong>sularecena</strong></span> 
     </span>
     <span class='ocr_line' id='line_1_114' title="bbox 369 5147 2022 5218; baseline -0.009 -6"><span class='ocrx_word' id='word_1_987' title='bbox 369 5147 674 5215; x_wconf 64' lang='lat' dir='ltr'><strong>¹5¹¹¹tll¹¹¹5120fflign⁰s</strong></span> <span class='ocrx_word' id='word_1_988' title='bbox 690 5164 751 5203; x_wconf 75' lang='lat' dir='ltr'><strong>cum</strong></span> <span class='ocrx_word' id='word_1_989' title='bbox 762 5151 860 5205; x_wconf 87' lang='lat' dir='ltr'><strong>charta</strong></span> <span class='ocrx_word' id='word_1_990' title='bbox 871 5161 899 5206; x_wconf 89' lang='lat' dir='ltr'><strong>et</strong></span> <span class='ocrx_word' id='word_1_991' title='bbox 910 5153 1055 5207; x_wconf 88' lang='lat' dir='ltr'><strong>arrhenico</strong></span> <span class='ocrx_word' id='word_1_992' title='bbox 1068 5160 1162 5206; x_wconf 80' lang='lat' dir='ltr'><strong>sanat:</strong></span> <span class='ocrx_word' id='word_1_993' title='bbox 1213 5158 1324 5218; x_wconf 88' lang='lat' dir='ltr'><strong>illitum,</strong></span> <span class='ocrx_word' id='word_1_994' title='bbox 1344 5170 1377 5206; x_wconf 90' lang='lat' dir='ltr'><strong>ac</strong></span> <span class='ocrx_word' id='word_1_995' title='bbox 1391 5156 1477 5208; x_wconf 89' lang='lat' dir='ltr'><strong>tertio</strong></span> <span class='ocrx_word' id='word_1_996' title='bbox 1493 5154 1669 5207; x_wconf 78' lang='lat' dir='ltr'><strong>dissolutum</strong></span> <span class='ocrx_word' id='word_1_997' title='bbox 1687 5156 1785 5204; x_wconf 83' lang='lat' dir='ltr'><strong>sanat:</strong></span> <span class='ocrx_word' id='word_1_998' title='bbox 1808 5148 1928 5199; x_wconf 88' lang='lat' dir='ltr'><strong>telorum</strong></span> <span class='ocrx_word' id='word_1_999' title='bbox 1938 5147 2022 5213; x_wconf 85' lang='lat' dir='ltr'><strong>cinis,</strong></span> 
     </span>
    </p>
   </div>
   <div class='ocr_carea' id='block_1_8' title="bbox 367 5216 2019 5641">
    <p class='ocr_par' dir='ltr' id='par_1_12' title="bbox 367 5216 2019 5641">
     <span class='ocr_line' id='line_1_115' title="bbox 369 5216 2017 5298; baseline -0.002 -28"><span class='ocrx_word' id='word_1_1000' title='bbox 369 5218 429 5270; x_wconf 90' lang='lat' dir='ltr'><strong>timi</strong></span> <span class='ocrx_word' id='word_1_1001' title='bbox 449 5218 532 5270; x_wconf 82' lang='lat' dir='ltr'><strong>einis:</strong></span> <span class='ocrx_word' id='word_1_1002' title='bbox 554 5216 743 5298; x_wconf 75' lang='lat' dir='ltr'><strong>ielhpbulaai&#39;</strong></span> <span class='ocrx_word' id='word_1_1003' title='bbox 758 5237 818 5273; x_wconf 91' lang='lat' dir='ltr'><strong>cum</strong></span> <span class='ocrx_word' id='word_1_1004' title='bbox 841 5222 1110 5292; x_wconf 71' lang='lat' dir='ltr'><strong>aluminehrgpptio</strong></span> <span class='ocrx_word' id='word_1_1005' title='bbox 1131 5240 1163 5275; x_wconf 88' lang='lat' dir='ltr'><strong>ac</strong></span> <span class='ocrx_word' id='word_1_1006' title='bbox 1213 5223 1440 5294; x_wconf 89' lang='lat' dir='ltr'><strong>pnlmoaprinus‚</strong></span> <span class='ocrx_word' id='word_1_1007' title='bbox 1461 5233 1510 5277; x_wconf 89' lang='lat' dir='ltr'><strong>aut</strong></span> <span class='ocrx_word' id='word_1_1008' title='bbox 1527 5222 1634 5286; x_wconf 90' lang='lat' dir='ltr'><strong>suillus,</strong></span> <span class='ocrx_word' id='word_1_1009' title='bbox 1656 5229 1705 5274; x_wconf 88' lang='lat' dir='ltr'><strong>sut</strong></span> <span class='ocrx_word' id='word_1_1010' title='bbox 1723 5219 1859 5273; x_wconf 79' lang='lat' dir='ltr'><strong>cervinus.</strong></span> <span class='ocrx_word' id='word_1_1011' title='bbox 1895 5218 2017 5269; x_wconf 76' lang='lat' dir='ltr'><strong>Attritm</strong></span> 
     </span>
     <span class='ocr_line' id='line_1_116' title="bbox 370 5284 2017 5362; baseline -0.002 -21"><span class='ocrx_word' id='word_1_1012' title='bbox 370 5286 486 5356; x_wconf 84' lang='lat' dir='ltr'><strong>myrrha</strong></span> <span class='ocrx_word' id='word_1_1013' title='bbox 496 5286 531 5340; x_wconf 88' lang='lat' dir='ltr'><strong>ad</strong></span> <span class='ocrx_word' id='word_1_1014' title='bbox 543 5284 754 5339; x_wconf 80' lang='lat' dir='ltr'><strong>crassitudinem</strong></span> <span class='ocrx_word' id='word_1_1015' title='bbox 776 5291 1030 5357; x_wconf 87' lang='lat' dir='ltr'><strong>mellissubactmn,</strong></span> <span class='ocrx_word' id='word_1_1016' title='bbox 1049 5294 1163 5362; x_wconf 85' lang='lat' dir='ltr'><strong>insuper</strong></span> <span class='ocrx_word' id='word_1_1017' title='bbox 1214 5295 1476 5349; x_wconf 84' lang='lat' dir='ltr'><strong>calceamentorum.</strong></span> <span class='ocrx_word' id='word_1_1018' title='bbox 1501 5292 1581 5345; x_wconf 88' lang='lat' dir='ltr'><strong>urina</strong></span> <span class='ocrx_word' id='word_1_1019' title='bbox 1601 5293 1672 5344; x_wconf 89' lang='lat' dir='ltr'><strong>asini</strong></span> <span class='ocrx_word' id='word_1_1020' title='bbox 1693 5306 1754 5344; x_wconf 92' lang='lat' dir='ltr'><strong>cum</strong></span> <span class='ocrx_word' id='word_1_1021' title='bbox 1777 5287 1838 5339; x_wconf 91' lang='lat' dir='ltr'><strong>luto</strong></span> <span class='ocrx_word' id='word_1_1022' title='bbox 1858 5298 1911 5338; x_wconf 90' lang='lat' dir='ltr'><strong>suo</strong></span> <span class='ocrx_word' id='word_1_1023' title='bbox 1933 5285 2017 5338; x_wconf 85' lang='lat' dir='ltr'><strong>illita.</strong></span> 
     </span>
     <span class='ocr_line' id='line_1_117' title="bbox 368 5354 2019 5481; baseline -0.003 -71"><span class='ocrx_word' id='word_1_1024' title='bbox 368 5355 1009 5440; x_wconf 77' lang='lat' dir='ltr'><strong>betaerrinneoctaimposita:carnqunque.</strong></span> <span class='ocrx_word' id='word_1_1025' title='bbox 1045 5362 1161 5415; x_wconf 83' lang='lat' dir='ltr'><strong>arsnsn·</strong></span> <span class='ocrx_word' id='word_1_1026' title='bbox 1215 5365 1314 5417; x_wconf 78' lang='lat' dir='ltr'><strong>clavos</strong></span> <span class='ocrx_word' id='word_1_1027' title='bbox 1324 5378 1416 5415; x_wconf 82' lang='lat' dir='ltr'><strong>serum</strong></span> <span class='ocrx_word' id='word_1_1028' title='bbox 1427 5362 1560 5415; x_wconf 89' lang='lat' dir='ltr'><strong>bubulum</strong></span> <span class='ocrx_word' id='word_1_1029' title='bbox 1574 5377 1635 5415; x_wconf 81' lang='lat' dir='ltr'><strong>cuns</strong></span> <span class='ocrx_word' id='word_1_1030' title='bbox 1649 5359 1739 5413; x_wconf 90' lang='lat' dir='ltr'><strong>thuris</strong></span> <span class='ocrx_word' id='word_1_1031' title='bbox 1751 5358 1866 5481; x_wconf 68' lang='lat' dir='ltr'><strong>polline.</strong></span> <span class='ocrx_word' id='word_1_1032' title='bbox 1903 5354 2019 5407; x_wconf 87' lang='lat' dir='ltr'><strong>Pernlo·</strong></span> 
     </span>
     <span class='ocr_line' id='line_1_118' title="bbox 367 5426 2017 5501; baseline 0.002 -26"><span class='ocrx_word' id='word_1_1033' title='bbox 367 5427 617 5488; x_wconf 78' lang='lat' dir='ltr'><strong>traverohuloera,</strong></span> <span class='ocrx_word' id='word_1_1034' title='bbox 634 5438 728 5476; x_wconf 82' lang='lat' dir='ltr'><strong>serum</strong></span> <span class='ocrx_word' id='word_1_1035' title='bbox 750 5440 810 5477; x_wconf 88' lang='lat' dir='ltr'><strong>cum</strong></span> <span class='ocrx_word' id='word_1_1036' title='bbox 833 5428 954 5479; x_wconf 87' lang='lat' dir='ltr'><strong>medulla</strong></span> <span class='ocrx_word' id='word_1_1037' title='bbox 967 5431 1048 5481; x_wconf 80' lang='lat' dir='ltr'><strong>rituli</strong></span> <span class='ocrx_word' id='word_1_1038' title='bbox 1060 5432 1088 5482; x_wconf 91' lang='lat' dir='ltr'><strong>in</strong></span> <span class='ocrx_word' id='word_1_1039' title='bbox 1097 5432 1161 5482; x_wconf 83' lang='lat' dir='ltr'><strong>sino</strong></span> <span class='ocrx_word' id='word_1_1040' title='bbox 1214 5450 1264 5486; x_wconf 88' lang='lat' dir='ltr'><strong>nes</strong></span> <span class='ocrx_word' id='word_1_1041' title='bbox 1279 5447 1345 5486; x_wconf 84' lang='lat' dir='ltr'><strong>vero</strong></span> <span class='ocrx_word' id='word_1_1042' title='bbox 1368 5433 1472 5501; x_wconf 84' lang='lat' dir='ltr'><strong>qorium</strong></span> <span class='ocrx_word' id='word_1_1043' title='bbox 1493 5432 1686 5484; x_wconf 77' lang='lat' dir='ltr'><strong>combustumz</strong></span> <span class='ocrx_word' id='word_1_1044' title='bbox 1708 5430 1808 5483; x_wconf 85' lang='lat' dir='ltr'><strong>melus</strong></span> <span class='ocrx_word' id='word_1_1045' title='bbox 1829 5426 1898 5478; x_wconf 72' lang='lat' dir='ltr'><strong>siti</strong></span> <span class='ocrx_word' id='word_1_1046' title='bbox 1919 5432 2017 5476; x_wconf 69' lang='lat' dir='ltr'><strong>vetere</strong></span> 
     </span>
     <span class='ocr_line' id='line_1_119' title="bbox 369 5492 2018 5563; baseline 0.001 -21"><span class='ocrx_word' id='word_1_1047' title='bbox 369 5492 528 5548; x_wconf 84' lang='lat' dir='ltr'><strong>decoctum:</strong></span> <span class='ocrx_word' id='word_1_1048' title='bbox 550 5493 590 5549; x_wconf 86' lang='lat' dir='ltr'><strong>iel</strong></span> <span class='ocrx_word' id='word_1_1049' title='bbox 603 5494 743 5562; x_wconf 88' lang='lat' dir='ltr'><strong>caprinam</strong></span> <span class='ocrx_word' id='word_1_1050' title='bbox 756 5509 815 5546; x_wconf 90' lang='lat' dir='ltr'><strong>eum</strong></span> <span class='ocrx_word' id='word_1_1051' title='bbox 833 5496 914 5547; x_wconf 89' lang='lat' dir='ltr'><strong>melle</strong></span> <span class='ocrx_word' id='word_1_1052' title='bbox 930 5497 1045 5563; x_wconf 89' lang='lat' dir='ltr'><strong>rubique</strong></span> <span class='ocrx_word' id='word_1_1053' title='bbox 1065 5512 1161 5552; x_wconf 82' lang='lat' dir='ltr'><strong>succo:</strong></span> <span class='ocrx_word' id='word_1_1054' title='bbox 1215 5503 1415 5555; x_wconf 85' lang='lat' dir='ltr'><strong>calceamento:</strong></span> <span class='ocrx_word' id='word_1_1055' title='bbox 1436 5500 1552 5555; x_wconf 90' lang='lat' dir='ltr'><strong>iniurias</strong></span> <span class='ocrx_word' id='word_1_1056' title='bbox 1570 5518 1585 5554; x_wconf 89' lang='lat' dir='ltr'><strong>e</strong></span> <span class='ocrx_word' id='word_1_1057' title='bbox 1603 5500 1740 5561; x_wconf 85' lang='lat' dir='ltr'><strong>calceatu,</strong></span> <span class='ocrx_word' id='word_1_1058' title='bbox 1760 5511 1793 5550; x_wconf 83' lang='lat' dir='ltr'><strong>ex</strong></span> <span class='ocrx_word' id='word_1_1059' title='bbox 1810 5495 1874 5548; x_wconf 91' lang='lat' dir='ltr'><strong>oleo</strong></span> <span class='ocrx_word' id='word_1_1060' title='bbox 1888 5492 1960 5544; x_wconf 88' lang='lat' dir='ltr'><strong>corii</strong></span> <span class='ocrx_word' id='word_1_1061' title='bbox 1971 5506 2018 5544; x_wconf 90' lang='lat' dir='ltr'><strong>ca·</strong></span> 
     </span>
     <span class='ocr_line' id='line_1_120' title="bbox 368 5560 2018 5641; baseline -0.013 -7"><span class='ocrx_word' id='word_1_1062' title='bbox 368 5560 410 5611; x_wconf 73' lang='lat'><strong>⁷²¹</strong></span> <span class='ocrx_word' id='word_1_1063' title='bbox 422 5564 578 5633; x_wconf 66' lang='lat' dir='ltr'><strong>assensn,</strong></span> <span class='ocrx_word' id='word_1_1064' title='bbox 597 5565 692 5617; x_wconf 74' lang='lat' dir='ltr'><strong>nmen</strong></span> <span class='ocrx_word' id='word_1_1065' title='bbox 702 5564 789 5619; x_wconf 75' lang='lat' dir='ltr'><strong>enen</strong></span> <span class='ocrx_word' id='word_1_1066' title='bbox 806 5562 939 5631; x_wconf 70' lang='lat' dir='ltr'><strong>mense</strong></span> <span class='ocrx_word' id='word_1_1067' title='bbox 955 5578 1017 5617; x_wconf 81' lang='lat' dir='ltr'><strong>eun</strong></span> <span class='ocrx_word' id='word_1_1068' title='bbox 1027 5569 1160 5622; x_wconf 73' lang='lat' dir='ltr'><strong>nenen-</strong></span> <span class='ocrx_word' id='word_1_1069' title='bbox 1213 5572 1286 5641; x_wconf 73' lang='lat' dir='ltr'><strong>pani</strong></span> <span class='ocrx_word' id='word_1_1070' title='bbox 1295 5571 1375 5626; x_wconf 76' lang='lat' dir='ltr'><strong>ssu.</strong></span> <span class='ocrx_word' id='word_1_1071' title='bbox 1411 5570 1542 5626; x_wconf 77' lang='lat' dir='ltr'><strong>vmenn</strong></span> <span class='ocrx_word' id='word_1_1072' title='bbox 1553 5571 1666 5628; x_wconf 75' lang='lat' dir='ltr'><strong>ennom</strong></span> <span class='ocrx_word' id='word_1_1073' title='bbox 1681 5570 1761 5624; x_wconf 75' lang='lat' dir='ltr'><strong>sense</strong></span> <span class='ocrx_word' id='word_1_1074' title='bbox 1780 5565 1839 5618; x_wconf 81' lang='lat' dir='ltr'><strong>nnn</strong></span> <span class='ocrx_word' id='word_1_1075' title='bbox 1850 5562 1964 5615; x_wconf 71' lang='lat' dir='ltr'><strong>elmlini</strong></span> <span class='ocrx_word' id='word_1_1076' title='bbox 1976 5561 2018 5614; x_wconf 77' lang='lat' dir='ltr'><strong>e·</strong></span> 
     </span>
    </p>
   </div>
   <div class='ocr_carea' id='block_1_9' title="bbox 0 0 2200 6004">
    <p class='ocr_par' dir='ltr' id='par_1_13' title="bbox 0 0 2200 6004">
     <span class='ocr_line' id='line_1_121' title="bbox 0 0 2200 6004; baseline 0 0"><span class='ocrx_word' id='word_1_1077' title='bbox 0 0 2200 6004; x_wconf 95' lang='lat' dir='ltr'><strong> </strong></span> 
     </span>
    </p>
   </div>
  </div>
 </body>
</html>
