<?xml version="1.0" encoding="UTF-8"?>
<!DOCTYPE html PUBLIC "-//W3C//DTD XHTML 1.0 Transitional//EN"
    "http://www.w3.org/TR/xhtml1/DTD/xhtml1-transitional.dtd">
<html xmlns="http://www.w3.org/1999/xhtml" xml:lang="en" lang="en">
 <head>
  <title>
</title>
<meta http-equiv="Content-Type" content="text/html;charset=utf-8" />
  <meta name='ocr-system' content='tesseract 3.04.00' />
  <meta name='ocr-capabilities' content='ocr_page ocr_carea ocr_par ocr_line ocrx_word'/>
</head>
<body>
  <div class='ocr_page' id='page_1' title='image "./historiaenatura00plingoog_0262.png"; bbox 0 0 4356 6014; ppageno 0'>
   <div class='ocr_carea' id='block_1_1' title="bbox 319 304 1837 385">
    <p class='ocr_par' dir='ltr' id='par_1_1' title="bbox 319 304 1837 385">
     <span class='ocr_line' id='line_1_1' title="bbox 319 304 1837 385; baseline 0.011 -17"><span class='ocrx_word' id='word_1_1' title='bbox 319 308 350 369; x_wconf 82' lang='lat' dir='ltr'>C.</span> <span class='ocrx_word' id='word_1_2' title='bbox 385 306 537 385; x_wconf 66' lang='lat' dir='ltr'>eripit</span> <span class='ocrx_word' id='word_1_3' title='bbox 571 304 787 367; x_wconf 75' lang='lat' dir='ltr'>sacuam</span> <span class='ocrx_word' id='word_1_4' title='bbox 818 304 990 367; x_wconf 81' lang='lat' dir='ltr'>NATUR.</span> <span class='ocrx_word' id='word_1_5' title='bbox 1024 308 1221 373; x_wconf 71' lang='lat' dir='ltr'>Histoe.</span> <span class='ocrx_word' id='word_1_6' title='bbox 1260 310 1343 371; x_wconf 79' lang='lat' dir='ltr'>trit.</span> <span class='ocrx_word' id='word_1_7' title='bbox 1368 309 1444 371; x_wconf 81' lang='lat' dir='ltr'>XX.</span> <span class='ocrx_word' id='word_1_8' title='bbox 1468 311 1557 374; x_wconf 78' lang='lat' dir='ltr'>CAP.</span> <span class='ocrx_word' id='word_1_9' title='bbox 1582 319 1703 379; x_wconf 63' lang='lat' dir='ltr'>rto-51.</span> <span class='ocrx_word' id='word_1_10' title='bbox 1776 320 1837 385; x_wconf 69' lang='lat'>251</span> 
     </span>
    </p>
   </div>
   <div class='ocr_carea' id='block_1_2' title="bbox 148 455 995 5666">
    <p class='ocr_par' dir='ltr' id='par_1_2' title="bbox 184 455 986 667">
     <span class='ocr_line' id='line_1_2' title="bbox 184 455 986 533; baseline -0.007 -17"><span class='ocrx_word' id='word_1_11' title='bbox 184 460 300 533; x_wconf 85' lang='lat' dir='ltr'>quidam</span> <span class='ocrx_word' id='word_1_12' title='bbox 308 457 467 529; x_wconf 75' lang='lat' dir='ltr'>buselinoa,</span> <span class='ocrx_word' id='word_1_13' title='bbox 478 456 609 525; x_wconf 59' lang='lat' dir='ltr'>differtus</span> <span class='ocrx_word' id='word_1_14' title='bbox 619 455 759 510; x_wconf 81' lang='lat' dir='ltr'>brevitate</span> <span class='ocrx_word' id='word_1_15' title='bbox 766 455 857 511; x_wconf 86' lang='lat' dir='ltr'>caulis</span> <span class='ocrx_word' id='word_1_16' title='bbox 868 456 986 517; x_wconf 80' lang='lat' dir='ltr'>asatiro</span> 
     </span>
     <span class='ocr_line' id='line_1_3' title="bbox 185 520 986 590; baseline -0.005 -4"><span class='ocrx_word' id='word_1_17' title='bbox 185 540 215 586; x_wconf 86' lang='lat' dir='ltr'>st</span> <span class='ocrx_word' id='word_1_18' title='bbox 225 529 328 584; x_wconf 86' lang='lat' dir='ltr'>radicis</span> <span class='ocrx_word' id='word_1_19' title='bbox 339 524 433 581; x_wconf 90' lang='lat' dir='ltr'>colore</span> <span class='ocrx_word' id='word_1_20' title='bbox 445 527 518 590; x_wconf 85' lang='lat' dir='ltr'>reio,</span> <span class='ocrx_word' id='word_1_21' title='bbox 529 520 654 589; x_wconf 81' lang='lat' dir='ltr'>eiusdem</span> <span class='ocrx_word' id='word_1_22' title='bbox 666 524 790 581; x_wconf 77' lang='lat' dir='ltr'>effectus.</span> <span class='ocrx_word' id='word_1_23' title='bbox 822 526 986 582; x_wconf 68' lang='lat' dir='ltr'>reserarem</span> 
     </span>
     <span class='ocr_line' id='line_1_4' title="bbox 186 597 665 667; baseline -0.019 -13"><span class='ocrx_word' id='word_1_24' title='bbox 186 610 288 655; x_wconf 88' lang='lat' dir='ltr'>eontra</span> <span class='ocrx_word' id='word_1_25' title='bbox 298 604 442 667; x_wconf 71' lang='lat' dir='ltr'>serpentes</span> <span class='ocrx_word' id='word_1_26' title='bbox 452 603 521 663; x_wconf 90' lang='lat' dir='ltr'>potu</span> <span class='ocrx_word' id='word_1_27' title='bbox 532 603 561 649; x_wconf 86' lang='lat' dir='ltr'>et</span> <span class='ocrx_word' id='word_1_28' title='bbox 572 597 665 647; x_wconf 87' lang='lat' dir='ltr'>linita.</span> 
     </span>
    </p>

    <p class='ocr_par' dir='ltr' id='par_1_3' title="bbox 187 662 990 1555">
     <span class='ocr_line' id='line_1_5' title="bbox 222 662 988 734; baseline -0.007 -12"><span class='ocrx_word' id='word_1_29' title='bbox 222 668 346 722; x_wconf 82' lang='lat' dir='ltr'>vaur.</span> <span class='ocrx_word' id='word_1_30' title='bbox 366 668 492 720; x_wconf 83' lang='lat' dir='ltr'>ocimum</span> <span class='ocrx_word' id='word_1_31' title='bbox 504 680 613 733; x_wconf 87' lang='lat' dir='ltr'>quoque</span> <span class='ocrx_word' id='word_1_32' title='bbox 626 662 797 734; x_wconf 69' lang='lat' dir='ltr'><strong>Chrysippus</strong></span> <span class='ocrx_word' id='word_1_33' title='bbox 806 667 932 734; x_wconf 76' lang='lat' dir='ltr'>graviter</span> <span class='ocrx_word' id='word_1_34' title='bbox 943 666 988 717; x_wconf 89' lang='lat' dir='ltr'>in·</span> 
     </span>
     <span class='ocr_line' id='line_1_6' title="bbox 187 733 987 806; baseline -0.005 -14"><span class='ocrx_word' id='word_1_35' title='bbox 187 740 305 806; x_wconf 79' lang='lat' dir='ltr'>crepuit,</span> <span class='ocrx_word' id='word_1_36' title='bbox 315 737 416 789; x_wconf 89' lang='lat' dir='ltr'>inutile</span> <span class='ocrx_word' id='word_1_37' title='bbox 427 733 582 799; x_wconf 88' lang='lat' dir='ltr'>stomacho,</span> <span class='ocrx_word' id='word_1_38' title='bbox 603 736 709 795; x_wconf 87' lang='lat' dir='ltr'>urinae,</span> <span class='ocrx_word' id='word_1_39' title='bbox 722 736 866 787; x_wconf 87' lang='lat' dir='ltr'>oculorum</span> <span class='ocrx_word' id='word_1_40' title='bbox 877 748 987 803; x_wconf 82' lang='lat' dir='ltr'>quoque</span> 
     </span>
     <span class='ocr_line' id='line_1_7' title="bbox 187 802 987 871; baseline -0.006 -9"><span class='ocrx_word' id='word_1_41' title='bbox 187 808 321 862; x_wconf 76' lang='lat' dir='ltr'><strong>claritati.</strong></span> <span class='ocrx_word' id='word_1_42' title='bbox 358 806 509 859; x_wconf 90' lang='lat' dir='ltr'>Praeterea</span> <span class='ocrx_word' id='word_1_43' title='bbox 520 803 656 857; x_wconf 88' lang='lat' dir='ltr'>insaniam</span> <span class='ocrx_word' id='word_1_44' title='bbox 670 802 772 866; x_wconf 81' lang='lat' dir='ltr'>facere,</span> <span class='ocrx_word' id='word_1_45' title='bbox 794 811 822 856; x_wconf 91' lang='lat' dir='ltr'>et</span> <span class='ocrx_word' id='word_1_46' title='bbox 833 802 987 871; x_wconf 72' lang='lat' dir='ltr'>lethargos,</span> 
     </span>
     <span class='ocr_line' id='line_1_8' title="bbox 188 871 988 940; baseline -0.009 -8"><span class='ocrx_word' id='word_1_47' title='bbox 188 886 216 932; x_wconf 91' lang='lat' dir='ltr'>et</span> <span class='ocrx_word' id='word_1_48' title='bbox 225 875 357 930; x_wconf 89' lang='lat' dir='ltr'>iocineris</span> <span class='ocrx_word' id='word_1_49' title='bbox 371 875 451 927; x_wconf 81' lang='lat' dir='ltr'>vitia:</span> <span class='ocrx_word' id='word_1_50' title='bbox 478 874 542 927; x_wconf 90' lang='lat' dir='ltr'>ideo</span> <span class='ocrx_word' id='word_1_51' title='bbox 562 888 596 924; x_wconf 91' lang='lat' dir='ltr'>ue</span> <span class='ocrx_word' id='word_1_52' title='bbox 607 886 705 939; x_wconf 89' lang='lat' dir='ltr'>capras</span> <span class='ocrx_word' id='word_1_53' title='bbox 714 874 741 929; x_wconf 90' lang='lat' dir='ltr'>id</span> <span class='ocrx_word' id='word_1_54' title='bbox 755 871 928 940; x_wconf 74' lang='lat' dir='ltr'>adspernari,</span> <span class='ocrx_word' id='word_1_55' title='bbox 939 871 988 925; x_wconf 89' lang='lat' dir='ltr'>ho·</span> 
     </span>
     <span class='ocr_line' id='line_1_9' title="bbox 187 888 987 1064; baseline -0.006 -65"><span class='ocrx_word' id='word_1_56' title='bbox 187 946 308 1000; x_wconf 75' lang='lat' dir='ltr'>minibus</span> <span class='ocrx_word' id='word_1_57' title='bbox 320 959 430 1013; x_wconf 86' lang='lat' dir='ltr'>quoque</span> <span class='ocrx_word' id='word_1_58' title='bbox 442 888 605 1064; x_wconf 63' lang='lat' dir='ltr'>fugienSum</span> <span class='ocrx_word' id='word_1_59' title='bbox 616 948 721 995; x_wconf 88' lang='lat' dir='ltr'>censet.</span> <span class='ocrx_word' id='word_1_60' title='bbox 739 941 853 994; x_wconf 77' lang='lat' dir='ltr'>rldrlunt</span> <span class='ocrx_word' id='word_1_61' title='bbox 863 942 987 1010; x_wconf 87' lang='lat' dir='ltr'>quidam,</span> 
     </span>
     <span class='ocr_line' id='line_1_10' title="bbox 189 1011 988 1082; baseline -0.009 -13"><span class='ocrx_word' id='word_1_62' title='bbox 189 1019 285 1069; x_wconf 91' lang='lat' dir='ltr'>tritum</span> <span class='ocrx_word' id='word_1_63' title='bbox 293 1015 318 1066; x_wconf 90' lang='lat' dir='ltr'>si</span> <span class='ocrx_word' id='word_1_64' title='bbox 328 1014 471 1082; x_wconf 85' lang='lat' dir='ltr'>operiatur</span> <span class='ocrx_word' id='word_1_65' title='bbox 488 1011 579 1080; x_wconf 89' lang='lat' dir='ltr'>apide,</span> <span class='ocrx_word' id='word_1_66' title='bbox 585 1013 762 1077; x_wconf 80' lang='lat' dir='ltr'>scorpionem</span> <span class='ocrx_word' id='word_1_67' title='bbox 773 1013 903 1080; x_wconf 78' lang='lat' dir='ltr'>gignere:</span> <span class='ocrx_word' id='word_1_68' title='bbox 915 1027 988 1065; x_wconf 80' lang='lat' dir='ltr'>cour·</span> 
     </span>
     <span class='ocr_line' id='line_1_11' title="bbox 188 1080 988 1148; baseline -0.009 -9"><span class='ocrx_word' id='word_1_69' title='bbox 188 1085 385 1140; x_wconf 89' lang='lat' dir='ltr'>manducatum</span> <span class='ocrx_word' id='word_1_70' title='bbox 406 1090 435 1136; x_wconf 89' lang='lat' dir='ltr'>et</span> <span class='ocrx_word' id='word_1_71' title='bbox 456 1083 484 1133; x_wconf 92' lang='lat' dir='ltr'>in</span> <span class='ocrx_word' id='word_1_72' title='bbox 502 1082 569 1134; x_wconf 83' lang='lat' dir='ltr'>Sole</span> <span class='ocrx_word' id='word_1_73' title='bbox 592 1081 726 1148; x_wconf 89' lang='lat' dir='ltr'>pesitum,</span> <span class='ocrx_word' id='word_1_74' title='bbox 746 1096 858 1134; x_wconf 78' lang='lat' dir='ltr'>vermes</span> <span class='ocrx_word' id='word_1_75' title='bbox 878 1080 988 1133; x_wconf 82' lang='lat' dir='ltr'>alierre.</span> 
     </span>
     <span class='ocr_line' id='line_1_12' title="bbox 188 1149 987 1219; baseline -0.009 -11"><span class='ocrx_word' id='word_1_76' title='bbox 188 1153 249 1208; x_wconf 83' lang='lat' dir='ltr'>Alri</span> <span class='ocrx_word' id='word_1_77' title='bbox 259 1153 365 1217; x_wconf 81' lang='lat' dir='ltr'>vero,si</span> <span class='ocrx_word' id='word_1_78' title='bbox 375 1168 409 1206; x_wconf 91' lang='lat' dir='ltr'>ao</span> <span class='ocrx_word' id='word_1_79' title='bbox 418 1151 464 1204; x_wconf 91' lang='lat' dir='ltr'>die</span> <span class='ocrx_word' id='word_1_80' title='bbox 473 1150 591 1205; x_wconf 78' lang='lat' dir='ltr'>feriatur</span> <span class='ocrx_word' id='word_1_81' title='bbox 600 1149 987 1219; x_wconf 88' lang='lat' dir='ltr'>quispiamascorpione,quu</span> 
     </span>
     <span class='ocr_line' id='line_1_13' title="bbox 189 1220 988 1288; baseline -0.008 -11"><span class='ocrx_word' id='word_1_82' title='bbox 189 1223 280 1277; x_wconf 87' lang='lat' dir='ltr'>ederit</span> <span class='ocrx_word' id='word_1_83' title='bbox 291 1224 421 1285; x_wconf 88' lang='lat' dir='ltr'>ociorum,</span> <span class='ocrx_word' id='word_1_84' title='bbox 438 1220 545 1274; x_wconf 85' lang='lat' dir='ltr'>servari</span> <span class='ocrx_word' id='word_1_85' title='bbox 557 1234 611 1272; x_wconf 91' lang='lat' dir='ltr'>non</span> <span class='ocrx_word' id='word_1_86' title='bbox 622 1233 712 1288; x_wconf 90' lang='lat' dir='ltr'>posse.</span> <span class='ocrx_word' id='word_1_87' title='bbox 749 1220 823 1284; x_wconf 75' lang='lat' dir='ltr'>Quin</span> <span class='ocrx_word' id='word_1_88' title='bbox 833 1222 918 1273; x_wconf 91' lang='lat' dir='ltr'>immo</span> <span class='ocrx_word' id='word_1_89' title='bbox 930 1226 988 1272; x_wconf 89' lang='lat' dir='ltr'>tra·</span> 
     </span>
     <span class='ocr_line' id='line_1_14' title="bbox 189 1288 989 1361; baseline -0.008 -16"><span class='ocrx_word' id='word_1_90' title='bbox 189 1293 257 1346; x_wconf 91' lang='lat' dir='ltr'>dunt</span> <span class='ocrx_word' id='word_1_91' title='bbox 268 1292 355 1361; x_wconf 78' lang='lat' dir='ltr'>aliqui</span> <span class='ocrx_word' id='word_1_92' title='bbox 367 1290 509 1358; x_wconf 86' lang='lat' dir='ltr'>manipulo</span> <span class='ocrx_word' id='word_1_93' title='bbox 519 1289 601 1342; x_wconf 90' lang='lat' dir='ltr'>ocimi</span> <span class='ocrx_word' id='word_1_94' title='bbox 610 1304 672 1342; x_wconf 91' lang='lat' dir='ltr'>cunr</span> <span class='ocrx_word' id='word_1_95' title='bbox 684 1293 790 1341; x_wconf 89' lang='lat' dir='ltr'>cancris</span> <span class='ocrx_word' id='word_1_96' title='bbox 801 1289 896 1344; x_wconf 85' lang='lat' dir='ltr'>decenr</span> <span class='ocrx_word' id='word_1_97' title='bbox 907 1288 989 1342; x_wconf 86' lang='lat' dir='ltr'>arari·</span> 
     </span>
     <span class='ocr_line' id='line_1_15' title="bbox 189 1359 990 1425; baseline -0.007 -10"><span class='ocrx_word' id='word_1_98' title='bbox 189 1364 231 1415; x_wconf 90' lang='lat' dir='ltr'>nis</span> <span class='ocrx_word' id='word_1_99' title='bbox 243 1361 483 1415; x_wconf 84' lang='lat' dir='ltr'>reliluriatilibus</span> <span class='ocrx_word' id='word_1_100' title='bbox 494 1360 574 1423; x_wconf 92' lang='lat' dir='ltr'>trito,</span> <span class='ocrx_word' id='word_1_101' title='bbox 593 1359 742 1412; x_wconf 76' lang='lat' dir='ltr'>convenire</span> <span class='ocrx_word' id='word_1_102' title='bbox 762 1359 847 1411; x_wconf 91' lang='lat' dir='ltr'>adid</span> <span class='ocrx_word' id='word_1_103' title='bbox 869 1360 990 1425; x_wconf 77' lang='lat' dir='ltr'>scorpio-</span> 
     </span>
     <span class='ocr_line' id='line_1_16' title="bbox 190 1427 990 1500; baseline -0.008 -13"><span class='ocrx_word' id='word_1_104' title='bbox 190 1448 238 1487; x_wconf 89' lang='lat' dir='ltr'>nes</span> <span class='ocrx_word' id='word_1_105' title='bbox 250 1449 285 1485; x_wconf 91' lang='lat' dir='ltr'>ex</span> <span class='ocrx_word' id='word_1_106' title='bbox 295 1432 431 1500; x_wconf 88' lang='lat' dir='ltr'>proximo.</span> <span class='ocrx_word' id='word_1_107' title='bbox 466 1430 606 1483; x_wconf 87' lang='lat' dir='ltr'>Diodotus</span> <span class='ocrx_word' id='word_1_108' title='bbox 618 1432 646 1481; x_wconf 87' lang='lat' dir='ltr'>ia</span> <span class='ocrx_word' id='word_1_109' title='bbox 656 1428 806 1496; x_wconf 76' lang='lat' dir='ltr'>empiricis,</span> <span class='ocrx_word' id='word_1_110' title='bbox 818 1430 904 1483; x_wconf 89' lang='lat' dir='ltr'>etiam</span> <span class='ocrx_word' id='word_1_111' title='bbox 915 1427 990 1495; x_wconf 86' lang='lat' dir='ltr'>pedi-</span> 
     </span>
     <span class='ocr_line' id='line_1_17' title="bbox 192 1500 581 1555; baseline -0.008 -1"><span class='ocrx_word' id='word_1_112' title='bbox 192 1502 272 1555; x_wconf 88' lang='lat' dir='ltr'>culos</span> <span class='ocrx_word' id='word_1_113' title='bbox 284 1502 376 1554; x_wconf 83' lang='lat' dir='ltr'>iacere</span> <span class='ocrx_word' id='word_1_114' title='bbox 387 1500 470 1552; x_wconf 91' lang='lat' dir='ltr'>ocimi</span> <span class='ocrx_word' id='word_1_115' title='bbox 481 1500 581 1553; x_wconf 91' lang='lat' dir='ltr'>cibuui.</span> 
     </span>
    </p>

    <p class='ocr_par' dir='ltr' id='par_1_4' title="bbox 188 1566 993 3164">
     <span class='ocr_line' id='line_1_18' title="bbox 225 1566 988 1633; baseline -0.012 -8"><span class='ocrx_word' id='word_1_116' title='bbox 225 1571 328 1625; x_wconf 86' lang='lat' dir='ltr'>Secuta</span> <span class='ocrx_word' id='word_1_117' title='bbox 339 1577 418 1624; x_wconf 88' lang='lat' dir='ltr'>aetas</span> <span class='ocrx_word' id='word_1_118' title='bbox 430 1571 533 1622; x_wconf 86' lang='lat' dir='ltr'>acriter</span> <span class='ocrx_word' id='word_1_119' title='bbox 544 1567 685 1622; x_wconf 82' lang='lat' dir='ltr'>defendit:</span> <span class='ocrx_word' id='word_1_120' title='bbox 695 1582 759 1620; x_wconf 90' lang='lat' dir='ltr'>uam</span> <span class='ocrx_word' id='word_1_121' title='bbox 770 1566 800 1620; x_wconf 85' lang='lat' dir='ltr'>iti</span> <span class='ocrx_word' id='word_1_122' title='bbox 810 1582 871 1621; x_wconf 89' lang='lat' dir='ltr'>esse</span> <span class='ocrx_word' id='word_1_123' title='bbox 881 1580 988 1633; x_wconf 86' lang='lat' dir='ltr'>capras.</span> 
     </span>
     <span class='ocr_line' id='line_1_19' title="bbox 188 1639 988 1707; baseline -0.009 -13"><span class='ocrx_word' id='word_1_124' title='bbox 188 1642 249 1694; x_wconf 87' lang='lat' dir='ltr'>Nec</span> <span class='ocrx_word' id='word_1_125' title='bbox 260 1642 388 1707; x_wconf 76' lang='lat' dir='ltr'>cuiquam</span> <span class='ocrx_word' id='word_1_126' title='bbox 401 1648 520 1693; x_wconf 79' lang='lat' dir='ltr'>mentem</span> <span class='ocrx_word' id='word_1_127' title='bbox 531 1644 651 1691; x_wconf 89' lang='lat' dir='ltr'>motam:</span> <span class='ocrx_word' id='word_1_128' title='bbox 673 1642 702 1691; x_wconf 89' lang='lat' dir='ltr'>et</span> <span class='ocrx_word' id='word_1_129' title='bbox 712 1639 891 1707; x_wconf 68' lang='lat' dir='ltr'>scorpionum</span> <span class='ocrx_word' id='word_1_130' title='bbox 902 1642 988 1688; x_wconf 88' lang='lat' dir='ltr'>terre·</span> 
     </span>
     <span class='ocr_line' id='line_1_20' title="bbox 188 1705 989 1779; baseline -0.01 -17"><span class='ocrx_word' id='word_1_131' title='bbox 188 1711 289 1771; x_wconf 85' lang='lat' dir='ltr'>utrium</span> <span class='ocrx_word' id='word_1_132' title='bbox 300 1708 412 1772; x_wconf 87' lang='lat' dir='ltr'>ictibus,</span> <span class='ocrx_word' id='word_1_133' title='bbox 431 1709 655 1776; x_wconf 87' lang='lat' dir='ltr'>marinorumque</span> <span class='ocrx_word' id='word_1_134' title='bbox 666 1708 779 1760; x_wconf 80' lang='lat' dir='ltr'>runeuis</span> <span class='ocrx_word' id='word_1_135' title='bbox 790 1706 894 1779; x_wconf 86' lang='lat' dir='ltr'>mederi</span> <span class='ocrx_word' id='word_1_136' title='bbox 905 1720 939 1757; x_wconf 91' lang='lat' dir='ltr'>ex</span> <span class='ocrx_word' id='word_1_137' title='bbox 950 1705 989 1754; x_wconf 86' lang='lat' dir='ltr'>ri·</span> 
     </span>
     <span class='ocr_line' id='line_1_21' title="bbox 188 1777 988 1845; baseline -0.01 -14"><span class='ocrx_word' id='word_1_138' title='bbox 188 1794 235 1837; x_wconf 82' lang='lat' dir='ltr'>no,</span> <span class='ocrx_word' id='word_1_139' title='bbox 255 1777 352 1830; x_wconf 88' lang='lat' dir='ltr'>addite</span> <span class='ocrx_word' id='word_1_140' title='bbox 377 1785 456 1830; x_wconf 90' lang='lat' dir='ltr'>aceto</span> <span class='ocrx_word' id='word_1_141' title='bbox 468 1780 578 1845; x_wconf 86' lang='lat' dir='ltr'>exiguo.</span> <span class='ocrx_word' id='word_1_142' title='bbox 615 1778 670 1829; x_wconf 90' lang='lat' dir='ltr'>Usu</span> <span class='ocrx_word' id='word_1_143' title='bbox 689 1792 797 1845; x_wconf 86' lang='lat' dir='ltr'>quoquc</span> <span class='ocrx_word' id='word_1_144' title='bbox 817 1780 988 1843; x_wconf 88' lang='lat' dir='ltr'>compertum</span> 
     </span>
     <span class='ocr_line' id='line_1_22' title="bbox 189 1843 988 1901; baseline -0.01 0"><span class='ocrx_word' id='word_1_145' title='bbox 189 1848 382 1901; x_wconf 80' lang='lat' dir='ltr'>deicientibus</span> <span class='ocrx_word' id='word_1_146' title='bbox 392 1863 426 1901; x_wconf 87' lang='lat' dir='ltr'>ax</span> <span class='ocrx_word' id='word_1_147' title='bbox 437 1854 517 1900; x_wconf 90' lang='lat' dir='ltr'>aceto</span> <span class='ocrx_word' id='word_1_148' title='bbox 530 1847 678 1899; x_wconf 89' lang='lat' dir='ltr'>odoratum</span> <span class='ocrx_word' id='word_1_149' title='bbox 690 1846 812 1898; x_wconf 87' lang='lat' dir='ltr'>salutare</span> <span class='ocrx_word' id='word_1_150' title='bbox 823 1861 893 1898; x_wconf 89' lang='lat' dir='ltr'>esse.</span> <span class='ocrx_word' id='word_1_151' title='bbox 919 1843 988 1895; x_wconf 89' lang='lat' dir='ltr'>ltom</span> 
     </span>
     <span class='ocr_line' id='line_1_23' title="bbox 190 1912 989 1986; baseline -0.009 -14"><span class='ocrx_word' id='word_1_152' title='bbox 190 1917 361 1986; x_wconf 73' lang='lat' dir='ltr'>lethargicis,</span> <span class='ocrx_word' id='word_1_153' title='bbox 381 1923 410 1969; x_wconf 90' lang='lat' dir='ltr'>et</span> <span class='ocrx_word' id='word_1_154' title='bbox 429 1912 611 1969; x_wconf 82' lang='lat' dir='ltr'>inflammatis</span> <span class='ocrx_word' id='word_1_155' title='bbox 625 1916 846 1984; x_wconf 72' lang='lat' dir='ltr'>refrigerationi·</span> <span class='ocrx_word' id='word_1_156' title='bbox 884 1914 989 1967; x_wconf 88' lang='lat' dir='ltr'>illitum</span> 
     </span>
     <span class='ocr_line' id='line_1_24' title="bbox 191 1986 988 2056; baseline -0.009 -15"><span class='ocrx_word' id='word_1_157' title='bbox 191 1988 292 2056; x_wconf 87' lang='lat' dir='ltr'>capitis</span> <span class='ocrx_word' id='word_1_158' title='bbox 303 1986 448 2039; x_wconf 89' lang='lat' dir='ltr'>doloribus</span> <span class='ocrx_word' id='word_1_159' title='bbox 458 2001 520 2039; x_wconf 90' lang='lat' dir='ltr'>cunr</span> <span class='ocrx_word' id='word_1_160' title='bbox 533 2000 658 2050; x_wconf 87' lang='lat' dir='ltr'>rosaceo,</span> <span class='ocrx_word' id='word_1_161' title='bbox 679 1993 729 2038; x_wconf 91' lang='lat' dir='ltr'>aut</span> <span class='ocrx_word' id='word_1_162' title='bbox 739 1992 860 2054; x_wconf 87' lang='lat' dir='ltr'>myrteo,</span> <span class='ocrx_word' id='word_1_163' title='bbox 871 1990 920 2035; x_wconf 89' lang='lat' dir='ltr'>aut</span> <span class='ocrx_word' id='word_1_164' title='bbox 930 1998 988 2035; x_wconf 89' lang='lat' dir='ltr'>ace·</span> 
     </span>
     <span class='ocr_line' id='line_1_25' title="bbox 190 2055 990 2124; baseline -0.008 -14"><span class='ocrx_word' id='word_1_165' title='bbox 190 2066 236 2110; x_wconf 84' lang='lat' dir='ltr'>to:</span> <span class='ocrx_word' id='word_1_166' title='bbox 258 2058 326 2109; x_wconf 88' lang='lat' dir='ltr'>item</span> <span class='ocrx_word' id='word_1_167' title='bbox 347 2056 493 2109; x_wconf 89' lang='lat' dir='ltr'>oculorum</span> <span class='ocrx_word' id='word_1_168' title='bbox 516 2055 657 2124; x_wconf 79' lang='lat' dir='ltr'>epiphoris</span> <span class='ocrx_word' id='word_1_169' title='bbox 683 2056 844 2123; x_wconf 89' lang='lat' dir='ltr'>impositum</span> <span class='ocrx_word' id='word_1_170' title='bbox 868 2068 902 2106; x_wconf 89' lang='lat' dir='ltr'>ex</span> <span class='ocrx_word' id='word_1_171' title='bbox 916 2055 990 2105; x_wconf 83' lang='lat' dir='ltr'>rino.</span> 
     </span>
     <span class='ocr_line' id='line_1_26' title="bbox 191 2124 990 2194; baseline -0.009 -13"><span class='ocrx_word' id='word_1_172' title='bbox 191 2125 341 2183; x_wconf 77' lang='lat' dir='ltr'>Stomacho</span> <span class='ocrx_word' id='word_1_173' title='bbox 349 2140 459 2194; x_wconf 88' lang='lat' dir='ltr'>quoque</span> <span class='ocrx_word' id='word_1_174' title='bbox 470 2125 549 2189; x_wconf 87' lang='lat' dir='ltr'>utile,</span> <span class='ocrx_word' id='word_1_175' title='bbox 560 2124 720 2178; x_wconf 76' lang='lat' dir='ltr'>inllatmnes</span> <span class='ocrx_word' id='word_1_176' title='bbox 727 2132 756 2179; x_wconf 90' lang='lat' dir='ltr'>et</span> <span class='ocrx_word' id='word_1_177' title='bbox 766 2131 874 2187; x_wconf 87' lang='lat' dir='ltr'>ructum</span> <span class='ocrx_word' id='word_1_178' title='bbox 885 2138 919 2175; x_wconf 90' lang='lat' dir='ltr'>ex</span> <span class='ocrx_word' id='word_1_179' title='bbox 930 2137 990 2175; x_wconf 90' lang='lat' dir='ltr'>ace·</span> 
     </span>
     <span class='ocr_line' id='line_1_27' title="bbox 191 2193 991 2261; baseline -0.009 -12"><span class='ocrx_word' id='word_1_180' title='bbox 191 2204 222 2249; x_wconf 88' lang='lat' dir='ltr'>to</span> <span class='ocrx_word' id='word_1_181' title='bbox 242 2195 397 2250; x_wconf 77' lang='lat' dir='ltr'>dissolvere</span> <span class='ocrx_word' id='word_1_182' title='bbox 417 2203 548 2248; x_wconf 89' lang='lat' dir='ltr'>sumtum.</span> <span class='ocrx_word' id='word_1_183' title='bbox 583 2196 680 2250; x_wconf 63' lang='lat' dir='ltr'>illrum</span> <span class='ocrx_word' id='word_1_184' title='bbox 701 2197 800 2249; x_wconf 90' lang='lat' dir='ltr'>sistere</span> <span class='ocrx_word' id='word_1_185' title='bbox 820 2193 991 2261; x_wconf 91' lang='lat' dir='ltr'>impositum,</span> 
     </span>
     <span class='ocr_line' id='line_1_28' title="bbox 192 2263 992 2334; baseline -0.008 -16"><span class='ocrx_word' id='word_1_186' title='bbox 192 2266 297 2318; x_wconf 88' lang='lat' dir='ltr'>urinam</span> <span class='ocrx_word' id='word_1_187' title='bbox 308 2269 390 2319; x_wconf 86' lang='lat' dir='ltr'>ciera.</span> <span class='ocrx_word' id='word_1_188' title='bbox 416 2264 464 2318; x_wconf 85' lang='lat' dir='ltr'>Sic</span> <span class='ocrx_word' id='word_1_189' title='bbox 474 2273 502 2319; x_wconf 89' lang='lat' dir='ltr'>et</span> <span class='ocrx_word' id='word_1_190' title='bbox 512 2265 609 2318; x_wconf 90' lang='lat' dir='ltr'>morbo</span> <span class='ocrx_word' id='word_1_191' title='bbox 626 2265 705 2334; x_wconf 86' lang='lat' dir='ltr'>regio</span> <span class='ocrx_word' id='word_1_192' title='bbox 718 2272 745 2319; x_wconf 90' lang='lat' dir='ltr'>et</span> <span class='ocrx_word' id='word_1_193' title='bbox 755 2263 846 2333; x_wconf 89' lang='lat' dir='ltr'>hydro</span> <span class='ocrx_word' id='word_1_194' title='bbox 867 2264 918 2315; x_wconf 85' lang='lat' dir='ltr'>icis</span> <span class='ocrx_word' id='word_1_195' title='bbox 930 2277 992 2329; x_wconf 89' lang='lat' dir='ltr'>pro·</span> 
     </span>
     <span class='ocr_line' id='line_1_29' title="bbox 192 2278 991 2390; baseline -0.006 -1"><span class='ocrx_word' id='word_1_196' title='bbox 192 2337 281 2390; x_wconf 89' lang='lat' dir='ltr'>desse.</span> <span class='ocrx_word' id='word_1_197' title='bbox 300 2333 434 2389; x_wconf 88' lang='lat' dir='ltr'>Chuleras</span> <span class='ocrx_word' id='word_1_198' title='bbox 444 2350 478 2389; x_wconf 86' lang='lat' dir='ltr'>eo</span> <span class='ocrx_word' id='word_1_199' title='bbox 490 2343 517 2390; x_wconf 88' lang='lat' dir='ltr'>et</span> <span class='ocrx_word' id='word_1_200' title='bbox 528 2335 726 2389; x_wconf 74' lang='lat' dir='ltr'>distillationes</span> <span class='ocrx_word' id='word_1_201' title='bbox 736 2278 875 2387; x_wconf 70' lang='lat' dir='ltr'>stomachi</span> <span class='ocrx_word' id='word_1_202' title='bbox 885 2330 991 2384; x_wconf 87' lang='lat' dir='ltr'>inhibe-</span> 
     </span>
     <span class='ocr_line' id='line_1_30' title="bbox 191 2404 991 2475; baseline -0.009 -17"><span class='ocrx_word' id='word_1_203' title='bbox 191 2406 225 2458; x_wconf 90' lang='lat' dir='ltr'>ri.</span> <span class='ocrx_word' id='word_1_204' title='bbox 244 2407 320 2475; x_wconf 84' lang='lat' dir='ltr'>Ergo</span> <span class='ocrx_word' id='word_1_205' title='bbox 331 2406 419 2459; x_wconf 90' lang='lat' dir='ltr'>etiam</span> <span class='ocrx_word' id='word_1_206' title='bbox 429 2405 560 2458; x_wconf 88' lang='lat' dir='ltr'>coeliacis</span> <span class='ocrx_word' id='word_1_207' title='bbox 572 2406 721 2461; x_wconf 84' lang='lat' dir='ltr'>Philistina</span> <span class='ocrx_word' id='word_1_208' title='bbox 734 2404 824 2456; x_wconf 85' lang='lat' dir='ltr'>dedit:</span> <span class='ocrx_word' id='word_1_209' title='bbox 843 2409 991 2455; x_wconf 88' lang='lat' dir='ltr'>etcocturn</span> 
     </span>
     <span class='ocr_line' id='line_1_31' title="bbox 192 2472 991 2543; baseline -0.005 -16"><span class='ocrx_word' id='word_1_210' title='bbox 192 2474 386 2543; x_wconf 80' lang='lat' dir='ltr'>dysentericis,</span> <span class='ocrx_word' id='word_1_211' title='bbox 403 2480 431 2528; x_wconf 89' lang='lat' dir='ltr'>et</span> <span class='ocrx_word' id='word_1_212' title='bbox 451 2474 734 2528; x_wconf 77' lang='lat' dir='ltr'>eoliclsPlistonieua</span> <span class='ocrx_word' id='word_1_213' title='bbox 769 2472 863 2540; x_wconf 82' lang='lat' dir='ltr'>Aliqui</span> <span class='ocrx_word' id='word_1_214' title='bbox 874 2477 902 2524; x_wconf 91' lang='lat' dir='ltr'>et</span> <span class='ocrx_word' id='word_1_215' title='bbox 912 2472 942 2522; x_wconf 93' lang='lat' dir='ltr'>in</span> <span class='ocrx_word' id='word_1_216' title='bbox 952 2475 991 2523; x_wconf 87' lang='lat' dir='ltr'>ta·</span> 
     </span>
     <span class='ocr_line' id='line_1_32' title="bbox 190 2538 993 2611; baseline -0.009 -15"><span class='ocrx_word' id='word_1_217' title='bbox 190 2559 297 2608; x_wconf 89' lang='lat' dir='ltr'>nesmo,</span> <span class='ocrx_word' id='word_1_218' title='bbox 316 2554 345 2598; x_wconf 89' lang='lat' dir='ltr'>et</span> <span class='ocrx_word' id='word_1_219' title='bbox 356 2546 519 2611; x_wconf 85' lang='lat' dir='ltr'>sanguinem</span> <span class='ocrx_word' id='word_1_220' title='bbox 529 2543 746 2605; x_wconf 90' lang='lat' dir='ltr'>exscreantibus,</span> <span class='ocrx_word' id='word_1_221' title='bbox 757 2544 785 2593; x_wconf 91' lang='lat' dir='ltr'>iu</span> <span class='ocrx_word' id='word_1_222' title='bbox 796 2543 873 2593; x_wconf 83' lang='lat' dir='ltr'>virro:</span> <span class='ocrx_word' id='word_1_223' title='bbox 888 2538 993 2591; x_wconf 90' lang='lat' dir='ltr'>duritia</span> 
     </span>
     <span class='ocr_line' id='line_1_33' title="bbox 191 2611 992 2684; baseline -0.011 -17"><span class='ocrx_word' id='word_1_224' title='bbox 191 2628 302 2684; x_wconf 86' lang='lat' dir='ltr'>quoque</span> <span class='ocrx_word' id='word_1_225' title='bbox 321 2611 560 2680; x_wconf 87' lang='lat' dir='ltr'>praecordiorum.</span> <span class='ocrx_word' id='word_1_226' title='bbox 596 2612 717 2664; x_wconf 85' lang='lat' dir='ltr'>illinitur</span> <span class='ocrx_word' id='word_1_227' title='bbox 733 2612 868 2670; x_wconf 90' lang='lat' dir='ltr'>mammis,</span> <span class='ocrx_word' id='word_1_228' title='bbox 889 2611 992 2661; x_wconf 86' lang='lat' dir='ltr'>exstin-</span> 
     </span>
     <span class='ocr_line' id='line_1_34' title="bbox 191 2676 992 2764; baseline -0.007 -31"><span class='ocrx_word' id='word_1_229' title='bbox 191 2686 308 2764; x_wconf 81' lang='lat' dir='ltr'>guitque</span> <span class='ocrx_word' id='word_1_230' title='bbox 325 2682 406 2734; x_wconf 88' lang='lat' dir='ltr'>lactis</span> <span class='ocrx_word' id='word_1_231' title='bbox 418 2687 590 2748; x_wconf 80' lang='lat' dir='ltr'>proventum.</span> <span class='ocrx_word' id='word_1_232' title='bbox 626 2680 748 2732; x_wconf 79' lang='lat' dir='ltr'>Auribus</span> <span class='ocrx_word' id='word_1_233' title='bbox 759 2676 939 2730; x_wconf 86' lang='lat' dir='ltr'>utilissimum</span> <span class='ocrx_word' id='word_1_234' title='bbox 952 2676 992 2727; x_wconf 89' lang='lat' dir='ltr'>in·</span> 
     </span>
     <span class='ocr_line' id='line_1_35' title="bbox 191 2744 992 2818; baseline -0.01 -14"><span class='ocrx_word' id='word_1_235' title='bbox 191 2752 321 2813; x_wconf 86' lang='lat' dir='ltr'>luntirrnr,</span> <span class='ocrx_word' id='word_1_236' title='bbox 333 2752 482 2818; x_wconf 88' lang='lat' dir='ltr'>praecipue</span> <span class='ocrx_word' id='word_1_237' title='bbox 492 2766 551 2801; x_wconf 91' lang='lat' dir='ltr'>cum</span> <span class='ocrx_word' id='word_1_238' title='bbox 563 2748 646 2815; x_wconf 90' lang='lat' dir='ltr'>adipe</span> <span class='ocrx_word' id='word_1_239' title='bbox 657 2748 798 2800; x_wconf 90' lang='lat' dir='ltr'>anserino.</span> <span class='ocrx_word' id='word_1_240' title='bbox 830 2744 930 2798; x_wconf 88' lang='lat' dir='ltr'>Samen</span> <span class='ocrx_word' id='word_1_241' title='bbox 943 2747 992 2798; x_wconf 91' lang='lat' dir='ltr'>tri·</span> 
     </span>
     <span class='ocr_line' id='line_1_36' title="bbox 191 2818 992 2879; baseline -0.006 -8"><span class='ocrx_word' id='word_1_242' title='bbox 191 2829 253 2872; x_wconf 88' lang='lat' dir='ltr'>tunr</span> <span class='ocrx_word' id='word_1_243' title='bbox 274 2828 303 2872; x_wconf 87' lang='lat' dir='ltr'>et</span> <span class='ocrx_word' id='word_1_244' title='bbox 325 2819 455 2872; x_wconf 86' lang='lat' dir='ltr'>haustum</span> <span class='ocrx_word' id='word_1_245' title='bbox 476 2818 588 2871; x_wconf 88' lang='lat' dir='ltr'>naribus</span> <span class='ocrx_word' id='word_1_246' title='bbox 605 2820 941 2879; x_wconf 86' lang='lat' dir='ltr'>sternutamentamuvet,</span> <span class='ocrx_word' id='word_1_247' title='bbox 964 2821 992 2868; x_wconf 91' lang='lat' dir='ltr'>et</span> 
     </span>
     <span class='ocr_line' id='line_1_37' title="bbox 193 2885 991 2956; baseline -0.008 -14"><span class='ocrx_word' id='word_1_248' title='bbox 193 2889 391 2942; x_wconf 78' lang='lat' dir='ltr'>distillationes</span> <span class='ocrx_word' id='word_1_249' title='bbox 401 2902 512 2956; x_wconf 89' lang='lat' dir='ltr'>quoque</span> <span class='ocrx_word' id='word_1_250' title='bbox 522 2888 609 2953; x_wconf 88' lang='lat' dir='ltr'>capiti</span> <span class='ocrx_word' id='word_1_251' title='bbox 619 2887 735 2938; x_wconf 87' lang='lat' dir='ltr'>illitum:</span> <span class='ocrx_word' id='word_1_252' title='bbox 746 2885 843 2938; x_wconf 75' lang='lat' dir='ltr'>vulvas</span> <span class='ocrx_word' id='word_1_253' title='bbox 853 2892 954 2952; x_wconf 85' lang='lat' dir='ltr'>purgat</span> <span class='ocrx_word' id='word_1_254' title='bbox 964 2886 991 2937; x_wconf 92' lang='lat' dir='ltr'>in</span> 
     </span>
     <span class='ocr_line' id='line_1_38' title="bbox 190 2956 991 3020; baseline -0.009 -8"><span class='ocrx_word' id='word_1_255' title='bbox 190 2959 263 3020; x_wconf 89' lang='lat' dir='ltr'>cibo,</span> <span class='ocrx_word' id='word_1_256' title='bbox 274 2973 307 3011; x_wconf 89' lang='lat' dir='ltr'>ex</span> <span class='ocrx_word' id='word_1_257' title='bbox 319 2964 409 3010; x_wconf 83' lang='lat' dir='ltr'>aceto.</span> <span class='ocrx_word' id='word_1_258' title='bbox 446 2958 586 3010; x_wconf 79' lang='lat' dir='ltr'>verrucas</span> <span class='ocrx_word' id='word_1_259' title='bbox 603 2956 693 3008; x_wconf 89' lang='lat' dir='ltr'>nrixto</span> <span class='ocrx_word' id='word_1_260' title='bbox 713 2960 872 3007; x_wconf 72' lang='lat' dir='ltr'>aucmento</span> <span class='ocrx_word' id='word_1_261' title='bbox 883 2957 991 3007; x_wconf 91' lang='lat' dir='ltr'>sutorio</span> 
     </span>
     <span class='ocr_line' id='line_1_39' title="bbox 190 3024 990 3092; baseline -0.006 -10"><span class='ocrx_word' id='word_1_262' title='bbox 190 3028 277 3082; x_wconf 88' lang='lat' dir='ltr'>tellit.</span> <span class='ocrx_word' id='word_1_263' title='bbox 314 3028 339 3081; x_wconf 86' lang='lat' dir='ltr'>V</span> <span class='ocrx_word' id='word_1_264' title='bbox 342 3041 451 3080; x_wconf 88' lang='lat' dir='ltr'>enerem</span> <span class='ocrx_word' id='word_1_265' title='bbox 463 3027 597 3078; x_wconf 80' lang='lat' dir='ltr'>stimulat</span> <span class='ocrx_word' id='word_1_266' title='bbox 625 3024 690 3078; x_wconf 90' lang='lat' dir='ltr'>ldeo</span> <span class='ocrx_word' id='word_1_267' title='bbox 702 3024 788 3077; x_wconf 88' lang='lat' dir='ltr'>etiam</span> <span class='ocrx_word' id='word_1_268' title='bbox 800 3025 880 3092; x_wconf 88' lang='lat' dir='ltr'>equis</span> <span class='ocrx_word' id='word_1_269' title='bbox 891 3024 990 3077; x_wconf 89' lang='lat' dir='ltr'>asinis·</span> 
     </span>
     <span class='ocr_line' id='line_1_40' title="bbox 190 3095 730 3164; baseline -0.002 -17"><span class='ocrx_word' id='word_1_270' title='bbox 190 3112 253 3164; x_wconf 89' lang='lat' dir='ltr'>que,</span> <span class='ocrx_word' id='word_1_271' title='bbox 267 3095 441 3148; x_wconf 70' lang='lat' dir='ltr'>admissurus</span> <span class='ocrx_word' id='word_1_272' title='bbox 452 3101 577 3162; x_wconf 87' lang='lat' dir='ltr'>tempore</span> <span class='ocrx_word' id='word_1_273' title='bbox 587 3097 730 3163; x_wconf 84' lang='lat' dir='ltr'>ingeritur.</span> 
     </span>
    </p>

    <p class='ocr_par' dir='ltr' id='par_1_5' title="bbox 157 3164 992 3427">
     <span class='ocr_line' id='line_1_41' title="bbox 157 3164 992 3235; baseline -0.005 -17"><span class='ocrx_word' id='word_1_274' title='bbox 157 3182 180 3227; x_wconf 49' lang='grc' dir='ltr'>ᾳ</span> <span class='ocrx_word' id='word_1_275' title='bbox 227 3164 357 3235; x_wconf 76' lang='lat' dir='ltr'>Silrestri</span> <span class='ocrx_word' id='word_1_276' title='bbox 369 3167 460 3217; x_wconf 88' lang='lat' dir='ltr'>ocimo</span> <span class='ocrx_word' id='word_1_277' title='bbox 472 3167 513 3229; x_wconf 75' lang='lat' dir='ltr'>ris</span> <span class='ocrx_word' id='word_1_278' title='bbox 523 3166 661 3218; x_wconf 77' lang='lat' dir='ltr'>efficacior</span> <span class='ocrx_word' id='word_1_279' title='bbox 671 3164 707 3216; x_wconf 89' lang='lat' dir='ltr'>ad</span> <span class='ocrx_word' id='word_1_280' title='bbox 719 3164 815 3217; x_wconf 90' lang='lat' dir='ltr'>eadem</span> <span class='ocrx_word' id='word_1_281' title='bbox 830 3164 935 3216; x_wconf 88' lang='lat' dir='ltr'>omnia:</span> <span class='ocrx_word' id='word_1_282' title='bbox 946 3177 992 3231; x_wconf 88' lang='lat' dir='ltr'>pe·</span> 
     </span>
     <span class='ocr_line' id='line_1_42' title="bbox 190 3232 990 3303; baseline -0.004 -15"><span class='ocrx_word' id='word_1_283' title='bbox 190 3232 304 3288; x_wconf 84' lang='lat' dir='ltr'>culiuris</span> <span class='ocrx_word' id='word_1_284' title='bbox 323 3232 359 3287; x_wconf 90' lang='lat' dir='ltr'>ad</span> <span class='ocrx_word' id='word_1_285' title='bbox 375 3235 450 3297; x_wconf 77' lang='lat' dir='ltr'>uitia,</span> <span class='ocrx_word' id='word_1_286' title='bbox 471 3250 542 3303; x_wconf 87' lang='lat' dir='ltr'>quae</span> <span class='ocrx_word' id='word_1_287' title='bbox 553 3235 750 3287; x_wconf 82' lang='lat' dir='ltr'>vomitionibus</span> <span class='ocrx_word' id='word_1_288' title='bbox 762 3235 866 3287; x_wconf 89' lang='lat' dir='ltr'>crebris</span> <span class='ocrx_word' id='word_1_289' title='bbox 878 3238 990 3285; x_wconf 89' lang='lat' dir='ltr'>eontra·</span> 
     </span>
     <span class='ocr_line' id='line_1_43' title="bbox 190 3301 990 3371; baseline -0.001 -15"><span class='ocrx_word' id='word_1_290' title='bbox 190 3301 303 3357; x_wconf 85' lang='lat' dir='ltr'>huntur.</span> <span class='ocrx_word' id='word_1_291' title='bbox 343 3305 519 3371; x_wconf 86' lang='lat' dir='ltr'>Vonricisque</span> <span class='ocrx_word' id='word_1_292' title='bbox 540 3305 649 3368; x_wconf 86' lang='lat' dir='ltr'>rulrae,</span> <span class='ocrx_word' id='word_1_293' title='bbox 670 3310 821 3371; x_wconf 84' lang='lat' dir='ltr'>contraque</span> <span class='ocrx_word' id='word_1_294' title='bbox 837 3303 990 3356; x_wconf 89' lang='lat' dir='ltr'>bestiarum</span> 
     </span>
     <span class='ocr_line' id='line_1_44' title="bbox 191 3373 721 3427; baseline -0.002 -1"><span class='ocrx_word' id='word_1_295' title='bbox 191 3389 300 3426; x_wconf 90' lang='lat' dir='ltr'>morsus</span> <span class='ocrx_word' id='word_1_296' title='bbox 312 3389 327 3427; x_wconf 91' lang='lat' dir='ltr'>e</span> <span class='ocrx_word' id='word_1_297' title='bbox 338 3375 403 3424; x_wconf 85' lang='lat' dir='ltr'>rirrn</span> <span class='ocrx_word' id='word_1_298' title='bbox 416 3373 510 3426; x_wconf 89' lang='lat' dir='ltr'>radice</span> <span class='ocrx_word' id='word_1_299' title='bbox 521 3373 721 3427; x_wconf 85' lang='lat' dir='ltr'>efficacissima.</span> 
     </span>
    </p>

    <p class='ocr_par' dir='ltr' id='par_1_6' title="bbox 190 3442 993 4348">
     <span class='ocr_line' id='line_1_45' title="bbox 227 3442 992 3509; baseline -0.007 -13"><span class='ocrx_word' id='word_1_300' title='bbox 227 3444 327 3496; x_wconf 80' lang='lat' dir='ltr'>XLlX.</span> <span class='ocrx_word' id='word_1_301' title='bbox 346 3446 453 3496; x_wconf 80' lang='lat' dir='ltr'>Erucae</span> <span class='ocrx_word' id='word_1_302' title='bbox 465 3458 558 3496; x_wconf 90' lang='lat' dir='ltr'>semen</span> <span class='ocrx_word' id='word_1_303' title='bbox 569 3442 747 3509; x_wconf 87' lang='lat' dir='ltr'>scorpionum</span> <span class='ocrx_word' id='word_1_304' title='bbox 766 3442 881 3494; x_wconf 86' lang='lat' dir='ltr'>venenis</span> <span class='ocrx_word' id='word_1_305' title='bbox 893 3448 924 3492; x_wconf 87' lang='lat' dir='ltr'>et</span> <span class='ocrx_word' id='word_1_306' title='bbox 934 3455 992 3492; x_wconf 88' lang='lat' dir='ltr'>rnu-</span> 
     </span>
     <span class='ocr_line' id='line_1_46' title="bbox 190 3511 990 3565; baseline -0.006 0"><span class='ocrx_word' id='word_1_307' title='bbox 190 3516 230 3565; x_wconf 87' lang='lat' dir='ltr'>ris</span> <span class='ocrx_word' id='word_1_308' title='bbox 251 3516 344 3565; x_wconf 89' lang='lat' dir='ltr'>aranei</span> <span class='ocrx_word' id='word_1_309' title='bbox 368 3513 501 3565; x_wconf 87' lang='lat' dir='ltr'>medetur.</span> <span class='ocrx_word' id='word_1_310' title='bbox 537 3513 677 3564; x_wconf 89' lang='lat' dir='ltr'>Bestiolas</span> <span class='ocrx_word' id='word_1_311' title='bbox 700 3526 795 3563; x_wconf 88' lang='lat' dir='ltr'>omnes</span> <span class='ocrx_word' id='word_1_312' title='bbox 814 3511 990 3562; x_wconf 85' lang='lat' dir='ltr'>innascentes</span> 
     </span>
     <span class='ocr_line' id='line_1_47' title="bbox 192 3579 990 3649; baseline -0.005 -15"><span class='ocrx_word' id='word_1_313' title='bbox 192 3584 304 3649; x_wconf 88' lang='lat' dir='ltr'>corpori</span> <span class='ocrx_word' id='word_1_314' title='bbox 315 3591 401 3635; x_wconf 86' lang='lat' dir='ltr'>arcet.</span> <span class='ocrx_word' id='word_1_315' title='bbox 420 3582 498 3636; x_wconf 82' lang='lat' dir='ltr'>Vitia</span> <span class='ocrx_word' id='word_1_316' title='bbox 509 3582 579 3633; x_wconf 89' lang='lat' dir='ltr'>cutis</span> <span class='ocrx_word' id='word_1_317' title='bbox 590 3581 616 3631; x_wconf 92' lang='lat' dir='ltr'>in</span> <span class='ocrx_word' id='word_1_318' title='bbox 629 3581 701 3634; x_wconf 83' lang='lat' dir='ltr'>lucie</span> <span class='ocrx_word' id='word_1_319' title='bbox 712 3597 773 3633; x_wconf 86' lang='lat' dir='ltr'>aum</span> <span class='ocrx_word' id='word_1_320' title='bbox 786 3579 868 3632; x_wconf 89' lang='lat' dir='ltr'>melle</span> <span class='ocrx_word' id='word_1_321' title='bbox 879 3579 990 3632; x_wconf 91' lang='lat' dir='ltr'>illitum.</span> 
     </span>
     <span class='ocr_line' id='line_1_48' title="bbox 190 3648 991 3721; baseline -0.006 -16"><span class='ocrx_word' id='word_1_322' title='bbox 190 3652 399 3721; x_wconf 86' lang='lat' dir='ltr'>Lentiginesex</span> <span class='ocrx_word' id='word_1_323' title='bbox 412 3658 499 3705; x_wconf 87' lang='lat' dir='ltr'>aceto.</span> <span class='ocrx_word' id='word_1_324' title='bbox 537 3651 690 3704; x_wconf 83' lang='lat' dir='ltr'>Cicatrices</span> <span class='ocrx_word' id='word_1_325' title='bbox 708 3652 801 3719; x_wconf 86' lang='lat' dir='ltr'>nigras</span> <span class='ocrx_word' id='word_1_326' title='bbox 823 3648 935 3702; x_wconf 86' lang='lat' dir='ltr'>reducit</span> <span class='ocrx_word' id='word_1_327' title='bbox 956 3648 991 3701; x_wconf 89' lang='lat' dir='ltr'>ad</span> 
     </span>
     <span class='ocr_line' id='line_1_49' title="bbox 192 3718 992 3775; baseline -0.006 -1"><span class='ocrx_word' id='word_1_328' title='bbox 192 3722 342 3775; x_wconf 89' lang='lat' dir='ltr'>candorem</span> <span class='ocrx_word' id='word_1_329' title='bbox 354 3737 414 3773; x_wconf 88' lang='lat' dir='ltr'>num</span> <span class='ocrx_word' id='word_1_330' title='bbox 427 3720 494 3774; x_wconf 84' lang='lat' dir='ltr'>lello</span> <span class='ocrx_word' id='word_1_331' title='bbox 505 3720 617 3773; x_wconf 89' lang='lat' dir='ltr'>bubulo.</span> <span class='ocrx_word' id='word_1_332' title='bbox 635 3723 719 3773; x_wconf 74' lang='lat' dir='ltr'>Aiunt</span> <span class='ocrx_word' id='word_1_333' title='bbox 734 3721 847 3772; x_wconf 79' lang='lat' dir='ltr'>uerbera</span> <span class='ocrx_word' id='word_1_334' title='bbox 856 3718 992 3772; x_wconf 89' lang='lat' dir='ltr'>subituris</span> 
     </span>
     <span class='ocr_line' id='line_1_50' title="bbox 192 3789 990 3859; baseline -0.006 -16"><span class='ocrx_word' id='word_1_335' title='bbox 192 3800 289 3859; x_wconf 90' lang='lat' dir='ltr'>potum</span> <span class='ocrx_word' id='word_1_336' title='bbox 301 3807 335 3845; x_wconf 89' lang='lat' dir='ltr'>ex</span> <span class='ocrx_word' id='word_1_337' title='bbox 347 3792 411 3843; x_wconf 86' lang='lat' dir='ltr'>vino</span> <span class='ocrx_word' id='word_1_338' title='bbox 423 3790 557 3842; x_wconf 87' lang='lat' dir='ltr'>duritiam</span> <span class='ocrx_word' id='word_1_339' title='bbox 569 3790 705 3859; x_wconf 88' lang='lat' dir='ltr'>quandam</span> <span class='ocrx_word' id='word_1_340' title='bbox 718 3796 817 3842; x_wconf 89' lang='lat' dir='ltr'>contra</span> <span class='ocrx_word' id='word_1_341' title='bbox 827 3802 937 3842; x_wconf 89' lang='lat' dir='ltr'>sensum</span> <span class='ocrx_word' id='word_1_342' title='bbox 949 3789 990 3839; x_wconf 91' lang='lat' dir='ltr'>in·</span> 
     </span>
     <span class='ocr_line' id='line_1_51' title="bbox 191 3858 992 3919; baseline -0.006 -6"><span class='ocrx_word' id='word_1_343' title='bbox 191 3860 302 3915; x_wconf 87' lang='lat' dir='ltr'>ducere.</span> <span class='ocrx_word' id='word_1_344' title='bbox 337 3863 367 3914; x_wconf 93' lang='lat' dir='ltr'>ln</span> <span class='ocrx_word' id='word_1_345' title='bbox 388 3860 551 3913; x_wconf 89' lang='lat' dir='ltr'>condiendis</span> <span class='ocrx_word' id='word_1_346' title='bbox 572 3861 697 3913; x_wconf 89' lang='lat' dir='ltr'>obsoniis</span> <span class='ocrx_word' id='word_1_347' title='bbox 716 3858 992 3919; x_wconf 87' lang='lat' dir='ltr'>tantaestsuaritas,</span> 
     </span>
     <span class='ocr_line' id='line_1_52' title="bbox 191 3924 991 3997; baseline -0.009 -14"><span class='ocrx_word' id='word_1_348' title='bbox 191 3930 481 3984; x_wconf 84' lang='lat' dir='ltr'>utGraecieuznmoa</span> <span class='ocrx_word' id='word_1_349' title='bbox 502 3929 712 3997; x_wconf 85' lang='lat' dir='ltr'>appellaverint.</span> <span class='ocrx_word' id='word_1_350' title='bbox 750 3929 853 3981; x_wconf 86' lang='lat' dir='ltr'>Putant</span> <span class='ocrx_word' id='word_1_351' title='bbox 871 3924 991 3979; x_wconf 89' lang='lat' dir='ltr'>subtrit&#39;a</span> 
     </span>
     <span class='ocr_line' id='line_1_53' title="bbox 196 3996 991 4063; baseline -0.009 -9"><span class='ocrx_word' id='word_1_352' title='bbox 196 4016 281 4054; x_wconf 87' lang='lat' dir='ltr'>eruca</span> <span class='ocrx_word' id='word_1_353' title='bbox 291 4001 317 4053; x_wconf 91' lang='lat' dir='ltr'>si</span> <span class='ocrx_word' id='word_1_354' title='bbox 329 3999 474 4054; x_wconf 75' lang='lat' dir='ltr'>foveantur</span> <span class='ocrx_word' id='word_1_355' title='bbox 486 4000 569 4063; x_wconf 90' lang='lat' dir='ltr'>oculi,</span> <span class='ocrx_word' id='word_1_356' title='bbox 580 3999 736 4051; x_wconf 87' lang='lat' dir='ltr'>claritatem</span> <span class='ocrx_word' id='word_1_357' title='bbox 749 3998 873 4050; x_wconf 84' lang='lat' dir='ltr'>restitui:</span> <span class='ocrx_word' id='word_1_358' title='bbox 894 3996 991 4050; x_wconf 89' lang='lat' dir='ltr'>tussim</span> 
     </span>
     <span class='ocr_line' id='line_1_54' title="bbox 190 4065 991 4134; baseline -0.01 -11"><span class='ocrx_word' id='word_1_359' title='bbox 190 4070 340 4123; x_wconf 83' lang='lat' dir='ltr'>infantium</span> <span class='ocrx_word' id='word_1_360' title='bbox 359 4070 459 4123; x_wconf 89' lang='lat' dir='ltr'>sedari.</span> <span class='ocrx_word' id='word_1_361' title='bbox 496 4070 586 4122; x_wconf 82' lang='lat' dir='ltr'>Radix</span> <span class='ocrx_word' id='word_1_362' title='bbox 607 4070 667 4121; x_wconf 90' lang='lat' dir='ltr'>eius</span> <span class='ocrx_word' id='word_1_363' title='bbox 683 4069 711 4119; x_wconf 90' lang='lat' dir='ltr'>in</span> <span class='ocrx_word' id='word_1_364' title='bbox 722 4082 795 4134; x_wconf 91' lang='lat' dir='ltr'>aqua</span> <span class='ocrx_word' id='word_1_365' title='bbox 806 4066 924 4119; x_wconf 88' lang='lat' dir='ltr'>decocta</span> <span class='ocrx_word' id='word_1_366' title='bbox 934 4065 991 4116; x_wconf 85' lang='lat' dir='ltr'>ira-</span> 
     </span>
     <span class='ocr_line' id='line_1_55' title="bbox 190 4133 993 4198; baseline -0.011 -6"><span class='ocrx_word' id='word_1_367' title='bbox 190 4149 238 4192; x_wconf 91' lang='lat' dir='ltr'>cta</span> <span class='ocrx_word' id='word_1_368' title='bbox 249 4155 313 4192; x_wconf 88' lang='lat' dir='ltr'>ossa</span> <span class='ocrx_word' id='word_1_369' title='bbox 322 4138 458 4193; x_wconf 78' lang='lat' dir='ltr'>extrahit.</span> <span class='ocrx_word' id='word_1_370' title='bbox 490 4139 561 4192; x_wconf 87' lang='lat' dir='ltr'>Nam</span> <span class='ocrx_word' id='word_1_371' title='bbox 574 4137 609 4190; x_wconf 89' lang='lat' dir='ltr'>de</span> <span class='ocrx_word' id='word_1_372' title='bbox 621 4140 730 4191; x_wconf 85' lang='lat' dir='ltr'>Venere</span> <span class='ocrx_word' id='word_1_373' title='bbox 740 4135 910 4187; x_wconf 88' lang='lat' dir='ltr'>stimulanda</span> <span class='ocrx_word' id='word_1_374' title='bbox 922 4133 993 4198; x_wconf 72' lang='lat' dir='ltr'>dixi·</span> 
     </span>
     <span class='ocr_line' id='line_1_56' title="bbox 191 4202 993 4262; baseline -0.012 0"><span class='ocrx_word' id='word_1_375' title='bbox 191 4226 265 4262; x_wconf 90' lang='lat' dir='ltr'>mus:</span> <span class='ocrx_word' id='word_1_376' title='bbox 276 4210 334 4262; x_wconf 91' lang='lat' dir='ltr'>tria</span> <span class='ocrx_word' id='word_1_377' title='bbox 344 4206 413 4261; x_wconf 81' lang='lat' dir='ltr'>folia</span> <span class='ocrx_word' id='word_1_378' title='bbox 422 4208 560 4261; x_wconf 81' lang='lat' dir='ltr'>siluestris</span> <span class='ocrx_word' id='word_1_379' title='bbox 570 4222 669 4259; x_wconf 87' lang='lat' dir='ltr'>erucae</span> <span class='ocrx_word' id='word_1_380' title='bbox 680 4206 795 4256; x_wconf 83' lang='lat' dir='ltr'>sinistra</span> <span class='ocrx_word' id='word_1_381' title='bbox 805 4218 888 4257; x_wconf 88' lang='lat' dir='ltr'>aranu</span> <span class='ocrx_word' id='word_1_382' title='bbox 899 4202 993 4255; x_wconf 86' lang='lat' dir='ltr'>decer·</span> 
     </span>
     <span class='ocr_line' id='line_1_57' title="bbox 191 4275 786 4348; baseline -0.02 -13"><span class='ocrx_word' id='word_1_383' title='bbox 191 4288 249 4348; x_wconf 86' lang='lat' dir='ltr'>pta,</span> <span class='ocrx_word' id='word_1_384' title='bbox 261 4288 289 4334; x_wconf 88' lang='lat' dir='ltr'>et</span> <span class='ocrx_word' id='word_1_385' title='bbox 303 4278 379 4338; x_wconf 88' lang='lat' dir='ltr'>trita,</span> <span class='ocrx_word' id='word_1_386' title='bbox 391 4279 418 4327; x_wconf 90' lang='lat' dir='ltr'>in</span> <span class='ocrx_word' id='word_1_387' title='bbox 431 4292 504 4343; x_wconf 89' lang='lat' dir='ltr'>aqua</span> <span class='ocrx_word' id='word_1_388' title='bbox 514 4275 604 4327; x_wconf 90' lang='lat' dir='ltr'>nrulsa</span> <span class='ocrx_word' id='word_1_389' title='bbox 614 4277 637 4326; x_wconf 90' lang='lat' dir='ltr'>si</span> <span class='ocrx_word' id='word_1_390' title='bbox 647 4275 786 4327; x_wconf 81' lang='lat' dir='ltr'>bibantur.</span> 
     </span>
    </p>

    <p class='ocr_par' dir='ltr' id='par_1_7' title="bbox 227 4339 993 4402">
     <span class='ocr_line' id='line_1_58' title="bbox 227 4339 993 4402; baseline -0.012 -3"><span class='ocrx_word' id='word_1_391' title='bbox 227 4351 260 4402; x_wconf 81' lang='lat'>1..</span> <span class='ocrx_word' id='word_1_392' title='bbox 281 4348 304 4398; x_wconf 86' lang='lat' dir='ltr'><strong>E</strong></span> <span class='ocrx_word' id='word_1_393' title='bbox 317 4348 457 4397; x_wconf 86' lang='lat' dir='ltr'>currtrarin</span> <span class='ocrx_word' id='word_1_394' title='bbox 469 4344 636 4396; x_wconf 87' lang='lat' dir='ltr'>nasturtium</span> <span class='ocrx_word' id='word_1_395' title='bbox 647 4344 785 4396; x_wconf 83' lang='lat' dir='ltr'>Venerem</span> <span class='ocrx_word' id='word_1_396' title='bbox 795 4340 914 4401; x_wconf 88' lang='lat' dir='ltr'>inhibet,</span> <span class='ocrx_word' id='word_1_397' title='bbox 935 4339 993 4391; x_wconf 90' lang='lat' dir='ltr'>ani·</span> 
     </span>
    </p>

    <p class='ocr_par' dir='ltr' id='par_1_8' title="bbox 149 4408 993 4617">
     <span class='ocr_line' id='line_1_59' title="bbox 149 4408 991 4479; baseline -0.018 -6"><span class='ocrx_word' id='word_1_398' title='bbox 149 4428 165 4463; x_wconf 62' lang='grc' dir='ltr'><em>Δ</em></span> <span class='ocrx_word' id='word_1_399' title='bbox 190 4433 268 4472; x_wconf 87' lang='lat' dir='ltr'>nrum</span> <span class='ocrx_word' id='word_1_400' title='bbox 280 4414 400 4473; x_wconf 77' lang='lat' dir='ltr'>exacuit,</span> <span class='ocrx_word' id='word_1_401' title='bbox 412 4423 442 4465; x_wconf 91' lang='lat' dir='ltr'>ut</span> <span class='ocrx_word' id='word_1_402' title='bbox 453 4413 581 4465; x_wconf 84' lang='lat' dir='ltr'>diximus.</span> <span class='ocrx_word' id='word_1_403' title='bbox 610 4414 674 4465; x_wconf 84' lang='lat' dir='ltr'>Duo</span> <span class='ocrx_word' id='word_1_404' title='bbox 685 4414 744 4473; x_wconf 80' lang='lat' dir='ltr'>eius</span> <span class='ocrx_word' id='word_1_405' title='bbox 755 4425 867 4479; x_wconf 88' lang='lat' dir='ltr'>genera.</span> <span class='ocrx_word' id='word_1_406' title='bbox 892 4408 991 4460; x_wconf 81' lang='lat' dir='ltr'>Alrunr</span> 
     </span>
     <span class='ocr_line' id='line_1_60' title="bbox 191 4476 992 4556; baseline -0.016 -16"><span class='ocrx_word' id='word_1_407' title='bbox 191 4494 302 4556; x_wconf 65' lang='lat' dir='ltr'>purgat</span> <span class='ocrx_word' id='word_1_408' title='bbox 323 4481 443 4543; x_wconf 81' lang='lat' dir='ltr'>detrahit</span> <span class='ocrx_word' id='word_1_409' title='bbox 466 4482 551 4535; x_wconf 88' lang='lat' dir='ltr'>bilem</span> <span class='ocrx_word' id='word_1_410' title='bbox 572 4478 668 4548; x_wconf 81' lang='lat' dir='ltr'>pot&#39;unr</span> <span class='ocrx_word' id='word_1_411' title='bbox 692 4484 718 4532; x_wconf 90' lang='lat' dir='ltr'>in</span> <span class='ocrx_word' id='word_1_412' title='bbox 741 4476 992 4547; x_wconf 79' lang='lat' dir='ltr'>aquaiipondere.</span> 
     </span>
     <span class='ocr_line' id='line_1_61' title="bbox 192 4550 993 4617; baseline -0.014 -8"><span class='ocrx_word' id='word_1_413' title='bbox 192 4559 260 4609; x_wconf 92' lang='lat' dir='ltr'>Cum</span> <span class='ocrx_word' id='word_1_414' title='bbox 273 4555 397 4606; x_wconf 90' lang='lat' dir='ltr'>lomento</span> <span class='ocrx_word' id='word_1_415' title='bbox 411 4554 525 4605; x_wconf 85' lang='lat' dir='ltr'>strumis</span> <span class='ocrx_word' id='word_1_416' title='bbox 536 4551 647 4614; x_wconf 86' lang='lat' dir='ltr'>illitum,</span> <span class='ocrx_word' id='word_1_417' title='bbox 669 4557 852 4617; x_wconf 89' lang='lat' dir='ltr'>opertumque</span> <span class='ocrx_word' id='word_1_418' title='bbox 863 4550 993 4609; x_wconf 85' lang='lat' dir='ltr'>brassica,</span> 
     </span>
    </p>

    <p class='ocr_par' dir='ltr' id='par_1_9' title="bbox 148 4615 995 5666">
     <span class='ocr_line' id='line_1_62' title="bbox 148 4615 993 4694; baseline -0.017 -11"><span class='ocrx_word' id='word_1_419' title='bbox 148 4650 171 4683; x_wconf 79' lang='lat' dir='ltr'>r-</span> <span class='ocrx_word' id='word_1_420' title='bbox 191 4625 337 4694; x_wconf 84' lang='lat' dir='ltr'>praeclare</span> <span class='ocrx_word' id='word_1_421' title='bbox 348 4622 483 4675; x_wconf 86' lang='lat' dir='ltr'>medetur.</span> <span class='ocrx_word' id='word_1_422' title='bbox 519 4622 644 4675; x_wconf 79' lang='lat' dir='ltr'>Alterum</span> <span class='ocrx_word' id='word_1_423' title='bbox 666 4628 709 4673; x_wconf 90' lang='lat' dir='ltr'>est</span> <span class='ocrx_word' id='word_1_424' title='bbox 727 4620 843 4687; x_wconf 86' lang='lat' dir='ltr'>nigrius,</span> <span class='ocrx_word' id='word_1_425' title='bbox 864 4615 993 4685; x_wconf 87' lang='lat' dir='ltr'>quodcu-</span> 
     </span>
     <span class='ocr_line' id='line_1_63' title="bbox 192 4689 992 4767; baseline -0.011 -20"><span class='ocrx_word' id='word_1_426' title='bbox 192 4696 260 4767; x_wconf 90' lang='lat' dir='ltr'>pitis</span> <span class='ocrx_word' id='word_1_427' title='bbox 279 4694 347 4745; x_wconf 83' lang='lat' dir='ltr'>uitia</span> <span class='ocrx_word' id='word_1_428' title='bbox 359 4699 465 4761; x_wconf 87' lang='lat' dir='ltr'>purgat.</span> <span class='ocrx_word' id='word_1_429' title='bbox 502 4690 603 4744; x_wconf 82' lang='lat' dir='ltr'>Visum</span> <span class='ocrx_word' id='word_1_430' title='bbox 623 4696 795 4758; x_wconf 78' lang='lat' dir='ltr'>conspergat.</span> <span class='ocrx_word' id='word_1_431' title='bbox 832 4689 992 4740; x_wconf 88' lang='lat' dir='ltr'>Commotus</span> 
     </span>
     <span class='ocr_line' id='line_1_64' title="bbox 194 4760 992 4823; baseline -0.014 -6"><span class='ocrx_word' id='word_1_432' title='bbox 194 4771 301 4817; x_wconf 86' lang='lat' dir='ltr'>mentes</span> <span class='ocrx_word' id='word_1_433' title='bbox 312 4763 392 4816; x_wconf 89' lang='lat' dir='ltr'>sedat</span> <span class='ocrx_word' id='word_1_434' title='bbox 404 4777 438 4814; x_wconf 90' lang='lat' dir='ltr'>cx</span> <span class='ocrx_word' id='word_1_435' title='bbox 448 4770 529 4814; x_wconf 88' lang='lat' dir='ltr'>aceto</span> <span class='ocrx_word' id='word_1_436' title='bbox 542 4767 672 4812; x_wconf 90' lang='lat' dir='ltr'>sumtum.</span> <span class='ocrx_word' id='word_1_437' title='bbox 700 4760 815 4812; x_wconf 83' lang='lat' dir='ltr'>Licnenr</span> <span class='ocrx_word' id='word_1_438' title='bbox 827 4774 863 4811; x_wconf 85' lang='lat' dir='ltr'>ax</span> <span class='ocrx_word' id='word_1_439' title='bbox 871 4761 935 4808; x_wconf 85' lang='lat' dir='ltr'>vino</span> <span class='ocrx_word' id='word_1_440' title='bbox 946 4771 992 4823; x_wconf 91' lang='lat' dir='ltr'>pu·</span> 
     </span>
     <span class='ocr_line' id='line_1_65' title="bbox 193 4826 992 4897; baseline -0.011 -11"><span class='ocrx_word' id='word_1_441' title='bbox 193 4843 264 4897; x_wconf 89' lang='lat' dir='ltr'>tunr,</span> <span class='ocrx_word' id='word_1_442' title='bbox 279 4831 323 4884; x_wconf 87' lang='lat' dir='ltr'>rel</span> <span class='ocrx_word' id='word_1_443' title='bbox 336 4848 396 4884; x_wconf 88' lang='lat' dir='ltr'>cum</span> <span class='ocrx_word' id='word_1_444' title='bbox 409 4833 470 4883; x_wconf 89' lang='lat' dir='ltr'>iico.</span> <span class='ocrx_word' id='word_1_445' title='bbox 505 4831 617 4884; x_wconf 80' lang='lat' dir='ltr'>&#39;l&#39;ussinr</span> <span class='ocrx_word' id='word_1_446' title='bbox 629 4844 664 4882; x_wconf 89' lang='lat' dir='ltr'>ex</span> <span class='ocrx_word' id='word_1_447' title='bbox 677 4829 769 4891; x_wconf 89' lang='lat' dir='ltr'>melle,</span> <span class='ocrx_word' id='word_1_448' title='bbox 779 4830 804 4880; x_wconf 89' lang='lat' dir='ltr'>si</span> <span class='ocrx_word' id='word_1_449' title='bbox 817 4826 942 4896; x_wconf 84' lang='lat' dir='ltr'>quotidie</span> <span class='ocrx_word' id='word_1_450' title='bbox 953 4828 992 4878; x_wconf 90' lang='lat' dir='ltr'>ie·</span> 
     </span>
     <span class='ocr_line' id='line_1_66' title="bbox 192 4897 992 4955; baseline -0.01 0"><span class='ocrx_word' id='word_1_451' title='bbox 192 4903 253 4955; x_wconf 92' lang='lat' dir='ltr'>iuni</span> <span class='ocrx_word' id='word_1_452' title='bbox 273 4907 390 4954; x_wconf 87' lang='lat' dir='ltr'>sumant.</span> <span class='ocrx_word' id='word_1_453' title='bbox 428 4902 527 4955; x_wconf 79' lang='lat' dir='ltr'>Sennea</span> <span class='ocrx_word' id='word_1_454' title='bbox 549 4916 583 4952; x_wconf 86' lang='lat' dir='ltr'>ex</span> <span class='ocrx_word' id='word_1_455' title='bbox 605 4900 667 4951; x_wconf 89' lang='lat' dir='ltr'>rino</span> <span class='ocrx_word' id='word_1_456' title='bbox 689 4897 992 4952; x_wconf 89' lang='lat' dir='ltr'>omniaintestinorum</span> 
     </span>
     <span class='ocr_line' id='line_1_67' title="bbox 193 4966 994 5038; baseline -0.012 -12"><span class='ocrx_word' id='word_1_457' title='bbox 193 4971 327 5026; x_wconf 89' lang='lat' dir='ltr'>animalia</span> <span class='ocrx_word' id='word_1_458' title='bbox 336 4970 429 5038; x_wconf 87' lang='lat' dir='ltr'>pellit:</span> <span class='ocrx_word' id='word_1_459' title='bbox 441 4970 579 5024; x_wconf 85' lang='lat' dir='ltr'>efficacius</span> <span class='ocrx_word' id='word_1_460' title='bbox 587 4968 684 5021; x_wconf 88' lang='lat' dir='ltr'>addito</span> <span class='ocrx_word' id='word_1_461' title='bbox 695 4973 858 5022; x_wconf 86' lang='lat' dir='ltr'>mentastro.</span> <span class='ocrx_word' id='word_1_462' title='bbox 875 4966 994 5019; x_wconf 85' lang='lat' dir='ltr'>Prodest</span> 
     </span>
     <span class='ocr_line' id='line_1_68' title="bbox 193 5035 995 5108; baseline -0.014 -12"><span class='ocrx_word' id='word_1_463' title='bbox 193 5051 223 5096; x_wconf 91' lang='lat' dir='ltr'>et</span> <span class='ocrx_word' id='word_1_464' title='bbox 229 5049 327 5095; x_wconf 90' lang='lat' dir='ltr'>contra</span> <span class='ocrx_word' id='word_1_465' title='bbox 336 5041 455 5108; x_wconf 90' lang='lat' dir='ltr'>suspiria</span> <span class='ocrx_word' id='word_1_466' title='bbox 465 5048 493 5093; x_wconf 91' lang='lat' dir='ltr'>et</span> <span class='ocrx_word' id='word_1_467' title='bbox 503 5039 679 5101; x_wconf 87' lang='lat' dir='ltr'>tussim,cum</span> <span class='ocrx_word' id='word_1_468' title='bbox 690 5040 808 5107; x_wconf 87' lang='lat' dir='ltr'>origano</span> <span class='ocrx_word' id='word_1_469' title='bbox 821 5046 850 5091; x_wconf 87' lang='lat' dir='ltr'>et</span> <span class='ocrx_word' id='word_1_470' title='bbox 859 5037 924 5089; x_wconf 84' lang='lat' dir='ltr'>virro</span> <span class='ocrx_word' id='word_1_471' title='bbox 935 5035 995 5086; x_wconf 90' lang='lat' dir='ltr'>dul·</span> 
     </span>
     <span class='ocr_line' id='line_1_69' title="bbox 193 5107 993 5173; baseline -0.01 -9"><span class='ocrx_word' id='word_1_472' title='bbox 193 5112 229 5165; x_wconf 85' lang='lat' dir='ltr'>ci.</span> <span class='ocrx_word' id='word_1_473' title='bbox 264 5110 389 5163; x_wconf 88' lang='lat' dir='ltr'>Pectoris</span> <span class='ocrx_word' id='word_1_474' title='bbox 409 5110 552 5164; x_wconf 86' lang='lat' dir='ltr'>doloribus</span> <span class='ocrx_word' id='word_1_475' title='bbox 573 5108 719 5162; x_wconf 89' lang='lat' dir='ltr'>decoctum</span> <span class='ocrx_word' id='word_1_476' title='bbox 738 5110 766 5160; x_wconf 91' lang='lat' dir='ltr'>in</span> <span class='ocrx_word' id='word_1_477' title='bbox 779 5108 854 5160; x_wconf 89' lang='lat' dir='ltr'>lacte</span> <span class='ocrx_word' id='word_1_478' title='bbox 871 5107 993 5173; x_wconf 86' lang='lat' dir='ltr'>caprino.</span> 
     </span>
     <span class='ocr_line' id='line_1_70' title="bbox 193 5175 992 5248; baseline -0.011 -12"><span class='ocrx_word' id='word_1_479' title='bbox 193 5181 285 5236; x_wconf 85' lang='lat' dir='ltr'>Panos</span> <span class='ocrx_word' id='word_1_480' title='bbox 306 5179 421 5232; x_wconf 88' lang='lat' dir='ltr'>discutit</span> <span class='ocrx_word' id='word_1_481' title='bbox 442 5196 503 5233; x_wconf 91' lang='lat' dir='ltr'>cum</span> <span class='ocrx_word' id='word_1_482' title='bbox 524 5182 594 5248; x_wconf 87' lang='lat' dir='ltr'>pice,</span> <span class='ocrx_word' id='word_1_483' title='bbox 616 5175 794 5246; x_wconf 84' lang='lat' dir='ltr'>extrahitque</span> <span class='ocrx_word' id='word_1_484' title='bbox 806 5179 914 5243; x_wconf 86' lang='lat' dir='ltr'>corpori</span> <span class='ocrx_word' id='word_1_485' title='bbox 927 5191 992 5228; x_wconf 87' lang='lat' dir='ltr'>acu·</span> 
     </span>
     <span class='ocr_line' id='line_1_71' title="bbox 191 5247 993 5306; baseline -0.012 -2"><span class='ocrx_word' id='word_1_486' title='bbox 191 5253 261 5306; x_wconf 90' lang='lat' dir='ltr'>leos.</span> <span class='ocrx_word' id='word_1_487' title='bbox 300 5250 337 5302; x_wconf 87' lang='lat' dir='ltr'>Et</span> <span class='ocrx_word' id='word_1_488' title='bbox 348 5251 470 5302; x_wconf 86' lang='lat' dir='ltr'>maculas</span> <span class='ocrx_word' id='word_1_489' title='bbox 481 5250 584 5302; x_wconf 88' lang='lat' dir='ltr'>illitum</span> <span class='ocrx_word' id='word_1_490' title='bbox 596 5264 630 5301; x_wconf 84' lang='lat' dir='ltr'>es</span> <span class='ocrx_word' id='word_1_491' title='bbox 641 5256 732 5302; x_wconf 89' lang='lat' dir='ltr'>aceto.</span> <span class='ocrx_word' id='word_1_492' title='bbox 757 5250 863 5298; x_wconf 79' lang='lat' dir='ltr'>Contra</span> <span class='ocrx_word' id='word_1_493' title='bbox 874 5247 993 5298; x_wconf 80' lang='lat' dir='ltr'>carcine·</span> 
     </span>
     <span class='ocr_line' id='line_1_72' title="bbox 186 5317 995 5375; baseline -0.012 0"><span class='ocrx_word' id='word_1_494' title='bbox 186 5328 270 5375; x_wconf 80' lang='lat' dir='ltr'>rnatu</span> <span class='ocrx_word' id='word_1_495' title='bbox 278 5319 410 5372; x_wconf 86' lang='lat' dir='ltr'>adiicitur</span> <span class='ocrx_word' id='word_1_496' title='bbox 421 5335 534 5372; x_wconf 87' lang='lat' dir='ltr'>erorum</span> <span class='ocrx_word' id='word_1_497' title='bbox 546 5318 650 5371; x_wconf 88' lang='lat' dir='ltr'>album.</span> <span class='ocrx_word' id='word_1_498' title='bbox 687 5317 724 5369; x_wconf 84' lang='lat' dir='ltr'>Et</span> <span class='ocrx_word' id='word_1_499' title='bbox 740 5317 858 5369; x_wconf 87' lang='lat' dir='ltr'>lienibus</span> <span class='ocrx_word' id='word_1_500' title='bbox 875 5317 995 5367; x_wconf 83' lang='lat' dir='ltr'>illinitur</span> 
     </span>
     <span class='ocr_line' id='line_1_73' title="bbox 192 5384 994 5443; baseline -0.011 0"><span class='ocrx_word' id='word_1_501' title='bbox 192 5407 226 5443; x_wconf 89' lang='lat' dir='ltr'>ex</span> <span class='ocrx_word' id='word_1_502' title='bbox 237 5398 326 5443; x_wconf 88' lang='lat' dir='ltr'>aceto.</span> <span class='ocrx_word' id='word_1_503' title='bbox 344 5389 498 5443; x_wconf 81' lang='lat' dir='ltr'>infantibus</span> <span class='ocrx_word' id='word_1_504' title='bbox 510 5405 574 5441; x_wconf 87' lang='lat' dir='ltr'>rero</span> <span class='ocrx_word' id='word_1_505' title='bbox 586 5404 601 5442; x_wconf 91' lang='lat' dir='ltr'>e</span> <span class='ocrx_word' id='word_1_506' title='bbox 613 5387 695 5440; x_wconf 88' lang='lat' dir='ltr'>melle</span> <span class='ocrx_word' id='word_1_507' title='bbox 704 5386 860 5438; x_wconf 88' lang='lat' dir='ltr'>utilissime.</span> <span class='ocrx_word' id='word_1_508' title='bbox 880 5384 994 5443; x_wconf 80' lang='lat' dir='ltr'>Sestias</span> 
     </span>
     <span class='ocr_line' id='line_1_74' title="bbox 191 5454 993 5525; baseline -0.009 -13"><span class='ocrx_word' id='word_1_509' title='bbox 191 5458 295 5521; x_wconf 89' lang='lat' dir='ltr'>adlicit,</span> <span class='ocrx_word' id='word_1_510' title='bbox 306 5466 399 5512; x_wconf 91' lang='lat' dir='ltr'>ustum</span> <span class='ocrx_word' id='word_1_511' title='bbox 409 5465 552 5524; x_wconf 89' lang='lat' dir='ltr'>serpentes</span> <span class='ocrx_word' id='word_1_512' title='bbox 563 5458 671 5525; x_wconf 79' lang='lat' dir='ltr'>fugare,</span> <span class='ocrx_word' id='word_1_513' title='bbox 682 5454 993 5523; x_wconf 85' lang='lat' dir='ltr'>scorpionibusresiste·</span> 
     </span>
     <span class='ocr_line' id='line_1_75' title="bbox 192 5523 994 5596; baseline -0.007 -15"><span class='ocrx_word' id='word_1_514' title='bbox 192 5546 229 5583; x_wconf 83' lang='lat' dir='ltr'>re.</span> <span class='ocrx_word' id='word_1_515' title='bbox 266 5529 371 5596; x_wconf 84' lang='lat' dir='ltr'>Capitis</span> <span class='ocrx_word' id='word_1_516' title='bbox 383 5527 495 5579; x_wconf 90' lang='lat' dir='ltr'>dolores</span> <span class='ocrx_word' id='word_1_517' title='bbox 505 5529 636 5587; x_wconf 89' lang='lat' dir='ltr'>contrito,</span> <span class='ocrx_word' id='word_1_518' title='bbox 655 5533 683 5577; x_wconf 91' lang='lat' dir='ltr'>et</span> <span class='ocrx_word' id='word_1_519' title='bbox 695 5526 837 5593; x_wconf 86' lang='lat' dir='ltr'>alopecias</span> <span class='ocrx_word' id='word_1_520' title='bbox 849 5523 994 5595; x_wconf 68' lang='lat' dir='ltr'>emendari</span> 
     </span>
     <span class='ocr_line' id='line_1_76' title="bbox 191 5594 991 5666; baseline -0.006 -15"><span class='ocrx_word' id='word_1_521' title='bbox 191 5598 288 5652; x_wconf 88' lang='lat' dir='ltr'>addito</span> <span class='ocrx_word' id='word_1_522' title='bbox 299 5596 404 5666; x_wconf 87' lang='lat' dir='ltr'>sinapi:</span> <span class='ocrx_word' id='word_1_523' title='bbox 421 5597 586 5666; x_wconf 74' lang='lat' dir='ltr'>gravitatem</span> <span class='ocrx_word' id='word_1_524' title='bbox 600 5596 708 5648; x_wconf 90' lang='lat' dir='ltr'>aurium</span> <span class='ocrx_word' id='word_1_525' title='bbox 720 5595 788 5648; x_wconf 91' lang='lat' dir='ltr'>trito</span> <span class='ocrx_word' id='word_1_526' title='bbox 798 5594 930 5663; x_wconf 89' lang='lat' dir='ltr'>imposito</span> <span class='ocrx_word' id='word_1_527' title='bbox 943 5608 991 5647; x_wconf 89' lang='lat' dir='ltr'>au·</span> 
     </span>
    </p>
   </div>
   <div class='ocr_carea' id='block_1_3' title="bbox 1039 460 1929 5657">
    <p class='ocr_par' dir='ltr' id='par_1_10' title="bbox 1039 460 1918 1070">
     <span class='ocr_line' id='line_1_77' title="bbox 1039 460 1918 524; baseline 0.014 -11"><span class='ocrx_word' id='word_1_528' title='bbox 1039 460 1120 514; x_wconf 90' lang='lat' dir='ltr'>ribus</span> <span class='ocrx_word' id='word_1_529' title='bbox 1139 477 1202 515; x_wconf 83' lang='lat' dir='ltr'>cunr</span> <span class='ocrx_word' id='word_1_530' title='bbox 1222 463 1284 515; x_wconf 89' lang='lat' dir='ltr'>lico.</span> <span class='ocrx_word' id='word_1_531' title='bbox 1320 461 1454 516; x_wconf 80' lang='lat' dir='ltr'>Dentibus</span> <span class='ocrx_word' id='word_1_532' title='bbox 1475 462 1587 517; x_wconf 89' lang='lat' dir='ltr'>dolores</span> <span class='ocrx_word' id='word_1_533' title='bbox 1607 465 1702 521; x_wconf 84' lang='lat' dir='ltr'>inluso</span> <span class='ocrx_word' id='word_1_534' title='bbox 1718 462 1840 524; x_wconf 80' lang='lat' dir='ltr'>inaures</span> <span class='ocrx_word' id='word_1_535' title='bbox 1908 496 1918 511; x_wconf 58' lang='grc' dir='ltr'><strong>ν</strong></span> 
     </span>
     <span class='ocr_line' id='line_1_78' title="bbox 1041 531 1841 608; baseline 0.014 -26"><span class='ocrx_word' id='word_1_536' title='bbox 1041 545 1132 582; x_wconf 86' lang='lat' dir='ltr'>succo.</span> <span class='ocrx_word' id='word_1_537' title='bbox 1168 531 1343 601; x_wconf 86' lang='lat' dir='ltr'>Porrigiaem</span> <span class='ocrx_word' id='word_1_538' title='bbox 1353 540 1382 585; x_wconf 89' lang='lat' dir='ltr'>et</span> <span class='ocrx_word' id='word_1_539' title='bbox 1393 531 1506 585; x_wconf 90' lang='lat' dir='ltr'>hulcera</span> <span class='ocrx_word' id='word_1_540' title='bbox 1517 536 1619 601; x_wconf 87' lang='lat' dir='ltr'>capitis</span> <span class='ocrx_word' id='word_1_541' title='bbox 1630 553 1690 590; x_wconf 89' lang='lat' dir='ltr'>cum</span> <span class='ocrx_word' id='word_1_542' title='bbox 1701 537 1841 608; x_wconf 75' lang='lat' dir='ltr'>adipeam</span> 
     </span>
     <span class='ocr_line' id='line_1_79' title="bbox 1040 599 1841 669; baseline 0.012 -18"><span class='ocrx_word' id='word_1_543' title='bbox 1040 599 1142 651; x_wconf 87' lang='lat' dir='ltr'>serino.</span> <span class='ocrx_word' id='word_1_544' title='bbox 1179 599 1350 653; x_wconf 80' lang='lat' dir='ltr'>Furunculus</span> <span class='ocrx_word' id='word_1_545' title='bbox 1362 602 1512 669; x_wconf 88' lang='lat' dir='ltr'>concoquit</span> <span class='ocrx_word' id='word_1_546' title='bbox 1528 619 1590 657; x_wconf 90' lang='lat' dir='ltr'>curu</span> <span class='ocrx_word' id='word_1_547' title='bbox 1607 605 1753 660; x_wconf 81' lang='lat' dir='ltr'>termento.</span> <span class='ocrx_word' id='word_1_548' title='bbox 1774 610 1841 660; x_wconf 85' lang='lat' dir='ltr'>Car·</span> 
     </span>
     <span class='ocr_line' id='line_1_80' title="bbox 1042 668 1840 746; baseline 0.014 -26"><span class='ocrx_word' id='word_1_549' title='bbox 1042 668 1177 721; x_wconf 88' lang='lat' dir='ltr'>bunculos</span> <span class='ocrx_word' id='word_1_550' title='bbox 1197 668 1233 721; x_wconf 88' lang='lat' dir='ltr'>ad</span> <span class='ocrx_word' id='word_1_551' title='bbox 1253 685 1284 720; x_wconf 89' lang='lat' dir='ltr'>su</span> <span class='ocrx_word' id='word_1_552' title='bbox 1305 671 1482 737; x_wconf 83' lang='lat' dir='ltr'>parationem</span> <span class='ocrx_word' id='word_1_553' title='bbox 1506 674 1649 740; x_wconf 85' lang='lat' dir='ltr'>perducit,</span> <span class='ocrx_word' id='word_1_554' title='bbox 1678 683 1708 729; x_wconf 88' lang='lat' dir='ltr'>et</span> <span class='ocrx_word' id='word_1_555' title='bbox 1726 678 1840 746; x_wconf 83' lang='lat' dir='ltr'>rumpit.</span> 
     </span>
     <span class='ocr_line' id='line_1_81' title="bbox 1041 687 1841 818; baseline 0.013 -27"><span class='ocrx_word' id='word_1_556' title='bbox 1041 736 1240 818; x_wconf 78' lang='lat' dir='ltr'>Phagedaenas</span> <span class='ocrx_word' id='word_1_557' title='bbox 1252 687 1391 791; x_wconf 59' lang='lat' dir='ltr'>huicerum</span> <span class='ocrx_word' id='word_1_558' title='bbox 1404 748 1540 809; x_wconf 78' lang='lat' dir='ltr'>expurgat</span> <span class='ocrx_word' id='word_1_559' title='bbox 1551 758 1612 794; x_wconf 87' lang='lat' dir='ltr'>cunr</span> <span class='ocrx_word' id='word_1_560' title='bbox 1624 743 1717 798; x_wconf 85' lang='lat' dir='ltr'>melle.</span> <span class='ocrx_word' id='word_1_561' title='bbox 1736 748 1841 802; x_wconf 80' lang='lat' dir='ltr'>Cetea·</span> 
     </span>
     <span class='ocr_line' id='line_1_82' title="bbox 1042 806 1840 875; baseline 0.014 -16"><span class='ocrx_word' id='word_1_562' title='bbox 1042 807 1148 860; x_wconf 83' lang='lat' dir='ltr'>dicabus</span> <span class='ocrx_word' id='word_1_563' title='bbox 1158 806 1296 859; x_wconf 89' lang='lat' dir='ltr'>etlumbis</span> <span class='ocrx_word' id='word_1_564' title='bbox 1306 822 1366 859; x_wconf 91' lang='lat' dir='ltr'>cunr</span> <span class='ocrx_word' id='word_1_565' title='bbox 1374 809 1488 875; x_wconf 84' lang='lat' dir='ltr'>polenta</span> <span class='ocrx_word' id='word_1_566' title='bbox 1498 825 1533 862; x_wconf 89' lang='lat' dir='ltr'>ex</span> <span class='ocrx_word' id='word_1_567' title='bbox 1541 813 1760 867; x_wconf 88' lang='lat' dir='ltr'>aeetoillinitur:</span> <span class='ocrx_word' id='word_1_568' title='bbox 1772 817 1840 870; x_wconf 81' lang='lat' dir='ltr'>itera</span> 
     </span>
     <span class='ocr_line' id='line_1_83' title="bbox 1040 874 1840 948; baseline 0.014 -21"><span class='ocrx_word' id='word_1_569' title='bbox 1040 874 1156 928; x_wconf 83' lang='lat' dir='ltr'>licheui:</span> <span class='ocrx_word' id='word_1_570' title='bbox 1177 875 1244 928; x_wconf 88' lang='lat' dir='ltr'>item</span> <span class='ocrx_word' id='word_1_571' title='bbox 1257 876 1395 943; x_wconf 83' lang='lat' dir='ltr'>unguibus</span> <span class='ocrx_word' id='word_1_572' title='bbox 1411 880 1531 932; x_wconf 79' lang='lat' dir='ltr'>scabris:</span> <span class='ocrx_word' id='word_1_573' title='bbox 1552 881 1653 948; x_wconf 89' lang='lat' dir='ltr'>quippe</span> <span class='ocrx_word' id='word_1_574' title='bbox 1668 890 1769 937; x_wconf 89' lang='lat' dir='ltr'>natura</span> <span class='ocrx_word' id='word_1_575' title='bbox 1779 886 1840 938; x_wconf 90' lang='lat' dir='ltr'>eius</span> 
     </span>
     <span class='ocr_line' id='line_1_84' title="bbox 1042 945 1840 1017; baseline 0.011 -19"><span class='ocrx_word' id='word_1_576' title='bbox 1042 945 1166 998; x_wconf 88' lang='lat' dir='ltr'>caustica</span> <span class='ocrx_word' id='word_1_577' title='bbox 1176 950 1227 999; x_wconf 87' lang='lat' dir='ltr'>ast.</span> <span class='ocrx_word' id='word_1_578' title='bbox 1263 945 1507 1012; x_wconf 85' lang='lat' dir='ltr'>Optimumautem</span> <span class='ocrx_word' id='word_1_579' title='bbox 1519 949 1715 1017; x_wconf 88' lang='lat' dir='ltr'>Babylonium.</span> <span class='ocrx_word' id='word_1_580' title='bbox 1751 954 1840 1008; x_wconf 87' lang='lat' dir='ltr'>Silre·</span> 
     </span>
     <span class='ocr_line' id='line_1_85' title="bbox 1041 1012 1598 1070; baseline 0.004 -2"><span class='ocrx_word' id='word_1_581' title='bbox 1041 1017 1093 1068; x_wconf 89' lang='lat' dir='ltr'>atri</span> <span class='ocrx_word' id='word_1_582' title='bbox 1103 1028 1169 1068; x_wconf 79' lang='lat' dir='ltr'>vero</span> <span class='ocrx_word' id='word_1_583' title='bbox 1181 1012 1217 1066; x_wconf 90' lang='lat' dir='ltr'>ad</span> <span class='ocrx_word' id='word_1_584' title='bbox 1227 1016 1320 1067; x_wconf 87' lang='lat' dir='ltr'>emnia</span> <span class='ocrx_word' id='word_1_585' title='bbox 1331 1029 1364 1067; x_wconf 88' lang='lat' dir='ltr'>ea</span> <span class='ocrx_word' id='word_1_586' title='bbox 1375 1012 1490 1069; x_wconf 79' lang='lat' dir='ltr'>effectus</span> <span class='ocrx_word' id='word_1_587' title='bbox 1503 1021 1598 1070; x_wconf 83' lang='lat' dir='ltr'>maior.</span> 
     </span>
    </p>

    <p class='ocr_par' dir='ltr' id='par_1_11' title="bbox 1041 1084 1929 5657">
     <span class='ocr_line' id='line_1_86' title="bbox 1076 1084 1840 1153; baseline 0.012 -18"><span class='ocrx_word' id='word_1_588' title='bbox 1076 1084 1122 1135; x_wconf 89' lang='lat' dir='ltr'>1.r.</span> <span class='ocrx_word' id='word_1_589' title='bbox 1139 1086 1172 1137; x_wconf 91' lang='lat' dir='ltr'>lu</span> <span class='ocrx_word' id='word_1_590' title='bbox 1190 1085 1346 1153; x_wconf 88' lang='lat' dir='ltr'>praecipuis</span> <span class='ocrx_word' id='word_1_591' title='bbox 1359 1092 1454 1137; x_wconf 81' lang='lat' dir='ltr'>sutem</span> <span class='ocrx_word' id='word_1_592' title='bbox 1469 1086 1697 1153; x_wconf 78' lang='lat' dir='ltr'>medicaminibus</span> <span class='ocrx_word' id='word_1_593' title='bbox 1713 1098 1778 1143; x_wconf 89' lang='lat' dir='ltr'>ruta</span> <span class='ocrx_word' id='word_1_594' title='bbox 1788 1099 1840 1144; x_wconf 84' lang='lat' dir='ltr'>est.</span> 
     </span>
     <span class='ocr_line' id='line_1_87' title="bbox 1041 1152 1872 1219; baseline 0.013 -15"><span class='ocrx_word' id='word_1_595' title='bbox 1041 1154 1160 1207; x_wconf 68' lang='lat' dir='ltr'>latiora</span> <span class='ocrx_word' id='word_1_596' title='bbox 1168 1153 1275 1206; x_wconf 86' lang='lat' dir='ltr'>satirae</span> <span class='ocrx_word' id='word_1_597' title='bbox 1287 1154 1364 1217; x_wconf 85' lang='lat' dir='ltr'>lolia,</span> <span class='ocrx_word' id='word_1_598' title='bbox 1378 1155 1450 1207; x_wconf 91' lang='lat' dir='ltr'>rami</span> <span class='ocrx_word' id='word_1_599' title='bbox 1461 1152 1660 1210; x_wconf 74' lang='lat' dir='ltr'>fruticosiores.</span> <span class='ocrx_word' id='word_1_600' title='bbox 1696 1159 1840 1215; x_wconf 74' lang='lat' dir='ltr'>siluestris</span> <span class='ocrx_word' id='word_1_601' title='bbox 1853 1180 1872 1219; x_wconf 64' lang='lat'>4</span> 
     </span>
     <span class='ocr_line' id='line_1_88' title="bbox 1042 1220 1841 1286; baseline 0.01 -11"><span class='ocrx_word' id='word_1_602' title='bbox 1042 1222 1157 1275; x_wconf 89' lang='lat' dir='ltr'>horrida</span> <span class='ocrx_word' id='word_1_603' title='bbox 1168 1222 1204 1274; x_wconf 92' lang='lat' dir='ltr'>ad</span> <span class='ocrx_word' id='word_1_604' title='bbox 1215 1220 1343 1276; x_wconf 84' lang='lat' dir='ltr'>ellectum</span> <span class='ocrx_word' id='word_1_605' title='bbox 1355 1231 1407 1286; x_wconf 90' lang='lat' dir='ltr'>est,</span> <span class='ocrx_word' id='word_1_606' title='bbox 1419 1232 1447 1276; x_wconf 90' lang='lat' dir='ltr'>et</span> <span class='ocrx_word' id='word_1_607' title='bbox 1459 1225 1493 1276; x_wconf 92' lang='lat' dir='ltr'>ad</span> <span class='ocrx_word' id='word_1_608' title='bbox 1506 1230 1597 1277; x_wconf 84' lang='lat' dir='ltr'>omnia</span> <span class='ocrx_word' id='word_1_609' title='bbox 1608 1230 1705 1280; x_wconf 81' lang='lat' dir='ltr'>aerior.</span> <span class='ocrx_word' id='word_1_610' title='bbox 1734 1228 1841 1284; x_wconf 85' lang='lat' dir='ltr'>Saccus</span> 
     </span>
     <span class='ocr_line' id='line_1_89' title="bbox 1042 1292 1842 1368; baseline 0.008 -21"><span class='ocrx_word' id='word_1_611' title='bbox 1042 1292 1217 1360; x_wconf 84' lang='lat' dir='ltr'>exprimitur,</span> <span class='ocrx_word' id='word_1_612' title='bbox 1230 1300 1294 1344; x_wconf 88' lang='lat' dir='ltr'>tusa</span> <span class='ocrx_word' id='word_1_613' title='bbox 1305 1300 1334 1346; x_wconf 91' lang='lat' dir='ltr'>et</span> <span class='ocrx_word' id='word_1_614' title='bbox 1344 1307 1459 1359; x_wconf 83' lang='lat' dir='ltr'>aspersu</span> <span class='ocrx_word' id='word_1_615' title='bbox 1470 1293 1585 1357; x_wconf 85' lang='lat' dir='ltr'>modice,</span> <span class='ocrx_word' id='word_1_616' title='bbox 1597 1304 1625 1347; x_wconf 89' lang='lat' dir='ltr'>et</span> <span class='ocrx_word' id='word_1_617' title='bbox 1634 1299 1663 1347; x_wconf 91' lang='lat' dir='ltr'>in</span> <span class='ocrx_word' id='word_1_618' title='bbox 1674 1299 1778 1365; x_wconf 84' lang='lat' dir='ltr'>pyxide</span> <span class='ocrx_word' id='word_1_619' title='bbox 1788 1301 1842 1368; x_wconf 83' lang='lat' dir='ltr'>Gy·</span> 
     </span>
     <span class='ocr_line' id='line_1_90' title="bbox 1042 1362 1927 1430; baseline 0.01 -16"><span class='ocrx_word' id='word_1_620' title='bbox 1042 1363 1104 1430; x_wconf 92' lang='lat' dir='ltr'>pria</span> <span class='ocrx_word' id='word_1_621' title='bbox 1113 1368 1282 1414; x_wconf 79' lang='lat' dir='ltr'>asservatur.</span> <span class='ocrx_word' id='word_1_622' title='bbox 1309 1363 1364 1414; x_wconf 84' lang='lat' dir='ltr'>llic</span> <span class='ocrx_word' id='word_1_623' title='bbox 1375 1363 1514 1430; x_wconf 89' lang='lat' dir='ltr'>copiosior</span> <span class='ocrx_word' id='word_1_624' title='bbox 1525 1362 1604 1415; x_wconf 90' lang='lat' dir='ltr'>datus</span> <span class='ocrx_word' id='word_1_625' title='bbox 1616 1367 1713 1420; x_wconf 85' lang='lat' dir='ltr'>veneni</span> <span class='ocrx_word' id='word_1_626' title='bbox 1726 1370 1838 1422; x_wconf 88' lang='lat' dir='ltr'>noxium</span> <span class='ocrx_word' id='word_1_627' title='bbox 1924 1398 1927 1409; x_wconf 81' lang='lat'>.</span> 
     </span>
     <span class='ocr_line' id='line_1_91' title="bbox 1043 1430 1841 1496; baseline 0.009 -11"><span class='ocrx_word' id='word_1_628' title='bbox 1043 1431 1157 1496; x_wconf 88' lang='lat' dir='ltr'>obtinet,</span> <span class='ocrx_word' id='word_1_629' title='bbox 1164 1430 1365 1484; x_wconf 83' lang='lat' dir='ltr'>initlacedonia</span> <span class='ocrx_word' id='word_1_630' title='bbox 1374 1434 1496 1485; x_wconf 89' lang='lat' dir='ltr'>maxime</span> <span class='ocrx_word' id='word_1_631' title='bbox 1507 1434 1585 1485; x_wconf 88' lang='lat' dir='ltr'>iuxta</span> <span class='ocrx_word' id='word_1_632' title='bbox 1595 1431 1695 1488; x_wconf 87' lang='lat' dir='ltr'>flumen</span> <span class='ocrx_word' id='word_1_633' title='bbox 1704 1437 1841 1492; x_wconf 83' lang='lat' dir='ltr'>hliacrao·</span> 
     </span>
     <span class='ocr_line' id='line_1_92' title="bbox 1043 1501 1839 1574; baseline 0.01 -22"><span class='ocrx_word' id='word_1_634' title='bbox 1043 1517 1115 1554; x_wconf 89' lang='lat' dir='ltr'>nenr.</span> <span class='ocrx_word' id='word_1_635' title='bbox 1151 1501 1319 1570; x_wconf 79' lang='lat' dir='ltr'>mirumque,</span> <span class='ocrx_word' id='word_1_636' title='bbox 1329 1502 1438 1554; x_wconf 88' lang='lat' dir='ltr'>cicutae</span> <span class='ocrx_word' id='word_1_637' title='bbox 1448 1518 1533 1555; x_wconf 85' lang='lat' dir='ltr'>succo</span> <span class='ocrx_word' id='word_1_638' title='bbox 1545 1506 1746 1574; x_wconf 78' lang='lat' dir='ltr'>exstinguitur:</span> <span class='ocrx_word' id='word_1_639' title='bbox 1766 1507 1839 1561; x_wconf 85' lang='lat' dir='ltr'>adeo</span> 
     </span>
     <span class='ocr_line' id='line_1_93' title="bbox 1044 1572 1839 1639; baseline 0.008 -16"><span class='ocrx_word' id='word_1_640' title='bbox 1044 1572 1128 1623; x_wconf 90' lang='lat' dir='ltr'>etiam</span> <span class='ocrx_word' id='word_1_641' title='bbox 1139 1585 1307 1625; x_wconf 79' lang='lat' dir='ltr'>uenenorum</span> <span class='ocrx_word' id='word_1_642' title='bbox 1319 1586 1426 1623; x_wconf 80' lang='lat' dir='ltr'>venena</span> <span class='ocrx_word' id='word_1_643' title='bbox 1442 1578 1516 1635; x_wconf 90' lang='lat' dir='ltr'>sunt,</span> <span class='ocrx_word' id='word_1_644' title='bbox 1537 1573 1646 1639; x_wconf 88' lang='lat' dir='ltr'>quaudo</span> <span class='ocrx_word' id='word_1_645' title='bbox 1658 1577 1765 1630; x_wconf 68' lang='lat' dir='ltr'>cieutm</span> <span class='ocrx_word' id='word_1_646' title='bbox 1776 1593 1839 1629; x_wconf 88' lang='lat' dir='ltr'>suc·</span> 
     </span>
     <span class='ocr_line' id='line_1_94' title="bbox 1042 1639 1841 1709; baseline 0.008 -17"><span class='ocrx_word' id='word_1_647' title='bbox 1042 1654 1090 1692; x_wconf 88' lang='lat' dir='ltr'>cus</span> <span class='ocrx_word' id='word_1_648' title='bbox 1110 1640 1225 1707; x_wconf 90' lang='lat' dir='ltr'>prodest</span> <span class='ocrx_word' id='word_1_649' title='bbox 1245 1639 1373 1692; x_wconf 89' lang='lat' dir='ltr'>manibus</span> <span class='ocrx_word' id='word_1_650' title='bbox 1393 1641 1583 1709; x_wconf 88' lang='lat' dir='ltr'>colligentium</span> <span class='ocrx_word' id='word_1_651' title='bbox 1601 1651 1704 1697; x_wconf 85' lang='lat' dir='ltr'>rutam.</span> <span class='ocrx_word' id='word_1_652' title='bbox 1741 1647 1841 1699; x_wconf 84' lang='lat' dir='ltr'>Cetera</span> 
     </span>
     <span class='ocr_line' id='line_1_95' title="bbox 1042 1709 1841 1782; baseline 0.011 -23"><span class='ocrx_word' id='word_1_653' title='bbox 1042 1709 1116 1761; x_wconf 88' lang='lat' dir='ltr'>iuter</span> <span class='ocrx_word' id='word_1_654' title='bbox 1130 1709 1218 1777; x_wconf 89' lang='lat' dir='ltr'>prima</span> <span class='ocrx_word' id='word_1_655' title='bbox 1238 1709 1370 1763; x_wconf 89' lang='lat' dir='ltr'>miscetur</span> <span class='ocrx_word' id='word_1_656' title='bbox 1382 1710 1524 1775; x_wconf 87' lang='lat' dir='ltr'>antidotis,</span> <span class='ocrx_word' id='word_1_657' title='bbox 1544 1712 1746 1782; x_wconf 84' lang='lat' dir='ltr'>praecipueque</span> <span class='ocrx_word' id='word_1_658' title='bbox 1758 1714 1841 1768; x_wconf 85' lang='lat' dir='ltr'>Gala·</span> 
     </span>
     <span class='ocr_line' id='line_1_96' title="bbox 1042 1779 1843 1851; baseline 0.009 -21"><span class='ocrx_word' id='word_1_659' title='bbox 1042 1779 1109 1832; x_wconf 90' lang='lat' dir='ltr'>tica.</span> <span class='ocrx_word' id='word_1_660' title='bbox 1144 1780 1329 1848; x_wconf 78' lang='lat' dir='ltr'>Quaecunque</span> <span class='ocrx_word' id='word_1_661' title='bbox 1341 1785 1433 1832; x_wconf 89' lang='lat' dir='ltr'>autem</span> <span class='ocrx_word' id='word_1_662' title='bbox 1454 1789 1518 1834; x_wconf 89' lang='lat' dir='ltr'>ruta</span> <span class='ocrx_word' id='word_1_663' title='bbox 1529 1788 1558 1833; x_wconf 88' lang='lat' dir='ltr'>at</span> <span class='ocrx_word' id='word_1_664' title='bbox 1570 1796 1620 1848; x_wconf 88' lang='lat' dir='ltr'>per</span> <span class='ocrx_word' id='word_1_665' title='bbox 1629 1798 1660 1836; x_wconf 90' lang='lat' dir='ltr'>se</span> <span class='ocrx_word' id='word_1_666' title='bbox 1673 1799 1723 1851; x_wconf 91' lang='lat' dir='ltr'>pro</span> <span class='ocrx_word' id='word_1_667' title='bbox 1734 1785 1843 1838; x_wconf 88' lang='lat' dir='ltr'>antido·</span> 
     </span>
     <span class='ocr_line' id='line_1_97' title="bbox 1043 1846 1844 1912; baseline 0.01 -12"><span class='ocrx_word' id='word_1_668' title='bbox 1043 1856 1073 1900; x_wconf 95' lang='lat' dir='ltr'>to</span> <span class='ocrx_word' id='word_1_669' title='bbox 1084 1847 1169 1910; x_wconf 81' lang='lat' dir='ltr'>valet,</span> <span class='ocrx_word' id='word_1_670' title='bbox 1182 1846 1257 1899; x_wconf 85' lang='lat' dir='ltr'>iuliis</span> <span class='ocrx_word' id='word_1_671' title='bbox 1268 1850 1354 1912; x_wconf 89' lang='lat' dir='ltr'>tritis,</span> <span class='ocrx_word' id='word_1_672' title='bbox 1368 1855 1396 1901; x_wconf 91' lang='lat' dir='ltr'>et</span> <span class='ocrx_word' id='word_1_673' title='bbox 1409 1863 1443 1901; x_wconf 90' lang='lat' dir='ltr'>ex</span> <span class='ocrx_word' id='word_1_674' title='bbox 1454 1852 1518 1902; x_wconf 83' lang='lat' dir='ltr'>rino</span> <span class='ocrx_word' id='word_1_675' title='bbox 1529 1853 1637 1904; x_wconf 89' lang='lat' dir='ltr'>sumtis.</span> <span class='ocrx_word' id='word_1_676' title='bbox 1666 1855 1771 1907; x_wconf 89' lang='lat' dir='ltr'>Contra</span> <span class='ocrx_word' id='word_1_677' title='bbox 1779 1869 1844 1908; x_wconf 83' lang='lat' dir='ltr'>auu·</span> 
     </span>
     <span class='ocr_line' id='line_1_98' title="bbox 1043 1918 1840 1991; baseline 0.009 -22"><span class='ocrx_word' id='word_1_678' title='bbox 1043 1919 1132 1970; x_wconf 90' lang='lat' dir='ltr'>nitum</span> <span class='ocrx_word' id='word_1_679' title='bbox 1145 1918 1272 1980; x_wconf 86' lang='lat' dir='ltr'>maxime,</span> <span class='ocrx_word' id='word_1_680' title='bbox 1283 1924 1312 1971; x_wconf 87' lang='lat' dir='ltr'>et</span> <span class='ocrx_word' id='word_1_681' title='bbox 1324 1919 1437 1972; x_wconf 83' lang='lat' dir='ltr'>niseum.</span> <span class='ocrx_word' id='word_1_682' title='bbox 1474 1919 1545 1973; x_wconf 87' lang='lat' dir='ltr'>item</span> <span class='ocrx_word' id='word_1_683' title='bbox 1555 1920 1666 1990; x_wconf 83' lang='lat' dir='ltr'>iunges,</span> <span class='ocrx_word' id='word_1_684' title='bbox 1681 1923 1740 1977; x_wconf 84' lang='lat' dir='ltr'>siue</span> <span class='ocrx_word' id='word_1_685' title='bbox 1750 1925 1780 1977; x_wconf 92' lang='lat' dir='ltr'>in</span> <span class='ocrx_word' id='word_1_686' title='bbox 1792 1940 1840 1991; x_wconf 92' lang='lat' dir='ltr'>po-</span> 
     </span>
     <span class='ocr_line' id='line_1_99' title="bbox 1042 1986 1842 2060; baseline 0.009 -20"><span class='ocrx_word' id='word_1_687' title='bbox 1042 1995 1073 2040; x_wconf 93' lang='lat' dir='ltr'>tu</span> <span class='ocrx_word' id='word_1_688' title='bbox 1089 1987 1179 2052; x_wconf 89' lang='lat' dir='ltr'>detur,</span> <span class='ocrx_word' id='word_1_689' title='bbox 1198 1987 1257 2039; x_wconf 89' lang='lat' dir='ltr'>sire</span> <span class='ocrx_word' id='word_1_690' title='bbox 1275 1986 1305 2038; x_wconf 91' lang='lat' dir='ltr'>in</span> <span class='ocrx_word' id='word_1_691' title='bbox 1321 1988 1394 2041; x_wconf 86' lang='lat' dir='ltr'>cibo.</span> <span class='ocrx_word' id='word_1_692' title='bbox 1430 1986 1520 2041; x_wconf 86' lang='lat' dir='ltr'>Simili</span> <span class='ocrx_word' id='word_1_693' title='bbox 1532 1990 1613 2044; x_wconf 90' lang='lat' dir='ltr'>modo</span> <span class='ocrx_word' id='word_1_694' title='bbox 1624 2001 1842 2060; x_wconf 87' lang='lat' dir='ltr'>contrauerpen·</span> 
     </span>
     <span class='ocr_line' id='line_1_100' title="bbox 1043 2056 1871 2125; baseline 0.011 -16"><span class='ocrx_word' id='word_1_695' title='bbox 1043 2058 1114 2110; x_wconf 91' lang='lat' dir='ltr'>tium</span> <span class='ocrx_word' id='word_1_696' title='bbox 1133 2056 1215 2120; x_wconf 89' lang='lat' dir='ltr'>ictus,</span> <span class='ocrx_word' id='word_1_697' title='bbox 1237 2063 1336 2125; x_wconf 85' lang='lat' dir='ltr'>utpote</span> <span class='ocrx_word' id='word_1_698' title='bbox 1356 2073 1418 2113; x_wconf 90' lang='lat' dir='ltr'>cunr</span> <span class='ocrx_word' id='word_1_699' title='bbox 1436 2060 1575 2114; x_wconf 86' lang='lat' dir='ltr'>mustelae</span> <span class='ocrx_word' id='word_1_700' title='bbox 1586 2062 1768 2117; x_wconf 85' lang='lat' dir='ltr'>dimicaturae</span> <span class='ocrx_word' id='word_1_701' title='bbox 1779 2079 1843 2117; x_wconf 87' lang='lat' dir='ltr'>cunr</span> <span class='ocrx_word' id='word_1_702' title='bbox 1867 2078 1871 2085; x_wconf 87' lang='lat'>·</span> 
     </span>
     <span class='ocr_line' id='line_1_101' title="bbox 1042 2127 1842 2194; baseline 0.009 -14"><span class='ocrx_word' id='word_1_703' title='bbox 1042 2128 1095 2190; x_wconf 88' lang='lat' dir='ltr'>his,</span> <span class='ocrx_word' id='word_1_704' title='bbox 1114 2135 1205 2179; x_wconf 85' lang='lat' dir='ltr'>rutam</span> <span class='ocrx_word' id='word_1_705' title='bbox 1217 2127 1292 2194; x_wconf 88' lang='lat' dir='ltr'>prius</span> <span class='ocrx_word' id='word_1_706' title='bbox 1305 2128 1411 2182; x_wconf 86' lang='lat' dir='ltr'>edendo</span> <span class='ocrx_word' id='word_1_707' title='bbox 1422 2144 1453 2183; x_wconf 88' lang='lat' dir='ltr'>se</span> <span class='ocrx_word' id='word_1_708' title='bbox 1464 2131 1598 2183; x_wconf 89' lang='lat' dir='ltr'>muniant.</span> <span class='ocrx_word' id='word_1_709' title='bbox 1628 2131 1729 2186; x_wconf 87' lang='lat' dir='ltr'>Valent</span> <span class='ocrx_word' id='word_1_710' title='bbox 1740 2138 1769 2186; x_wconf 90' lang='lat' dir='ltr'>et</span> <span class='ocrx_word' id='word_1_711' title='bbox 1779 2148 1842 2187; x_wconf 87' lang='lat' dir='ltr'>con·</span> 
     </span>
     <span class='ocr_line' id='line_1_102' title="bbox 1044 2198 1843 2271; baseline 0.011 -22"><span class='ocrx_word' id='word_1_712' title='bbox 1044 2204 1088 2250; x_wconf 85' lang='lat' dir='ltr'>tra</span> <span class='ocrx_word' id='word_1_713' title='bbox 1096 2198 1282 2265; x_wconf 88' lang='lat' dir='ltr'>scorpionum,</span> <span class='ocrx_word' id='word_1_714' title='bbox 1293 2206 1322 2251; x_wconf 90' lang='lat' dir='ltr'>et</span> <span class='ocrx_word' id='word_1_715' title='bbox 1332 2206 1430 2251; x_wconf 89' lang='lat' dir='ltr'>contra</span> <span class='ocrx_word' id='word_1_716' title='bbox 1440 2213 1617 2264; x_wconf 83' lang='lat' dir='ltr'>araneorum,</span> <span class='ocrx_word' id='word_1_717' title='bbox 1629 2203 1843 2271; x_wconf 61' lang='lat' dir='ltr'>sperneremu-</span> 
     </span>
     <span class='ocr_line' id='line_1_103' title="bbox 1043 2269 1843 2334; baseline 0.011 -16"><span class='ocrx_word' id='word_1_718' title='bbox 1043 2281 1119 2329; x_wconf 87' lang='lat' dir='ltr'>uam,</span> <span class='ocrx_word' id='word_1_719' title='bbox 1130 2282 1275 2334; x_wconf 85' lang='lat' dir='ltr'>vesparum</span> <span class='ocrx_word' id='word_1_720' title='bbox 1287 2269 1409 2331; x_wconf 90' lang='lat' dir='ltr'>aculeos,</span> <span class='ocrx_word' id='word_1_721' title='bbox 1424 2274 1453 2321; x_wconf 89' lang='lat' dir='ltr'>et</span> <span class='ocrx_word' id='word_1_722' title='bbox 1464 2269 1652 2334; x_wconf 87' lang='lat' dir='ltr'>cantharidas,</span> <span class='ocrx_word' id='word_1_723' title='bbox 1662 2288 1696 2326; x_wconf 88' lang='lat' dir='ltr'>ac</span> <span class='ocrx_word' id='word_1_724' title='bbox 1706 2274 1843 2326; x_wconf 84' lang='lat' dir='ltr'>salaman·</span> 
     </span>
     <span class='ocr_line' id='line_1_104' title="bbox 1044 2335 1844 2399; baseline 0.01 -12"><span class='ocrx_word' id='word_1_725' title='bbox 1044 2335 1236 2399; x_wconf 79' lang='lat' dir='ltr'>dras,carrisve</span> <span class='ocrx_word' id='word_1_726' title='bbox 1245 2339 1350 2390; x_wconf 87' lang='lat' dir='ltr'>rabiosi</span> <span class='ocrx_word' id='word_1_727' title='bbox 1361 2353 1482 2390; x_wconf 90' lang='lat' dir='ltr'>morsus:</span> <span class='ocrx_word' id='word_1_728' title='bbox 1494 2340 1634 2393; x_wconf 89' lang='lat' dir='ltr'>acetabuli</span> <span class='ocrx_word' id='word_1_729' title='bbox 1644 2355 1770 2395; x_wconf 89' lang='lat' dir='ltr'>mensura</span> <span class='ocrx_word' id='word_1_730' title='bbox 1782 2358 1844 2396; x_wconf 86' lang='lat' dir='ltr'>suu·</span> 
     </span>
     <span class='ocr_line' id='line_1_105' title="bbox 1044 2405 1844 2468; baseline 0.01 -11"><span class='ocrx_word' id='word_1_731' title='bbox 1044 2420 1092 2457; x_wconf 89' lang='lat' dir='ltr'>cus</span> <span class='ocrx_word' id='word_1_732' title='bbox 1108 2419 1123 2456; x_wconf 89' lang='lat' dir='ltr'>e</span> <span class='ocrx_word' id='word_1_733' title='bbox 1141 2406 1206 2456; x_wconf 86' lang='lat' dir='ltr'>rino</span> <span class='ocrx_word' id='word_1_734' title='bbox 1226 2405 1339 2468; x_wconf 87' lang='lat' dir='ltr'>bibitur,</span> <span class='ocrx_word' id='word_1_735' title='bbox 1357 2414 1385 2459; x_wconf 89' lang='lat' dir='ltr'>et</span> <span class='ocrx_word' id='word_1_736' title='bbox 1395 2406 1464 2459; x_wconf 83' lang='lat' dir='ltr'>iulia</span> <span class='ocrx_word' id='word_1_737' title='bbox 1474 2412 1542 2461; x_wconf 85' lang='lat' dir='ltr'>tritu</span> <span class='ocrx_word' id='word_1_738' title='bbox 1557 2409 1602 2463; x_wconf 81' lang='lat' dir='ltr'>rel</span> <span class='ocrx_word' id='word_1_739' title='bbox 1613 2412 1844 2465; x_wconf 79' lang='lat' dir='ltr'>commanducata</span> 
     </span>
     <span class='ocr_line' id='line_1_106' title="bbox 1044 2474 1898 2547; baseline 0.011 -22"><span class='ocrx_word' id='word_1_740' title='bbox 1044 2474 1222 2540; x_wconf 85' lang='lat' dir='ltr'>imponuntur</span> <span class='ocrx_word' id='word_1_741' title='bbox 1232 2490 1292 2525; x_wconf 91' lang='lat' dir='ltr'>cunr</span> <span class='ocrx_word' id='word_1_742' title='bbox 1306 2476 1387 2528; x_wconf 89' lang='lat' dir='ltr'>melle</span> <span class='ocrx_word' id='word_1_743' title='bbox 1398 2484 1426 2528; x_wconf 89' lang='lat' dir='ltr'>et</span> <span class='ocrx_word' id='word_1_744' title='bbox 1437 2477 1506 2540; x_wconf 84' lang='lat' dir='ltr'>sale,</span> <span class='ocrx_word' id='word_1_745' title='bbox 1522 2478 1567 2530; x_wconf 84' lang='lat' dir='ltr'>vel</span> <span class='ocrx_word' id='word_1_746' title='bbox 1578 2494 1639 2530; x_wconf 90' lang='lat' dir='ltr'>cunr</span> <span class='ocrx_word' id='word_1_747' title='bbox 1649 2489 1730 2533; x_wconf 85' lang='lat' dir='ltr'>aceto</span> <span class='ocrx_word' id='word_1_748' title='bbox 1743 2490 1771 2533; x_wconf 88' lang='lat' dir='ltr'>et</span> <span class='ocrx_word' id='word_1_749' title='bbox 1782 2481 1844 2547; x_wconf 85' lang='lat' dir='ltr'>pica</span> <span class='ocrx_word' id='word_1_750' title='bbox 1894 2489 1898 2497; x_wconf 86' lang='lat'>&#39;</span> 
     </span>
     <span class='ocr_line' id='line_1_107' title="bbox 1044 2542 1843 2612; baseline 0.008 -17"><span class='ocrx_word' id='word_1_751' title='bbox 1044 2542 1169 2595; x_wconf 87' lang='lat' dir='ltr'>decocta.</span> <span class='ocrx_word' id='word_1_752' title='bbox 1205 2542 1295 2594; x_wconf 85' lang='lat' dir='ltr'>Succo</span> <span class='ocrx_word' id='word_1_753' title='bbox 1311 2559 1376 2594; x_wconf 84' lang='lat' dir='ltr'>reru</span> <span class='ocrx_word' id='word_1_754' title='bbox 1395 2554 1545 2609; x_wconf 91' lang='lat' dir='ltr'>perunctos</span> <span class='ocrx_word' id='word_1_755' title='bbox 1563 2554 1612 2598; x_wconf 87' lang='lat' dir='ltr'>aut</span> <span class='ocrx_word' id='word_1_756' title='bbox 1626 2561 1686 2599; x_wconf 84' lang='lat' dir='ltr'>cam</span> <span class='ocrx_word' id='word_1_757' title='bbox 1700 2547 1843 2612; x_wconf 83' lang='lat' dir='ltr'>habentes,</span> 
     </span>
     <span class='ocr_line' id='line_1_108' title="bbox 1046 2607 1845 2684; baseline 0.011 -22"><span class='ocrx_word' id='word_1_758' title='bbox 1046 2616 1148 2678; x_wconf 85' lang='lat' dir='ltr'>negant</span> <span class='ocrx_word' id='word_1_759' title='bbox 1158 2607 1239 2661; x_wconf 86' lang='lat' dir='ltr'>leriri</span> <span class='ocrx_word' id='word_1_760' title='bbox 1251 2611 1285 2661; x_wconf 90' lang='lat' dir='ltr'>ab</span> <span class='ocrx_word' id='word_1_761' title='bbox 1297 2608 1339 2662; x_wconf 91' lang='lat' dir='ltr'>his</span> <span class='ocrx_word' id='word_1_762' title='bbox 1352 2611 1507 2666; x_wconf 78' lang='lat' dir='ltr'>maleficiis:</span> <span class='ocrx_word' id='word_1_763' title='bbox 1528 2624 1735 2684; x_wconf 87' lang='lat' dir='ltr'>serpentesque,</span> <span class='ocrx_word' id='word_1_764' title='bbox 1746 2617 1771 2667; x_wconf 90' lang='lat' dir='ltr'>si</span> <span class='ocrx_word' id='word_1_765' title='bbox 1782 2633 1845 2671; x_wconf 90' lang='lat' dir='ltr'>ura·</span> 
     </span>
     <span class='ocr_line' id='line_1_109' title="bbox 1045 2678 1844 2746; baseline 0.01 -15"><span class='ocrx_word' id='word_1_766' title='bbox 1045 2687 1093 2731; x_wconf 93' lang='lat' dir='ltr'>tur</span> <span class='ocrx_word' id='word_1_767' title='bbox 1112 2684 1185 2740; x_wconf 90' lang='lat' dir='ltr'>ruta,</span> <span class='ocrx_word' id='word_1_768' title='bbox 1204 2678 1329 2730; x_wconf 87' lang='lat' dir='ltr'>nidorem</span> <span class='ocrx_word' id='word_1_769' title='bbox 1347 2678 1452 2746; x_wconf 86' lang='lat' dir='ltr'>lugere.</span> <span class='ocrx_word' id='word_1_770' title='bbox 1490 2682 1844 2739; x_wconf 76' lang='lat' dir='ltr'>lillicacissirnutameuest</span> 
     </span>
     <span class='ocr_line' id='line_1_110' title="bbox 1045 2747 1842 2808; baseline 0.01 -8"><span class='ocrx_word' id='word_1_771' title='bbox 1045 2747 1182 2800; x_wconf 77' lang='lat' dir='ltr'>siluestris</span> <span class='ocrx_word' id='word_1_772' title='bbox 1194 2748 1272 2799; x_wconf 90' lang='lat' dir='ltr'>radix</span> <span class='ocrx_word' id='word_1_773' title='bbox 1285 2762 1345 2797; x_wconf 90' lang='lat' dir='ltr'>curn</span> <span class='ocrx_word' id='word_1_774' title='bbox 1359 2751 1420 2799; x_wconf 89' lang='lat' dir='ltr'>rino</span> <span class='ocrx_word' id='word_1_775' title='bbox 1436 2762 1536 2802; x_wconf 88' lang='lat' dir='ltr'>sumta.</span> <span class='ocrx_word' id='word_1_776' title='bbox 1572 2752 1694 2805; x_wconf 75' lang='lat' dir='ltr'>Paridem</span> <span class='ocrx_word' id='word_1_777' title='bbox 1707 2754 1842 2808; x_wconf 85' lang='lat' dir='ltr'>adiiciunt</span> 
     </span>
     <span class='ocr_line' id='line_1_111' title="bbox 1046 2817 1843 2889; baseline 0.008 -18"><span class='ocrx_word' id='word_1_778' title='bbox 1046 2817 1229 2871; x_wconf 81' lang='lat' dir='ltr'>efficaciorem</span> <span class='ocrx_word' id='word_1_779' title='bbox 1240 2831 1301 2868; x_wconf 90' lang='lat' dir='ltr'>esse</span> <span class='ocrx_word' id='word_1_780' title='bbox 1311 2819 1362 2869; x_wconf 89' lang='lat' dir='ltr'>sub</span> <span class='ocrx_word' id='word_1_781' title='bbox 1373 2817 1418 2868; x_wconf 92' lang='lat' dir='ltr'>dio</span> <span class='ocrx_word' id='word_1_782' title='bbox 1430 2826 1533 2884; x_wconf 83' lang='lat' dir='ltr'>potant.</span> <span class='ocrx_word' id='word_1_783' title='bbox 1569 2820 1745 2889; x_wconf 83' lang='lat' dir='ltr'>Pythagoras</span> <span class='ocrx_word' id='word_1_784' title='bbox 1766 2834 1795 2875; x_wconf 86' lang='lat' dir='ltr'>et</span> <span class='ocrx_word' id='word_1_785' title='bbox 1814 2827 1843 2877; x_wconf 92' lang='lat' dir='ltr'>irr</span> 
     </span>
     <span class='ocr_line' id='line_1_112' title="bbox 1046 2885 1880 2955; baseline 0.013 -16"><span class='ocrx_word' id='word_1_786' title='bbox 1046 2886 1098 2939; x_wconf 91' lang='lat' dir='ltr'>hac</span> <span class='ocrx_word' id='word_1_787' title='bbox 1110 2901 1214 2938; x_wconf 87' lang='lat' dir='ltr'>marem</span> <span class='ocrx_word' id='word_1_788' title='bbox 1225 2885 1378 2937; x_wconf 89' lang='lat' dir='ltr'>minoribus</span> <span class='ocrx_word' id='word_1_789' title='bbox 1386 2885 1568 2955; x_wconf 89' lang='lat' dir='ltr'>herbaceique</span> <span class='ocrx_word' id='word_1_790' title='bbox 1578 2890 1680 2943; x_wconf 88' lang='lat' dir='ltr'>coloris</span> <span class='ocrx_word' id='word_1_791' title='bbox 1692 2891 1767 2945; x_wconf 84' lang='lat' dir='ltr'>iuliis</span> <span class='ocrx_word' id='word_1_792' title='bbox 1777 2910 1795 2945; x_wconf 90' lang='lat' dir='ltr'>a</span> <span class='ocrx_word' id='word_1_793' title='bbox 1803 2893 1844 2949; x_wconf 85' lang='lat' dir='ltr'>le·</span> <span class='ocrx_word' id='word_1_794' title='bbox 1874 2938 1880 2949; x_wconf 90' lang='lat'>.</span> 
     </span>
     <span class='ocr_line' id='line_1_113' title="bbox 1044 2955 1843 3019; baseline 0.011 -12"><span class='ocrx_word' id='word_1_795' title='bbox 1044 2956 1119 3008; x_wconf 89' lang='lat' dir='ltr'>mina</span> <span class='ocrx_word' id='word_1_796' title='bbox 1128 2955 1269 3008; x_wconf 87' lang='lat' dir='ltr'>discrerit:</span> <span class='ocrx_word' id='word_1_797' title='bbox 1281 2969 1341 3007; x_wconf 88' lang='lat' dir='ltr'>eam</span> <span class='ocrx_word' id='word_1_798' title='bbox 1353 2955 1516 3009; x_wconf 86' lang='lat' dir='ltr'>laetioribus</span> <span class='ocrx_word' id='word_1_799' title='bbox 1527 2957 1605 3010; x_wconf 82' lang='lat' dir='ltr'>iuliis</span> <span class='ocrx_word' id='word_1_800' title='bbox 1615 2961 1753 3015; x_wconf 89' lang='lat' dir='ltr'>etcolore.</span> <span class='ocrx_word' id='word_1_801' title='bbox 1765 2962 1843 3019; x_wconf 82' lang='lat' dir='ltr'>idem</span> 
     </span>
     <span class='ocr_line' id='line_1_114' title="bbox 1044 3024 1843 3100; baseline 0.008 -20"><span class='ocrx_word' id='word_1_802' title='bbox 1044 3027 1134 3080; x_wconf 84' lang='lat' dir='ltr'>ocutis</span> <span class='ocrx_word' id='word_1_803' title='bbox 1147 3025 1259 3077; x_wconf 86' lang='lat' dir='ltr'>noxiam</span> <span class='ocrx_word' id='word_1_804' title='bbox 1269 3025 1395 3092; x_wconf 81' lang='lat' dir='ltr'>putarit:</span> <span class='ocrx_word' id='word_1_805' title='bbox 1417 3024 1534 3087; x_wconf 78' lang='lat' dir='ltr'>fulsum,</span> <span class='ocrx_word' id='word_1_806' title='bbox 1545 3029 1677 3094; x_wconf 83' lang='lat' dir='ltr'>quoniam</span> <span class='ocrx_word' id='word_1_807' title='bbox 1688 3033 1843 3100; x_wconf 87' lang='lat' dir='ltr'>scalptores</span> 
     </span>
     <span class='ocr_line' id='line_1_115' title="bbox 1044 3093 1844 3165; baseline 0.009 -17"><span class='ocrx_word' id='word_1_808' title='bbox 1044 3103 1072 3149; x_wconf 88' lang='lat' dir='ltr'>et</span> <span class='ocrx_word' id='word_1_809' title='bbox 1084 3098 1208 3164; x_wconf 88' lang='lat' dir='ltr'>pictores</span> <span class='ocrx_word' id='word_1_810' title='bbox 1228 3093 1282 3145; x_wconf 90' lang='lat' dir='ltr'>hoc</span> <span class='ocrx_word' id='word_1_811' title='bbox 1302 3094 1362 3147; x_wconf 90' lang='lat' dir='ltr'>cibo</span> <span class='ocrx_word' id='word_1_812' title='bbox 1382 3101 1497 3147; x_wconf 91' lang='lat' dir='ltr'>utuntur</span> <span class='ocrx_word' id='word_1_813' title='bbox 1511 3099 1656 3151; x_wconf 87' lang='lat' dir='ltr'>oculorum</span> <span class='ocrx_word' id='word_1_814' title='bbox 1667 3116 1759 3165; x_wconf 89' lang='lat' dir='ltr'>causa,</span> <span class='ocrx_word' id='word_1_815' title='bbox 1780 3117 1844 3155; x_wconf 87' lang='lat' dir='ltr'>cum</span> 
     </span>
     <span class='ocr_line' id='line_1_116' title="bbox 1046 3163 1844 3240; baseline 0.01 -22"><span class='ocrx_word' id='word_1_816' title='bbox 1046 3180 1117 3233; x_wconf 90' lang='lat' dir='ltr'>pane</span> <span class='ocrx_word' id='word_1_817' title='bbox 1128 3164 1170 3217; x_wconf 88' lang='lat' dir='ltr'>rel</span> <span class='ocrx_word' id='word_1_818' title='bbox 1181 3163 1334 3216; x_wconf 89' lang='lat' dir='ltr'>nasturtio:</span> <span class='ocrx_word' id='word_1_819' title='bbox 1347 3178 1446 3231; x_wconf 87' lang='lat' dir='ltr'>caprae</span> <span class='ocrx_word' id='word_1_820' title='bbox 1456 3179 1566 3232; x_wconf 86' lang='lat' dir='ltr'>quoque</span> <span class='ocrx_word' id='word_1_821' title='bbox 1575 3166 1720 3223; x_wconf 80' lang='lat' dir='ltr'>silvestres</span> <span class='ocrx_word' id='word_1_822' title='bbox 1730 3177 1844 3240; x_wconf 82' lang='lat' dir='ltr'>propter</span> 
     </span>
     <span class='ocr_line' id='line_1_117' title="bbox 1043 3232 1929 3295; baseline 0.01 -8"><span class='ocrx_word' id='word_1_823' title='bbox 1043 3234 1280 3295; x_wconf 81' lang='lat' dir='ltr'>risunr,utuiunt.</span> <span class='ocrx_word' id='word_1_824' title='bbox 1315 3232 1564 3288; x_wconf 85' lang='lat' dir='ltr'>Multisuccoeius</span> <span class='ocrx_word' id='word_1_825' title='bbox 1581 3240 1642 3289; x_wconf 82' lang='lat' dir='ltr'>eum</span> <span class='ocrx_word' id='word_1_826' title='bbox 1654 3240 1842 3295; x_wconf 74' lang='lat' dir='ltr'>melledttioo</span> <span class='ocrx_word' id='word_1_827' title='bbox 1926 3258 1929 3265; x_wconf 60' lang='lat'><em>&#39;</em></span> 
     </span>
     <span class='ocr_line' id='line_1_118' title="bbox 1043 3302 1841 3371; baseline 0.01 -15"><span class='ocrx_word' id='word_1_828' title='bbox 1043 3304 1150 3356; x_wconf 90' lang='lat' dir='ltr'>inuncti</span> <span class='ocrx_word' id='word_1_829' title='bbox 1161 3302 1499 3371; x_wconf 87' lang='lat' dir='ltr'>discusseruntcaligines,</span> <span class='ocrx_word' id='word_1_830' title='bbox 1510 3305 1551 3356; x_wconf 84' lang='lat' dir='ltr'>rel</span> <span class='ocrx_word' id='word_1_831' title='bbox 1563 3321 1623 3358; x_wconf 88' lang='lat' dir='ltr'>com</span> <span class='ocrx_word' id='word_1_832' title='bbox 1635 3307 1707 3362; x_wconf 89' lang='lat' dir='ltr'>lacte</span> <span class='ocrx_word' id='word_1_833' title='bbox 1718 3310 1841 3364; x_wconf 87' lang='lat' dir='ltr'>mulieris</span> 
     </span>
     <span class='ocr_line' id='line_1_119' title="bbox 1044 3372 1843 3443; baseline 0.009 -17"><span class='ocrx_word' id='word_1_834' title='bbox 1044 3388 1158 3441; x_wconf 89' lang='lat' dir='ltr'>puerum</span> <span class='ocrx_word' id='word_1_835' title='bbox 1170 3372 1277 3435; x_wconf 88' lang='lat' dir='ltr'>enixae,</span> <span class='ocrx_word' id='word_1_836' title='bbox 1292 3372 1335 3424; x_wconf 87' lang='lat' dir='ltr'>vel</span> <span class='ocrx_word' id='word_1_837' title='bbox 1348 3386 1417 3440; x_wconf 90' lang='lat' dir='ltr'>puro</span> <span class='ocrx_word' id='word_1_838' title='bbox 1430 3388 1514 3426; x_wconf 87' lang='lat' dir='ltr'>succo</span> <span class='ocrx_word' id='word_1_839' title='bbox 1524 3377 1633 3443; x_wconf 86' lang='lat' dir='ltr'>angulis</span> <span class='ocrx_word' id='word_1_840' title='bbox 1646 3378 1788 3432; x_wconf 88' lang='lat' dir='ltr'>oculorum</span> <span class='ocrx_word' id='word_1_841' title='bbox 1802 3387 1843 3433; x_wconf 88' lang='lat' dir='ltr'>ta·</span> 
     </span>
     <span class='ocr_line' id='line_1_120' title="bbox 1044 3440 1842 3511; baseline 0.008 -16"><span class='ocrx_word' id='word_1_842' title='bbox 1044 3446 1105 3495; x_wconf 87' lang='lat' dir='ltr'>ctis.</span> <span class='ocrx_word' id='word_1_843' title='bbox 1140 3440 1298 3508; x_wconf 85' lang='lat' dir='ltr'>Epiphoras</span> <span class='ocrx_word' id='word_1_844' title='bbox 1316 3456 1377 3493; x_wconf 89' lang='lat' dir='ltr'>cam</span> <span class='ocrx_word' id='word_1_845' title='bbox 1391 3443 1503 3510; x_wconf 91' lang='lat' dir='ltr'>polenta</span> <span class='ocrx_word' id='word_1_846' title='bbox 1513 3445 1646 3511; x_wconf 87' lang='lat' dir='ltr'>imposita</span> <span class='ocrx_word' id='word_1_847' title='bbox 1655 3446 1736 3501; x_wconf 89' lang='lat' dir='ltr'>lenit.</span> <span class='ocrx_word' id='word_1_848' title='bbox 1773 3450 1842 3504; x_wconf 87' lang='lat' dir='ltr'>ltera</span> 
     </span>
     <span class='ocr_line' id='line_1_121' title="bbox 1043 3510 1843 3578; baseline 0.009 -14"><span class='ocrx_word' id='word_1_849' title='bbox 1043 3512 1144 3578; x_wconf 88' lang='lat' dir='ltr'>capitis</span> <span class='ocrx_word' id='word_1_850' title='bbox 1156 3510 1266 3563; x_wconf 91' lang='lat' dir='ltr'>dolores</span> <span class='ocrx_word' id='word_1_851' title='bbox 1275 3516 1343 3576; x_wconf 90' lang='lat' dir='ltr'>pota</span> <span class='ocrx_word' id='word_1_852' title='bbox 1352 3526 1413 3563; x_wconf 89' lang='lat' dir='ltr'>cunr</span> <span class='ocrx_word' id='word_1_853' title='bbox 1425 3514 1498 3578; x_wconf 85' lang='lat' dir='ltr'>rino,</span> <span class='ocrx_word' id='word_1_854' title='bbox 1510 3521 1558 3566; x_wconf 89' lang='lat' dir='ltr'>aut</span> <span class='ocrx_word' id='word_1_855' title='bbox 1566 3529 1626 3566; x_wconf 87' lang='lat' dir='ltr'>cum</span> <span class='ocrx_word' id='word_1_856' title='bbox 1638 3524 1718 3569; x_wconf 87' lang='lat' dir='ltr'>aceto</span> <span class='ocrx_word' id='word_1_857' title='bbox 1729 3528 1758 3570; x_wconf 90' lang='lat' dir='ltr'>et</span> <span class='ocrx_word' id='word_1_858' title='bbox 1768 3533 1843 3571; x_wconf 85' lang='lat' dir='ltr'>rusa·</span> 
     </span>
     <span class='ocr_line' id='line_1_122' title="bbox 1045 3580 1844 3649; baseline 0.009 -15"><span class='ocrx_word' id='word_1_859' title='bbox 1045 3596 1094 3634; x_wconf 90' lang='lat' dir='ltr'>ceo</span> <span class='ocrx_word' id='word_1_860' title='bbox 1106 3580 1188 3633; x_wconf 86' lang='lat' dir='ltr'>illitu.</span> <span class='ocrx_word' id='word_1_861' title='bbox 1224 3580 1255 3634; x_wconf 92' lang='lat' dir='ltr'>Si</span> <span class='ocrx_word' id='word_1_862' title='bbox 1266 3580 1376 3633; x_wconf 78' lang='lat' dir='ltr'>recusit</span> <span class='ocrx_word' id='word_1_863' title='bbox 1387 3581 1545 3649; x_wconf 76' lang='lat' dir='ltr'>cephalaea,</span> <span class='ocrx_word' id='word_1_864' title='bbox 1556 3600 1616 3636; x_wconf 91' lang='lat' dir='ltr'>cum</span> <span class='ocrx_word' id='word_1_865' title='bbox 1626 3584 1718 3639; x_wconf 78' lang='lat' dir='ltr'>farina</span> <span class='ocrx_word' id='word_1_866' title='bbox 1729 3585 1844 3641; x_wconf 86' lang='lat' dir='ltr'>hordea·</span> 
     </span>
     <span class='ocr_line' id='line_1_123' title="bbox 1046 3651 1844 3718; baseline 0.008 -14"><span class='ocrx_word' id='word_1_867' title='bbox 1046 3667 1104 3712; x_wconf 86' lang='lat' dir='ltr'>ceu,</span> <span class='ocrx_word' id='word_1_868' title='bbox 1115 3657 1143 3702; x_wconf 90' lang='lat' dir='ltr'>et</span> <span class='ocrx_word' id='word_1_869' title='bbox 1154 3656 1243 3702; x_wconf 86' lang='lat' dir='ltr'>aceto.</span> <span class='ocrx_word' id='word_1_870' title='bbox 1281 3651 1386 3704; x_wconf 81' lang='lat' dir='ltr'>lisdem</span> <span class='ocrx_word' id='word_1_871' title='bbox 1398 3652 1551 3706; x_wconf 89' lang='lat' dir='ltr'>cruditates</span> <span class='ocrx_word' id='word_1_872' title='bbox 1563 3655 1686 3718; x_wconf 88' lang='lat' dir='ltr'>discutit,</span> <span class='ocrx_word' id='word_1_873' title='bbox 1693 3671 1758 3709; x_wconf 90' lang='lat' dir='ltr'>mox</span> <span class='ocrx_word' id='word_1_874' title='bbox 1767 3656 1844 3710; x_wconf 84' lang='lat' dir='ltr'>iulis·</span> 
     </span>
     <span class='ocr_line' id='line_1_124' title="bbox 1045 3719 1842 3794; baseline 0.009 -22"><span class='ocrx_word' id='word_1_875' title='bbox 1045 3722 1150 3782; x_wconf 89' lang='lat' dir='ltr'>tiones,</span> <span class='ocrx_word' id='word_1_876' title='bbox 1173 3719 1286 3772; x_wconf 91' lang='lat' dir='ltr'>dolores</span> <span class='ocrx_word' id='word_1_877' title='bbox 1304 3719 1441 3773; x_wconf 89' lang='lat' dir='ltr'>stomachi</span> <span class='ocrx_word' id='word_1_878' title='bbox 1461 3730 1579 3776; x_wconf 75' lang='lat' dir='ltr'>veteres.</span> <span class='ocrx_word' id='word_1_879' title='bbox 1615 3724 1721 3778; x_wconf 79' lang='lat' dir='ltr'>Valvas</span> <span class='ocrx_word' id='word_1_880' title='bbox 1741 3726 1842 3794; x_wconf 85' lang='lat' dir='ltr'>aperit,</span> 
     </span>
     <span class='ocr_line' id='line_1_125' title="bbox 1045 3790 1843 3858; baseline 0.006 -15"><span class='ocrx_word' id='word_1_881' title='bbox 1045 3790 1215 3858; x_wconf 87' lang='lat' dir='ltr'>corrigitque</span> <span class='ocrx_word' id='word_1_882' title='bbox 1226 3803 1381 3853; x_wconf 71' lang='lat' dir='ltr'>conversas,</span> <span class='ocrx_word' id='word_1_883' title='bbox 1401 3791 1476 3843; x_wconf 90' lang='lat' dir='ltr'>illita</span> <span class='ocrx_word' id='word_1_884' title='bbox 1487 3793 1515 3842; x_wconf 92' lang='lat' dir='ltr'>ia</span> <span class='ocrx_word' id='word_1_885' title='bbox 1527 3791 1618 3856; x_wconf 90' lang='lat' dir='ltr'>melle,</span> <span class='ocrx_word' id='word_1_886' title='bbox 1630 3798 1692 3846; x_wconf 88' lang='lat' dir='ltr'>tuto</span> <span class='ocrx_word' id='word_1_887' title='bbox 1705 3803 1802 3848; x_wconf 81' lang='lat' dir='ltr'>ventre</span> <span class='ocrx_word' id='word_1_888' title='bbox 1813 3802 1843 3847; x_wconf 89' lang='lat' dir='ltr'>et</span> 
     </span>
     <span class='ocr_line' id='line_1_126' title="bbox 1045 3860 1842 3928; baseline 0.005 -15"><span class='ocrx_word' id='word_1_889' title='bbox 1045 3868 1166 3928; x_wconf 87' lang='lat' dir='ltr'>pectore.</span> <span class='ocrx_word' id='word_1_890' title='bbox 1203 3860 1374 3927; x_wconf 84' lang='lat' dir='ltr'>ilydrnpicis</span> <span class='ocrx_word' id='word_1_891' title='bbox 1386 3876 1445 3913; x_wconf 90' lang='lat' dir='ltr'>cunr</span> <span class='ocrx_word' id='word_1_892' title='bbox 1465 3862 1527 3926; x_wconf 83' lang='lat' dir='ltr'>rico,</span> <span class='ocrx_word' id='word_1_893' title='bbox 1546 3869 1574 3913; x_wconf 89' lang='lat' dir='ltr'>et</span> <span class='ocrx_word' id='word_1_894' title='bbox 1589 3862 1704 3916; x_wconf 89' lang='lat' dir='ltr'>decocta</span> <span class='ocrx_word' id='word_1_895' title='bbox 1714 3864 1749 3915; x_wconf 91' lang='lat' dir='ltr'>ad</span> <span class='ocrx_word' id='word_1_896' title='bbox 1762 3865 1842 3917; x_wconf 89' lang='lat' dir='ltr'>dimi·</span> 
     </span>
     <span class='ocr_line' id='line_1_127' title="bbox 1045 3929 1843 4000; baseline 0.006 -18"><span class='ocrx_word' id='word_1_897' title='bbox 1045 3929 1107 3982; x_wconf 89' lang='lat' dir='ltr'>dias</span> <span class='ocrx_word' id='word_1_898' title='bbox 1123 3935 1225 3996; x_wconf 87' lang='lat' dir='ltr'>partes,</span> <span class='ocrx_word' id='word_1_899' title='bbox 1246 3936 1366 3996; x_wconf 88' lang='lat' dir='ltr'>potaque</span> <span class='ocrx_word' id='word_1_900' title='bbox 1382 3945 1416 3983; x_wconf 89' lang='lat' dir='ltr'>ex</span> <span class='ocrx_word' id='word_1_901' title='bbox 1427 3930 1499 3983; x_wconf 85' lang='lat' dir='ltr'>vino.</span> <span class='ocrx_word' id='word_1_902' title='bbox 1535 3931 1584 3984; x_wconf 88' lang='lat' dir='ltr'>Sic</span> <span class='ocrx_word' id='word_1_903' title='bbox 1594 3931 1700 3985; x_wconf 91' lang='lat' dir='ltr'>bibitur</span> <span class='ocrx_word' id='word_1_904' title='bbox 1710 3940 1738 3984; x_wconf 89' lang='lat' dir='ltr'>et</span> <span class='ocrx_word' id='word_1_905' title='bbox 1749 3933 1785 3985; x_wconf 90' lang='lat' dir='ltr'>ad</span> <span class='ocrx_word' id='word_1_906' title='bbox 1796 3949 1843 4000; x_wconf 87' lang='lat' dir='ltr'>ps·</span> 
     </span>
     <span class='ocr_line' id='line_1_128' title="bbox 1045 3997 1843 4067; baseline 0.004 -17"><span class='ocrx_word' id='word_1_907' title='bbox 1045 3999 1131 4050; x_wconf 88' lang='lat' dir='ltr'>ctoris</span> <span class='ocrx_word' id='word_1_908' title='bbox 1144 3997 1266 4060; x_wconf 90' lang='lat' dir='ltr'>dolores,</span> <span class='ocrx_word' id='word_1_909' title='bbox 1277 3997 1449 4067; x_wconf 86' lang='lat' dir='ltr'>laterumque</span> <span class='ocrx_word' id='word_1_910' title='bbox 1465 4008 1493 4052; x_wconf 89' lang='lat' dir='ltr'>et</span> <span class='ocrx_word' id='word_1_911' title='bbox 1505 3999 1673 4062; x_wconf 88' lang='lat' dir='ltr'>lumborum,</span> <span class='ocrx_word' id='word_1_912' title='bbox 1682 4007 1783 4063; x_wconf 90' lang='lat' dir='ltr'>tusses,</span> <span class='ocrx_word' id='word_1_913' title='bbox 1799 4016 1843 4053; x_wconf 86' lang='lat' dir='ltr'>arr·</span> 
     </span>
     <span class='ocr_line' id='line_1_129' title="bbox 1045 4067 1840 4135; baseline 0.003 -17"><span class='ocrx_word' id='word_1_914' title='bbox 1045 4068 1145 4135; x_wconf 85' lang='lat' dir='ltr'>spiriu:</span> <span class='ocrx_word' id='word_1_915' title='bbox 1164 4068 1332 4133; x_wconf 89' lang='lat' dir='ltr'>pulmonum,</span> <span class='ocrx_word' id='word_1_916' title='bbox 1355 4069 1519 4131; x_wconf 88' lang='lat' dir='ltr'>iocinerum,</span> <span class='ocrx_word' id='word_1_917' title='bbox 1538 4068 1723 4130; x_wconf 76' lang='lat' dir='ltr'>conuertitis,</span> <span class='ocrx_word' id='word_1_918' title='bbox 1742 4067 1840 4120; x_wconf 87' lang='lat' dir='ltr'>horru-</span> 
     </span>
     <span class='ocr_line' id='line_1_130' title="bbox 1045 4134 1844 4203; baseline 0.003 -16"><span class='ocrx_word' id='word_1_919' title='bbox 1045 4136 1228 4203; x_wconf 85' lang='lat' dir='ltr'>resirigidos.</span> <span class='ocrx_word' id='word_1_920' title='bbox 1263 4134 1303 4187; x_wconf 82' lang='lat' dir='ltr'>rid</span> <span class='ocrx_word' id='word_1_921' title='bbox 1316 4137 1446 4203; x_wconf 87' lang='lat' dir='ltr'>crapulae</span> <span class='ocrx_word' id='word_1_922' title='bbox 1467 4138 1630 4203; x_wconf 80' lang='lat' dir='ltr'>gravedines</span> <span class='ocrx_word' id='word_1_923' title='bbox 1651 4137 1844 4203; x_wconf 84' lang='lat' dir='ltr'>decoquuntur</span> 
     </span>
     <span class='ocr_line' id='line_1_131' title="bbox 1046 4204 1844 4270; baseline 0.005 -15"><span class='ocrx_word' id='word_1_924' title='bbox 1046 4204 1115 4256; x_wconf 80' lang='lat' dir='ltr'>iulia</span> <span class='ocrx_word' id='word_1_925' title='bbox 1126 4207 1240 4270; x_wconf 88' lang='lat' dir='ltr'>poturis.</span> <span class='ocrx_word' id='word_1_926' title='bbox 1275 4206 1312 4256; x_wconf 84' lang='lat' dir='ltr'>Et</span> <span class='ocrx_word' id='word_1_927' title='bbox 1323 4205 1351 4256; x_wconf 90' lang='lat' dir='ltr'>in</span> <span class='ocrx_word' id='word_1_928' title='bbox 1362 4206 1424 4257; x_wconf 88' lang='lat' dir='ltr'>cibo</span> <span class='ocrx_word' id='word_1_929' title='bbox 1437 4206 1481 4258; x_wconf 83' lang='lat' dir='ltr'>rel</span> <span class='ocrx_word' id='word_1_930' title='bbox 1492 4208 1587 4268; x_wconf 89' lang='lat' dir='ltr'>cruda,</span> <span class='ocrx_word' id='word_1_931' title='bbox 1598 4207 1641 4259; x_wconf 86' lang='lat' dir='ltr'>rel</span> <span class='ocrx_word' id='word_1_932' title='bbox 1653 4204 1770 4258; x_wconf 85' lang='lat' dir='ltr'>decocta</span> <span class='ocrx_word' id='word_1_933' title='bbox 1780 4220 1844 4259; x_wconf 83' lang='lat' dir='ltr'>coa·</span> 
     </span>
     <span class='ocr_line' id='line_1_132' title="bbox 1046 4273 1841 4341; baseline 0.006 -17"><span class='ocrx_word' id='word_1_934' title='bbox 1046 4273 1138 4324; x_wconf 88' lang='lat' dir='ltr'>ditare</span> <span class='ocrx_word' id='word_1_935' title='bbox 1150 4273 1273 4339; x_wconf 89' lang='lat' dir='ltr'>prodest.</span> <span class='ocrx_word' id='word_1_936' title='bbox 1309 4275 1378 4326; x_wconf 89' lang='lat' dir='ltr'>ltenr</span> <span class='ocrx_word' id='word_1_937' title='bbox 1393 4275 1560 4327; x_wconf 90' lang='lat' dir='ltr'>torminibus</span> <span class='ocrx_word' id='word_1_938' title='bbox 1573 4274 1602 4326; x_wconf 91' lang='lat' dir='ltr'>in</span> <span class='ocrx_word' id='word_1_939' title='bbox 1623 4273 1747 4341; x_wconf 82' lang='lat' dir='ltr'>hyssopo</span> <span class='ocrx_word' id='word_1_940' title='bbox 1759 4273 1841 4329; x_wconf 81' lang='lat' dir='ltr'>deco·</span> 
     </span>
     <span class='ocr_line' id='line_1_133' title="bbox 1046 4341 1843 4409; baseline 0.006 -17"><span class='ocrx_word' id='word_1_941' title='bbox 1046 4348 1099 4402; x_wconf 88' lang='lat' dir='ltr'>cta,</span> <span class='ocrx_word' id='word_1_942' title='bbox 1112 4349 1141 4392; x_wconf 90' lang='lat' dir='ltr'>et</span> <span class='ocrx_word' id='word_1_943' title='bbox 1153 4356 1212 4392; x_wconf 92' lang='lat' dir='ltr'>cum</span> <span class='ocrx_word' id='word_1_944' title='bbox 1227 4341 1299 4393; x_wconf 88' lang='lat' dir='ltr'>rino.</span> <span class='ocrx_word' id='word_1_945' title='bbox 1312 4343 1357 4394; x_wconf 87' lang='lat' dir='ltr'>Sia</span> <span class='ocrx_word' id='word_1_946' title='bbox 1368 4349 1396 4394; x_wconf 92' lang='lat' dir='ltr'>et</span> <span class='ocrx_word' id='word_1_947' title='bbox 1407 4344 1571 4408; x_wconf 82' lang='lat' dir='ltr'>sanguinem</span> <span class='ocrx_word' id='word_1_948' title='bbox 1582 4344 1660 4395; x_wconf 88' lang='lat' dir='ltr'>sistit</span> <span class='ocrx_word' id='word_1_949' title='bbox 1669 4344 1843 4409; x_wconf 84' lang='lat' dir='ltr'>interiorem,</span> 
     </span>
     <span class='ocr_line' id='line_1_134' title="bbox 1046 4410 1843 4480; baseline 0.003 -17"><span class='ocrx_word' id='word_1_950' title='bbox 1046 4418 1075 4463; x_wconf 90' lang='lat' dir='ltr'>et</span> <span class='ocrx_word' id='word_1_951' title='bbox 1095 4411 1202 4462; x_wconf 89' lang='lat' dir='ltr'>narium</span> <span class='ocrx_word' id='word_1_952' title='bbox 1223 4410 1327 4462; x_wconf 87' lang='lat' dir='ltr'>indita:</span> <span class='ocrx_word' id='word_1_953' title='bbox 1348 4411 1430 4463; x_wconf 88' lang='lat' dir='ltr'>sicet</span> <span class='ocrx_word' id='word_1_954' title='bbox 1442 4412 1553 4464; x_wconf 87' lang='lat' dir='ltr'>collutis</span> <span class='ocrx_word' id='word_1_955' title='bbox 1568 4411 1698 4465; x_wconf 91' lang='lat' dir='ltr'>dentibus</span> <span class='ocrx_word' id='word_1_956' title='bbox 1720 4412 1843 4480; x_wconf 86' lang='lat' dir='ltr'>prodest.</span> 
     </span>
     <span class='ocr_line' id='line_1_135' title="bbox 1046 4479 1841 4546; baseline 0.004 -14"><span class='ocrx_word' id='word_1_957' title='bbox 1046 4481 1165 4532; x_wconf 79' lang='lat' dir='ltr'>Auribus</span> <span class='ocrx_word' id='word_1_958' title='bbox 1195 4494 1285 4545; x_wconf 89' lang='lat' dir='ltr'>uoque</span> <span class='ocrx_word' id='word_1_959' title='bbox 1296 4482 1324 4530; x_wconf 92' lang='lat' dir='ltr'>in</span> <span class='ocrx_word' id='word_1_960' title='bbox 1337 4479 1433 4533; x_wconf 89' lang='lat' dir='ltr'>dolore</span> <span class='ocrx_word' id='word_1_961' title='bbox 1443 4496 1543 4534; x_wconf 90' lang='lat' dir='ltr'>succus</span> <span class='ocrx_word' id='word_1_962' title='bbox 1553 4481 1725 4546; x_wconf 79' lang='lat' dir='ltr'>infunditur,</span> <span class='ocrx_word' id='word_1_963' title='bbox 1746 4488 1841 4535; x_wconf 86' lang='lat' dir='ltr'>custo·</span> 
     </span>
     <span class='ocr_line' id='line_1_136' title="bbox 1046 4495 1844 4614; baseline 0.003 -13"><span class='ocrx_word' id='word_1_964' title='bbox 1046 4549 1116 4613; x_wconf 92' lang='lat' dir='ltr'>dito,</span> <span class='ocrx_word' id='word_1_965' title='bbox 1137 4495 1307 4611; x_wconf 61' lang='lat' dir='ltr'>utSisimus,</span> <span class='ocrx_word' id='word_1_966' title='bbox 1328 4550 1421 4614; x_wconf 91' lang='lat' dir='ltr'>modo,</span> <span class='ocrx_word' id='word_1_967' title='bbox 1432 4550 1460 4602; x_wconf 88' lang='lat' dir='ltr'>in</span> <span class='ocrx_word' id='word_1_968' title='bbox 1472 4551 1602 4604; x_wconf 83' lang='lat' dir='ltr'>silvestri.</span> <span class='ocrx_word' id='word_1_969' title='bbox 1641 4551 1844 4604; x_wconf 82' lang='lat' dir='ltr'>Castratardl·</span> 
     </span>
     <span class='ocr_line' id='line_1_137' title="bbox 1045 4619 1840 4688; baseline -0.001 -15"><span class='ocrx_word' id='word_1_970' title='bbox 1045 4626 1132 4673; x_wconf 88' lang='lat' dir='ltr'>tatem</span> <span class='ocrx_word' id='word_1_971' title='bbox 1145 4635 1210 4672; x_wconf 82' lang='lat' dir='ltr'>vero</span> <span class='ocrx_word' id='word_1_972' title='bbox 1222 4619 1407 4688; x_wconf 88' lang='lat' dir='ltr'>sonitumque,</span> <span class='ocrx_word' id='word_1_973' title='bbox 1429 4634 1491 4672; x_wconf 91' lang='lat' dir='ltr'>cum</span> <span class='ocrx_word' id='word_1_974' title='bbox 1502 4635 1630 4683; x_wconf 88' lang='lat' dir='ltr'>rosaceo,</span> <span class='ocrx_word' id='word_1_975' title='bbox 1650 4622 1693 4673; x_wconf 84' lang='lat' dir='ltr'>rel</span> <span class='ocrx_word' id='word_1_976' title='bbox 1706 4638 1767 4675; x_wconf 90' lang='lat' dir='ltr'>cum</span> <span class='ocrx_word' id='word_1_977' title='bbox 1780 4621 1840 4674; x_wconf 87' lang='lat' dir='ltr'>lau·</span> 
     </span>
     <span class='ocr_line' id='line_1_138' title="bbox 1046 4689 1841 4757; baseline 0 -15"><span class='ocrx_word' id='word_1_978' title='bbox 1046 4705 1094 4743; x_wconf 89' lang='lat' dir='ltr'>reo</span> <span class='ocrx_word' id='word_1_979' title='bbox 1105 4690 1178 4753; x_wconf 81' lang='lat' dir='ltr'>rrleo,</span> <span class='ocrx_word' id='word_1_980' title='bbox 1200 4695 1248 4740; x_wconf 91' lang='lat' dir='ltr'>aut</span> <span class='ocrx_word' id='word_1_981' title='bbox 1260 4690 1370 4741; x_wconf 86' lang='lat' dir='ltr'>cunrirro</span> <span class='ocrx_word' id='word_1_982' title='bbox 1381 4696 1409 4741; x_wconf 92' lang='lat' dir='ltr'>et</span> <span class='ocrx_word' id='word_1_983' title='bbox 1420 4689 1511 4742; x_wconf 88' lang='lat' dir='ltr'>melle.</span> <span class='ocrx_word' id='word_1_984' title='bbox 1547 4690 1651 4745; x_wconf 85' lang='lat' dir='ltr'>Saccus</span> <span class='ocrx_word' id='word_1_985' title='bbox 1662 4698 1691 4742; x_wconf 90' lang='lat' dir='ltr'>et</span> <span class='ocrx_word' id='word_1_986' title='bbox 1703 4689 1841 4757; x_wconf 84' lang='lat' dir='ltr'>phreneti-</span> 
     </span>
     <span class='ocr_line' id='line_1_139' title="bbox 1046 4758 1841 4818; baseline 0 -7"><span class='ocrx_word' id='word_1_987' title='bbox 1046 4760 1086 4812; x_wconf 88' lang='lat' dir='ltr'>cis</span> <span class='ocrx_word' id='word_1_988' title='bbox 1097 4774 1129 4811; x_wconf 87' lang='lat' dir='ltr'>ex</span> <span class='ocrx_word' id='word_1_989' title='bbox 1139 4758 1312 4811; x_wconf 84' lang='lat' dir='ltr'>aretotritae</span> <span class='ocrx_word' id='word_1_990' title='bbox 1319 4759 1472 4811; x_wconf 88' lang='lat' dir='ltr'>instillatur</span> <span class='ocrx_word' id='word_1_991' title='bbox 1481 4760 1643 4818; x_wconf 84' lang='lat' dir='ltr'>intempora</span> <span class='ocrx_word' id='word_1_992' title='bbox 1651 4768 1679 4813; x_wconf 89' lang='lat' dir='ltr'>et</span> <span class='ocrx_word' id='word_1_993' title='bbox 1689 4762 1841 4813; x_wconf 84' lang='lat' dir='ltr'>cerebrum.</span> 
     </span>
     <span class='ocr_line' id='line_1_140' title="bbox 1045 4828 1843 4897; baseline 0.001 -17"><span class='ocrx_word' id='word_1_994' title='bbox 1045 4828 1312 4894; x_wconf 73' lang='lat' dir='ltr'>Adieceruntaliqui</span> <span class='ocrx_word' id='word_1_995' title='bbox 1322 4835 1350 4881; x_wconf 89' lang='lat' dir='ltr'>et</span> <span class='ocrx_word' id='word_1_996' title='bbox 1360 4830 1521 4897; x_wconf 86' lang='lat' dir='ltr'>serpyllum,</span> <span class='ocrx_word' id='word_1_997' title='bbox 1532 4836 1561 4884; x_wconf 87' lang='lat' dir='ltr'>st</span> <span class='ocrx_word' id='word_1_998' title='bbox 1572 4829 1691 4892; x_wconf 87' lang='lat' dir='ltr'>laurum,</span> <span class='ocrx_word' id='word_1_999' title='bbox 1702 4830 1843 4885; x_wconf 84' lang='lat' dir='ltr'>illincntes</span> 
     </span>
     <span class='ocr_line' id='line_1_141' title="bbox 1046 4897 1842 4967; baseline -0.003 -14"><span class='ocrx_word' id='word_1_1000' title='bbox 1046 4899 1150 4965; x_wconf 87' lang='lat' dir='ltr'>capita,</span> <span class='ocrx_word' id='word_1_1001' title='bbox 1171 4904 1199 4950; x_wconf 89' lang='lat' dir='ltr'>et</span> <span class='ocrx_word' id='word_1_1002' title='bbox 1219 4898 1301 4949; x_wconf 87' lang='lat' dir='ltr'>colla.</span> <span class='ocrx_word' id='word_1_1003' title='bbox 1337 4897 1480 4951; x_wconf 88' lang='lat' dir='ltr'>Dederunt</span> <span class='ocrx_word' id='word_1_1004' title='bbox 1497 4906 1526 4952; x_wconf 85' lang='lat' dir='ltr'>et</span> <span class='ocrx_word' id='word_1_1005' title='bbox 1545 4898 1707 4967; x_wconf 84' lang='lat' dir='ltr'>lethargicis</span> <span class='ocrx_word' id='word_1_1006' title='bbox 1717 4916 1752 4953; x_wconf 87' lang='lat' dir='ltr'>ex</span> <span class='ocrx_word' id='word_1_1007' title='bbox 1762 4908 1842 4953; x_wconf 80' lang='lat' dir='ltr'>aceto</span> 
     </span>
     <span class='ocr_line' id='line_1_142' title="bbox 1047 4966 1842 5023; baseline 0 -2"><span class='ocrx_word' id='word_1_1008' title='bbox 1047 4966 1245 5021; x_wconf 79' lang='lat' dir='ltr'>olfaciendum.</span> <span class='ocrx_word' id='word_1_1009' title='bbox 1281 4966 1426 5020; x_wconf 88' lang='lat' dir='ltr'>Dederunt</span> <span class='ocrx_word' id='word_1_1010' title='bbox 1443 4976 1472 5022; x_wconf 90' lang='lat' dir='ltr'>et</span> <span class='ocrx_word' id='word_1_1011' title='bbox 1483 4967 1674 5022; x_wconf 88' lang='lat' dir='ltr'>comitialibus</span> <span class='ocrx_word' id='word_1_1012' title='bbox 1695 4968 1842 5023; x_wconf 80' lang='lat' dir='ltr'>bibendum</span> 
     </span>
     <span class='ocr_line' id='line_1_143' title="bbox 1047 5037 1844 5107; baseline -0.001 -16"><span class='ocrx_word' id='word_1_1013' title='bbox 1047 5038 1178 5091; x_wconf 86' lang='lat' dir='ltr'>decoctae</span> <span class='ocrx_word' id='word_1_1014' title='bbox 1200 5052 1312 5088; x_wconf 90' lang='lat' dir='ltr'>succum</span> <span class='ocrx_word' id='word_1_1015' title='bbox 1333 5038 1360 5088; x_wconf 94' lang='lat' dir='ltr'>in</span> <span class='ocrx_word' id='word_1_1016' title='bbox 1374 5037 1484 5106; x_wconf 87' lang='lat' dir='ltr'>cyathis</span> <span class='ocrx_word' id='word_1_1017' title='bbox 1504 5046 1623 5107; x_wconf 91' lang='lat' dir='ltr'>quatuor</span> <span class='ocrx_word' id='word_1_1018' title='bbox 1632 5044 1697 5092; x_wconf 88' lang='lat' dir='ltr'>ante</span> <span class='ocrx_word' id='word_1_1019' title='bbox 1708 5040 1844 5093; x_wconf 87' lang='lat' dir='ltr'>accessio·</span> 
     </span>
     <span class='ocr_line' id='line_1_144' title="bbox 1046 5106 1843 5177; baseline 0 -18"><span class='ocrx_word' id='word_1_1020' title='bbox 1046 5123 1105 5170; x_wconf 90' lang='lat' dir='ltr'>nes,</span> <span class='ocrx_word' id='word_1_1021' title='bbox 1116 5122 1231 5174; x_wconf 84' lang='lat' dir='ltr'>quarum</span> <span class='ocrx_word' id='word_1_1022' title='bbox 1243 5106 1332 5173; x_wconf 78' lang='lat' dir='ltr'>frigus</span> <span class='ocrx_word' id='word_1_1023' title='bbox 1341 5107 1520 5160; x_wconf 89' lang='lat' dir='ltr'>intolerabile</span> <span class='ocrx_word' id='word_1_1024' title='bbox 1532 5116 1589 5162; x_wconf 78' lang='lat' dir='ltr'>est:</span> <span class='ocrx_word' id='word_1_1025' title='bbox 1604 5109 1771 5177; x_wconf 83' lang='lat' dir='ltr'>alsiosisque</span> <span class='ocrx_word' id='word_1_1026' title='bbox 1782 5121 1843 5159; x_wconf 88' lang='lat' dir='ltr'>cru·</span> 
     </span>
     <span class='ocr_line' id='line_1_145' title="bbox 1047 5174 1842 5246; baseline -0.001 -18"><span class='ocrx_word' id='word_1_1027' title='bbox 1047 5176 1149 5229; x_wconf 87' lang='lat' dir='ltr'>damin</span> <span class='ocrx_word' id='word_1_1028' title='bbox 1162 5177 1234 5229; x_wconf 89' lang='lat' dir='ltr'>cibo.</span> <span class='ocrx_word' id='word_1_1029' title='bbox 1271 5176 1383 5229; x_wconf 84' lang='lat' dir='ltr'>Urinam</span> <span class='ocrx_word' id='word_1_1030' title='bbox 1404 5193 1513 5246; x_wconf 84' lang='lat' dir='ltr'>quoque</span> <span class='ocrx_word' id='word_1_1031' title='bbox 1532 5179 1576 5233; x_wconf 85' lang='lat' dir='ltr'>rel</span> <span class='ocrx_word' id='word_1_1032' title='bbox 1596 5186 1738 5231; x_wconf 88' lang='lat' dir='ltr'>cruentam</span> <span class='ocrx_word' id='word_1_1033' title='bbox 1754 5174 1842 5244; x_wconf 83' lang='lat' dir='ltr'>pellit.</span> 
     </span>
     <span class='ocr_line' id='line_1_146' title="bbox 1046 5243 1842 5330; baseline 0 -32"><span class='ocrx_word' id='word_1_1034' title='bbox 1046 5246 1222 5298; x_wconf 81' lang='lat' dir='ltr'>Feminarum</span> <span class='ocrx_word' id='word_1_1035' title='bbox 1236 5247 1319 5297; x_wconf 89' lang='lat' dir='ltr'>etiam</span> <span class='ocrx_word' id='word_1_1036' title='bbox 1332 5248 1521 5330; x_wconf 84' lang='lat' dir='ltr'>purgationes,</span> <span class='ocrx_word' id='word_1_1037' title='bbox 1537 5248 1737 5313; x_wconf 85' lang='lat' dir='ltr'>secundasque,</span> <span class='ocrx_word' id='word_1_1038' title='bbox 1756 5243 1842 5297; x_wconf 68' lang='lat' dir='ltr'>etiam</span> 
     </span>
     <span class='ocr_line' id='line_1_147' title="bbox 1047 5310 1841 5385; baseline -0.013 -15"><span class='ocrx_word' id='word_1_1039' title='bbox 1047 5323 1189 5370; x_wconf 86' lang='lat' dir='ltr'>enrortuos</span> <span class='ocrx_word' id='word_1_1040' title='bbox 1202 5322 1305 5381; x_wconf 87' lang='lat' dir='ltr'>partus,</span> <span class='ocrx_word' id='word_1_1041' title='bbox 1317 5325 1347 5367; x_wconf 90' lang='lat' dir='ltr'>ut</span> <span class='ocrx_word' id='word_1_1042' title='bbox 1359 5316 1523 5385; x_wconf 74' lang='lat' dir='ltr'>ilrppocrati</span> <span class='ocrx_word' id='word_1_1043' title='bbox 1533 5317 1651 5379; x_wconf 83' lang='lat' dir='ltr'>ridetur,</span> <span class='ocrx_word' id='word_1_1044' title='bbox 1661 5330 1694 5367; x_wconf 87' lang='lat' dir='ltr'>ex</span> <span class='ocrx_word' id='word_1_1045' title='bbox 1707 5315 1770 5364; x_wconf 83' lang='lat' dir='ltr'>rino</span> <span class='ocrx_word' id='word_1_1046' title='bbox 1781 5310 1841 5362; x_wconf 84' lang='lat' dir='ltr'>dul·</span> 
     </span>
     <span class='ocr_line' id='line_1_148' title="bbox 1047 5385 1842 5453; baseline -0.011 -15"><span class='ocrx_word' id='word_1_1047' title='bbox 1047 5386 1072 5438; x_wconf 87' lang='lat' dir='ltr'>ci</span> <span class='ocrx_word' id='word_1_1048' title='bbox 1085 5386 1165 5453; x_wconf 85' lang='lat' dir='ltr'>nigro</span> <span class='ocrx_word' id='word_1_1049' title='bbox 1179 5392 1253 5450; x_wconf 89' lang='lat' dir='ltr'>pota.</span> <span class='ocrx_word' id='word_1_1050' title='bbox 1291 5386 1387 5453; x_wconf 83' lang='lat' dir='ltr'>ltaque</span> <span class='ocrx_word' id='word_1_1051' title='bbox 1398 5388 1499 5439; x_wconf 84' lang='lat' dir='ltr'>illitam</span> <span class='ocrx_word' id='word_1_1052' title='bbox 1511 5394 1538 5438; x_wconf 86' lang='lat' dir='ltr'>ct</span> <span class='ocrx_word' id='word_1_1053' title='bbox 1549 5387 1692 5438; x_wconf 75' lang='lat' dir='ltr'>:ulvarum</span> <span class='ocrx_word' id='word_1_1054' title='bbox 1703 5393 1789 5431; x_wconf 82' lang='lat' dir='ltr'>causa</span> <span class='ocrx_word' id='word_1_1055' title='bbox 1799 5385 1842 5430; x_wconf 87' lang='lat' dir='ltr'>et·</span> 
     </span>
     <span class='ocr_line' id='line_1_149' title="bbox 1045 5448 1843 5515; baseline 0 -9"><span class='ocrx_word' id='word_1_1056' title='bbox 1045 5456 1101 5506; x_wconf 89' lang='lat' dir='ltr'>ianr</span> <span class='ocrx_word' id='word_1_1057' title='bbox 1108 5458 1201 5506; x_wconf 86' lang='lat' dir='ltr'>sallire</span> <span class='ocrx_word' id='word_1_1058' title='bbox 1211 5453 1298 5506; x_wconf 90' lang='lat' dir='ltr'>iubet.</span> <span class='ocrx_word' id='word_1_1059' title='bbox 1310 5454 1424 5509; x_wconf 88' lang='lat' dir='ltr'>Diocles</span> <span class='ocrx_word' id='word_1_1060' title='bbox 1433 5464 1463 5509; x_wconf 91' lang='lat' dir='ltr'>et</span> <span class='ocrx_word' id='word_1_1061' title='bbox 1471 5455 1607 5507; x_wconf 86' lang='lat' dir='ltr'>cardiacis</span> <span class='ocrx_word' id='word_1_1062' title='bbox 1615 5448 1732 5515; x_wconf 69' lang='lat' dir='ltr'>imponit</span> <span class='ocrx_word' id='word_1_1063' title='bbox 1740 5460 1843 5499; x_wconf 56' lang='lat'>0¹¹1&amp;-</span> 
     </span>
     <span class='ocr_line' id='line_1_150' title="bbox 1045 5514 1842 5577; baseline 0 -1"><span class='ocrx_word' id='word_1_1064' title='bbox 1045 5532 1076 5576; x_wconf 89' lang='lat' dir='ltr'>to</span> <span class='ocrx_word' id='word_1_1065' title='bbox 1086 5531 1116 5575; x_wconf 89' lang='lat' dir='ltr'>et</span> <span class='ocrx_word' id='word_1_1066' title='bbox 1127 5523 1210 5577; x_wconf 89' lang='lat' dir='ltr'>melle</span> <span class='ocrx_word' id='word_1_1067' title='bbox 1219 5539 1280 5577; x_wconf 92' lang='lat' dir='ltr'>cum</span> <span class='ocrx_word' id='word_1_1068' title='bbox 1292 5523 1382 5576; x_wconf 78' lang='lat' dir='ltr'>larius</span> <span class='ocrx_word' id='word_1_1069' title='bbox 1393 5523 1554 5576; x_wconf 88' lang='lat' dir='ltr'>hordeacea.</span> <span class='ocrx_word' id='word_1_1070' title='bbox 1589 5524 1626 5574; x_wconf 77' lang='lat' dir='ltr'>itt</span> <span class='ocrx_word' id='word_1_1071' title='bbox 1645 5521 1744 5568; x_wconf 59' lang='lat' dir='ltr'>0⁰¹¹*st</span> <span class='ocrx_word' id='word_1_1072' title='bbox 1755 5514 1842 5567; x_wconf 66' lang='lat' dir='ltr'>ileum</span> 
     </span>
     <span class='ocr_line' id='line_1_151' title="bbox 1046 5584 1841 5657; baseline -0.004 -11"><span class='ocrx_word' id='word_1_1073' title='bbox 1046 5591 1161 5647; x_wconf 91' lang='lat' dir='ltr'>decoctu</span> <span class='ocrx_word' id='word_1_1074' title='bbox 1171 5592 1389 5657; x_wconf 77' lang='lat' dir='ltr'>farmalaoleo,</span> <span class='ocrx_word' id='word_1_1075' title='bbox 1402 5599 1431 5646; x_wconf 88' lang='lat' dir='ltr'>et</span> <span class='ocrx_word' id='word_1_1076' title='bbox 1441 5589 1590 5644; x_wconf 81' lang='lat' dir='ltr'>velleribus</span> <span class='ocrx_word' id='word_1_1077' title='bbox 1600 5602 1622 5631; x_wconf 69' lang='lat' dir='ltr'>c‘</span> <span class='ocrx_word' id='word_1_1078' title='bbox 1824 5584 1841 5599; x_wconf 75' lang='grc'>”</span> 
     </span>
    </p>
   </div>
   <div class='ocr_carea' id='block_1_4' title="bbox 1426 5677 1530 5730">
    <p class='ocr_par' dir='ltr' id='par_1_12' title="bbox 1426 5677 1530 5730">
     <span class='ocr_line' id='line_1_152' title="bbox 1426 5677 1530 5730; baseline -0.019 0"><span class='ocrx_word' id='word_1_1079' title='bbox 1426 5677 1482 5730; x_wconf 69' lang='lat'>32*</span> <span class='ocrx_word' id='word_1_1080' title='bbox 1526 5682 1530 5691; x_wconf 86' lang='grc'><em>“</em></span> 
     </span>
    </p>
   </div>
   <div class='ocr_carea' id='block_1_5' title="bbox 0 0 2190 6004">
    <p class='ocr_par' dir='ltr' id='par_1_13' title="bbox 0 0 2190 6004">
     <span class='ocr_line' id='line_1_153' title="bbox 0 0 2190 6004; baseline 0 0"><span class='ocrx_word' id='word_1_1081' title='bbox 0 0 2190 6004; x_wconf 95' lang='lat' dir='ltr'> </span> 
     </span>
    </p>
   </div>
  </div>
 </body>
</html>
