<?xml version="1.0" encoding="UTF-8"?>
<!DOCTYPE html PUBLIC "-//W3C//DTD XHTML 1.0 Transitional//EN"
    "http://www.w3.org/TR/xhtml1/DTD/xhtml1-transitional.dtd">
<html xmlns="http://www.w3.org/1999/xhtml" xml:lang="en" lang="en">
 <head>
  <title>
</title>
<meta http-equiv="Content-Type" content="text/html;charset=utf-8" />
  <meta name='ocr-system' content='tesseract 3.04.00' />
  <meta name='ocr-capabilities' content='ocr_page ocr_carea ocr_par ocr_line ocrx_word'/>
</head>
<body>
  <div class='ocr_page' id='page_1' title='image "./historiaenatura00plingoog/historiaenatura00plingoog_0289.png"; bbox 0 0 4368 6008; ppageno 0'>
   <div class='ocr_carea' id='block_1_1' title="bbox 363 226 1936 303">
    <p class='ocr_par' dir='ltr' id='par_1_1' title="bbox 363 226 1936 303">
     <span class='ocr_line' id='line_1_1' title="bbox 363 226 1936 303; baseline -0.008 0"><span class='ocrx_word' id='word_1_1' title='bbox 363 239 423 303; x_wconf 76' lang='lat'><strong>278</strong></span> <span class='ocrx_word' id='word_1_2' title='bbox 470 238 503 297; x_wconf 83' lang='lat' dir='ltr'><strong>C.</strong></span> <span class='ocrx_word' id='word_1_3' title='bbox 527 240 641 299; x_wconf 80' lang='lat' dir='ltr'><strong>Pth.</strong></span> <span class='ocrx_word' id='word_1_4' title='bbox 665 228 879 298; x_wconf 57' lang='lat' dir='ltr'><strong>SECJNAT.</strong></span> <span class='ocrx_word' id='word_1_5' title='bbox 901 233 1021 299; x_wconf 73' lang='lat' dir='ltr'><strong>uisi.</strong></span> <span class='ocrx_word' id='word_1_6' title='bbox 1043 232 1128 292; x_wconf 76' lang='grc' dir='ltr'><strong>ΗΒ.</strong></span> <span class='ocrx_word' id='word_1_7' title='bbox 1151 231 1257 293; x_wconf 79' lang='lat' dir='ltr'><strong>xxii.</strong></span> <span class='ocrx_word' id='word_1_8' title='bbox 1279 231 1370 294; x_wconf 79' lang='lat' dir='ltr'><strong>CAP.</strong></span> <span class='ocrx_word' id='word_1_9' title='bbox 1391 232 1515 295; x_wconf 69' lang='lat'><strong>8⁰·82.</strong></span> <span class='ocrx_word' id='word_1_10' title='bbox 1537 228 1624 291; x_wconf 77' lang='grc' dir='ltr'><strong>ΗΒ.</strong></span> <span class='ocrx_word' id='word_1_11' title='bbox 1646 226 1771 289; x_wconf 77' lang='lat' dir='ltr'><strong>XXIII.</strong></span> <span class='ocrx_word' id='word_1_12' title='bbox 1795 230 1827 291; x_wconf 83' lang='lat' dir='ltr'><strong>C.</strong></span> <span class='ocrx_word' id='word_1_13' title='bbox 1855 233 1936 292; x_wconf 73' lang='grc' dir='ltr'><strong>Μ.</strong></span> 
     </span>
    </p>
   </div>
   <div class='ocr_carea' id='block_1_2' title="bbox 306 376 2025 1008">
    <p class='ocr_par' dir='ltr' id='par_1_2' title="bbox 306 376 2025 1008">
     <span class='ocr_line' id='line_1_2' title="bbox 365 376 2025 452; baseline -0.002 -10"><span class='ocrx_word' id='word_1_14' title='bbox 365 391 433 441; x_wconf 70' lang='lat' dir='ltr'><strong>baec</strong></span> <span class='ocrx_word' id='word_1_15' title='bbox 453 386 578 439; x_wconf 88' lang='lat' dir='ltr'><strong>nascitur</strong></span> <span class='ocrx_word' id='word_1_16' title='bbox 587 386 661 439; x_wconf 92' lang='lat' dir='ltr'><strong>inter</strong></span> <span class='ocrx_word' id='word_1_17' title='bbox 670 385 740 437; x_wconf 75' lang='lat' dir='ltr'><strong>vitia</strong></span> <span class='ocrx_word' id='word_1_18' title='bbox 749 383 862 452; x_wconf 83' lang='lat' dir='ltr'><strong>segetis,</strong></span> <span class='ocrx_word' id='word_1_19' title='bbox 874 394 978 437; x_wconf 85' lang='lat' dir='ltr'><strong>arenae</strong></span> <span class='ocrx_word' id='word_1_20' title='bbox 988 392 1105 451; x_wconf 83' lang='lat' dir='ltr'><strong>genere:</strong></span> <span class='ocrx_word' id='word_1_21' title='bbox 1125 380 1167 435; x_wconf 60' lang='lat' dir='ltr'><strong>io,</strong></span> <span class='ocrx_word' id='word_1_22' title='bbox 1215 381 1319 446; x_wconf 79' lang='lat' dir='ltr'><strong>ierunt,</strong></span> <span class='ocrx_word' id='word_1_23' title='bbox 1330 382 1520 451; x_wconf 72' lang='lat' dir='ltr'><strong>solipugarum</strong></span> <span class='ocrx_word' id='word_1_24' title='bbox 1531 377 1651 448; x_wconf 87' lang='lat' dir='ltr'><strong>generis.</strong></span> <span class='ocrx_word' id='word_1_25' title='bbox 1669 376 2025 439; x_wconf 78' lang='lat' dir='ltr'><strong>Adversasbasomniacs·</strong></span> 
     </span>
     <span class='ocr_line' id='line_1_3' title="bbox 306 444 2024 523; baseline -0.003 -13"><span class='ocrx_word' id='word_1_26' title='bbox 306 484 314 503; x_wconf 92' lang='lat'><strong>.</strong></span> <span class='ocrx_word' id='word_1_27' title='bbox 366 455 841 523; x_wconf 87' lang='lat' dir='ltr'><strong>lioetstipulatriticumimitatur.</strong></span> <span class='ocrx_word' id='word_1_28' title='bbox 878 444 908 503; x_wconf 89' lang='lat' dir='ltr'><strong>ln</strong></span> <span class='ocrx_word' id='word_1_29' title='bbox 920 451 1111 504; x_wconf 87' lang='lat' dir='ltr'><strong>cacuminibus</strong></span> <span class='ocrx_word' id='word_1_30' title='bbox 1122 450 1167 504; x_wconf 88' lang='lat' dir='ltr'><strong>de·</strong></span> <span class='ocrx_word' id='word_1_31' title='bbox 1215 453 1277 504; x_wconf 90' lang='lat' dir='ltr'><strong>dem</strong></span> <span class='ocrx_word' id='word_1_32' title='bbox 1290 452 1445 511; x_wconf 89' lang='lat' dir='ltr'><strong>medentur,</strong></span> <span class='ocrx_word' id='word_1_33' title='bbox 1466 463 1536 518; x_wconf 86' lang='lat' dir='ltr'><strong>quae</strong></span> <span class='ocrx_word' id='word_1_34' title='bbox 1557 453 1658 502; x_wconf 87' lang='lat' dir='ltr'><strong>contra</strong></span> <span class='ocrx_word' id='word_1_35' title='bbox 1676 461 1796 501; x_wconf 72' lang='lat' dir='ltr'><strong>uuneos</strong></span> <span class='ocrx_word' id='word_1_36' title='bbox 1818 459 1847 503; x_wconf 88' lang='lat' dir='ltr'><strong>ct</strong></span> <span class='ocrx_word' id='word_1_37' title='bbox 1869 451 2024 523; x_wconf 83' lang='lat' dir='ltr'><strong>phalangia</strong></span> 
     </span>
     <span class='ocr_line' id='line_1_4' title="bbox 404 516 2021 592; baseline -0.001 -12"><span class='ocrx_word' id='word_1_38' title='bbox 404 526 520 580; x_wconf 90' lang='lat' dir='ltr'><strong>ndentes</strong></span> <span class='ocrx_word' id='word_1_39' title='bbox 531 524 660 592; x_wconf 75' lang='lat' dir='ltr'><strong>pan-ntae</strong></span> <span class='ocrx_word' id='word_1_40' title='bbox 672 523 746 575; x_wconf 82' lang='lat' dir='ltr'><strong>velut</strong></span> <span class='ocrx_word' id='word_1_41' title='bbox 757 522 880 575; x_wconf 91' lang='lat' dir='ltr'><strong>locustas</strong></span> <span class='ocrx_word' id='word_1_42' title='bbox 891 522 984 574; x_wconf 88' lang='lat' dir='ltr'><strong>habet.</strong></span> <span class='ocrx_word' id='word_1_43' title='bbox 1004 517 1103 574; x_wconf 85' lang='lat' dir='ltr'><strong>Semen</strong></span> <span class='ocrx_word' id='word_1_44' title='bbox 1114 520 1166 571; x_wconf 87' lang='lat' dir='ltr'><strong>uti·</strong></span> <span class='ocrx_word' id='word_1_45' title='bbox 1215 521 1449 573; x_wconf 69' lang='lat' dir='ltr'><strong>demonstrantur.</strong></span> <span class='ocrx_word' id='word_1_46' title='bbox 1474 520 1512 571; x_wconf 83' lang='lat' dir='ltr'><strong>lit</strong></span> <span class='ocrx_word' id='word_1_47' title='bbox 1521 516 1633 588; x_wconf 79' lang='lat' dir='ltr'><strong>frugum</strong></span> <span class='ocrx_word' id='word_1_48' title='bbox 1644 517 1755 586; x_wconf 87' lang='lat' dir='ltr'><strong>quidem</strong></span> <span class='ocrx_word' id='word_1_49' title='bbox 1767 518 1838 575; x_wconf 84' lang='lat' dir='ltr'><strong>haec</strong></span> <span class='ocrx_word' id='word_1_50' title='bbox 1847 530 1914 574; x_wconf 89' lang='lat' dir='ltr'><strong>sunt</strong></span> <span class='ocrx_word' id='word_1_51' title='bbox 1925 525 1954 577; x_wconf 91' lang='lat' dir='ltr'><strong>in</strong></span> <span class='ocrx_word' id='word_1_52' title='bbox 1966 540 2021 579; x_wconf 85' lang='lat' dir='ltr'><strong>usu</strong></span> 
     </span>
     <span class='ocr_line' id='line_1_5' title="bbox 365 541 1334 661; baseline -0.008 -12"><span class='ocrx_word' id='word_1_53' title='bbox 365 541 444 650; x_wconf 53' lang='lat' dir='ltr'><strong>mad</strong></span> <span class='ocrx_word' id='word_1_54' title='bbox 454 593 665 661; x_wconf 85' lang='lat' dir='ltr'><strong>cataplasmata,</strong></span> <span class='ocrx_word' id='word_1_55' title='bbox 677 600 761 660; x_wconf 90' lang='lat' dir='ltr'><strong>atque</strong></span> <span class='ocrx_word' id='word_1_56' title='bbox 771 591 916 655; x_wconf 82' lang='lat' dir='ltr'><strong>hordeum,</strong></span> <span class='ocrx_word' id='word_1_57' title='bbox 927 598 955 644; x_wconf 90' lang='lat' dir='ltr'><strong>et</strong></span> <span class='ocrx_word' id='word_1_58' title='bbox 966 590 1078 644; x_wconf 89' lang='lat' dir='ltr'><strong>similia.</strong></span> <span class='ocrx_word' id='word_1_59' title='bbox 1098 589 1164 642; x_wconf 86' lang='lat' dir='ltr'><strong>Pro·</strong></span> <span class='ocrx_word' id='word_1_60' title='bbox 1215 591 1334 643; x_wconf 88' lang='lat' dir='ltr'><strong>medico.</strong></span> 
     </span>
     <span class='ocr_line' id='line_1_6' title="bbox 368 656 2020 729; baseline -0.001 -11"><span class='ocrx_word' id='word_1_61' title='bbox 368 665 430 720; x_wconf 93' lang='lat' dir='ltr'><strong>dest</strong></span> <span class='ocrx_word' id='word_1_62' title='bbox 441 662 621 717; x_wconf 87' lang='lat' dir='ltr'><strong>tussientibus</strong></span> <span class='ocrx_word' id='word_1_63' title='bbox 630 676 737 714; x_wconf 90' lang='lat' dir='ltr'><strong>succus.</strong></span> <span class='ocrx_word' id='word_1_64' title='bbox 1249 658 1390 711; x_wconf 82' lang='lat' dir='ltr'><strong>LXXXll.</strong></span> <span class='ocrx_word' id='word_1_65' title='bbox 1409 658 1452 709; x_wconf 83' lang='lat' dir='ltr'><strong>Er</strong></span> <span class='ocrx_word' id='word_1_66' title='bbox 1471 656 1571 708; x_wconf 88' lang='lat' dir='ltr'><strong>iisdem</strong></span> <span class='ocrx_word' id='word_1_67' title='bbox 1592 656 1665 708; x_wconf 83' lang='lat' dir='ltr'><strong>liunt</strong></span> <span class='ocrx_word' id='word_1_68' title='bbox 1685 662 1713 709; x_wconf 87' lang='lat' dir='ltr'><strong>et</strong></span> <span class='ocrx_word' id='word_1_69' title='bbox 1733 666 1830 726; x_wconf 90' lang='lat' dir='ltr'><strong>potus,</strong></span> <span class='ocrx_word' id='word_1_70' title='bbox 1850 660 1967 729; x_wconf 81' lang='lat' dir='ltr'><strong>zythum</strong></span> <span class='ocrx_word' id='word_1_71' title='bbox 1989 668 2020 718; x_wconf 86' lang='lat' dir='ltr'><strong>ln</strong></span> 
     </span>
     <span class='ocr_line' id='line_1_7' title="bbox 355 726 2020 800; baseline -0.001 -15"><span class='ocrx_word' id='word_1_72' title='bbox 355 748 370 785; x_wconf 70' lang='lat' dir='ltr'><strong>e</strong></span> <span class='ocrx_word' id='word_1_73' title='bbox 403 734 514 788; x_wconf 82' lang='lat' dir='ltr'>LXXX.</span> <span class='ocrx_word' id='word_1_74' title='bbox 532 727 716 785; x_wconf 71' lang='lat' dir='ltr'><strong>orobanchen</strong></span> <span class='ocrx_word' id='word_1_75' title='bbox 736 729 939 797; x_wconf 72' lang='lat' dir='ltr'><strong>appellavimus</strong></span> <span class='ocrx_word' id='word_1_76' title='bbox 959 735 1103 782; x_wconf 90' lang='lat' dir='ltr'><strong>necantem</strong></span> <span class='ocrx_word' id='word_1_77' title='bbox 1123 741 1166 780; x_wconf 87' lang='lat' dir='ltr'><strong>er·</strong></span> <span class='ocrx_word' id='word_1_78' title='bbox 1214 729 1352 796; x_wconf 76' lang='lat' dir='ltr'><strong>Aegypto,</strong></span> <span class='ocrx_word' id='word_1_79' title='bbox 1362 727 1434 779; x_wconf 89' lang='lat' dir='ltr'><strong>celia</strong></span> <span class='ocrx_word' id='word_1_80' title='bbox 1443 726 1753 794; x_wconf 73' lang='lat' dir='ltr'><strong>etceriainidispania,</strong></span> <span class='ocrx_word' id='word_1_81' title='bbox 1770 731 1907 797; x_wconf 77' lang='lat' dir='ltr'><strong>cerevisia</strong></span> <span class='ocrx_word' id='word_1_82' title='bbox 1917 741 1947 784; x_wconf 93' lang='lat' dir='ltr'><strong>et</strong></span> <span class='ocrx_word' id='word_1_83' title='bbox 1957 733 2020 800; x_wconf 92' lang='lat' dir='ltr'><strong>plu-</strong></span> 
     </span>
     <span class='ocr_line' id='line_1_8' title="bbox 368 795 2020 869; baseline -0.001 -14"><span class='ocrx_word' id='word_1_84' title='bbox 368 819 432 857; x_wconf 78' lang='lat' dir='ltr'><strong>rum</strong></span> <span class='ocrx_word' id='word_1_85' title='bbox 454 810 481 857; x_wconf 87' lang='lat' dir='ltr'><strong>et</strong></span> <span class='ocrx_word' id='word_1_86' title='bbox 504 801 656 869; x_wconf 78' lang='lat' dir='ltr'><strong>legumina:</strong></span> <span class='ocrx_word' id='word_1_87' title='bbox 679 799 728 851; x_wconf 89' lang='lat' dir='ltr'><strong>alii</strong></span> <span class='ocrx_word' id='word_1_88' title='bbox 740 801 922 867; x_wconf 90' lang='lat' dir='ltr'><strong>cynomorion</strong></span> <span class='ocrx_word' id='word_1_89' title='bbox 938 815 1001 851; x_wconf 93' lang='lat' dir='ltr'><strong>eam</strong></span> <span class='ocrx_word' id='word_1_90' title='bbox 1014 796 1165 866; x_wconf 84' lang='lat' dir='ltr'><strong>appeliant,</strong></span> <span class='ocrx_word' id='word_1_91' title='bbox 1215 812 1248 849; x_wconf 91' lang='lat' dir='ltr'><strong>ra</strong></span> <span class='ocrx_word' id='word_1_92' title='bbox 1268 812 1372 865; x_wconf 88' lang='lat' dir='ltr'><strong>genera</strong></span> <span class='ocrx_word' id='word_1_93' title='bbox 1393 797 1427 861; x_wconf 71' lang='lat' dir='ltr'><strong>io=</strong></span> <span class='ocrx_word' id='word_1_94' title='bbox 1443 795 1553 857; x_wconf 87' lang='lat' dir='ltr'><strong>Gallia,</strong></span> <span class='ocrx_word' id='word_1_95' title='bbox 1573 795 1693 861; x_wconf 84' lang='lat' dir='ltr'><strong>aliisque</strong></span> <span class='ocrx_word' id='word_1_96' title='bbox 1713 797 1876 864; x_wconf 77' lang='lat' dir='ltr'><strong>prouinciis:</strong></span> <span class='ocrx_word' id='word_1_97' title='bbox 1900 816 2020 869; x_wconf 82' lang='lat' dir='ltr'><strong>quorum</strong></span> 
     </span>
     <span class='ocr_line' id='line_1_9' title="bbox 368 863 2024 937; baseline 0 -12"><span class='ocrx_word' id='word_1_98' title='bbox 368 870 576 925; x_wconf 88' lang='lat' dir='ltr'><strong>asimilitudine</strong></span> <span class='ocrx_word' id='word_1_99' title='bbox 592 871 683 921; x_wconf 85' lang='lat' dir='ltr'><strong>canini</strong></span> <span class='ocrx_word' id='word_1_100' title='bbox 702 868 842 937; x_wconf 88' lang='lat' dir='ltr'><strong>genitalis.</strong></span> <span class='ocrx_word' id='word_1_101' title='bbox 880 867 1041 921; x_wconf 77' lang='lat' dir='ltr'><strong>cauliculus</strong></span> <span class='ocrx_word' id='word_1_102' title='bbox 1053 865 1165 919; x_wconf 87' lang='lat' dir='ltr'><strong>estsine</strong></span> <span class='ocrx_word' id='word_1_103' title='bbox 1216 868 1338 919; x_wconf 89' lang='lat' dir='ltr'><strong>omnium</strong></span> <span class='ocrx_word' id='word_1_104' title='bbox 1359 879 1458 933; x_wconf 84' lang='lat' dir='ltr'><strong>spuma</strong></span> <span class='ocrx_word' id='word_1_105' title='bbox 1478 873 1570 916; x_wconf 79' lang='grc' dir='ltr'>ιιιιιιι</span> <span class='ocrx_word' id='word_1_106' title='bbox 1593 863 1757 916; x_wconf 74' lang='lat' dir='ltr'><strong>seminarum</strong></span> <span class='ocrx_word' id='word_1_107' title='bbox 1781 867 1809 917; x_wconf 90' lang='lat' dir='ltr'><strong>in</strong></span> <span class='ocrx_word' id='word_1_108' title='bbox 1835 867 2024 925; x_wconf 84' lang='lat' dir='ltr'><strong>facienutrit.</strong></span> 
     </span>
     <span class='ocr_line' id='line_1_10' title="bbox 369 933 2023 1008; baseline -0.001 -13"><span class='ocrx_word' id='word_1_109' title='bbox 369 943 513 1008; x_wconf 83' lang='lat' dir='ltr'><strong>ranguine,</strong></span> <span class='ocrx_word' id='word_1_110' title='bbox 533 937 613 992; x_wconf 82' lang='lat' dir='ltr'><strong>ioiiis</strong></span> <span class='ocrx_word' id='word_1_111' title='bbox 629 940 738 991; x_wconf 88' lang='lat' dir='ltr'><strong>rubens.</strong></span> <span class='ocrx_word' id='word_1_112' title='bbox 771 939 860 991; x_wconf 81' lang='lat' dir='ltr'><strong>Estur</strong></span> <span class='ocrx_word' id='word_1_113' title='bbox 870 944 900 992; x_wconf 91' lang='lat' dir='ltr'><strong>et</strong></span> <span class='ocrx_word' id='word_1_114' title='bbox 907 952 958 1006; x_wconf 89' lang='lat' dir='ltr'><strong>per</strong></span> <span class='ocrx_word' id='word_1_115' title='bbox 968 952 1008 1000; x_wconf 85' lang='lat' dir='ltr'><strong>se,</strong></span> <span class='ocrx_word' id='word_1_116' title='bbox 1019 936 1086 990; x_wconf 85' lang='lat' dir='ltr'><strong>etin</strong></span> <span class='ocrx_word' id='word_1_117' title='bbox 1096 936 1167 1003; x_wconf 90' lang='lat' dir='ltr'><strong>pati·</strong></span> <span class='ocrx_word' id='word_1_118' title='bbox 1215 935 1289 988; x_wconf 82' lang='lat' dir='ltr'><strong>Nam</strong></span> <span class='ocrx_word' id='word_1_119' title='bbox 1302 934 1375 1005; x_wconf 89' lang='lat' dir='ltr'><strong>quod</strong></span> <span class='ocrx_word' id='word_1_120' title='bbox 1385 933 1422 987; x_wconf 90' lang='lat' dir='ltr'><strong>ad</strong></span> <span class='ocrx_word' id='word_1_121' title='bbox 1435 942 1530 1001; x_wconf 85' lang='lat' dir='ltr'><strong>potum</strong></span> <span class='ocrx_word' id='word_1_122' title='bbox 1540 933 1629 1001; x_wconf 90' lang='lat' dir='ltr'><strong>ipsum</strong></span> <span class='ocrx_word' id='word_1_123' title='bbox 1643 935 1755 995; x_wconf 79' lang='lat' dir='ltr'><strong>attinet,</strong></span> <span class='ocrx_word' id='word_1_124' title='bbox 1779 944 1905 1002; x_wconf 83' lang='lat' dir='ltr'><strong>praestat</strong></span> <span class='ocrx_word' id='word_1_125' title='bbox 1915 941 1950 992; x_wconf 87' lang='lat' dir='ltr'><strong>ad</strong></span> <span class='ocrx_word' id='word_1_126' title='bbox 1964 943 2023 995; x_wconf 75' lang='lat' dir='ltr'><strong>rici</strong></span> 
     </span>
    </p>
   </div>
   <div class='ocr_carea' id='block_1_3' title="bbox 369 1003 2106 1077">
    <p class='ocr_par' dir='ltr' id='par_1_3' title="bbox 369 1003 2106 1077">
     <span class='ocr_line' id='line_1_11' title="bbox 369 1003 2106 1077; baseline 0 -14"><span class='ocrx_word' id='word_1_127' title='bbox 369 1012 411 1063; x_wconf 89' lang='lat' dir='ltr'><strong>nis</strong></span> <span class='ocrx_word' id='word_1_128' title='bbox 423 1025 482 1060; x_wconf 88' lang='lat' dir='ltr'><strong>cnm</strong></span> <span class='ocrx_word' id='word_1_129' title='bbox 496 1018 593 1061; x_wconf 86' lang='lat' dir='ltr'><strong>tenere</strong></span> <span class='ocrx_word' id='word_1_130' title='bbox 604 1012 647 1060; x_wconf 92' lang='lat' dir='ltr'><strong>est</strong></span> <span class='ocrx_word' id='word_1_131' title='bbox 658 1007 782 1060; x_wconf 75' lang='lat' dir='ltr'><strong>decocta.</strong></span> <span class='ocrx_word' id='word_1_132' title='bbox 1217 1005 1336 1058; x_wconf 87' lang='lat' dir='ltr'><strong>transire</strong></span> <span class='ocrx_word' id='word_1_133' title='bbox 1358 1003 1535 1066; x_wconf 80' lang='lat' dir='ltr'><strong>mentionem,</strong></span> <span class='ocrx_word' id='word_1_134' title='bbox 1556 1009 1640 1071; x_wconf 89' lang='lat' dir='ltr'><strong>atque</strong></span> <span class='ocrx_word' id='word_1_135' title='bbox 1659 1017 1678 1056; x_wconf 88' lang='lat' dir='ltr'><strong>a</strong></span> <span class='ocrx_word' id='word_1_136' title='bbox 1689 1004 1747 1056; x_wconf 80' lang='lat' dir='ltr'><strong>rite</strong></span> <span class='ocrx_word' id='word_1_137' title='bbox 1759 1004 1849 1059; x_wconf 88' lang='lat' dir='ltr'><strong>ordiri</strong></span> <span class='ocrx_word' id='word_1_138' title='bbox 1865 1009 2022 1064; x_wconf 82' lang='lat' dir='ltr'><strong>medicinas</strong></span> <span class='ocrx_word' id='word_1_139' title='bbox 2098 1068 2106 1077; x_wconf 24' lang='lat'>⁸</span> 
     </span>
    </p>
   </div>
   <div class='ocr_carea' id='block_1_4' title="bbox 369 1073 1357 1218">
    <p class='ocr_par' dir='ltr' id='par_1_4' title="bbox 369 1073 1357 1218">
     <span class='ocr_line' id='line_1_12' title="bbox 404 1073 1357 1144; baseline -0.004 -16"><span class='ocrx_word' id='word_1_140' title='bbox 404 1077 529 1131; x_wconf 79' lang='lat' dir='ltr'>LXXXI.</span> <span class='ocrx_word' id='word_1_141' title='bbox 539 1076 576 1128; x_wconf 87' lang='lat' dir='ltr'><strong>Et</strong></span> <span class='ocrx_word' id='word_1_142' title='bbox 587 1076 775 1144; x_wconf 86' lang='lat' dir='ltr'><strong>leguminibus</strong></span> <span class='ocrx_word' id='word_1_143' title='bbox 784 1073 1112 1130; x_wconf 85' lang='lat' dir='ltr'><strong>innascunturbestinlac</strong></span> <span class='ocrx_word' id='word_1_144' title='bbox 1122 1088 1167 1126; x_wconf 83' lang='lat' dir='ltr'><strong>re·</strong></span> <span class='ocrx_word' id='word_1_145' title='bbox 1216 1077 1357 1128; x_wconf 87' lang='lat' dir='ltr'><strong>arborum.</strong></span> 
     </span>
     <span class='ocr_line' id='line_1_13' title="bbox 369 1141 1167 1218; baseline -0.004 -19"><span class='ocrx_word' id='word_1_146' title='bbox 369 1154 495 1211; x_wconf 78' lang='lat' dir='ltr'><strong>narratae,</strong></span> <span class='ocrx_word' id='word_1_147' title='bbox 507 1158 579 1214; x_wconf 89' lang='lat' dir='ltr'><strong>quae</strong></span> <span class='ocrx_word' id='word_1_148' title='bbox 590 1160 686 1199; x_wconf 88' lang='lat' dir='ltr'><strong>manns</strong></span> <span class='ocrx_word' id='word_1_149' title='bbox 696 1153 832 1218; x_wconf 87' lang='lat' dir='ltr'><strong>pungunt,</strong></span> <span class='ocrx_word' id='word_1_150' title='bbox 841 1154 870 1202; x_wconf 89' lang='lat' dir='ltr'><strong>et</strong></span> <span class='ocrx_word' id='word_1_151' title='bbox 880 1145 1034 1216; x_wconf 87' lang='lat' dir='ltr'><strong>periculum</strong></span> <span class='ocrx_word' id='word_1_152' title='bbox 1043 1147 1116 1197; x_wconf 81' lang='lat' dir='ltr'><strong>vitae</strong></span> <span class='ocrx_word' id='word_1_153' title='bbox 1127 1141 1167 1196; x_wconf 83' lang='lat' dir='ltr'><strong>ui-</strong></span> 
     </span>
    </p>
   </div>
   <div class='ocr_carea' id='block_1_5' title="bbox 469 1354 1906 1392">
    <p class='ocr_par' dir='ltr' id='par_1_5' title="bbox 469 1354 1906 1392">
     <span class='ocr_line' id='line_1_14' title="bbox 469 1354 1906 1392; baseline -0.006 1"><span class='ocrx_word' id='word_1_154' title='bbox 469 1354 1906 1392; x_wconf 64' lang='lat'><strong>----—--—-—-—-——-—--</strong></span> 
     </span>
    </p>
   </div>
   <div class='ocr_carea' id='block_1_6' title="bbox 803 1521 1589 1613">
    <p class='ocr_par' dir='ltr' id='par_1_6' title="bbox 803 1521 1589 1613">
     <span class='ocr_line' id='line_1_15' title="bbox 803 1521 1589 1613; baseline -0.008 0"><span class='ocrx_word' id='word_1_155' title='bbox 803 1526 851 1613; x_wconf 80' lang='lat' dir='ltr'><strong>C.</strong></span> <span class='ocrx_word' id='word_1_156' title='bbox 909 1526 1179 1613; x_wconf 89' lang='lat' dir='ltr'><strong>PLINII</strong></span> <span class='ocrx_word' id='word_1_157' title='bbox 1234 1521 1589 1612; x_wconf 85' lang='lat' dir='ltr'><strong>SECUNDI</strong></span> 
     </span>
    </p>
   </div>
   <div class='ocr_carea' id='block_1_7' title="bbox 419 1700 1972 1983">
    <p class='ocr_par' dir='ltr' id='par_1_7' title="bbox 419 1700 1972 1983">
     <span class='ocr_line' id='line_1_16' title="bbox 419 1700 1972 1810; baseline 0.001 -4"><span class='ocrx_word' id='word_1_158' title='bbox 419 1705 1149 1810; x_wconf 80' lang='lat' dir='ltr'><strong>NATURALlS</strong></span> <span class='ocrx_word' id='word_1_159' title='bbox 1253 1700 1972 1808; x_wconf 81' lang='lat' dir='ltr'><strong>HlSTothE</strong></span> 
     </span>
     <span class='ocr_line' id='line_1_17' title="bbox 904 1900 1456 1983; baseline -0.005 -1"><span class='ocrx_word' id='word_1_160' title='bbox 904 1900 1456 1983; x_wconf 80' lang='lat' dir='ltr'><strong>araaaxxut.</strong></span> 
     </span>
    </p>
   </div>
   <div class='ocr_carea' id='block_1_8' title="bbox 1076 2118 1321 2145">
    <p class='ocr_par' dir='ltr' id='par_1_8' title="bbox 1076 2118 1321 2145">
     <span class='ocr_line' id='line_1_18' title="bbox 1076 2118 1321 2145; baseline -0.004 1"><span class='ocrx_word' id='word_1_161' title='bbox 1076 2118 1321 2145; x_wconf 63' lang='grc' dir='ltr'><strong>-----η-</strong></span> 
     </span>
    </p>
   </div>
   <div class='ocr_carea' id='block_1_9' title="bbox 368 2224 2023 2524">
    <p class='ocr_par' dir='ltr' id='par_1_9' title="bbox 368 2224 2023 2524">
     <span class='ocr_line' id='line_1_19' title="bbox 368 2224 2023 2331; baseline -0.004 -17"><span class='ocrx_word' id='word_1_162' title='bbox 368 2262 389 2314; x_wconf 88' lang='lat' dir='ltr'><strong>l.</strong></span> <span class='ocrx_word' id='word_1_163' title='bbox 407 2224 558 2312; x_wconf 78' lang='lat' dir='ltr'><strong>pensons</strong></span> <span class='ocrx_word' id='word_1_164' title='bbox 579 2258 727 2312; x_wconf 79' lang='lat' dir='ltr'><strong>cerealium</strong></span> <span class='ocrx_word' id='word_1_165' title='bbox 748 2259 776 2309; x_wconf 90' lang='lat' dir='ltr'><strong>in</strong></span> <span class='ocrx_word' id='word_1_166' title='bbox 798 2259 935 2312; x_wconf 87' lang='lat' dir='ltr'><strong>medendo</strong></span> <span class='ocrx_word' id='word_1_167' title='bbox 953 2268 1173 2331; x_wconf 84' lang='lat' dir='ltr'><strong>quoqusnatura</strong></span> <span class='ocrx_word' id='word_1_168' title='bbox 1223 2259 1374 2311; x_wconf 79' lang='lat' dir='ltr'><strong>nisvitium</strong></span> <span class='ocrx_word' id='word_1_169' title='bbox 1387 2271 1449 2310; x_wconf 91' lang='lat' dir='ltr'><strong>cum</strong></span> <span class='ocrx_word' id='word_1_170' title='bbox 1460 2253 1793 2324; x_wconf 83' lang='lat' dir='ltr'><strong>axungiareterecontra</strong></span> <span class='ocrx_word' id='word_1_171' title='bbox 1803 2255 2023 2323; x_wconf 86' lang='lat' dir='ltr'><strong>tumoresprotl·</strong></span> 
     </span>
     <span class='ocr_line' id='line_1_20' title="bbox 370 2327 2022 2396; baseline -0.005 -11"><span class='ocrx_word' id='word_1_172' title='bbox 370 2338 422 2394; x_wconf 91' lang='lat' dir='ltr'><strong>est,</strong></span> <span class='ocrx_word' id='word_1_173' title='bbox 432 2329 609 2395; x_wconf 89' lang='lat' dir='ltr'><strong>omniumque</strong></span> <span class='ocrx_word' id='word_1_174' title='bbox 620 2344 690 2396; x_wconf 90' lang='lat' dir='ltr'><strong>quae</strong></span> <span class='ocrx_word' id='word_1_175' title='bbox 700 2327 823 2380; x_wconf 88' lang='lat' dir='ltr'><strong>ciborum</strong></span> <span class='ocrx_word' id='word_1_176' title='bbox 836 2328 1002 2395; x_wconf 83' lang='lat' dir='ltr'><strong>authorum,</strong></span> <span class='ocrx_word' id='word_1_177' title='bbox 1022 2332 1173 2383; x_wconf 81' lang='lat' dir='ltr'><strong>odonamve</strong></span> <span class='ocrx_word' id='word_1_178' title='bbox 1223 2332 1271 2389; x_wconf 88' lang='lat' dir='ltr'><strong>cit,</strong></span> <span class='ocrx_word' id='word_1_179' title='bbox 1281 2328 1509 2395; x_wconf 89' lang='lat' dir='ltr'><strong>listulas-purgat,</strong></span> <span class='ocrx_word' id='word_1_180' title='bbox 1520 2340 1584 2378; x_wconf 81' lang='lat' dir='ltr'><strong>mor</strong></span> <span class='ocrx_word' id='word_1_181' title='bbox 1597 2331 1625 2378; x_wconf 91' lang='lat' dir='ltr'><strong>et</strong></span> <span class='ocrx_word' id='word_1_182' title='bbox 1636 2332 1780 2392; x_wconf 82' lang='lat' dir='ltr'><strong>persanat:</strong></span> <span class='ocrx_word' id='word_1_183' title='bbox 1792 2328 1860 2381; x_wconf 90' lang='lat' dir='ltr'><strong>item</strong></span> <span class='ocrx_word' id='word_1_184' title='bbox 1873 2340 2022 2380; x_wconf 76' lang='lat' dir='ltr'><strong>nervorum</strong></span> 
     </span>
     <span class='ocr_line' id='line_1_21' title="bbox 370 2395 2022 2524; baseline -0.002 -72"><span class='ocrx_word' id='word_1_185' title='bbox 370 2400 463 2524; x_wconf 56' lang='lat' dir='ltr'><strong>gratis</strong></span> <span class='ocrx_word' id='word_1_186' title='bbox 484 2399 649 2466; x_wconf 79' lang='lat' dir='ltr'><strong>proveniunt</strong></span> <span class='ocrx_word' id='word_1_187' title='bbox 669 2398 770 2465; x_wconf 91' lang='lat' dir='ltr'><strong>supina</strong></span> <span class='ocrx_word' id='word_1_188' title='bbox 790 2397 901 2451; x_wconf 87' lang='lat' dir='ltr'><strong>tellure.</strong></span> <span class='ocrx_word' id='word_1_189' title='bbox 936 2399 1000 2452; x_wconf 90' lang='lat' dir='ltr'><strong>Non</strong></span> <span class='ocrx_word' id='word_1_190' title='bbox 1023 2401 1107 2452; x_wconf 87' lang='lat' dir='ltr'><strong>cessit</strong></span> <span class='ocrx_word' id='word_1_191' title='bbox 1128 2399 1171 2452; x_wconf 92' lang='lat' dir='ltr'><strong>his</strong></span> <span class='ocrx_word' id='word_1_192' title='bbox 1222 2397 1333 2451; x_wconf 89' lang='lat' dir='ltr'><strong>dolores</strong></span> <span class='ocrx_word' id='word_1_193' title='bbox 1355 2395 1462 2464; x_wconf 79' lang='lat' dir='ltr'><strong>frigore</strong></span> <span class='ocrx_word' id='word_1_194' title='bbox 1481 2402 1573 2458; x_wconf 91' lang='lat' dir='ltr'><strong>ortos,</strong></span> <span class='ocrx_word' id='word_1_195' title='bbox 1593 2396 1867 2463; x_wconf 81' lang='lat' dir='ltr'><strong>commotionesque:</strong></span> <span class='ocrx_word' id='word_1_196' title='bbox 1891 2403 2022 2449; x_wconf 80' lang='lat' dir='ltr'><strong>contusae</strong></span> 
     </span>
    </p>
   </div>
   <div class='ocr_carea' id='block_1_10' title="bbox 370 2464 2023 5568">
    <p class='ocr_par' dir='ltr' id='par_1_10' title="bbox 370 2464 2023 3845">
     <span class='ocr_line' id='line_1_22' title="bbox 395 2464 2022 2536; baseline -0.003 -14"><span class='ocrx_word' id='word_1_197' title='bbox 395 2483 506 2531; x_wconf 89' lang='lat' dir='ltr'><strong>omona,</strong></span> <span class='ocrx_word' id='word_1_198' title='bbox 527 2476 678 2534; x_wconf 90' lang='lat' dir='ltr'><strong>partesque</strong></span> <span class='ocrx_word' id='word_1_199' title='bbox 697 2466 820 2536; x_wconf 80' lang='lat' dir='ltr'><strong>medicas</strong></span> <span class='ocrx_word' id='word_1_200' title='bbox 842 2475 871 2519; x_wconf 88' lang='lat' dir='ltr'><strong>et</strong></span> <span class='ocrx_word' id='word_1_201' title='bbox 890 2468 1076 2536; x_wconf 86' lang='lat' dir='ltr'><strong>pendentibus</strong></span> <span class='ocrx_word' id='word_1_202' title='bbox 1085 2469 1171 2531; x_wconf 85' lang='lat' dir='ltr'><strong>dedit,</strong></span> <span class='ocrx_word' id='word_1_203' title='bbox 1221 2481 1289 2520; x_wconf 83' lang='lat' dir='ltr'><strong>reru</strong></span> <span class='ocrx_word' id='word_1_204' title='bbox 1302 2477 1464 2535; x_wconf 90' lang='lat' dir='ltr'><strong>partescum</strong></span> <span class='ocrx_word' id='word_1_205' title='bbox 1477 2464 1656 2528; x_wconf 89' lang='lat' dir='ltr'><strong>oleo,carnes</strong></span> <span class='ocrx_word' id='word_1_206' title='bbox 1667 2473 1859 2518; x_wconf 84' lang='lat' dir='ltr'><strong>excrescentes</strong></span> <span class='ocrx_word' id='word_1_207' title='bbox 1869 2465 1897 2517; x_wconf 92' lang='lat' dir='ltr'><strong>in</strong></span> <span class='ocrx_word' id='word_1_208' title='bbox 1910 2466 2022 2518; x_wconf 89' lang='lat' dir='ltr'><strong>ossibus</strong></span> 
     </span>
     <span class='ocr_line' id='line_1_23' title="bbox 371 2534 2022 2605; baseline -0.003 -13"><span class='ocrx_word' id='word_1_209' title='bbox 371 2553 427 2592; x_wconf 91' lang='lat' dir='ltr'><strong>non</strong></span> <span class='ocrx_word' id='word_1_210' title='bbox 440 2543 574 2592; x_wconf 86' lang='lat' dir='ltr'><strong>contenta</strong></span> <span class='ocrx_word' id='word_1_211' title='bbox 595 2543 751 2604; x_wconf 77' lang='lat' dir='ltr'><strong>protegere,</strong></span> <span class='ocrx_word' id='word_1_212' title='bbox 770 2538 955 2605; x_wconf 90' lang='lat' dir='ltr'><strong>arborumque</strong></span> <span class='ocrx_word' id='word_1_213' title='bbox 975 2539 1053 2592; x_wconf 89' lang='lat' dir='ltr'><strong>alere</strong></span> <span class='ocrx_word' id='word_1_214' title='bbox 1073 2539 1174 2591; x_wconf 88' lang='lat' dir='ltr'><strong>umbra</strong></span> <span class='ocrx_word' id='word_1_215' title='bbox 1222 2551 1284 2588; x_wconf 90' lang='lat' dir='ltr'><strong>cum</strong></span> <span class='ocrx_word' id='word_1_216' title='bbox 1297 2542 1377 2589; x_wconf 87' lang='lat' dir='ltr'><strong>aceto</strong></span> <span class='ocrx_word' id='word_1_217' title='bbox 1385 2542 1413 2588; x_wconf 90' lang='lat' dir='ltr'><strong>et</strong></span> <span class='ocrx_word' id='word_1_218' title='bbox 1424 2535 1508 2597; x_wconf 91' lang='lat' dir='ltr'><strong>nitro,</strong></span> <span class='ocrx_word' id='word_1_219' title='bbox 1515 2534 1691 2600; x_wconf 90' lang='lat' dir='ltr'><strong>scorpionum</strong></span> <span class='ocrx_word' id='word_1_220' title='bbox 1703 2539 1732 2586; x_wconf 93' lang='lat' dir='ltr'><strong>et</strong></span> <span class='ocrx_word' id='word_1_221' title='bbox 1743 2548 1841 2587; x_wconf 86' lang='lat' dir='ltr'><strong>canum</strong></span> <span class='ocrx_word' id='word_1_222' title='bbox 1849 2535 1946 2602; x_wconf 90' lang='lat' dir='ltr'><strong>plagas</strong></span> <span class='ocrx_word' id='word_1_223' title='bbox 1958 2550 2022 2587; x_wconf 88' lang='lat' dir='ltr'><strong>cum</strong></span> 
     </span>
     <span class='ocr_line' id='line_1_24' title="bbox 371 2602 1994 2677; baseline -0.002 -18"><span class='ocrx_word' id='word_1_224' title='bbox 371 2622 442 2677; x_wconf 90' lang='lat' dir='ltr'><strong>quae</strong></span> <span class='ocrx_word' id='word_1_225' title='bbox 453 2605 587 2659; x_wconf 80' lang='lat' dir='ltr'><strong>diximus:</strong></span> <span class='ocrx_word' id='word_1_226' title='bbox 609 2606 695 2658; x_wconf 89' lang='lat' dir='ltr'><strong>immo</strong></span> <span class='ocrx_word' id='word_1_227' title='bbox 708 2605 936 2674; x_wconf 78' lang='lat' dir='ltr'><strong>velutindignuta</strong></span> <span class='ocrx_word' id='word_1_228' title='bbox 948 2608 1010 2675; x_wconf 90' lang='lat' dir='ltr'><strong>plus</strong></span> <span class='ocrx_word' id='word_1_229' title='bbox 1021 2608 1121 2660; x_wconf 64' lang='lat' dir='ltr'><strong>anulii</strong></span> <span class='ocrx_word' id='word_1_230' title='bbox 1132 2609 1173 2658; x_wconf 93' lang='lat' dir='ltr'><strong>in·</strong></span> <span class='ocrx_word' id='word_1_231' title='bbox 1222 2607 1294 2659; x_wconf 91' lang='lat' dir='ltr'><strong>oleo.</strong></span> <span class='ocrx_word' id='word_1_232' title='bbox 1333 2605 1452 2658; x_wconf 81' lang='lat' dir='ltr'><strong>corticis</strong></span> <span class='ocrx_word' id='word_1_233' title='bbox 1462 2618 1512 2671; x_wconf 92' lang='lat' dir='ltr'><strong>per</strong></span> <span class='ocrx_word' id='word_1_234' title='bbox 1522 2619 1553 2656; x_wconf 91' lang='lat' dir='ltr'><strong>se</strong></span> <span class='ocrx_word' id='word_1_235' title='bbox 1564 2604 1635 2655; x_wconf 89' lang='lat' dir='ltr'><strong>cinis</strong></span> <span class='ocrx_word' id='word_1_236' title='bbox 1648 2602 1800 2655; x_wconf 89' lang='lat' dir='ltr'><strong>combustis</strong></span> <span class='ocrx_word' id='word_1_237' title='bbox 1811 2605 1882 2672; x_wconf 89' lang='lat' dir='ltr'><strong>pilos</strong></span> <span class='ocrx_word' id='word_1_238' title='bbox 1893 2603 1994 2656; x_wconf 84' lang='lat' dir='ltr'><strong>reddit.</strong></span> 
     </span>
     <span class='ocr_line' id='line_1_25' title="bbox 372 2673 2023 2745; baseline -0.004 -13"><span class='ocrx_word' id='word_1_239' title='bbox 372 2692 434 2733; x_wconf 88' lang='lat' dir='ltr'><strong>esse</strong></span> <span class='ocrx_word' id='word_1_240' title='bbox 445 2675 569 2743; x_wconf 88' lang='lat' dir='ltr'><strong>hisquae</strong></span> <span class='ocrx_word' id='word_1_241' title='bbox 580 2675 718 2743; x_wconf 87' lang='lat' dir='ltr'><strong>longiusu</strong></span> <span class='ocrx_word' id='word_1_242' title='bbox 729 2674 807 2728; x_wconf 87' lang='lat' dir='ltr'><strong>caelo</strong></span> <span class='ocrx_word' id='word_1_243' title='bbox 818 2676 1087 2745; x_wconf 87' lang='lat' dir='ltr'><strong>abessent,quseque</strong></span> <span class='ocrx_word' id='word_1_244' title='bbox 1098 2685 1172 2744; x_wconf 90' lang='lat' dir='ltr'><strong>post·</strong></span> <span class='ocrx_word' id='word_1_245' title='bbox 1255 2673 1302 2727; x_wconf 87' lang='lat' dir='ltr'><strong>lV.</strong></span> <span class='ocrx_word' id='word_1_246' title='bbox 1315 2674 1498 2742; x_wconf 80' lang='lat' dir='ltr'><strong>omphacium</strong></span> <span class='ocrx_word' id='word_1_247' title='bbox 1510 2689 1564 2740; x_wconf 92' lang='lat' dir='ltr'><strong>qna</strong></span> <span class='ocrx_word' id='word_1_248' title='bbox 1575 2673 1771 2726; x_wconf 81' lang='lat' dir='ltr'><strong>deretratione</strong></span> <span class='ocrx_word' id='word_1_249' title='bbox 1783 2673 1942 2740; x_wconf 89' lang='lat' dir='ltr'><strong>incipientis</strong></span> <span class='ocrx_word' id='word_1_250' title='bbox 1951 2685 2023 2725; x_wconf 83' lang='lat' dir='ltr'><strong>urae</strong></span> 
     </span>
     <span class='ocr_line' id='line_1_26' title="bbox 371 2739 2022 2813; baseline -0.004 -13"><span class='ocrx_word' id='word_1_251' title='bbox 371 2763 406 2800; x_wconf 88' lang='lat' dir='ltr'><strong>ea</strong></span> <span class='ocrx_word' id='word_1_252' title='bbox 425 2746 590 2813; x_wconf 89' lang='lat' dir='ltr'><strong>coepissent.</strong></span> <span class='ocrx_word' id='word_1_253' title='bbox 628 2746 749 2797; x_wconf 77' lang='lat' dir='ltr'><strong>Primum</strong></span> <span class='ocrx_word' id='word_1_254' title='bbox 770 2745 845 2798; x_wconf 92' lang='lat' dir='ltr'><strong>enim</strong></span> <span class='ocrx_word' id='word_1_255' title='bbox 865 2744 970 2798; x_wconf 90' lang='lat' dir='ltr'><strong>homini</strong></span> <span class='ocrx_word' id='word_1_256' title='bbox 982 2747 1071 2799; x_wconf 84' lang='lat' dir='ltr'><strong>cibum</strong></span> <span class='ocrx_word' id='word_1_257' title='bbox 1084 2746 1172 2799; x_wconf 85' lang='lat' dir='ltr'><strong>inisse</strong></span> <span class='ocrx_word' id='word_1_258' title='bbox 1219 2746 1375 2813; x_wconf 88' lang='lat' dir='ltr'><strong>pubertate,</strong></span> <span class='ocrx_word' id='word_1_259' title='bbox 1397 2745 1427 2796; x_wconf 91' lang='lat' dir='ltr'><strong>iu</strong></span> <span class='ocrx_word' id='word_1_260' title='bbox 1447 2749 1652 2812; x_wconf 82' lang='lat' dir='ltr'><strong>unguentorum</strong></span> <span class='ocrx_word' id='word_1_261' title='bbox 1672 2741 1739 2796; x_wconf 88' lang='lat' dir='ltr'><strong>loco</strong></span> <span class='ocrx_word' id='word_1_262' title='bbox 1751 2741 1905 2795; x_wconf 89' lang='lat' dir='ltr'><strong>docuimus.</strong></span> <span class='ocrx_word' id='word_1_263' title='bbox 1941 2739 2022 2793; x_wconf 86' lang='lat' dir='ltr'><strong>Nunc</strong></span> 
     </span>
     <span class='ocr_line' id='line_1_27' title="bbox 372 2809 2021 2893; baseline -0.004 -26"><span class='ocrx_word' id='word_1_264' title='bbox 372 2815 445 2877; x_wconf 89' lang='lat' dir='ltr'><strong>inde,</strong></span> <span class='ocrx_word' id='word_1_265' title='bbox 452 2822 481 2867; x_wconf 89' lang='lat' dir='ltr'><strong>et</strong></span> <span class='ocrx_word' id='word_1_266' title='bbox 489 2817 529 2865; x_wconf 92' lang='lat' dir='ltr'><strong>sic</strong></span> <span class='ocrx_word' id='word_1_267' title='bbox 539 2814 652 2893; x_wconf 79' lang='lat' dir='ltr'><strong>inducto</strong></span> <span class='ocrx_word' id='word_1_268' title='bbox 660 2813 769 2893; x_wconf 76' lang='lat' dir='ltr'><strong>caelum</strong></span> <span class='ocrx_word' id='word_1_269' title='bbox 778 2819 915 2878; x_wconf 85' lang='lat' dir='ltr'><strong>spectare,</strong></span> <span class='ocrx_word' id='word_1_270' title='bbox 921 2814 1051 2881; x_wconf 89' lang='lat' dir='ltr'><strong>pascique</strong></span> <span class='ocrx_word' id='word_1_271' title='bbox 1061 2821 1090 2866; x_wconf 86' lang='lat' dir='ltr'><strong>ct</strong></span> <span class='ocrx_word' id='word_1_272' title='bbox 1100 2829 1172 2865; x_wconf 92' lang='lat' dir='ltr'><strong>nunc</strong></span> <span class='ocrx_word' id='word_1_273' title='bbox 1222 2814 1257 2866; x_wconf 90' lang='lat' dir='ltr'><strong>ad</strong></span> <span class='ocrx_word' id='word_1_274' title='bbox 1267 2813 1431 2866; x_wconf 86' lang='lat' dir='ltr'><strong>medicinam</strong></span> <span class='ocrx_word' id='word_1_275' title='bbox 1444 2811 1478 2865; x_wconf 91' lang='lat' dir='ltr'><strong>de</strong></span> <span class='ocrx_word' id='word_1_276' title='bbox 1490 2828 1523 2864; x_wconf 92' lang='lat' dir='ltr'><strong>eo</strong></span> <span class='ocrx_word' id='word_1_277' title='bbox 1535 2812 1706 2879; x_wconf 83' lang='lat' dir='ltr'><strong>pertinentia</strong></span> <span class='ocrx_word' id='word_1_278' title='bbox 1717 2811 1908 2863; x_wconf 88' lang='lat' dir='ltr'><strong>indicabimus.</strong></span> <span class='ocrx_word' id='word_1_279' title='bbox 1934 2809 2021 2862; x_wconf 83' lang='lat' dir='ltr'><strong>Sanni</strong></span> 
     </span>
     <span class='ocr_line' id='line_1_28' title="bbox 370 2879 2021 3020; baseline -0.002 -17"><span class='ocrx_word' id='word_1_280' title='bbox 370 2899 448 3003; x_wconf 43' lang='lat' dir='ltr'><strong>exli?</strong></span> <span class='ocrx_word' id='word_1_281' title='bbox 459 2895 543 3017; x_wconf 46' lang='lat' dir='ltr'><strong>&amp;gite</strong></span> <span class='ocrx_word' id='word_1_282' title='bbox 553 2880 772 3002; x_wconf 42' lang='lat' dir='ltr'><strong>{ngrescffiglnlrygem</strong></span> <span class='ocrx_word' id='word_1_283' title='bbox 784 2949 882 3014; x_wconf 87' lang='lat' dir='ltr'><strong>primis</strong></span> <span class='ocrx_word' id='word_1_284' title='bbox 893 2949 972 3003; x_wconf 88' lang='lat' dir='ltr'><strong>dedit</strong></span> <span class='ocrx_word' id='word_1_285' title='bbox 982 2949 1094 3012; x_wconf 82' lang='lat' dir='ltr'><strong>vitibus,</strong></span> <span class='ocrx_word' id='word_1_286' title='bbox 1116 2966 1171 3003; x_wconf 88' lang='lat' dir='ltr'><strong>non</strong></span> <span class='ocrx_word' id='word_1_287' title='bbox 1221 2879 1579 3020; x_wconf 46' lang='grc' dir='ltr'>ἑὲιξιίιιιὲιειιιιῖιῇυῃόιιῗιῗιὶῗιιιξ</span> <span class='ocrx_word' id='word_1_288' title='bbox 1590 2879 2021 3015; x_wconf 33' lang='lat' dir='ltr'><strong>{iaminpflrrrli&#39;mttirirsirlim</strong></span> 
     </span>
     <span class='ocr_line' id='line_1_29' title="bbox 370 3016 2023 3087; baseline -0.001 -15"><span class='ocrx_word' id='word_1_289' title='bbox 370 3026 503 3072; x_wconf 86' lang='lat' dir='ltr'><strong>contenta</strong></span> <span class='ocrx_word' id='word_1_290' title='bbox 513 3017 628 3070; x_wconf 86' lang='lat' dir='ltr'><strong>delictas</strong></span> <span class='ocrx_word' id='word_1_291' title='bbox 639 3018 735 3081; x_wconf 88' lang='lat' dir='ltr'><strong>etiam,</strong></span> <span class='ocrx_word' id='word_1_292' title='bbox 750 3024 779 3069; x_wconf 90' lang='lat' dir='ltr'><strong>ct</strong></span> <span class='ocrx_word' id='word_1_293' title='bbox 789 3017 900 3080; x_wconf 90' lang='lat' dir='ltr'><strong>odores,</strong></span> <span class='ocrx_word' id='word_1_294' title='bbox 920 3025 1005 3086; x_wconf 90' lang='lat' dir='ltr'><strong>atque</strong></span> <span class='ocrx_word' id='word_1_295' title='bbox 1022 3026 1171 3087; x_wconf 90' lang='lat' dir='ltr'><strong>unguenta,</strong></span> <span class='ocrx_word' id='word_1_296' title='bbox 1223 3016 1745 3086; x_wconf 84' lang='lat' dir='ltr'><strong>Scabritiaegenarum,hulceribueque</strong></span> <span class='ocrx_word' id='word_1_297' title='bbox 1757 3016 2023 3085; x_wconf 69' lang='lat' dir='ltr'><strong>angulorummube·</strong></span> 
     </span>
     <span class='ocr_line' id='line_1_30' title="bbox 371 3085 2021 3154; baseline -0.001 -13"><span class='ocrx_word' id='word_1_298' title='bbox 371 3085 527 3152; x_wconf 86' lang='lat' dir='ltr'><strong>omphacio,</strong></span> <span class='ocrx_word' id='word_1_299' title='bbox 545 3093 573 3138; x_wconf 88' lang='lat' dir='ltr'><strong>et</strong></span> <span class='ocrx_word' id='word_1_300' title='bbox 583 3085 731 3147; x_wconf 87' lang='lat' dir='ltr'><strong>oenanthe,</strong></span> <span class='ocrx_word' id='word_1_301' title='bbox 751 3100 784 3137; x_wconf 93' lang='lat' dir='ltr'><strong>ac</strong></span> <span class='ocrx_word' id='word_1_302' title='bbox 794 3089 922 3150; x_wconf 86' lang='lat' dir='ltr'><strong>massari,</strong></span> <span class='ocrx_word' id='word_1_303' title='bbox 940 3092 950 3149; x_wconf 91' lang='lat'>(</span> <span class='ocrx_word' id='word_1_304' title='bbox 971 3102 1023 3140; x_wconf 87' lang='lat' dir='ltr'><strong>uae</strong></span> <span class='ocrx_word' id='word_1_305' title='bbox 1034 3092 1091 3139; x_wconf 92' lang='lat' dir='ltr'><strong>suis</strong></span> <span class='ocrx_word' id='word_1_306' title='bbox 1102 3088 1171 3141; x_wconf 89' lang='lat' dir='ltr'><strong>locis</strong></span> <span class='ocrx_word' id='word_1_307' title='bbox 1222 3089 1300 3153; x_wconf 92' lang='lat' dir='ltr'><strong>culis,</strong></span> <span class='ocrx_word' id='word_1_308' title='bbox 1313 3087 1470 3141; x_wconf 89' lang='lat' dir='ltr'><strong>hulceribus</strong></span> <span class='ocrx_word' id='word_1_309' title='bbox 1480 3100 1639 3154; x_wconf 89' lang='lat' dir='ltr'><strong>quacunque</strong></span> <span class='ocrx_word' id='word_1_310' title='bbox 1652 3085 1678 3135; x_wconf 93' lang='lat' dir='ltr'><strong>in</strong></span> <span class='ocrx_word' id='word_1_311' title='bbox 1691 3092 1771 3152; x_wconf 90' lang='lat' dir='ltr'><strong>parte</strong></span> <span class='ocrx_word' id='word_1_312' title='bbox 1782 3087 1972 3151; x_wconf 89' lang='lat' dir='ltr'><strong>manantibus,</strong></span> <span class='ocrx_word' id='word_1_313' title='bbox 1983 3087 2021 3139; x_wconf 88' lang='lat' dir='ltr'><strong>ci·</strong></span> 
     </span>
     <span class='ocr_line' id='line_1_31' title="bbox 370 3155 2023 3226; baseline 0.001 -18"><span class='ocrx_word' id='word_1_314' title='bbox 370 3155 515 3216; x_wconf 64' lang='lat' dir='ltr'><strong>diximum)</strong></span> <span class='ocrx_word' id='word_1_315' title='bbox 537 3155 671 3207; x_wconf 90' lang='lat' dir='ltr'><strong>nobiliter</strong></span> <span class='ocrx_word' id='word_1_316' title='bbox 680 3155 857 3209; x_wconf 83' lang='lat' dir='ltr'><strong>instruxisse.</strong></span> <span class='ocrx_word' id='word_1_317' title='bbox 892 3155 1055 3221; x_wconf 81' lang='lat' dir='ltr'><strong>Plurimum,</strong></span> <span class='ocrx_word' id='word_1_318' title='bbox 1071 3156 1172 3226; x_wconf 87' lang='lat' dir='ltr'><strong>inquit,</strong></span> <span class='ocrx_word' id='word_1_319' title='bbox 1222 3158 1371 3212; x_wconf 88' lang='lat' dir='ltr'><strong>catrlcibus</strong></span> <span class='ocrx_word' id='word_1_320' title='bbox 1383 3155 1521 3218; x_wconf 89' lang='lat' dir='ltr'><strong>marcidis,</strong></span> <span class='ocrx_word' id='word_1_321' title='bbox 1530 3155 1638 3206; x_wconf 92' lang='lat' dir='ltr'><strong>ossibus</strong></span> <span class='ocrx_word' id='word_1_322' title='bbox 1648 3155 1794 3221; x_wconf 84' lang='lat' dir='ltr'><strong>purulente</strong></span> <span class='ocrx_word' id='word_1_323' title='bbox 1806 3156 1922 3209; x_wconf 79' lang='lat' dir='ltr'><strong>limosis.</strong></span> <span class='ocrx_word' id='word_1_324' title='bbox 1944 3156 2023 3211; x_wconf 81' lang='lat' dir='ltr'><strong>Miti-</strong></span> 
     </span>
     <span class='ocr_line' id='line_1_32' title="bbox 371 3223 2021 3348; baseline -0.001 -68"><span class='ocrx_word' id='word_1_325' title='bbox 371 3223 478 3279; x_wconf 91' lang='lat' dir='ltr'><strong>homini</strong></span> <span class='ocrx_word' id='word_1_326' title='bbox 494 3223 648 3291; x_wconf 82' lang='lat' dir='ltr'><strong>voluptatis</strong></span> <span class='ocrx_word' id='word_1_327' title='bbox 665 3233 817 3278; x_wconf 84' lang='lat' dir='ltr'><strong>exmcest.</strong></span> <span class='ocrx_word' id='word_1_328' title='bbox 854 3227 1042 3296; x_wconf 69' lang='lat' dir='ltr'><strong>Egosuccum</strong></span> <span class='ocrx_word' id='word_1_329' title='bbox 1051 3228 1118 3289; x_wconf 79' lang='lat' dir='ltr'><strong>vini,</strong></span> <span class='ocrx_word' id='word_1_330' title='bbox 1137 3228 1171 3279; x_wconf 88' lang='lat' dir='ltr'><strong>li-</strong></span> <span class='ocrx_word' id='word_1_331' title='bbox 1221 3236 1305 3348; x_wconf 58' lang='lat' dir='ltr'><strong>gatar</strong></span> <span class='ocrx_word' id='word_1_332' title='bbox 1314 3225 1492 3281; x_wconf 75' lang='lat' dir='ltr'><strong>vehementia</strong></span> <span class='ocrx_word' id='word_1_333' title='bbox 1501 3225 1561 3278; x_wconf 90' lang='lat' dir='ltr'><strong>eius</strong></span> <span class='ocrx_word' id='word_1_334' title='bbox 1575 3223 1661 3276; x_wconf 91' lang='lat' dir='ltr'><strong>melle</strong></span> <span class='ocrx_word' id='word_1_335' title='bbox 1672 3232 1721 3276; x_wconf 90' lang='lat' dir='ltr'><strong>aut</strong></span> <span class='ocrx_word' id='word_1_336' title='bbox 1729 3239 1824 3292; x_wconf 90' lang='lat' dir='ltr'><strong>passo.</strong></span> <span class='ocrx_word' id='word_1_337' title='bbox 1860 3223 1980 3278; x_wconf 86' lang='lat' dir='ltr'><strong>Prodest</strong></span> <span class='ocrx_word' id='word_1_338' title='bbox 1992 3233 2021 3280; x_wconf 93' lang='lat' dir='ltr'><strong>et</strong></span> 
     </span>
     <span class='ocr_line' id='line_1_33' title="bbox 370 3293 1949 3366; baseline -0.001 -19"><span class='ocrx_word' id='word_1_339' title='bbox 370 3309 486 3365; x_wconf 84' lang='lat' dir='ltr'><strong>quorem</strong></span> <span class='ocrx_word' id='word_1_340' title='bbox 508 3294 564 3347; x_wconf 87' lang='lat' dir='ltr'><strong>olei</strong></span> <span class='ocrx_word' id='word_1_341' title='bbox 580 3293 674 3362; x_wconf 87' lang='lat' dir='ltr'><strong>gigno.</strong></span> <span class='ocrx_word' id='word_1_342' title='bbox 703 3296 763 3361; x_wconf 78' lang='lat' dir='ltr'><strong>ligo</strong></span> <span class='ocrx_word' id='word_1_343' title='bbox 786 3298 893 3361; x_wconf 87' lang='lat' dir='ltr'><strong>palmas</strong></span> <span class='ocrx_word' id='word_1_344' title='bbox 912 3303 942 3352; x_wconf 87' lang='lat' dir='ltr'><strong>et</strong></span> <span class='ocrx_word' id='word_1_345' title='bbox 962 3312 1055 3366; x_wconf 88' lang='lat' dir='ltr'><strong>poma,</strong></span> <span class='ocrx_word' id='word_1_346' title='bbox 1075 3302 1173 3362; x_wconf 88' lang='lat' dir='ltr'><strong>totque</strong></span> <span class='ocrx_word' id='word_1_347' title='bbox 1240 3296 1416 3365; x_wconf 90' lang='lat' dir='ltr'><strong>ysentericis,</strong></span> <span class='ocrx_word' id='word_1_348' title='bbox 1428 3294 1949 3363; x_wconf 72' lang='lat' dir='ltr'><strong>sanguinemexscreantihne,anginis.</strong></span> 
     </span>
     <span class='ocr_line' id='line_1_34' title="bbox 371 3361 2021 3433; baseline -0.001 -16"><span class='ocrx_word' id='word_1_349' title='bbox 371 3366 541 3418; x_wconf 80' lang='lat' dir='ltr'><strong>varietates:</strong></span> <span class='ocrx_word' id='word_1_350' title='bbox 572 3379 660 3430; x_wconf 90' lang='lat' dir='ltr'><strong>neque</strong></span> <span class='ocrx_word' id='word_1_351' title='bbox 683 3370 715 3415; x_wconf 90' lang='grc' dir='ltr'><strong>ιι</strong></span> <span class='ocrx_word' id='word_1_352' title='bbox 735 3364 840 3429; x_wconf 90' lang='lat' dir='ltr'><strong>telius,</strong></span> <span class='ocrx_word' id='word_1_353' title='bbox 862 3368 957 3421; x_wconf 89' lang='lat' dir='ltr'><strong>omnia</strong></span> <span class='ocrx_word' id='word_1_354' title='bbox 996 3383 1027 3420; x_wconf 88' lang='lat' dir='ltr'><strong>er</strong></span> <span class='ocrx_word' id='word_1_355' title='bbox 1045 3366 1172 3427; x_wconf 87' lang='lat' dir='ltr'><strong>labores,</strong></span> <span class='ocrx_word' id='word_1_356' title='bbox 1257 3364 1291 3418; x_wconf 89' lang='lat' dir='ltr'><strong>V.</strong></span> <span class='ocrx_word' id='word_1_357' title='bbox 1310 3364 1463 3433; x_wconf 83' lang='lat' dir='ltr'><strong>omphacio</strong></span> <span class='ocrx_word' id='word_1_358' title='bbox 1481 3362 1614 3417; x_wconf 89' lang='lat' dir='ltr'><strong>cohaeret</strong></span> <span class='ocrx_word' id='word_1_359' title='bbox 1635 3361 1783 3426; x_wconf 74' lang='lat' dir='ltr'><strong>oenanthe,</strong></span> <span class='ocrx_word' id='word_1_360' title='bbox 1801 3378 1881 3430; x_wconf 89' lang='lat' dir='ltr'><strong>quam</strong></span> <span class='ocrx_word' id='word_1_361' title='bbox 1891 3363 2021 3416; x_wconf 77' lang='lat' dir='ltr'><strong>ritessii·</strong></span> 
     </span>
     <span class='ocr_line' id='line_1_35' title="bbox 372 3381 2022 3499; baseline -0.002 -12"><span class='ocrx_word' id='word_1_362' title='bbox 372 3433 479 3487; x_wconf 89' lang='lat' dir='ltr'><strong>aranda</strong></span> <span class='ocrx_word' id='word_1_363' title='bbox 503 3433 612 3493; x_wconf 89' lang='lat' dir='ltr'><strong>tauris,</strong></span> <span class='ocrx_word' id='word_1_364' title='bbox 637 3432 755 3485; x_wconf 89' lang='lat' dir='ltr'><strong>terenda</strong></span> <span class='ocrx_word' id='word_1_365' title='bbox 781 3437 875 3498; x_wconf 89' lang='lat' dir='ltr'><strong>areis,</strong></span> <span class='ocrx_word' id='word_1_366' title='bbox 903 3381 1003 3489; x_wconf 54' lang='lat' dir='ltr'><strong>dunin</strong></span> <span class='ocrx_word' id='word_1_367' title='bbox 1022 3437 1117 3497; x_wconf 72' lang='lat' dir='ltr'><strong>sams,</strong></span> <span class='ocrx_word' id='word_1_368' title='bbox 1141 3442 1172 3486; x_wconf 90' lang='lat' dir='ltr'><strong>ut</strong></span> <span class='ocrx_word' id='word_1_369' title='bbox 1221 3442 1328 3489; x_wconf 79' lang='lat' dir='ltr'><strong>vestros</strong></span> <span class='ocrx_word' id='word_1_370' title='bbox 1350 3436 1454 3497; x_wconf 86' lang='lat' dir='ltr'><strong>ierunt,</strong></span> <span class='ocrx_word' id='word_1_371' title='bbox 1476 3433 1552 3485; x_wconf 88' lang='lat' dir='ltr'><strong>dicta</strong></span> <span class='ocrx_word' id='word_1_372' title='bbox 1570 3430 1677 3486; x_wconf 90' lang='lat' dir='ltr'><strong>anobis</strong></span> <span class='ocrx_word' id='word_1_373' title='bbox 1696 3433 1724 3484; x_wconf 89' lang='lat' dir='ltr'><strong>in</strong></span> <span class='ocrx_word' id='word_1_374' title='bbox 1745 3432 1879 3499; x_wconf 78' lang='lat' dir='ltr'><strong>unguenti</strong></span> <span class='ocrx_word' id='word_1_375' title='bbox 1901 3434 2022 3486; x_wconf 92' lang='lat' dir='ltr'><strong>ratione.</strong></span> 
     </span>
     <span class='ocr_line' id='line_1_36' title="bbox 373 3500 2023 3571; baseline 0.002 -19"><span class='ocrx_word' id='word_1_376' title='bbox 373 3501 491 3569; x_wconf 84' lang='lat' dir='ltr'><strong>quando,</strong></span> <span class='ocrx_word' id='word_1_377' title='bbox 511 3508 651 3569; x_wconf 78' lang='lat' dir='ltr'><strong>quantove</strong></span> <span class='ocrx_word' id='word_1_378' title='bbox 666 3516 751 3568; x_wconf 89' lang='lat' dir='ltr'><strong>opere</strong></span> <span class='ocrx_word' id='word_1_379' title='bbox 768 3504 824 3555; x_wconf 91' lang='lat' dir='ltr'><strong>cibi</strong></span> <span class='ocrx_word' id='word_1_380' title='bbox 835 3505 922 3558; x_wconf 84' lang='lat' dir='ltr'><strong>danti</strong></span> <span class='ocrx_word' id='word_1_381' title='bbox 942 3508 978 3558; x_wconf 87' lang='lat' dir='ltr'><strong>lit</strong></span> <span class='ocrx_word' id='word_1_382' title='bbox 988 3519 1023 3558; x_wconf 82' lang='lat' dir='ltr'><strong>ex</strong></span> <span class='ocrx_word' id='word_1_383' title='bbox 1034 3520 1079 3557; x_wconf 92' lang='lat' dir='ltr'><strong>me</strong></span> <span class='ocrx_word' id='word_1_384' title='bbox 1091 3518 1171 3570; x_wconf 88' lang='lat' dir='ltr'><strong>para·</strong></span> <span class='ocrx_word' id='word_1_385' title='bbox 1220 3504 1428 3557; x_wconf 88' lang='lat' dir='ltr'><strong>Laudatissima</strong></span> <span class='ocrx_word' id='word_1_386' title='bbox 1443 3502 1577 3571; x_wconf 74' lang='lat' dir='ltr'><strong>insyria,</strong></span> <span class='ocrx_word' id='word_1_387' title='bbox 1598 3501 1717 3555; x_wconf 80' lang='lat' dir='ltr'><strong>maxime</strong></span> <span class='ocrx_word' id='word_1_388' title='bbox 1732 3503 1807 3553; x_wconf 88' lang='lat' dir='ltr'><strong>circa</strong></span> <span class='ocrx_word' id='word_1_389' title='bbox 1817 3500 1980 3555; x_wconf 77' lang='lat' dir='ltr'><strong>Antiochiae</strong></span> <span class='ocrx_word' id='word_1_390' title='bbox 1993 3510 2023 3555; x_wconf 85' lang='lat' dir='ltr'><strong>et</strong></span> 
     </span>
     <span class='ocr_line' id='line_1_37' title="bbox 372 3568 2021 3641; baseline 0.001 -20"><span class='ocrx_word' id='word_1_391' title='bbox 372 3580 402 3621; x_wconf 93' lang='lat' dir='ltr'><strong>ta</strong></span> <span class='ocrx_word' id='word_1_392' title='bbox 419 3570 521 3630; x_wconf 89' lang='lat' dir='ltr'><strong>omnia,</strong></span> <span class='ocrx_word' id='word_1_393' title='bbox 542 3583 594 3620; x_wconf 89' lang='lat' dir='ltr'><strong>nec</strong></span> <span class='ocrx_word' id='word_1_394' title='bbox 605 3583 688 3624; x_wconf 80' lang='lat' dir='ltr'><strong>uarro</strong></span> <span class='ocrx_word' id='word_1_395' title='bbox 708 3571 870 3636; x_wconf 87' lang='lat' dir='ltr'><strong>laboranda,</strong></span> <span class='ocrx_word' id='word_1_396' title='bbox 891 3573 941 3627; x_wconf 91' lang='lat' dir='ltr'><strong>sed</strong></span> <span class='ocrx_word' id='word_1_397' title='bbox 952 3590 1015 3627; x_wconf 90' lang='lat' dir='ltr'><strong>sese</strong></span> <span class='ocrx_word' id='word_1_398' title='bbox 1027 3575 1171 3641; x_wconf 91' lang='lat' dir='ltr'><strong>porrigen-</strong></span> <span class='ocrx_word' id='word_1_399' title='bbox 1220 3574 1381 3628; x_wconf 86' lang='lat' dir='ltr'><strong>Laodiceae</strong></span> <span class='ocrx_word' id='word_1_400' title='bbox 1398 3578 1523 3626; x_wconf 86' lang='lat' dir='ltr'><strong>montes:</strong></span> <span class='ocrx_word' id='word_1_401' title='bbox 1547 3579 1576 3624; x_wconf 88' lang='lat' dir='ltr'><strong>et</strong></span> <span class='ocrx_word' id='word_1_402' title='bbox 1596 3585 1631 3624; x_wconf 84' lang='lat' dir='ltr'><strong>er</strong></span> <span class='ocrx_word' id='word_1_403' title='bbox 1653 3571 1716 3622; x_wconf 86' lang='lat' dir='ltr'><strong>alba</strong></span> <span class='ocrx_word' id='word_1_404' title='bbox 1727 3570 1783 3623; x_wconf 80' lang='lat' dir='ltr'><strong>rite</strong></span> <span class='ocrx_word' id='word_1_405' title='bbox 1793 3568 1952 3639; x_wconf 77' lang='lat' dir='ltr'><strong>refrigerat,</strong></span> <span class='ocrx_word' id='word_1_406' title='bbox 1973 3570 2021 3622; x_wconf 88' lang='lat' dir='ltr'><strong>ad·</strong></span> 
     </span>
     <span class='ocr_line' id='line_1_38' title="bbox 372 3637 2021 3711; baseline 0 -21"><span class='ocrx_word' id='word_1_407' title='bbox 372 3639 412 3690; x_wconf 84' lang='lat' dir='ltr'><strong>tia</strong></span> <span class='ocrx_word' id='word_1_408' title='bbox 422 3637 510 3688; x_wconf 86' lang='lat' dir='ltr'><strong>ultro:</strong></span> <span class='ocrx_word' id='word_1_409' title='bbox 523 3637 585 3689; x_wconf 92' lang='lat' dir='ltr'><strong>etsi</strong></span> <span class='ocrx_word' id='word_1_410' title='bbox 597 3637 691 3705; x_wconf 89' lang='lat' dir='ltr'><strong>pigeat</strong></span> <span class='ocrx_word' id='word_1_411' title='bbox 702 3642 849 3706; x_wconf 87' lang='lat' dir='ltr'><strong>attingere,</strong></span> <span class='ocrx_word' id='word_1_412' title='bbox 859 3643 944 3694; x_wconf 90' lang='lat' dir='ltr'><strong>etiam</strong></span> <span class='ocrx_word' id='word_1_413' title='bbox 954 3642 1092 3695; x_wconf 87' lang='lat' dir='ltr'><strong>cadentia.</strong></span> <span class='ocrx_word' id='word_1_414' title='bbox 1109 3643 1173 3693; x_wconf 84' lang='lat' dir='ltr'><strong>Cer·</strong></span> <span class='ocrx_word' id='word_1_415' title='bbox 1221 3645 1347 3711; x_wconf 89' lang='lat' dir='ltr'><strong>stringit,</strong></span> <span class='ocrx_word' id='word_1_416' title='bbox 1366 3641 1530 3695; x_wconf 75' lang='lat' dir='ltr'><strong>uulneribus</strong></span> <span class='ocrx_word' id='word_1_417' title='bbox 1544 3640 1721 3707; x_wconf 82' lang='lat' dir='ltr'><strong>inspergitur,</strong></span> <span class='ocrx_word' id='word_1_418' title='bbox 1738 3640 1882 3691; x_wconf 86' lang='lat' dir='ltr'><strong>stomacho</strong></span> <span class='ocrx_word' id='word_1_419' title='bbox 1894 3639 2021 3701; x_wconf 85' lang='lat' dir='ltr'><strong>illinitur,</strong></span> 
     </span>
     <span class='ocr_line' id='line_1_39' title="bbox 372 3705 2020 3780; baseline 0 -21"><span class='ocrx_word' id='word_1_420' title='bbox 372 3706 445 3759; x_wconf 81' lang='lat' dir='ltr'><strong>tavit</strong></span> <span class='ocrx_word' id='word_1_421' title='bbox 466 3705 527 3772; x_wconf 89' lang='lat' dir='ltr'><strong>ipsa</strong></span> <span class='ocrx_word' id='word_1_422' title='bbox 547 3720 655 3768; x_wconf 85' lang='lat' dir='ltr'><strong>secum,</strong></span> <span class='ocrx_word' id='word_1_423' title='bbox 675 3706 792 3774; x_wconf 89' lang='lat' dir='ltr'><strong>piusque</strong></span> <span class='ocrx_word' id='word_1_424' title='bbox 815 3711 950 3764; x_wconf 85' lang='lat' dir='ltr'><strong>utilitatis</strong></span> <span class='ocrx_word' id='word_1_425' title='bbox 970 3726 1056 3765; x_wconf 82' lang='lat' dir='ltr'><strong>causa</strong></span> <span class='ocrx_word' id='word_1_426' title='bbox 1072 3710 1172 3780; x_wconf 86' lang='lat' dir='ltr'><strong>genuit</strong></span> <span class='ocrx_word' id='word_1_427' title='bbox 1221 3714 1301 3765; x_wconf 91' lang='lat' dir='ltr'><strong>utilis</strong></span> <span class='ocrx_word' id='word_1_428' title='bbox 1312 3714 1417 3774; x_wconf 90' lang='lat' dir='ltr'><strong>urinae,</strong></span> <span class='ocrx_word' id='word_1_429' title='bbox 1439 3710 1566 3771; x_wconf 91' lang='lat' dir='ltr'><strong>iocineri,</strong></span> <span class='ocrx_word' id='word_1_430' title='bbox 1589 3709 1689 3775; x_wconf 90' lang='lat' dir='ltr'><strong>capitis</strong></span> <span class='ocrx_word' id='word_1_431' title='bbox 1700 3708 1852 3773; x_wconf 87' lang='lat' dir='ltr'><strong>doloribus,</strong></span> <span class='ocrx_word' id='word_1_432' title='bbox 1863 3708 2020 3776; x_wconf 87' lang='lat' dir='ltr'><strong>dysenteri-</strong></span> 
     </span>
     <span class='ocr_line' id='line_1_40' title="bbox 374 3775 2022 3845; baseline -0.002 -12"><span class='ocrx_word' id='word_1_433' title='bbox 374 3776 468 3839; x_wconf 87' lang='lat' dir='ltr'><strong>etiem,</strong></span> <span class='ocrx_word' id='word_1_434' title='bbox 488 3775 744 3842; x_wconf 84' lang='lat' dir='ltr'><strong>quamroluptatis.</strong></span> <span class='ocrx_word' id='word_1_435' title='bbox 1222 3782 1270 3834; x_wconf 92' lang='lat' dir='ltr'><strong>cis.</strong></span> <span class='ocrx_word' id='word_1_436' title='bbox 1308 3783 1411 3833; x_wconf 85' lang='lat' dir='ltr'><strong>Contra</strong></span> <span class='ocrx_word' id='word_1_437' title='bbox 1431 3778 1545 3835; x_wconf 76' lang='lat' dir='ltr'><strong>fastidia</strong></span> <span class='ocrx_word' id='word_1_438' title='bbox 1563 3777 1646 3830; x_wconf 89' lang='lat' dir='ltr'><strong>obolo</strong></span> <span class='ocrx_word' id='word_1_439' title='bbox 1670 3792 1703 3831; x_wconf 85' lang='lat' dir='ltr'><strong>er</strong></span> <span class='ocrx_word' id='word_1_440' title='bbox 1725 3784 1805 3831; x_wconf 89' lang='lat' dir='ltr'><strong>aceto</strong></span> <span class='ocrx_word' id='word_1_441' title='bbox 1817 3786 1892 3845; x_wconf 86' lang='lat' dir='ltr'><strong>pota.</strong></span> <span class='ocrx_word' id='word_1_442' title='bbox 1928 3777 2022 3830; x_wconf 86' lang='lat' dir='ltr'><strong>Siccat</strong></span> 
     </span>
    </p>

    <p class='ocr_par' dir='ltr' id='par_1_11' title="bbox 371 3842 2022 5568">
     <span class='ocr_line' id='line_1_41' title="bbox 407 3842 2021 3968; baseline 0 -70"><span class='ocrx_word' id='word_1_443' title='bbox 407 3845 453 3899; x_wconf 86' lang='lat' dir='ltr'><strong>lli.</strong></span> <span class='ocrx_word' id='word_1_444' title='bbox 471 3842 554 3896; x_wconf 83' lang='lat' dir='ltr'><strong>Folia</strong></span> <span class='ocrx_word' id='word_1_445' title='bbox 570 3843 667 3896; x_wconf 77' lang='lat' dir='ltr'><strong>vitium</strong></span> <span class='ocrx_word' id='word_1_446' title='bbox 684 3853 713 3898; x_wconf 91' lang='lat' dir='ltr'><strong>et</strong></span> <span class='ocrx_word' id='word_1_447' title='bbox 728 3846 850 3915; x_wconf 86' lang='lat' dir='ltr'><strong>pampini</strong></span> <span class='ocrx_word' id='word_1_448' title='bbox 869 3847 970 3916; x_wconf 88' lang='lat' dir='ltr'><strong>capitis</strong></span> <span class='ocrx_word' id='word_1_449' title='bbox 987 3848 1109 3910; x_wconf 91' lang='lat' dir='ltr'><strong>dolores,</strong></span> <span class='ocrx_word' id='word_1_450' title='bbox 1128 3850 1170 3900; x_wconf 87' lang='lat' dir='ltr'><strong>in·</strong></span> <span class='ocrx_word' id='word_1_451' title='bbox 1222 3858 1364 3903; x_wconf 84' lang='lat' dir='ltr'><strong>manantes</strong></span> <span class='ocrx_word' id='word_1_452' title='bbox 1385 3849 1483 3968; x_wconf 54' lang='lat' dir='ltr'><strong>cnssim</strong></span> <span class='ocrx_word' id='word_1_453' title='bbox 1506 3848 1675 3915; x_wconf 86' lang='lat' dir='ltr'><strong>eruptiones,</strong></span> <span class='ocrx_word' id='word_1_454' title='bbox 1698 3846 1891 3900; x_wconf 87' lang='lat' dir='ltr'><strong>efficacissima</strong></span> <span class='ocrx_word' id='word_1_455' title='bbox 1901 3846 1936 3899; x_wconf 86' lang='lat' dir='ltr'><strong>ed</strong></span> <span class='ocrx_word' id='word_1_456' title='bbox 1952 3847 2021 3898; x_wconf 66' lang='lat' dir='ltr'><strong>titia</strong></span> 
     </span>
     <span class='ocr_line' id='line_1_42' title="bbox 371 3912 2022 3989; baseline 0 -22"><span class='ocrx_word' id='word_1_457' title='bbox 371 3912 612 3980; x_wconf 83' lang='lat' dir='ltr'><strong>dammationesqu</strong></span> <span class='ocrx_word' id='word_1_458' title='bbox 649 3929 797 3982; x_wconf 90' lang='lat' dir='ltr'><strong>corporum</strong></span> <span class='ocrx_word' id='word_1_459' title='bbox 818 3917 947 3984; x_wconf 87' lang='lat' dir='ltr'><strong>mitigant</strong></span> <span class='ocrx_word' id='word_1_460' title='bbox 967 3933 1028 3970; x_wconf 91' lang='lat' dir='ltr'><strong>cum</strong></span> <span class='ocrx_word' id='word_1_461' title='bbox 1048 3918 1171 3985; x_wconf 85' lang='lat' dir='ltr'><strong>polenta.</strong></span> <span class='ocrx_word' id='word_1_462' title='bbox 1222 3918 1407 3989; x_wconf 88' lang='lat' dir='ltr'><strong>quaesuntin</strong></span> <span class='ocrx_word' id='word_1_463' title='bbox 1439 3917 1555 3969; x_wconf 90' lang='lat' dir='ltr'><strong>umidis:</strong></span> <span class='ocrx_word' id='word_1_464' title='bbox 1575 3916 1640 3968; x_wconf 89' lang='lat' dir='ltr'><strong>ideo</strong></span> <span class='ocrx_word' id='word_1_465' title='bbox 1650 3920 1678 3968; x_wconf 87' lang='lat' dir='ltr'><strong>et</strong></span> <span class='ocrx_word' id='word_1_466' title='bbox 1689 3918 1746 3968; x_wconf 91' lang='lat' dir='ltr'><strong>oris</strong></span> <span class='ocrx_word' id='word_1_467' title='bbox 1757 3915 1923 3979; x_wconf 89' lang='lat' dir='ltr'><strong>hulceribus,</strong></span> <span class='ocrx_word' id='word_1_468' title='bbox 1938 3923 1965 3968; x_wconf 94' lang='lat' dir='ltr'><strong>et</strong></span> <span class='ocrx_word' id='word_1_469' title='bbox 1978 3931 2022 3967; x_wconf 79' lang='lat' dir='ltr'><strong>re·</strong></span> 
     </span>
     <span class='ocr_line' id='line_1_43' title="bbox 371 3982 2020 4056; baseline -0.001 -18"><span class='ocrx_word' id='word_1_470' title='bbox 371 3984 455 4038; x_wconf 82' lang='lat' dir='ltr'><strong>Folia</strong></span> <span class='ocrx_word' id='word_1_471' title='bbox 466 3997 515 4052; x_wconf 88' lang='lat' dir='ltr'><strong>per</strong></span> <span class='ocrx_word' id='word_1_472' title='bbox 524 3998 556 4037; x_wconf 88' lang='lat' dir='ltr'><strong>se</strong></span> <span class='ocrx_word' id='word_1_473' title='bbox 568 3998 600 4035; x_wconf 89' lang='lat' dir='ltr'><strong>ar</strong></span> <span class='ocrx_word' id='word_1_474' title='bbox 620 3998 683 4037; x_wconf 91' lang='lat' dir='ltr'><strong>ores</strong></span> <span class='ocrx_word' id='word_1_475' title='bbox 694 3982 830 4037; x_wconf 85' lang='lat' dir='ltr'><strong>stomachi</strong></span> <span class='ocrx_word' id='word_1_476' title='bbox 843 4000 877 4038; x_wconf 84' lang='lat' dir='ltr'><strong>er</strong></span> <span class='ocrx_word' id='word_1_477' title='bbox 887 4001 960 4055; x_wconf 86' lang='lat' dir='ltr'><strong>aqua</strong></span> <span class='ocrx_word' id='word_1_478' title='bbox 971 3987 1087 4056; x_wconf 74' lang='lat' dir='ltr'><strong>frigidm</strong></span> <span class='ocrx_word' id='word_1_479' title='bbox 1110 4003 1172 4040; x_wconf 89' lang='lat' dir='ltr'><strong>cum</strong></span> <span class='ocrx_word' id='word_1_480' title='bbox 1222 3989 1326 4053; x_wconf 78' lang='lat' dir='ltr'><strong>rendit,</strong></span> <span class='ocrx_word' id='word_1_481' title='bbox 1346 3986 1458 4049; x_wconf 80' lang='lat' dir='ltr'><strong>acsedi,</strong></span> <span class='ocrx_word' id='word_1_482' title='bbox 1478 4003 1539 4041; x_wconf 91' lang='lat' dir='ltr'><strong>cum</strong></span> <span class='ocrx_word' id='word_1_483' title='bbox 1556 3986 1782 4040; x_wconf 91' lang='lat' dir='ltr'><strong>melleetcroco.</strong></span> <span class='ocrx_word' id='word_1_484' title='bbox 1819 3986 1916 4037; x_wconf 83' lang='lat' dir='ltr'><strong>divum</strong></span> <span class='ocrx_word' id='word_1_485' title='bbox 1936 3986 2020 4039; x_wconf 85' lang='lat' dir='ltr'><strong>sistit.</strong></span> 
     </span>
     <span class='ocr_line' id='line_1_44' title="bbox 372 4051 2021 4125; baseline -0.002 -18"><span class='ocrx_word' id='word_1_486' title='bbox 372 4053 467 4108; x_wconf 74' lang='lat' dir='ltr'><strong>{arina</strong></span> <span class='ocrx_word' id='word_1_487' title='bbox 482 4067 549 4106; x_wconf 81' lang='lat' dir='ltr'><strong>raro</strong></span> <span class='ocrx_word' id='word_1_488' title='bbox 570 4051 678 4116; x_wconf 88' lang='lat' dir='ltr'><strong>hordei,</strong></span> <span class='ocrx_word' id='word_1_489' title='bbox 698 4055 877 4107; x_wconf 88' lang='lat' dir='ltr'><strong>articularios</strong></span> <span class='ocrx_word' id='word_1_490' title='bbox 895 4058 1018 4109; x_wconf 87' lang='lat' dir='ltr'><strong>morbos.</strong></span> <span class='ocrx_word' id='word_1_491' title='bbox 1045 4055 1172 4125; x_wconf 86' lang='lat' dir='ltr'><strong>Pampini</strong></span> <span class='ocrx_word' id='word_1_492' title='bbox 1222 4059 1362 4111; x_wconf 80' lang='lat' dir='ltr'><strong>Generum</strong></span> <span class='ocrx_word' id='word_1_493' title='bbox 1373 4053 2021 4124; x_wconf 69' lang='lat' dir='ltr'><strong>scabiememendatuoulornmquelacrimatio-</strong></span> 
     </span>
     <span class='ocr_line' id='line_1_45' title="bbox 372 4122 2021 4191; baseline -0.001 -15"><span class='ocrx_word' id='word_1_494' title='bbox 372 4124 434 4177; x_wconf 88' lang='lat' dir='ltr'><strong>triti</strong></span> <span class='ocrx_word' id='word_1_495' title='bbox 446 4131 475 4176; x_wconf 89' lang='lat' dir='ltr'><strong>et</strong></span> <span class='ocrx_word' id='word_1_496' title='bbox 491 4122 627 4191; x_wconf 90' lang='lat' dir='ltr'><strong>impositi,</strong></span> <span class='ocrx_word' id='word_1_497' title='bbox 648 4131 785 4177; x_wconf 88' lang='lat' dir='ltr'><strong>tumorem</strong></span> <span class='ocrx_word' id='word_1_498' title='bbox 798 4140 907 4178; x_wconf 91' lang='lat' dir='ltr'><strong>omnem</strong></span> <span class='ocrx_word' id='word_1_499' title='bbox 918 4128 1032 4179; x_wconf 80' lang='lat' dir='ltr'><strong>siccant</strong></span> <span class='ocrx_word' id='word_1_500' title='bbox 1068 4126 1172 4179; x_wconf 87' lang='lat' dir='ltr'><strong>Soccus</strong></span> <span class='ocrx_word' id='word_1_501' title='bbox 1221 4144 1284 4181; x_wconf 86' lang='lat' dir='ltr'><strong>nea:</strong></span> <span class='ocrx_word' id='word_1_502' title='bbox 1306 4143 1341 4181; x_wconf 84' lang='lat' dir='ltr'><strong>er</strong></span> <span class='ocrx_word' id='word_1_503' title='bbox 1359 4128 1423 4179; x_wconf 82' lang='lat' dir='ltr'><strong>rino</strong></span> <span class='ocrx_word' id='word_1_504' title='bbox 1443 4124 1583 4180; x_wconf 86' lang='lat' dir='ltr'><strong>stomachi</strong></span> <span class='ocrx_word' id='word_1_505' title='bbox 1593 4125 1821 4189; x_wconf 79' lang='lat' dir='ltr'><strong>dissolutionem:</strong></span> <span class='ocrx_word' id='word_1_506' title='bbox 1843 4139 1878 4177; x_wconf 83' lang='lat' dir='ltr'><strong>ex</strong></span> <span class='ocrx_word' id='word_1_507' title='bbox 1889 4138 1960 4190; x_wconf 87' lang='lat' dir='ltr'><strong>aqua</strong></span> <span class='ocrx_word' id='word_1_508' title='bbox 1972 4122 2021 4175; x_wconf 84' lang='lat' dir='ltr'><strong>iri·</strong></span> 
     </span>
     <span class='ocr_line' id='line_1_46' title="bbox 372 4191 2020 4268; baseline -0.003 -21"><span class='ocrx_word' id='word_1_509' title='bbox 372 4208 467 4247; x_wconf 91' lang='lat' dir='ltr'><strong>corum</strong></span> <span class='ocrx_word' id='word_1_510' title='bbox 490 4192 680 4261; x_wconf 75' lang='lat' dir='ltr'><strong>dysentericis</strong></span> <span class='ocrx_word' id='word_1_511' title='bbox 699 4191 808 4245; x_wconf 80' lang='lat' dir='ltr'><strong>inlusus</strong></span> <span class='ocrx_word' id='word_1_512' title='bbox 818 4193 954 4248; x_wconf 89' lang='lat' dir='ltr'><strong>medetur.</strong></span> <span class='ocrx_word' id='word_1_513' title='bbox 990 4195 1172 4248; x_wconf 78' lang='lat' dir='ltr'><strong>lacrimari·</strong></span> <span class='ocrx_word' id='word_1_514' title='bbox 1220 4199 1287 4268; x_wconf 82' lang='lat' dir='ltr'><strong>gida</strong></span> <span class='ocrx_word' id='word_1_515' title='bbox 1307 4206 1374 4265; x_wconf 89' lang='lat' dir='ltr'><strong>pota</strong></span> <span class='ocrx_word' id='word_1_516' title='bbox 1394 4197 1539 4266; x_wconf 89' lang='lat' dir='ltr'><strong>sanguinis</strong></span> <span class='ocrx_word' id='word_1_517' title='bbox 1554 4194 1772 4250; x_wconf 83' lang='lat' dir='ltr'><strong>exscreationes.</strong></span> <span class='ocrx_word' id='word_1_518' title='bbox 1810 4194 1887 4246; x_wconf 79' lang='lat' dir='ltr'><strong>cinis</strong></span> <span class='ocrx_word' id='word_1_519' title='bbox 1908 4193 2020 4244; x_wconf 86' lang='lat' dir='ltr'><strong>eiusad</strong></span> 
     </span>
     <span class='ocr_line' id='line_1_47' title="bbox 372 4261 2021 4336; baseline -0.001 -23"><span class='ocrx_word' id='word_1_520' title='bbox 372 4263 451 4325; x_wconf 90' lang='lat' dir='ltr'><strong>tium,</strong></span> <span class='ocrx_word' id='word_1_521' title='bbox 472 4277 543 4330; x_wconf 91' lang='lat' dir='ltr'><strong>quae</strong></span> <span class='ocrx_word' id='word_1_522' title='bbox 557 4261 759 4332; x_wconf 79' lang='lat' dir='ltr'><strong>velutigummi</strong></span> <span class='ocrx_word' id='word_1_523' title='bbox 768 4270 819 4326; x_wconf 86' lang='lat' dir='ltr'><strong>est,</strong></span> <span class='ocrx_word' id='word_1_524' title='bbox 839 4263 933 4331; x_wconf 90' lang='lat' dir='ltr'><strong>lepras</strong></span> <span class='ocrx_word' id='word_1_525' title='bbox 947 4271 976 4318; x_wconf 91' lang='lat' dir='ltr'><strong>et</strong></span> <span class='ocrx_word' id='word_1_526' title='bbox 988 4264 1123 4328; x_wconf 84' lang='lat' dir='ltr'><strong>lichenas,</strong></span> <span class='ocrx_word' id='word_1_527' title='bbox 1143 4269 1173 4318; x_wconf 88' lang='lat' dir='ltr'><strong>et</strong></span> <span class='ocrx_word' id='word_1_528' title='bbox 1222 4266 1425 4336; x_wconf 88' lang='lat' dir='ltr'><strong>collyriaetad</strong></span> <span class='ocrx_word' id='word_1_529' title='bbox 1445 4266 1558 4320; x_wconf 90' lang='lat' dir='ltr'><strong>hulcera</strong></span> <span class='ocrx_word' id='word_1_530' title='bbox 1571 4263 1724 4334; x_wconf 89' lang='lat' dir='ltr'><strong>purganda,</strong></span> <span class='ocrx_word' id='word_1_531' title='bbox 1745 4270 1774 4315; x_wconf 93' lang='lat' dir='ltr'><strong>et</strong></span> <span class='ocrx_word' id='word_1_532' title='bbox 1792 4261 1972 4330; x_wconf 83' lang='lat' dir='ltr'><strong>paronychia,</strong></span> <span class='ocrx_word' id='word_1_533' title='bbox 1992 4268 2021 4312; x_wconf 92' lang='lat' dir='ltr'><strong>et</strong></span> 
     </span>
     <span class='ocr_line' id='line_1_48' title="bbox 372 4330 2021 4407; baseline -0.001 -25"><span class='ocrx_word' id='word_1_534' title='bbox 372 4345 470 4397; x_wconf 88' lang='lat' dir='ltr'><strong>psoras</strong></span> <span class='ocrx_word' id='word_1_535' title='bbox 486 4332 561 4385; x_wconf 89' lang='lat' dir='ltr'><strong>nitro</strong></span> <span class='ocrx_word' id='word_1_536' title='bbox 582 4340 648 4385; x_wconf 89' lang='lat' dir='ltr'><strong>ante</strong></span> <span class='ocrx_word' id='word_1_537' title='bbox 670 4339 851 4401; x_wconf 84' lang='lat' dir='ltr'><strong>praeparatas</strong></span> <span class='ocrx_word' id='word_1_538' title='bbox 867 4341 956 4386; x_wconf 86' lang='lat' dir='ltr'><strong>sanat.</strong></span> <span class='ocrx_word' id='word_1_539' title='bbox 993 4333 1098 4387; x_wconf 78' lang='lat' dir='ltr'><strong>liudem</strong></span> <span class='ocrx_word' id='word_1_540' title='bbox 1109 4350 1172 4387; x_wconf 89' lang='lat' dir='ltr'><strong>cum</strong></span> <span class='ocrx_word' id='word_1_541' title='bbox 1221 4338 1363 4407; x_wconf 78' lang='lat' dir='ltr'><strong>pterygia,</strong></span> <span class='ocrx_word' id='word_1_542' title='bbox 1384 4338 1529 4405; x_wconf 86' lang='lat' dir='ltr'><strong>probatur.</strong></span> <span class='ocrx_word' id='word_1_543' title='bbox 1565 4335 1704 4388; x_wconf 88' lang='lat' dir='ltr'><strong>Uriturin</strong></span> <span class='ocrx_word' id='word_1_544' title='bbox 1721 4332 1812 4395; x_wconf 74' lang='lat' dir='ltr'><strong>furno,</strong></span> <span class='ocrx_word' id='word_1_545' title='bbox 1833 4332 1922 4384; x_wconf 88' lang='lat' dir='ltr'><strong>donec</strong></span> <span class='ocrx_word' id='word_1_546' title='bbox 1939 4330 2021 4397; x_wconf 90' lang='lat' dir='ltr'><strong>panis</strong></span> 
     </span>
     <span class='ocr_line' id='line_1_49' title="bbox 373 4398 2021 4475; baseline 0 -26"><span class='ocrx_word' id='word_1_547' title='bbox 373 4398 435 4450; x_wconf 90' lang='lat' dir='ltr'><strong>oleo</strong></span> <span class='ocrx_word' id='word_1_548' title='bbox 456 4401 568 4467; x_wconf 87' lang='lat' dir='ltr'><strong>saepius</strong></span> <span class='ocrx_word' id='word_1_549' title='bbox 586 4401 651 4469; x_wconf 88' lang='lat' dir='ltr'><strong>pilis</strong></span> <span class='ocrx_word' id='word_1_550' title='bbox 665 4402 756 4465; x_wconf 89' lang='lat' dir='ltr'><strong>illitis,</strong></span> <span class='ocrx_word' id='word_1_551' title='bbox 777 4402 909 4472; x_wconf 88' lang='lat' dir='ltr'><strong>psilothri</strong></span> <span class='ocrx_word' id='word_1_552' title='bbox 932 4402 1061 4457; x_wconf 79' lang='lat' dir='ltr'><strong>effectam</strong></span> <span class='ocrx_word' id='word_1_553' title='bbox 1078 4404 1171 4467; x_wconf 86' lang='lat' dir='ltr'><strong>habet,</strong></span> <span class='ocrx_word' id='word_1_554' title='bbox 1221 4414 1416 4475; x_wconf 87' lang='lat' dir='ltr'><strong>percoquatur.</strong></span> <span class='ocrx_word' id='word_1_555' title='bbox 1452 4405 1588 4457; x_wconf 79' lang='lat' dir='ltr'><strong>Maesaris</strong></span> <span class='ocrx_word' id='word_1_556' title='bbox 1605 4404 1739 4458; x_wconf 89' lang='lat' dir='ltr'><strong>odoribus</strong></span> <span class='ocrx_word' id='word_1_557' title='bbox 1759 4410 1867 4456; x_wconf 86' lang='lat' dir='ltr'><strong>tantum</strong></span> <span class='ocrx_word' id='word_1_558' title='bbox 1885 4400 2021 4468; x_wconf 75' lang='lat' dir='ltr'><strong>gignitum</strong></span> 
     </span>
     <span class='ocr_line' id='line_1_50' title="bbox 372 4466 2021 4544; baseline 0.003 -28"><span class='ocrx_word' id='word_1_559' title='bbox 372 4466 547 4534; x_wconf 81' lang='lat' dir='ltr'><strong>maximeque</strong></span> <span class='ocrx_word' id='word_1_560' title='bbox 568 4484 648 4536; x_wconf 86' lang='lat' dir='ltr'><strong>quam</strong></span> <span class='ocrx_word' id='word_1_561' title='bbox 669 4472 772 4524; x_wconf 79' lang='lat' dir='ltr'><strong>virides</strong></span> <span class='ocrx_word' id='word_1_562' title='bbox 792 4487 925 4525; x_wconf 86' lang='lat' dir='ltr'><strong>accensae</strong></span> <span class='ocrx_word' id='word_1_563' title='bbox 940 4476 1011 4525; x_wconf 78' lang='lat' dir='ltr'><strong>vites</strong></span> <span class='ocrx_word' id='word_1_564' title='bbox 1022 4472 1170 4526; x_wconf 77' lang='lat' dir='ltr'><strong>exsudant:</strong></span> <span class='ocrx_word' id='word_1_565' title='bbox 1221 4477 1369 4544; x_wconf 85' lang='lat' dir='ltr'><strong>omniaque</strong></span> <span class='ocrx_word' id='word_1_566' title='bbox 1380 4491 1414 4528; x_wconf 90' lang='lat' dir='ltr'><strong>ea</strong></span> <span class='ocrx_word' id='word_1_567' title='bbox 1423 4476 1543 4528; x_wconf 79' lang='lat' dir='ltr'><strong>ariditas</strong></span> <span class='ocrx_word' id='word_1_568' title='bbox 1555 4473 1667 4527; x_wconf 88' lang='lat' dir='ltr'><strong>humani</strong></span> <span class='ocrx_word' id='word_1_569' title='bbox 1677 4473 1786 4543; x_wconf 88' lang='lat' dir='ltr'><strong>ingenii</strong></span> <span class='ocrx_word' id='word_1_570' title='bbox 1795 4469 1967 4531; x_wconf 77' lang='lat' dir='ltr'><strong>nobilitavit,</strong></span> <span class='ocrx_word' id='word_1_571' title='bbox 1978 4483 2021 4521; x_wconf 91' lang='lat' dir='ltr'><strong>ra·</strong></span> 
     </span>
     <span class='ocr_line' id='line_1_51' title="bbox 372 4539 1467 4618; baseline 0.011 -32"><span class='ocrx_word' id='word_1_572' title='bbox 372 4549 428 4603; x_wconf 89' lang='lat' dir='ltr'><strong>qua</strong></span> <span class='ocrx_word' id='word_1_573' title='bbox 442 4543 471 4587; x_wconf 89' lang='lat' dir='ltr'><strong>et</strong></span> <span class='ocrx_word' id='word_1_574' title='bbox 484 4550 619 4617; x_wconf 70' lang='lat' dir='ltr'><strong>yerrueae</strong></span> <span class='ocrx_word' id='word_1_575' title='bbox 633 4539 780 4593; x_wconf 88' lang='lat' dir='ltr'><strong>tolluntur.</strong></span> <span class='ocrx_word' id='word_1_576' title='bbox 816 4540 939 4610; x_wconf 84' lang='lat' dir='ltr'><strong>Pampiul</strong></span> <span class='ocrx_word' id='word_1_577' title='bbox 951 4542 1113 4608; x_wconf 91' lang='lat' dir='ltr'><strong>sanguinem</strong></span> <span class='ocrx_word' id='word_1_578' title='bbox 1125 4556 1171 4594; x_wconf 83' lang='lat' dir='ltr'><strong>ex·</strong></span> <span class='ocrx_word' id='word_1_579' title='bbox 1217 4560 1286 4618; x_wconf 84' lang='lat' dir='ltr'><strong>pere</strong></span> <span class='ocrx_word' id='word_1_580' title='bbox 1298 4544 1467 4598; x_wconf 78' lang='lat' dir='ltr'><strong>festinando.</strong></span> 
     </span>
     <span class='ocr_line' id='line_1_52' title="bbox 372 4605 2019 4679; baseline 0.002 -24"><span class='ocrx_word' id='word_1_581' title='bbox 372 4605 555 4669; x_wconf 79' lang='lat' dir='ltr'><strong>screantibus,</strong></span> <span class='ocrx_word' id='word_1_582' title='bbox 577 4614 606 4658; x_wconf 91' lang='lat' dir='ltr'><strong>et</strong></span> <span class='ocrx_word' id='word_1_583' title='bbox 617 4607 763 4661; x_wconf 89' lang='lat' dir='ltr'><strong>mulierum</strong></span> <span class='ocrx_word' id='word_1_584' title='bbox 775 4618 935 4679; x_wconf 86' lang='lat' dir='ltr'><strong>aconceptu</strong></span> <span class='ocrx_word' id='word_1_585' title='bbox 948 4609 1108 4675; x_wconf 75' lang='lat' dir='ltr'><strong>defectioni,</strong></span> <span class='ocrx_word' id='word_1_586' title='bbox 1125 4611 1168 4663; x_wconf 90' lang='lat' dir='ltr'><strong>di·</strong></span> <span class='ocrx_word' id='word_1_587' title='bbox 1255 4613 1303 4666; x_wconf 85' lang='lat' dir='ltr'><strong>Vl.</strong></span> <span class='ocrx_word' id='word_1_588' title='bbox 1322 4614 1571 4668; x_wconf 84' lang='lat' dir='ltr'><strong>Maturescentium</strong></span> <span class='ocrx_word' id='word_1_589' title='bbox 1590 4618 1684 4664; x_wconf 87' lang='lat' dir='ltr'><strong>autem</strong></span> <span class='ocrx_word' id='word_1_590' title='bbox 1706 4624 1777 4661; x_wconf 80' lang='lat' dir='ltr'><strong>urae</strong></span> <span class='ocrx_word' id='word_1_591' title='bbox 1797 4608 2019 4660; x_wconf 79' lang='lat' dir='ltr'><strong>vehementiores</strong></span> 
     </span>
     <span class='ocr_line' id='line_1_53' title="bbox 372 4671 2018 4752; baseline 0.002 -29"><span class='ocrx_word' id='word_1_592' title='bbox 372 4671 427 4724; x_wconf 87' lang='lat' dir='ltr'><strong>luti</strong></span> <span class='ocrx_word' id='word_1_593' title='bbox 437 4679 504 4738; x_wconf 90' lang='lat' dir='ltr'><strong>potu</strong></span> <span class='ocrx_word' id='word_1_594' title='bbox 517 4682 641 4738; x_wconf 88' lang='lat' dir='ltr'><strong>prosunt.</strong></span> <span class='ocrx_word' id='word_1_595' title='bbox 669 4678 771 4731; x_wconf 84' lang='lat' dir='ltr'><strong>Cortex</strong></span> <span class='ocrx_word' id='word_1_596' title='bbox 782 4680 878 4730; x_wconf 83' lang='lat' dir='ltr'><strong>vitium</strong></span> <span class='ocrx_word' id='word_1_597' title='bbox 889 4689 917 4732; x_wconf 86' lang='lat' dir='ltr'><strong>ct</strong></span> <span class='ocrx_word' id='word_1_598' title='bbox 928 4680 996 4732; x_wconf 81' lang='lat' dir='ltr'><strong>folia</strong></span> <span class='ocrx_word' id='word_1_599' title='bbox 1008 4679 1097 4742; x_wconf 90' lang='lat' dir='ltr'><strong>arida,</strong></span> <span class='ocrx_word' id='word_1_600' title='bbox 1107 4678 1168 4730; x_wconf 84' lang='lat' dir='ltr'><strong>rui·</strong></span> <span class='ocrx_word' id='word_1_601' title='bbox 1220 4683 1328 4752; x_wconf 89' lang='lat' dir='ltr'><strong>nigrae,</strong></span> <span class='ocrx_word' id='word_1_602' title='bbox 1339 4684 1458 4749; x_wconf 90' lang='lat' dir='ltr'><strong>ideoque</strong></span> <span class='ocrx_word' id='word_1_603' title='bbox 1469 4683 1560 4733; x_wconf 79' lang='lat' dir='ltr'><strong>ninum</strong></span> <span class='ocrx_word' id='word_1_604' title='bbox 1572 4694 1607 4733; x_wconf 83' lang='lat' dir='ltr'><strong>ex</strong></span> <span class='ocrx_word' id='word_1_605' title='bbox 1619 4678 1663 4730; x_wconf 88' lang='lat' dir='ltr'><strong>his</strong></span> <span class='ocrx_word' id='word_1_606' title='bbox 1674 4677 1762 4728; x_wconf 91' lang='lat' dir='ltr'><strong>miuus</strong></span> <span class='ocrx_word' id='word_1_607' title='bbox 1774 4674 1940 4725; x_wconf 88' lang='lat' dir='ltr'><strong>iucundum:</strong></span> <span class='ocrx_word' id='word_1_608' title='bbox 1956 4692 2018 4727; x_wconf 85' lang='lat' dir='ltr'><strong>sua·</strong></span> 
     </span>
     <span class='ocr_line' id='line_1_54' title="bbox 373 4742 2021 4817; baseline 0.013 -27"><span class='ocrx_word' id='word_1_609' title='bbox 373 4755 468 4792; x_wconf 91' lang='lat' dir='ltr'><strong>nerum</strong></span> <span class='ocrx_word' id='word_1_610' title='bbox 479 4745 638 4807; x_wconf 89' lang='lat' dir='ltr'><strong>sanguinem</strong></span> <span class='ocrx_word' id='word_1_611' title='bbox 649 4747 761 4807; x_wconf 83' lang='lat' dir='ltr'><strong>sistunt,</strong></span> <span class='ocrx_word' id='word_1_612' title='bbox 769 4745 913 4814; x_wconf 81' lang='lat' dir='ltr'><strong>ipsumque</strong></span> <span class='ocrx_word' id='word_1_613' title='bbox 924 4751 1021 4801; x_wconf 85' lang='lat' dir='ltr'><strong>vulnus</strong></span> <span class='ocrx_word' id='word_1_614' title='bbox 1033 4749 1170 4817; x_wconf 89' lang='lat' dir='ltr'><strong>congluti·</strong></span> <span class='ocrx_word' id='word_1_615' title='bbox 1220 4756 1314 4806; x_wconf 83' lang='lat' dir='ltr'><strong>riores</strong></span> <span class='ocrx_word' id='word_1_616' title='bbox 1325 4753 1415 4813; x_wconf 90' lang='lat' dir='ltr'><strong>albae,</strong></span> <span class='ocrx_word' id='word_1_617' title='bbox 1435 4751 1562 4817; x_wconf 91' lang='lat' dir='ltr'><strong>quoniam</strong></span> <span class='ocrx_word' id='word_1_618' title='bbox 1585 4763 1602 4800; x_wconf 88' lang='lat' dir='ltr'><strong>s</strong></span> <span class='ocrx_word' id='word_1_619' title='bbox 1612 4743 1783 4798; x_wconf 88' lang='lat' dir='ltr'><strong>translucido</strong></span> <span class='ocrx_word' id='word_1_620' title='bbox 1796 4742 1906 4794; x_wconf 81' lang='lat' dir='ltr'><strong>lucilius</strong></span> <span class='ocrx_word' id='word_1_621' title='bbox 1917 4746 2021 4814; x_wconf 71' lang='lat' dir='ltr'><strong>accipi·</strong></span> 
     </span>
     <span class='ocr_line' id='line_1_55' title="bbox 372 4807 2020 4885; baseline 0.008 -25"><span class='ocrx_word' id='word_1_622' title='bbox 372 4816 448 4861; x_wconf 89' lang='lat' dir='ltr'><strong>nant.</strong></span> <span class='ocrx_word' id='word_1_623' title='bbox 485 4807 560 4860; x_wconf 83' lang='lat' dir='ltr'><strong>Vitis</strong></span> <span class='ocrx_word' id='word_1_624' title='bbox 579 4811 660 4863; x_wconf 91' lang='lat' dir='ltr'><strong>albae</strong></span> <span class='ocrx_word' id='word_1_625' title='bbox 681 4814 780 4866; x_wconf 82' lang='lat' dir='ltr'><strong>viridis</strong></span> <span class='ocrx_word' id='word_1_626' title='bbox 800 4822 880 4868; x_wconf 90' lang='lat' dir='ltr'><strong>tusae</strong></span> <span class='ocrx_word' id='word_1_627' title='bbox 892 4833 975 4870; x_wconf 85' lang='lat' dir='ltr'><strong>succo</strong></span> <span class='ocrx_word' id='word_1_628' title='bbox 992 4817 1170 4885; x_wconf 88' lang='lat' dir='ltr'><strong>impetigines</strong></span> <span class='ocrx_word' id='word_1_629' title='bbox 1219 4829 1266 4874; x_wconf 82' lang='grc' dir='ltr'>ιιι·</span> <span class='ocrx_word' id='word_1_630' title='bbox 1275 4836 1331 4874; x_wconf 87' lang='lat' dir='ltr'><strong>aer.</strong></span> <span class='ocrx_word' id='word_1_631' title='bbox 1368 4822 1503 4873; x_wconf 82' lang='lat' dir='ltr'><strong>Recentes</strong></span> <span class='ocrx_word' id='word_1_632' title='bbox 1521 4813 1694 4868; x_wconf 91' lang='lat' dir='ltr'><strong>stomachum</strong></span> <span class='ocrx_word' id='word_1_633' title='bbox 1715 4819 1743 4864; x_wconf 89' lang='lat' dir='ltr'><strong>et</strong></span> <span class='ocrx_word' id='word_1_634' title='bbox 1763 4810 1893 4877; x_wconf 81' lang='lat' dir='ltr'><strong>spiritum</strong></span> <span class='ocrx_word' id='word_1_635' title='bbox 1912 4813 2020 4873; x_wconf 75' lang='lat' dir='ltr'><strong>inflant,</strong></span> 
     </span>
     <span class='ocr_line' id='line_1_56' title="bbox 372 4878 2019 4956; baseline 0.003 -28"><span class='ocrx_word' id='word_1_636' title='bbox 372 4878 518 4930; x_wconf 87' lang='lat' dir='ltr'><strong>tolluntur.</strong></span> <span class='ocrx_word' id='word_1_637' title='bbox 536 4879 613 4932; x_wconf 82' lang='lat' dir='ltr'><strong>oinis</strong></span> <span class='ocrx_word' id='word_1_638' title='bbox 627 4891 829 4936; x_wconf 83' lang='lat' dir='ltr'><strong>sarmentorum</strong></span> <span class='ocrx_word' id='word_1_639' title='bbox 842 4885 994 4954; x_wconf 76' lang='lat' dir='ltr'><strong>vitiumque</strong></span> <span class='ocrx_word' id='word_1_640' title='bbox 1006 4894 1034 4939; x_wconf 90' lang='lat' dir='ltr'><strong>et</strong></span> <span class='ocrx_word' id='word_1_641' title='bbox 1044 4888 1171 4939; x_wconf 75' lang='lat' dir='ltr'><strong>vinaceo·</strong></span> <span class='ocrx_word' id='word_1_642' title='bbox 1219 4888 1498 4956; x_wconf 80' lang='lat' dir='ltr'><strong>nlmmqnetnrnant=</strong></span> <span class='ocrx_word' id='word_1_643' title='bbox 1511 4887 1606 4954; x_wconf 86' lang='lat' dir='ltr'><strong>itaque</strong></span> <span class='ocrx_word' id='word_1_644' title='bbox 1617 4884 1645 4934; x_wconf 91' lang='lat' dir='ltr'><strong>in</strong></span> <span class='ocrx_word' id='word_1_645' title='bbox 1656 4881 1728 4935; x_wconf 79' lang='lat' dir='ltr'><strong>febri</strong></span> <span class='ocrx_word' id='word_1_646' title='bbox 1739 4880 1915 4945; x_wconf 88' lang='lat' dir='ltr'><strong>damnantur,</strong></span> <span class='ocrx_word' id='word_1_647' title='bbox 1921 4884 2019 4951; x_wconf 89' lang='lat' dir='ltr'><strong>utique</strong></span> 
     </span>
     <span class='ocr_line' id='line_1_57' title="bbox 372 4946 2020 5025; baseline 0.003 -26"><span class='ocrx_word' id='word_1_648' title='bbox 372 4961 442 5010; x_wconf 92' lang='lat' dir='ltr'><strong>rum,</strong></span> <span class='ocrx_word' id='word_1_649' title='bbox 459 4946 666 5013; x_wconf 77' lang='lat' dir='ltr'><strong>condylomatis</strong></span> <span class='ocrx_word' id='word_1_650' title='bbox 677 4960 707 5002; x_wconf 91' lang='lat' dir='ltr'><strong>et</strong></span> <span class='ocrx_word' id='word_1_651' title='bbox 717 4952 791 5004; x_wconf 85' lang='lat' dir='ltr'><strong>redis</strong></span> <span class='ocrx_word' id='word_1_652' title='bbox 803 4954 879 5005; x_wconf 77' lang='lat' dir='ltr'><strong>vitiis</strong></span> <span class='ocrx_word' id='word_1_653' title='bbox 890 4956 1018 5008; x_wconf 84' lang='lat' dir='ltr'><strong>medetur</strong></span> <span class='ocrx_word' id='word_1_654' title='bbox 1027 4970 1063 5008; x_wconf 87' lang='lat' dir='ltr'><strong>er</strong></span> <span class='ocrx_word' id='word_1_655' title='bbox 1075 4964 1169 5008; x_wconf 82' lang='lat' dir='ltr'><strong>aceto:</strong></span> <span class='ocrx_word' id='word_1_656' title='bbox 1219 4957 1365 5025; x_wconf 86' lang='lat' dir='ltr'><strong>largiores.</strong></span> <span class='ocrx_word' id='word_1_657' title='bbox 1401 4956 1586 5008; x_wconf 77' lang='lat' dir='ltr'><strong>oraredinem</strong></span> <span class='ocrx_word' id='word_1_658' title='bbox 1597 4952 1669 5005; x_wconf 91' lang='lat' dir='ltr'><strong>enim</strong></span> <span class='ocrx_word' id='word_1_659' title='bbox 1681 4950 1776 5018; x_wconf 90' lang='lat' dir='ltr'><strong>capiti,</strong></span> <span class='ocrx_word' id='word_1_660' title='bbox 1789 4951 1972 5020; x_wconf 87' lang='lat' dir='ltr'><strong>morbumque</strong></span> <span class='ocrx_word' id='word_1_661' title='bbox 1982 4953 2020 5004; x_wconf 89' lang='lat' dir='ltr'><strong>is·</strong></span> 
     </span>
     <span class='ocr_line' id='line_1_58' title="bbox 371 5017 2019 5140; baseline 0.002 -72"><span class='ocrx_word' id='word_1_662' title='bbox 371 5017 440 5070; x_wconf 89' lang='lat' dir='ltr'><strong>item</strong></span> <span class='ocrx_word' id='word_1_663' title='bbox 454 5017 558 5069; x_wconf 83' lang='lat' dir='ltr'><strong>iuratis</strong></span> <span class='ocrx_word' id='word_1_664' title='bbox 570 5024 599 5070; x_wconf 86' lang='lat' dir='ltr'><strong>et</strong></span> <span class='ocrx_word' id='word_1_665' title='bbox 610 5019 754 5082; x_wconf 86' lang='lat' dir='ltr'><strong>ambustis,</strong></span> <span class='ocrx_word' id='word_1_666' title='bbox 765 5027 794 5073; x_wconf 87' lang='lat' dir='ltr'><strong>ct</strong></span> <span class='ocrx_word' id='word_1_667' title='bbox 805 5021 886 5074; x_wconf 83' lang='lat' dir='ltr'><strong>lienis</strong></span> <span class='ocrx_word' id='word_1_668' title='bbox 897 5027 1008 5087; x_wconf 89' lang='lat' dir='ltr'><strong>tumori,</strong></span> <span class='ocrx_word' id='word_1_669' title='bbox 1020 5040 1081 5077; x_wconf 89' lang='lat' dir='ltr'><strong>cum</strong></span> <span class='ocrx_word' id='word_1_670' title='bbox 1095 5040 1171 5076; x_wconf 91' lang='lat' dir='ltr'><strong>rosa·</strong></span> <span class='ocrx_word' id='word_1_671' title='bbox 1219 5024 1373 5093; x_wconf 88' lang='lat' dir='ltr'><strong>thargicum</strong></span> <span class='ocrx_word' id='word_1_672' title='bbox 1387 5025 1499 5077; x_wconf 82' lang='lat' dir='ltr'><strong>iaciunt.</strong></span> <span class='ocrx_word' id='word_1_673' title='bbox 1534 5021 1755 5084; x_wconf 89' lang='lat' dir='ltr'><strong>innocentiores,</strong></span> <span class='ocrx_word' id='word_1_674' title='bbox 1776 5035 1848 5088; x_wconf 88' lang='lat' dir='ltr'><strong>quae</strong></span> <span class='ocrx_word' id='word_1_675' title='bbox 1871 5020 2019 5140; x_wconf 53' lang='lat' dir='ltr'><strong>decer-gras</strong></span> 
     </span>
     <span class='ocr_line' id='line_1_59' title="bbox 372 5088 2018 5161; baseline 0.001 -22"><span class='ocrx_word' id='word_1_676' title='bbox 372 5101 423 5139; x_wconf 90' lang='lat' dir='ltr'><strong>ceo</strong></span> <span class='ocrx_word' id='word_1_677' title='bbox 442 5094 472 5139; x_wconf 92' lang='lat' dir='ltr'><strong>et</strong></span> <span class='ocrx_word' id='word_1_678' title='bbox 491 5095 556 5138; x_wconf 87' lang='lat' dir='ltr'><strong>ruta</strong></span> <span class='ocrx_word' id='word_1_679' title='bbox 570 5092 699 5155; x_wconf 78' lang='lat' dir='ltr'><strong>qtacetu.</strong></span> <span class='ocrx_word' id='word_1_680' title='bbox 736 5089 804 5141; x_wconf 87' lang='lat' dir='ltr'><strong>item</strong></span> <span class='ocrx_word' id='word_1_681' title='bbox 816 5093 874 5160; x_wconf 91' lang='lat' dir='ltr'><strong>igni</strong></span> <span class='ocrx_word' id='word_1_682' title='bbox 886 5109 967 5146; x_wconf 76' lang='lat' dir='ltr'><strong>sacro</strong></span> <span class='ocrx_word' id='word_1_683' title='bbox 977 5109 1012 5146; x_wconf 81' lang='lat' dir='ltr'><strong>er</strong></span> <span class='ocrx_word' id='word_1_684' title='bbox 1021 5095 1085 5146; x_wconf 85' lang='lat' dir='ltr'><strong>vinc</strong></span> <span class='ocrx_word' id='word_1_685' title='bbox 1098 5096 1170 5146; x_wconf 90' lang='lat' dir='ltr'><strong>citra</strong></span> <span class='ocrx_word' id='word_1_686' title='bbox 1219 5094 1447 5160; x_wconf 81' lang='lat' dir='ltr'><strong>diupependercr</strong></span> <span class='ocrx_word' id='word_1_687' title='bbox 1470 5107 1525 5161; x_wconf 90' lang='lat' dir='ltr'><strong>qua</strong></span> <span class='ocrx_word' id='word_1_688' title='bbox 1540 5091 1723 5145; x_wconf 77' lang='lat' dir='ltr'><strong>ventilatione</strong></span> <span class='ocrx_word' id='word_1_689' title='bbox 1739 5090 1824 5142; x_wconf 86' lang='lat' dir='ltr'><strong>etiam</strong></span> <span class='ocrx_word' id='word_1_690' title='bbox 1846 5088 1930 5144; x_wconf 84' lang='lat' dir='ltr'><strong>utiles</strong></span> <span class='ocrx_word' id='word_1_691' title='bbox 1968 5096 2018 5142; x_wconf 93' lang='lat' dir='ltr'><strong>unt</strong></span> 
     </span>
     <span class='ocr_line' id='line_1_60' title="bbox 373 5156 2019 5230; baseline 0.003 -23"><span class='ocrx_word' id='word_1_692' title='bbox 373 5157 464 5208; x_wconf 78' lang='lat' dir='ltr'><strong>oleum</strong></span> <span class='ocrx_word' id='word_1_693' title='bbox 485 5156 653 5222; x_wconf 88' lang='lat' dir='ltr'><strong>aspergitur,</strong></span> <span class='ocrx_word' id='word_1_694' title='bbox 674 5164 703 5210; x_wconf 89' lang='lat' dir='ltr'><strong>et</strong></span> <span class='ocrx_word' id='word_1_695' title='bbox 715 5159 896 5228; x_wconf 86' lang='lat' dir='ltr'><strong>intertrigini:</strong></span> <span class='ocrx_word' id='word_1_696' title='bbox 918 5172 948 5216; x_wconf 88' lang='lat' dir='ltr'><strong>et</strong></span> <span class='ocrx_word' id='word_1_697' title='bbox 959 5164 1030 5230; x_wconf 88' lang='lat' dir='ltr'><strong>pilos</strong></span> <span class='ocrx_word' id='word_1_698' title='bbox 1040 5163 1168 5216; x_wconf 79' lang='lat' dir='ltr'><strong>absumit.</strong></span> <span class='ocrx_word' id='word_1_699' title='bbox 1218 5162 1371 5227; x_wconf 86' lang='lat' dir='ltr'><strong>stomacho,</strong></span> <span class='ocrx_word' id='word_1_700' title='bbox 1381 5163 1537 5230; x_wconf 86' lang='lat' dir='ltr'><strong>aegrisque.</strong></span> <span class='ocrx_word' id='word_1_701' title='bbox 1573 5158 2019 5230; x_wconf 82' lang='lat' dir='ltr'><strong>Nametreirigerantieriter,et</strong></span> 
     </span>
     <span class='ocr_line' id='line_1_61' title="bbox 373 5225 1512 5285; baseline 0.004 -8"><span class='ocrx_word' id='word_1_702' title='bbox 373 5226 448 5278; x_wconf 85' lang='lat' dir='ltr'><strong>Dant</strong></span> <span class='ocrx_word' id='word_1_703' title='bbox 468 5234 497 5277; x_wconf 92' lang='lat' dir='ltr'><strong>et</strong></span> <span class='ocrx_word' id='word_1_704' title='bbox 516 5225 665 5278; x_wconf 91' lang='lat' dir='ltr'><strong>bibendum</strong></span> <span class='ocrx_word' id='word_1_705' title='bbox 687 5227 807 5280; x_wconf 88' lang='lat' dir='ltr'><strong>cinerem</strong></span> <span class='ocrx_word' id='word_1_706' title='bbox 827 5240 1029 5284; x_wconf 85' lang='lat' dir='ltr'><strong>sarmentorum</strong></span> <span class='ocrx_word' id='word_1_707' title='bbox 1041 5232 1076 5285; x_wconf 89' lang='lat' dir='ltr'><strong>ad</strong></span> <span class='ocrx_word' id='word_1_708' title='bbox 1089 5232 1169 5283; x_wconf 88' lang='lat' dir='ltr'><strong>lienis</strong></span> <span class='ocrx_word' id='word_1_709' title='bbox 1219 5231 1361 5285; x_wconf 82' lang='lat' dir='ltr'><strong>fastidium</strong></span> <span class='ocrx_word' id='word_1_710' title='bbox 1374 5231 1512 5285; x_wconf 74' lang='lat' dir='ltr'><strong>auferunt.</strong></span> 
     </span>
     <span class='ocr_line' id='line_1_62' title="bbox 373 5293 2015 5368; baseline 0.002 -23"><span class='ocrx_word' id='word_1_711' title='bbox 373 5293 499 5348; x_wconf 85' lang='lat' dir='ltr'><strong>remedia</strong></span> <span class='ocrx_word' id='word_1_712' title='bbox 506 5301 586 5348; x_wconf 90' lang='lat' dir='ltr'><strong>aceto</strong></span> <span class='ocrx_word' id='word_1_713' title='bbox 597 5298 930 5362; x_wconf 77' lang='lat' dir='ltr'><strong>conspersumitantbini</strong></span> <span class='ocrx_word' id='word_1_714' title='bbox 974 5301 1169 5368; x_wconf 86' lang='lat' dir='ltr'><strong>ethiintepida</strong></span> <span class='ocrx_word' id='word_1_715' title='bbox 1253 5300 1312 5355; x_wconf 85' lang='lat' dir='ltr'><strong>vll.</strong></span> <span class='ocrx_word' id='word_1_716' title='bbox 1332 5303 1410 5364; x_wconf 73' lang='lat' dir='ltr'><strong>Quae</strong></span> <span class='ocrx_word' id='word_1_717' title='bbox 1421 5308 1514 5354; x_wconf 85' lang='lat' dir='ltr'><strong>autem</strong></span> <span class='ocrx_word' id='word_1_718' title='bbox 1525 5299 1554 5350; x_wconf 91' lang='lat' dir='ltr'><strong>in</strong></span> <span class='ocrx_word' id='word_1_719' title='bbox 1565 5299 1632 5352; x_wconf 81' lang='lat' dir='ltr'><strong>rino</strong></span> <span class='ocrx_word' id='word_1_720' title='bbox 1644 5298 1719 5351; x_wconf 91' lang='lat' dir='ltr'><strong>dulei</strong></span> <span class='ocrx_word' id='word_1_721' title='bbox 1732 5297 1860 5352; x_wconf 90' lang='lat' dir='ltr'><strong>conditae</strong></span> <span class='ocrx_word' id='word_1_722' title='bbox 1871 5295 1959 5359; x_wconf 85' lang='lat' dir='ltr'><strong>fuere,</strong></span> <span class='ocrx_word' id='word_1_723' title='bbox 1968 5310 2015 5348; x_wconf 89' lang='lat' dir='ltr'><strong>ca·</strong></span> 
     </span>
     <span class='ocr_line' id='line_1_63' title="bbox 371 5365 2019 5439; baseline 0.001 -25"><span class='ocrx_word' id='word_1_724' title='bbox 371 5378 443 5432; x_wconf 88' lang='lat' dir='ltr'><strong>aquo</strong></span> <span class='ocrx_word' id='word_1_725' title='bbox 464 5365 603 5428; x_wconf 86' lang='lat' dir='ltr'><strong>bibantur,</strong></span> <span class='ocrx_word' id='word_1_726' title='bbox 624 5373 709 5433; x_wconf 91' lang='lat' dir='ltr'><strong>utque</strong></span> <span class='ocrx_word' id='word_1_727' title='bbox 721 5367 767 5433; x_wconf 87' lang='lat' dir='ltr'><strong>qni</strong></span> <span class='ocrx_word' id='word_1_728' title='bbox 778 5367 887 5432; x_wconf 91' lang='lat' dir='ltr'><strong>biberit,</strong></span> <span class='ocrx_word' id='word_1_729' title='bbox 907 5370 937 5421; x_wconf 90' lang='lat' dir='ltr'><strong>in</strong></span> <span class='ocrx_word' id='word_1_730' title='bbox 960 5371 1051 5424; x_wconf 88' lang='lat' dir='ltr'><strong>ienem</strong></span> <span class='ocrx_word' id='word_1_731' title='bbox 1066 5372 1166 5423; x_wconf 80' lang='lat' dir='ltr'><strong>iaceat.</strong></span> <span class='ocrx_word' id='word_1_732' title='bbox 1218 5378 1267 5439; x_wconf 91' lang='lat' dir='ltr'><strong>put</strong></span> <span class='ocrx_word' id='word_1_733' title='bbox 1277 5378 1394 5424; x_wconf 87' lang='lat' dir='ltr'><strong>tentant.</strong></span> <span class='ocrx_word' id='word_1_734' title='bbox 1423 5368 1573 5422; x_wconf 81' lang='lat' dir='ltr'><strong>Proximae</strong></span> <span class='ocrx_word' id='word_1_735' title='bbox 1589 5376 1654 5420; x_wconf 88' lang='lat' dir='ltr'><strong>sunt</strong></span> <span class='ocrx_word' id='word_1_736' title='bbox 1665 5369 1819 5436; x_wconf 85' lang='lat' dir='ltr'><strong>pensilibus</strong></span> <span class='ocrx_word' id='word_1_737' title='bbox 1829 5365 1857 5417; x_wconf 90' lang='lat' dir='ltr'><strong>in</strong></span> <span class='ocrx_word' id='word_1_738' title='bbox 1869 5365 1951 5433; x_wconf 85' lang='lat' dir='ltr'><strong>palea</strong></span> <span class='ocrx_word' id='word_1_739' title='bbox 1961 5380 2019 5417; x_wconf 86' lang='lat' dir='ltr'><strong>sar·</strong></span> 
     </span>
     <span class='ocr_line' id='line_1_64' title="bbox 371 5433 2019 5504; baseline 0.004 -22"><span class='ocrx_word' id='word_1_740' title='bbox 371 5433 528 5488; x_wconf 81' lang='lat' dir='ltr'><strong>Clericulae</strong></span> <span class='ocrx_word' id='word_1_741' title='bbox 541 5438 626 5503; x_wconf 87' lang='lat' dir='ltr'><strong>ipsae,</strong></span> <span class='ocrx_word' id='word_1_742' title='bbox 647 5436 748 5504; x_wconf 88' lang='lat' dir='ltr'><strong>quibus</strong></span> <span class='ocrx_word' id='word_1_743' title='bbox 769 5445 867 5503; x_wconf 88' lang='lat' dir='ltr'><strong>repunt</strong></span> <span class='ocrx_word' id='word_1_744' title='bbox 877 5439 960 5503; x_wconf 75' lang='lat' dir='ltr'><strong>nites,</strong></span> <span class='ocrx_word' id='word_1_745' title='bbox 981 5441 1076 5500; x_wconf 87' lang='lat' dir='ltr'><strong>tritae,</strong></span> <span class='ocrx_word' id='word_1_746' title='bbox 1093 5445 1122 5492; x_wconf 94' lang='lat' dir='ltr'><strong>et</strong></span> <span class='ocrx_word' id='word_1_747' title='bbox 1133 5452 1168 5490; x_wconf 82' lang='lat' dir='ltr'><strong>cx</strong></span> <span class='ocrx_word' id='word_1_748' title='bbox 1217 5450 1307 5494; x_wconf 75' lang='lat' dir='ltr'><strong>ustae.</strong></span> <span class='ocrx_word' id='word_1_749' title='bbox 1342 5440 1413 5493; x_wconf 82' lang='lat' dir='ltr'><strong>Nam</strong></span> <span class='ocrx_word' id='word_1_750' title='bbox 1432 5440 1461 5491; x_wconf 91' lang='lat' dir='ltr'><strong>in</strong></span> <span class='ocrx_word' id='word_1_751' title='bbox 1473 5439 1597 5491; x_wconf 83' lang='lat' dir='ltr'><strong>vinaceis</strong></span> <span class='ocrx_word' id='word_1_752' title='bbox 1609 5445 1747 5499; x_wconf 74' lang='lat' dir='ltr'><strong>servam,</strong></span> <span class='ocrx_word' id='word_1_753' title='bbox 1770 5442 1898 5501; x_wconf 88' lang='lat' dir='ltr'><strong>eteaput,</strong></span> <span class='ocrx_word' id='word_1_754' title='bbox 1907 5440 1937 5487; x_wconf 88' lang='lat' dir='ltr'><strong>et</strong></span> <span class='ocrx_word' id='word_1_755' title='bbox 1947 5434 2019 5488; x_wconf 83' lang='lat' dir='ltr'><strong>reai-</strong></span> 
     </span>
     <span class='ocr_line' id='line_1_65' title="bbox 371 5502 2020 5568; baseline -0.008 0"><span class='ocrx_word' id='word_1_756' title='bbox 371 5515 441 5568; x_wconf 60' lang='lat' dir='ltr'><strong>”iud</strong></span> <span class='ocrx_word' id='word_1_757' title='bbox 450 5516 543 5567; x_wconf 84' lang='lat' dir='ltr'><strong>potae,</strong></span> <span class='ocrx_word' id='word_1_758' title='bbox 553 5506 657 5557; x_wconf 85' lang='lat' dir='ltr'><strong>sistunt</strong></span> <span class='ocrx_word' id='word_1_759' title='bbox 666 5505 851 5560; x_wconf 81' lang='lat' dir='ltr'><strong>vomitionum</strong></span> <span class='ocrx_word' id='word_1_760' title='bbox 862 5506 1102 5563; x_wconf 85' lang='lat' dir='ltr'><strong>consuetudinem.</strong></span> <span class='ocrx_word' id='word_1_761' title='bbox 1123 5507 1166 5559; x_wconf 74' lang='lat' dir='ltr'><strong>Ci-</strong></span> <span class='ocrx_word' id='word_1_762' title='bbox 1219 5525 1288 5565; x_wconf 85' lang='lat' dir='ltr'><strong>cem.</strong></span> <span class='ocrx_word' id='word_1_763' title='bbox 1296 5516 1326 5564; x_wconf 87' lang='lat' dir='ltr'><strong>et</strong></span> <span class='ocrx_word' id='word_1_764' title='bbox 1337 5506 1509 5562; x_wconf 83' lang='lat' dir='ltr'><strong>stomachum</strong></span> <span class='ocrx_word' id='word_1_765' title='bbox 1518 5507 1664 5562; x_wconf 85' lang='lat' dir='ltr'><strong>lniestant.</strong></span> <span class='ocrx_word' id='word_1_766' title='bbox 1693 5506 1905 5560; x_wconf 83' lang='lat' dir='ltr'><strong>Sistunttarnsn</strong></span> <span class='ocrx_word' id='word_1_767' title='bbox 1917 5502 2020 5567; x_wconf 79' lang='lat' dir='ltr'><strong>almn,</strong></span> 
     </span>
    </p>
   </div>
   <div class='ocr_carea' id='block_1_11' title="bbox 0 0 2188 6004">
    <p class='ocr_par' dir='ltr' id='par_1_12' title="bbox 0 0 2188 6004">
     <span class='ocr_line' id='line_1_66' title="bbox 0 0 2188 6004; baseline 0 0"><span class='ocrx_word' id='word_1_768' title='bbox 0 0 2188 6004; x_wconf 95' lang='lat' dir='ltr'><strong> </strong></span> 
     </span>
    </p>
   </div>
  </div>
 </body>
</html>
