4330 6014
356 324 398 384 38
497 322 529 381 C.
574 320 722 380 P'LlNll
769 315 975 379 SECUNDl
1020 313 1185 376 NATUR.
1230 312 1420 375 ursiuli
1467 312 1547 372 ΗΒ.
1570 311 1615 370 11.
1660 313 1884 376 CAMM.

356 469 459 538 sirpus
480 470 602 533 (irasci,
633 470 744 522 nomine
764 466 920 520 ornamenti
939 465 1159 534 appellaverunt,

358 556 420 592 eum
433 556 484 594 nos
498 556 516 592 a
526 541 650 608 perfecta
660 538 842 602 absolutaque
854 535 1003 602 elegantia,
1017 534 1160 587 mundum.

358 609 474 665 metum
485 611 595 677 quidem
607 606 772 659 hauddubie
793 605 894 657 caelati
915 610 1079 671 argumento
1091 603 1161 654 dixi·

359 693 429 742 mus,
450 686 481 730 ut
490 681 692 744 iuterpretatur
701 674 740 724 Μ.
752 672 852 726 Varro.
882 674 1001 726 Adiuvat
1012 688 1105 725 rerum
1117 686 1161 722 or·

358 746 404 809 do,
425 749 564 813 descripto
576 743 692 801 circulo,
713 742 761 808 qui
772 741 896 809 Signifer
907 750 1032 803 vocatur,
1053 743 1082 792 in
1093 740 1161 792 duo·

358 815 448 869 decim
470 814 628 867 animalium
651 810 771 877 efligies:
792 818 821 863 et
831 827 882 879 per
895 811 960 865 illas
971 811 1045 863 Solis
1057 825 1161 873 cursus,

358 899 410 937 con
432 888 512 936 tuens
523 880 686 942 totseculis,
696 881 777 932 ratio.

392 901 437 1003 15.
456 951 514 1003 Νεε
534 949 570 1002 de
581 949 725 1002 elementis
736 948 819 1000 rideo
831 946 952 1000 dubitari
964 985 972 1013 ,
994 955 1116 1016 quatuor
1127 963 1162 1002 ea

357 1037 426 1075 esse.
444 1017 550 1085 lgnium
562 1034 713 1071 summum:
733 1017 798 1070 inde
809 1022 853 1068 tot
864 1018 1009 1071 stellarum
1022 1018 1159 1070 collucen-

356 1093 427 1141 tium
438 1088 503 1139 illos
514 1088 619 1140 oculos.
651 1089 811 1140 Proximum
824 1088 949 1154 spiritus,
968 1102 1049 1155 quem
1060 1088 1160 1138 Graeci

357 1157 500 1224 nostrique
521 1158 618 1212 eodem
633 1158 770 1210 vocabulo
781 1157 1008 1224 airaappellant.
1038 1154 1160 1207 Vitalern

357 1226 527 1294 buneetper
537 1236 639 1278 cuncta
650 1242 740 1279 rerum
754 1226 913 1287 nseabilem,
921 1232 1038 1294 totoque
1050 1239 1160 1276 correer-

355 1303 428 1347 tum:
443 1294 523 1348 buius
535 1296 563 1347 vi
573 1311 745 1364 suspensam,
758 1310 820 1347 eum
832 1302 932 1361 quarto
943 1309 1077 1361 aquarum
1107 1292 1161 1347 ele·

355 1371 458 1428 mento,
479 1367 580 1418 librari
598 1365 691 1418 medio
712 1365 805 1431 spatio
824 1362 967 1415 tellurem.
995 1364 1039 1415 lta
1062 1369 1160 1414 mutuo

357 1435 503 1502 complexu
526 1435 698 1487 diversitatis
720 1433 915 1493 cilicinarum,
933 1431 1160 1498 etleviaponde·

354 1504 431 1556 ribus
442 1503 569 1566 inhiberi,
587 1520 640 1572 quo
652 1504 744 1556 missus
755 1501 881 1554 evolent:
892 1509 1044 1569 contraque
1054 1501 1160 1570 gravia,

354 1590 389 1625 ne
401 1580 493 1637 ruant,
513 1573 653 1640 suspendi,
673 1572 782 1624 levibus
792 1572 820 1621 in
836 1571 956 1623 sublime
971 1571 1159 1625 tendentibus.

355 1642 403 1694 Sic
424 1644 484 1711 pari
496 1645 524 1694 in
535 1641 727 1705 dirersanisu,
750 1640 779 1691 vi
789 1655 840 1691 sua
855 1655 979 1708 quaeque
1000 1641 1159 1703 consistere,

354 1714 507 1780 irrequieto
518 1713 613 1762 mundi
624 1711 712 1777 ipsius
724 1710 875 1761 constricta
885 1711 1014 1761 circuitu:
1026 1725 1081 1777 quo
1090 1724 1160 1761 sem·

357 1797 408 1850 per
425 1786 453 1833 in
468 1786 644 1841 secernente,
655 1782 740 1832 imam
751 1788 834 1845 atque
855 1780 972 1831 mediam
988 1781 1017 1830 in
1029 1786 1088 1830 toto
1099 1794 1160 1831 esse

354 1861 470 1910 terram,
494 1850 664 1916 eandemque
682 1850 807 1900 universi
829 1847 942 1900 cardine
953 1857 1028 1901 stare
1039 1849 1159 1915 penden-

352 1927 430 1985 tem,
451 1918 599 1970 librantem
620 1933 672 1985 per
696 1933 768 1985 quae
789 1918 921 1986 pendeat:
944 1919 986 1970 ita
998 1919 1087 1970 solam
1108 1919 1159 1968 im-

354 1990 486 2043 mobilem
502 1988 578 2039 circa
597 2003 659 2040 eam
680 1986 800 2039 volubili
820 1987 1022 2052 universitate,
1044 1986 1158 2040 eandem

333 2103 335 2107 .
355 2074 390 2113 ex
402 2058 529 2111 omnibus
541 2061 623 2119 necti,
634 2057 781 2124 eidemque
792 2060 885 2109 omnia
896 2059 987 2109 inniti.
1003 2058 1079 2109 later
1089 2054 1161 2107 banc

354 2129 516 2194 caelumque
536 2126 633 2178 eodem
654 2127 758 2192 spiritu
779 2127 909 2193 pendent,
932 2128 1016 2179 certis
1038 2126 1160 2177 discreta

353 2198 462 2265 spatiis,
482 2201 589 2262 septem
608 2196 710 2258 sidera,
732 2211 803 2265 quae
814 2199 848 2248 ab
859 2197 967 2248 incessu
978 2211 1107 2247 rocanrus
1118 2210 1161 2247 er·

354 2268 457 2328 rantia,
478 2281 540 2317 curm
561 2272 655 2317 errent
664 2265 742 2317 nulla
754 2266 844 2316 minus
856 2266 920 2317 illis.
936 2267 1038 2317 Eorum
1051 2264 1159 2316 medius

355 2337 405 2390 Sol
427 2335 526 2400 fertur,
548 2335 722 2402 amplissima
741 2336 933 2403 magnitudine
948 2351 981 2386 ac
1003 2341 1158 2402 potestate:

355 2413 571 2473 nectempornm
583 2405 678 2469 modo,
697 2412 898 2471 terrarumque,
916 2405 965 2456 sed
986 2406 1105 2456 siderum
1117 2410 1158 2455 et·

354 2478 410 2527 inm
422 2476 553 2541 ipsorum,
574 2474 699 2541 caelique
710 2482 812 2525 rector.
846 2476 928 2525 ilunc
938 2474 1031 2525 mundi
1044 2489 1105 2525 esse
1116 2482 1158 2524 to·

357 2547 413 2596 tius
434 2545 566 2606 animum,
585 2559 618 2594 ac
636 2546 744 2611 planius
767 2551 902 2604 mentem,
923 2542 995 2595 bunc
1008 2543 1159 2610 principale

356 2621 472 2665 naturae
493 2614 627 2681 regimen,
654 2629 687 2664 ac
708 2627 808 2666 nunren
830 2613 942 2666 credere
963 2614 1053 2675 decet,
1074 2627 1160 2678 opere

356 2687 416 2735 eius
427 2683 615 2735 aestimantes.
635 2682 692 2733 llic
703 2682 792 2733 lucem
804 2683 885 2734 rebus
896 2684 1045 2744 ministrat,
1056 2682 1159 2733 aufert·

355 2768 407 2819 quo
419 2754 561 2804 tenebras:
583 2749 628 2803 bic
639 2751 747 2817 reliqua
758 2752 854 2804 sidera
865 2753 997 2814 occultat,
1020 2752 1156 2804 illustrat:

355 2820 399 2873 bic
409 2823 482 2873 vices
493 2829 659 2888 temporum,
681 2835 837 2887 annumque
849 2837 958 2888 semper
968 2827 1157 2873 renascentem

355 2906 389 2942 es
401 2907 452 2942 usu
473 2896 589 2943 naturae
609 2898 758 2956 temperat:
771 2890 817 2941 bic
827 2891 898 2943 caeli
917 2891 1060 2942 tristitiam
1072 2889 1161 2941 discu-

354 2961 391 3011 tit
414 2967 498 3027 atque
519 2961 605 3011 etiam
625 2956 737 3009 humani
758 2960 855 3010 nubila
868 2962 952 3010 animi
971 2965 1094 3011 serenat:
1116 2957 1161 3008 bic

354 3044 434 3080 suum
446 3029 538 3080 lumen
550 3028 650 3079 ceteris
662 3042 771 3093 quoqne
783 3028 1071 3089 sideribusioenerat,
1083 3041 1161 3093 prae·

355 3099 459 3161 clarus,
481 3095 608 3155 eninrius,
628 3096 722 3146 omnia
732 3097 852 3158 intuens,
874 3098 1062 3148 omniaetiam
1074 3111 1159 3148 erau-

354 3167 443 3229 diens,
454 3174 486 3217 ut
497 3163 612 3232 principi
624 3163 772 3215 literarum
784 3165 907 3215 llomero
918 3164 1056 3231 placuisse
1064 3165 1093 3216 in
1104 3179 1158 3217 uuo

354 3234 490 3288 eccideo.

390 3305 424 3357 V.
457 3305 636 3369 Quapropter
657 3300 777 3370 effigiem
790 3301 844 3354 Dei
856 3300 1031 3369 formamque
1043 3316 1159 3368 quaere-

355 3390 394 3437 re,
411 3371 617 3425 imbecillitatis
627 3370 763 3423 bunranac
775 3387 846 3427 reor.
877 3372 1009 3438 Quisquis
1019 3378 1062 3423 est
1072 3371 1159 3433 Deus,

355 3444 380 3495 si
401 3441 483 3493 niodo
507 3448 550 3492 est
562 3441 645 3502 alius,
666 3449 694 3492 et
704 3456 866 3507 quacunque
878 3442 906 3492 in
920 3449 1008 3508 parte,
1029 3447 1105 3492 totus
1117 3446 1159 3492 ost

355 3525 462 3570 sensus,
472 3515 551 3561 totus
561 3509 644 3569 visus,
668 3516 744 3560 totus
757 3510 879 3573 auditus,
903 3518 978 3562 totus
987 3510 1106 3573 animae,
1118 3517 1164 3562 to·

353 3586 399 3629 tus
410 3577 505 3638 enimi,
517 3582 594 3626 totus
605 3579 657 3627 sui.
689 3578 852 3629 intrumeros
863 3580 973 3647 quidem
987 3579 1107 3640 credere,
1119 3587 1159 3629 at·

355 3648 501 3713 quostiam
513 3660 547 3697 ex
559 3645 707 3697 virtutibus
718 3648 850 3716 vitiisque
858 3647 1009 3712 bominum,
1029 3656 1060 3699 ut
1076 3648 1159 3699 Pudi·

354 3716 458 3776 citiam,
471 3714 664 3776 Concordiam,
676 3717 807 3779 Mentem,
819 3720 912 3785 Spem,
924 3720 1076 3781 lionorem,
1097 3718 1159 3770 Cle·

354 3787 496 3847 mantiam,
519 3783 625 3847 Fidem,
647 3794 696 3837 aut
716 3792 758 3843 (ut
773 3787 937 3840 Denrocrito
948 3789 1064 3856 placuit)
1088 3787 1157 3839 duos

355 3855 479 3916 ommno,
498 3853 618 3907 Poenam
639 3864 668 3907 et
680 3857 862 3919 Beneficium,
875 3859 1007 3910 nraiorem
1020 3857 1055 3909 ud
1065 3871 1158 3909 socor-

352 3924 427 3976 diam
450 3924 566 3977 accedit.
597 3925 716 3993 Fragills
736 3932 764 3977 ot
783 3925 929 3977 laboriosa
949 3926 1109 3979 mortalitas
1130 3927 1157 3975 in

352 4004 446 4062 partes
468 3997 524 4046 ista
544 3994 678 4063 digessit,
699 3995 872 4046 infirmitatis
892 4010 961 4048 suae
982 4010 1106 4056 mensor,
1126 4000 1158 4046 ut

352 4064 526 4133 portionibus
537 4063 774 4130 coleretquisqne,
795 4078 848 4130 quo
870 4067 988 4116 maxime
1010 4066 1157 4131 indigeret.

353 4138 449 4203 ltaque
469 4131 868 4199 nominaalianliisgentibus,
889 4140 918 4185 et
939 4136 1052 4185 numina
1073 4135 1101 4184 in
1112 4134 1158 4185 iis·

353 4204 415 4258 dem
427 4201 644 4256 innumerabilia
655 4205 820 4267 reperimus:
843 4199 940 4253 inieris
952 4218 1060 4271 qnoque
1071 4205 1098 4254 in
1110 4219 1157 4271 ge·

354 4289 421 4325 nera
430 4275 585 4341 descriptis,
608 4271 767 4339 morbisque
778 4280 807 4323 et
819 4271 914 4323 multis
924 4273 1008 4324 etiarn
1023 4274 1157 4340 pestibus,

353 4342 417 4391 ditm
435 4358 495 4393 esse
506 4346 633 4408 placatas
643 4342 753 4410 trepido
765 4348 840 4393 metu
863 4344 994 4411 cupimus.
1035 4343 1157 4410 ldeoque

353 4410 436 4460 etiam
449 4413 557 4475 publice
566 4413 663 4464 Febris
674 4413 766 4464 fanum
783 4413 811 4463 in
831 4411 940 4464 Palatio
963 4413 1083 4464 dicatum
1104 4420 1155 4475 est,

353 4479 484 4529 Orbonae
495 4480 531 4530 ad
554 4482 649 4532 aedem
666 4482 789 4547 Larium,
810 4488 839 4535 et
849 4498 898 4535 ara
909 4482 1003 4534 Malae
1014 4482 1155 4535 Fortunae

354 4546 501 4614 Exquiliis.
533 4548 719 4608 Quamobrem
743 4553 833 4604 maior
844 4552 973 4605 caelitum
988 4553 1104 4620 populus
1116 4559 1156 4603 et·

352 4617 407 4667 iam
420 4629 501 4681 quam
514 4612 654 4665 hominum
676 4620 797 4687 intelligi
815 4630 925 4740 potest,
952 4637 1034 4691 quum
1054 4621 1155 4689 singuli

352 4700 460 4751 quoquc
471 4698 506 4735 ex
516 4684 674 4749 semetipsis
685 4688 802 4739 totidem
842 4708 890 4743 eos
902 4693 1017 4756 iaciant,
1037 4692 1155 4743 lunones

352 4753 511 4819 Geniosque
535 4752 696 4818 adoptando
723 4757 789 4805 sibi:
818 4771 915 4825 gentes
934 4772 998 4813 ivero
1037 4761 1154 4814 uaedam

351 4821 492 4883 animalia,
504 4829 532 4873 tt
541 4822 634 4888 aliqua
644 4823 728 4873 etiam
743 4825 890 4889 obscoena,
902 4844 952 4894 pro
964 4777 1154 4891 diisiabeant,

350 4907 383 4943 ac
394 4889 482 4941 multa
493 4890 568 4942 dictu
580 4892 670 4959 magis
680 4891 816 4959 pudende,
829 4909 878 4960 pur
889 4896 1009 4949 foetidos
1021 4899 1109 4961 cibos,
1126 4903 1153 4948 et

350 4960 409 5012 alia
429 4961 533 5013 similia
562 4964 694 5013 iurantes.
737 4962 921 5016 Matrimonia
946 4967 1057 5034 quidem
1078 4968 1154 5019 inter

350 5028 426 5081 Deos
438 5031 524 5091 credi,
539 5037 672 5096 tantoque
684 5046 752 5082 aero
765 5030 852 5083 erbis
866 5034 1001 5086 neminem
1014 5038 1103 5099 nasci3
1125 5041 1153 5087 et

350 5099 423 5150 alios
445 5114 506 5151 esse
517 5100 690 5167 grandaevos
702 5115 864 5170 semperque
883 5117 975 5165 canos,
997 5105 1068 5155 alios
1081 5106 1155 5157 iure·

350 5184 400 5219 ncs
411 5174 494 5237 atque
505 5183 613 5236 pueros,
624 5172 679 5221 atri
692 5169 803 5233 coloris,
819 5171 949 5241 aligeros,
962 5173 1084 5235 claudos,
1101 5188 1153 5226 oro

351 5237 464 5298 editos,
488 5245 517 5289 et
538 5238 655 5290 alternis
674 5240 771 5292 diebus
794 5242 917 5294 viventes
941 5242 1154 5312 morientesque,

352 5306 500 5374 puerilium
522 5321 572 5374 pro
594 5324 608 5360 e
634 5308 879 5362 deliramentorum
901 5318 950 5363 est.
993 5311 1048 5363 Sed
1070 5329 1154 5380 super

353 5392 463 5429 omnem
485 5377 561 5444 impu
584 5379 697 5438 entiam,
719 5379 859 5432 adulteria
878 5381 954 5433 inter
975 5383 1049 5447 ipsos
1073 5383 1152 5450 fingi:

354 5462 418 5498 nnnc
429 5447 521 5515 iurgia
531 5453 560 5497 et
568 5448 640 5509 odia,
652 5455 736 5515 atque
747 5452 831 5501 ctiam
842 5450 978 5502 furtorum
989 5467 1049 5502 esse
1060 5459 1087 5501 et
1098 5468 1156 5503 sce-

352 5518 440 5568 lerum
456 5517 575 5569 numina.
603 5516 679 5569 Deus
691 5527 734 5568 est
756 5521 864 5570 mortali
887 5522 981 5572 iurare
1000 5521 1155 5586 mortalem,

353 5598 381 5636 et
392 5584 459 5639 baec
471 5586 506 5639 ad
517 5594 658 5639 aeternnm
670 5587 787 5654 gloriam
800 5591 852 5641 via.
887 5592 947 5642 llac
959 5604 1086 5656 proceres
1100 5590 1155 5643 iere

1213 463 1344 517 Romani:
1354 465 1406 517 bac
1415 479 1488 517 nunc
1501 465 1618 517 caelesti
1628 478 1711 531 passu
1722 476 1784 515 mm
1795 461 1894 517 liberis
1905 464 1965 519 suis
1974 480 2021 522 rs·

1214 533 1257 587 dit
1276 534 1415 586 suasimus
1439 534 1531 586 omnis
1552 534 1614 585 aevi
1622 540 1716 586 rector
1727 531 1915 600 Vespasianus
1925 536 2019 605 Augu.

1215 610 1276 654 stus
1290 604 1373 656 fessis
1383 604 1472 655 rebus
1482 604 1655 656 subveniens.
1685 603 1796 655 llieest
1812 604 2021 659 vetustissimus

1213 672 1352 724 referendi
1361 672 1603 725 benemerentibus
1618 672 1739 741 gratiam
1750 686 1821 735 mos,
1843 679 1874 725 ut
1884 673 1956 727 tales
1966 690 2019 726 nu·

1213 741 1333 794 minibus
1343 742 1513 794 adscribent.
1546 741 1654 809 Quippe
1664 747 1694 793 st
1704 741 1827 795 omnium
1838 743 1955 795 aliorum
1967 760 2018 798 ao·

1213 811 1289 863 mina
1305 811 1438 874 Deorum,
1457 817 1485 863 et
1495 825 1565 879 quae
1576 826 1663 877 supra
1674 810 1760 864 retuli
1770 810 1901 875 siderum,
1923 827 1957 865 ex
1967 810 2018 867 bo·

1214 881 1318 932 minum
1348 888 1416 933 nata
1445 888 1512 933 sunt
1541 881 1660 932 meritis.
1700 882 1793 935 lovem
1824 881 1937 949 quidem
1968 890 2019 935 aut

1213 949 1392 1012 Mercurium,
1416 950 1534 1003 aliterve
1554 951 1760 1017 aliosinterso
1780 952 1886 1013 vocari,
1905 958 1935 1003 et
1955 966 2018 1004 esse

1213 1019 1362 1072 caelestem
1380 1019 1628 1084 nomenclaturam,
1649 1021 1775 1087 quianon
1785 1020 2019 1088 interpretatione
2077 1084 2081 1093 ¹

1213 1096 1331 1140 naturae
1351 1088 1492 1141 fateaturi
1512 1089 1682 1142 lrridendum
1693 1104 1759 1142 sero
1772 1104 1856 1158 agere
1867 1105 1962 1142 curam
1973 1105 2018 1143 re·

1213 1172 1274 1208 rum
1286 1156 1469 1210 humanarum
1479 1158 1549 1208 illud
1569 1157 1703 1225 quidquid
1715 1166 1758 1211 est
1769 1173 1913 1211 smnmum.
1940 1162 2019 1212 Anne

1213 1234 1271 1277 tam
1282 1227 1356 1278 tristi
1368 1235 1450 1293 atque
1460 1227 1609 1294 multiplici
1619 1229 1776 1280 ministerio
1787 1243 1842 1280 non
1853 1228 1941 1296 pollui
1958 1243 2017 1281 cre·

1215 1295 1313 1347 danius
1325 1295 1535 1348 dubitemusne?
1557 1296 1612 1347 Vix
1627 1311 1713 1363 prope
1727 1303 1771 1349 est
1781 1297 1913 1360 iudicare,
1923 1304 2020 1349 utrum

1214 1367 1303 1433 magis
1314 1365 1450 1417 conducat
1461 1366 1558 1433 generi
1569 1364 1699 1428 humano,
1718 1366 1827 1434 quando
1839 1367 1903 1419 aliis
1923 1367 2018 1419 nullus

1213 1443 1257 1486 est
1277 1435 1391 1487 deorum
1403 1440 1556 1501 respectus,
1577 1435 1640 1487 aliis
1651 1435 1803 1501 pudendus.
1831 1437 1962 1489 Externis
1973 1435 2016 1488 ia·

1213 1504 1354 1555 mutantur
1373 1507 1474 1566 sacris3
1496 1519 1530 1557 ac
1542 1504 1639 1572 digitis
1651 1504 1718 1558 deos
1738 1511 1862 1572 gestant:
1891 1511 2018 1557 monstra

1213 1588 1333 1641 quoque,
1343 1589 1413 1640 quae
1426 1574 1530 1637 colunt,
1543 1574 1689 1637 damnant3
1711 1581 1740 1625 et
1751 1574 1911 1643 excogitant
1923 1575 2014 1626 cibos:

1213 1644 1329 1709 imperia
1340 1644 1401 1695 dira
1410 1645 1439 1694 in
1452 1643 1537 1709 ipsos,
1549 1659 1584 1696 ne
1594 1657 1692 1695 somno
1704 1644 1814 1712 quidem
1826 1646 1932 1711 quieto,
1942 1644 2015 1695 irro-

1212 1713 1352 1780 gant.Non
1365 1715 1604 1776 matrimonianon
1617 1712 1730 1778 liberos,
1743 1730 1797 1765 non
1809 1714 1926 1782 denique
1935 1713 2015 1781 quid·

1212 1796 1295 1849 quam
1307 1782 1393 1844 aliud,
1405 1782 1458 1833 nisi
1473 1784 1632 1836 iurantibus
1641 1785 1737 1845 sacris,
1758 1783 1893 1850 deligunt.
1919 1783 1975 1834 Alii
1986 1782 2015 1833 in

1213 1852 1350 1972 Capitolio
1366 1852 1482 1915 fallunt,
1502 1867 1535 1904 ac
1545 1851 1742 1904 fulminantem
1762 1854 1889 1921 peierant
1909 1854 2015 1905 loreas:

1213 1929 1242 1974 ct
1274 1935 1305 1971 os
1317 1922 1412 1972 iurant
1424 1922 1540 1985 scelera,
1551 1921 1617 1973 illos
1628 1937 1709 1974 sacra
1719 1937 1769 1973 sua
1779 1923 1876 1990 poenis
1887 1929 1982 1988 agunt.

1247 1991 1356 2042 lnrenit
1374 1999 1467 2043 tamen
1487 1992 1562 2043 inter
1582 1988 1631 2042 bas
1640 1999 1773 2060 utrasque
1793 1993 1948 2045 sententias
1959 2005 2014 2043 me·

1212 2060 1288 2110 dium
1301 2060 1428 2126 sibiipsa
1448 2061 1607 2112 mortalitas
1620 2075 1731 2124 numen,
1754 2061 1910 2129 quominus
1932 2059 2017 2114 etiam

1212 2130 1341 2197 planede
1362 2130 1422 2182 Deo
1434 2130 1600 2182 coniectatio
1613 2137 1695 2183 esset.
1728 2131 1802 2181 Toto
1825 2133 1925 2198 quippe
1936 2143 2015 2181 mun·

1214 2200 1260 2261 do,
1272 2206 1300 2251 et
1312 2199 1382 2250 locis
1394 2199 1531 2261 omnibus,
1545 2200 1725 2268 omnibusque
1737 2197 1815 2251 boris
1826 2200 1947 2251 omniurn
1969 2213 2016 2250 ro·

1212 2268 1290 2320 cibus
1311 2268 1437 2319 Fortuna
1448 2270 1676 2320 soluinvocatur:
1707 2270 1941 2331 unanominatur,
1960 2283 2016 2320 una

1212 2344 1369 2402 accusatur,
1380 2353 1435 2389 una
1444 2339 1603 2405 agiturreu,
1613 2353 1669 2390 una
1679 2338 1829 2405 cogitatur,
1847 2339 1908 2390 solo
1917 2336 2015 2389 lauda·

1212 2413 1268 2471 tur,
1286 2407 1347 2458 sols
1359 2409 1495 2475 arguitur,
1516 2414 1614 2475 etcum
1627 2407 1758 2459 conviciis
1771 2407 1887 2459 coliturr
1908 2406 2017 2459 solubi-

1214 2477 1256 2538 lis,
1267 2492 1283 2526 a
1293 2476 1433 2542 plerisque
1445 2491 1510 2527 vero
1522 2483 1551 2528 et
1559 2491 1643 2527 caeca
1655 2478 1740 2529 etium
1751 2477 1924 2540 existimata,
1935 2490 2016 2543 vaga,

1212 2547 1383 2605 inconstans,
1404 2546 1520 2607 incerta,
1549 2545 1636 2605 varia,
1652 2546 1883 2612 indignorumque
1903 2545 2015 2596 fautrix.

1212 2615 1286 2665 Huic
1297 2617 1389 2665 omma
1397 2613 1525 2666 feruntur
1534 2620 1660 2681 accepta:
1672 2620 1701 2668 et
1711 2617 1740 2666 in
1748 2622 1809 2667 tota
1819 2616 1929 2667 ratione
1943 2629 2016 2665 mor·

1213 2683 1319 2748 talium,
1341 2685 1701 2752 solautramquepaginam
1723 2684 1800 2737 iacit.
1822 2685 2014 2751 adeoqueob·

1212 2753 1310 2806 noxiae
1329 2768 1423 2805 sumus
1442 2754 1537 2819 sortis,
1559 2761 1591 2805 ut
1606 2754 1674 2808 Sors
1688 2754 1880 2823 ipsaprolleo
1900 2754 2017 2819 sitque

1211 2821 1289 2874 Deus
1300 2822 1434 2888 prematur
1445 2824 1577 2876 incertus.

1246 2891 1314 2942 Pars
1336 2892 1392 2942 alia
1407 2899 1436 2943 et
1447 2892 1518 2944 banc
1529 2892 1619 2958 pellit,
1639 2896 1771 2959 unoque
1781 2904 1834 2942 suo
1846 2894 1961 2942 eventus
1970 2904 2014 2941 as·

1212 2962 1317 3026 signat,
1329 2960 1462 3011 nascendi
1473 2962 1590 3027 legibus:
1603 2960 1746 3027 semelque
1758 2961 1786 3010 in
1797 2972 1893 3010 omnes
1904 2958 2017 3010 futuros

1213 3044 1330 3095 unquam
1344 3029 1404 3080 Deo
1420 3028 1574 3080 decretum:
1595 3029 1624 3078 in
1635 3029 1771 3095 reliquum
1781 3038 1847 3077 vero
1864 3027 1953 3076 otium
1965 3027 2016 3079 da·

1213 3107 1279 3148 tuns.
1311 3097 1414 3149 Sedere
1434 3100 1527 3165 coepit
1547 3096 1687 3148 sententia
1709 3093 1785 3157 baec,
1805 3094 1966 3162 pariterque
1987 3103 2019 3146 et

1212 3165 1349 3217 eruditum
1364 3165 1472 3231 vulgus,
1493 3171 1521 3219 et
1540 3165 1645 3217 rudein
1656 3180 1717 3217 eam
1730 3180 1811 3217 cursu
1825 3161 1911 3215 vadit.
1941 3162 2017 3216 Ecce

1213 3234 1352 3303 fulgurum
1366 3236 1495 3297 monitus,
1506 3233 1681 3287 oraculorum
1694 3234 1841 3301 praescita,
1857 3232 2016 3301 aruspicum

1212 3304 1363 3370 praedicta,
1373 3310 1457 3370 atque
1467 3304 1551 3355 etiam
1565 3319 1652 3371 parra
1663 3303 1748 3366 dictu,
1770 3304 1797 3353 in
1810 3303 1934 3370 auguriis
1943 3307 2015 3354 ster·

1212 3380 1381 3434 nutamenta,
1404 3381 1432 3425 et
1449 3373 1617 3425 offensiones
1639 3373 1746 3440 pedum.
1767 3373 1854 3425 Divus
1874 3374 2015 3439 Augustus

1211 3443 1321 3495 laevum
1334 3442 1458 3509 prodidit
1470 3444 1523 3494 sibi
1536 3444 1659 3496 calceum
1671 3450 1851 3510 praepostere
1860 3440 2014 3502 inductum,

1211 3527 1265 3579 quo
1277 3512 1323 3563 die
1333 3512 1471 3564 seditione
1492 3513 1608 3563 militari
1619 3526 1704 3579 prope
1723 3511 1843 3564 afflictus
1855 3516 1906 3563 est.
1936 3511 2014 3573 Quae

1211 3580 1513 3649 singulainrproridam
1530 3581 1729 3633 mortalitatem
1743 3582 1903 3642 involvunt,
1923 3579 2013 3632 solum

1210 3659 1241 3703 ut
1253 3651 1326 3701 inter
1340 3649 1398 3700 ista
1418 3660 1523 3702 certum
1536 3652 1583 3715 sit,
1603 3649 1671 3701 nibil
1690 3665 1750 3703 esse
1760 3651 1838 3713 certi,
1860 3664 1911 3702 nec
1928 3649 2012 3700 mise·

1210 3722 1267 3772 rius
1277 3719 1425 3786 quidquam
1437 3718 1558 3781 bomine,
1582 3727 1630 3772 aut
1641 3722 1795 3787 superbius.
1816 3720 1924 3773 Ceteris
1936 3719 2014 3786 quip-

1211 3806 1243 3858 pe
1264 3790 1448 3841 animantium
1471 3790 1531 3840 sola
1550 3790 1639 3840 rictus
1655 3806 1721 3842 cura
1731 3798 1782 3853 est,
1802 3790 1833 3841 in
1846 3804 1925 3856 quos
1947 3796 2014 3838 onte

1211 3868 1325 3910 naturae
1335 3860 1491 3926 benignitas
1501 3858 1615 3911 sufficit:
1626 3874 1680 3910 uno
1688 3860 1796 3927 quidem
1808 3857 1850 3909 rel
1860 3873 1908 3924 pra
1938 3871 2015 3909 eren·

1210 3928 1245 3979 do
1257 3931 1362 3981 cunctis
1374 3929 1462 3991 bonis,
1473 3929 1547 3995 quod
1559 3930 1592 3981 de
1611 3930 1708 3997 gloria,
1731 3931 1766 3980 de
1778 3929 1904 3995 pecunia,
1924 3927 2011 3977 ambi·

1209 3999 1295 4061 tione,
1306 4013 1444 4068 superque
1455 3998 1489 4051 de
1500 4005 1589 4052 morte
1601 4014 1654 4050 non
1666 4000 1801 4066 cogitant.

1245 4067 1348 4121 Verum
1359 4069 1388 4119 in
1408 4068 1451 4119 bis
1469 4068 1545 4122 Deos
1566 4084 1754 4137 agereturam
1778 4082 1870 4119 rerum
1881 4065 2013 4117 humana·

1210 4152 1271 4189 rum
1293 4138 1376 4200 credi,
1403 4154 1437 4189 ex
1455 4153 1508 4190 usu
1526 4141 1600 4191 ritae
1612 4147 1665 4190 est:
1687 4151 1846 4205 poenasque
1865 4133 2013 4186 maleficiis

1209 4207 1362 4274 aliquando
1374 4222 1461 4269 seras,
1482 4215 1618 4275 occupato
1629 4207 1690 4260 Deo
1713 4210 1739 4258 in
1753 4204 1922 4264 tantamole,
1942 4217 2011 4253 nun·

1209 4293 1290 4345 quam
1303 4282 1395 4329 autem
1407 4278 1500 4328 irritas
1512 4293 1589 4341 esse,
1609 4292 1660 4329 nec
1670 4277 1732 4329 ideo
1744 4277 1896 4343 proximum
1908 4272 1953 4323 illi
1963 4287 2011 4340 ge·

1209 4348 1296 4399 nitum
1308 4345 1456 4407 bominem,
1474 4356 1506 4398 ut
1517 4348 1626 4400 vilitate
1636 4348 1716 4398 iuxta
1727 4346 1834 4398 belluas
1846 4350 1928 4396 esset.
1957 4343 2012 4394 lm·

1209 4416 1349 4485 perfectae
1368 4418 1474 4468 veroin
1491 4415 1602 4470 homine
1613 4424 1729 4485 naturae
1741 4415 1890 4483 praecipua
1900 4410 2013 4473 solatia,

1208 4503 1243 4538 ne
1258 4486 1348 4538 [lcum
1360 4487 1470 4554 quidem
1483 4502 1564 4554 posse
1576 4490 1677 4537 omnia.
1699 4485 1825 4552 Namque
1835 4498 1885 4533 nec
1896 4483 1949 4532 sibi
1961 4494 2010 4545 po·

1207 4562 1264 4607 test
1275 4563 1391 4606 mortem
1404 4558 1585 4620 consciscere,
1606 4555 1630 4606 si
1642 4555 1717 4614 velit,
1735 4554 1808 4619 quod
1821 4549 1925 4603 bomini
1935 4548 2013 4599 dedit

1208 4624 1344 4689 optimum
1355 4625 1384 4675 in
1395 4626 1482 4676 tantis
1495 4628 1568 4676 ritae
1579 4627 1691 4690 poenis:
1713 4638 1763 4672 nec
1775 4620 1908 4671 mortales
1919 4623 2010 4668 aeter·

1208 4694 1297 4743 nitate
1309 4693 1423 4756 donare,
1438 4703 1486 4746 aut
1506 4707 1638 4745 revocare
1661 4689 1819 4741 defunctos:
1842 4703 1892 4739 nec
1911 4686 2012 4747 facere,

1206 4767 1238 4811 ut
1250 4762 1388 4827 quivixit,
1399 4778 1453 4814 non
1464 4763 1575 4824 vinerit3
1586 4762 1631 4828 qui
1643 4758 1762 4810 bonores
1775 4757 1870 4824 gessit,
1881 4771 1936 4808 non
1948 4770 2011 4824 ges·

1208 4831 1288 4882 serit:
1310 4833 1471 4899 nullumque
1492 4830 1593 4882 babere
1604 4831 1631 4879 in
1643 4828 1797 4895 praeterita
1808 4827 1861 4888 ius,
1885 4833 2010 4893 praeter·

1207 4915 1289 4967 quam
1302 4901 1461 4952 oblivionis:
1469 4904 1600 4966 atque(ut
1612 4897 1710 4953 facetis
1721 4911 1829 4963 quoque
1841 4894 2012 4962 argumentis

1207 4972 1325 5021 societas
1339 4970 1407 5022 baec
1419 4986 1479 5021 cum
1490 4967 1714 5033 Dcocopuletur)
1725 4974 1756 5017 ut
1766 4966 1808 5017 bis
1819 4964 1899 5025 dena,
1910 4963 2013 5031 viginti

1207 5056 1260 5090 non
1272 5041 1341 5101 sint,
1360 5056 1393 5091 ac
1414 5040 1501 5090 multa
1516 5038 1645 5088 similiter
1661 5034 1770 5088 efficere
1782 5049 1837 5085 non
1855 5049 1951 5101 posse:
1962 5046 2012 5100 per

1207 5125 1276 5177 quae
1297 5110 1455 5161 declaratur
1479 5107 1552 5158 haud
1573 5106 1655 5157 dubie
1675 5111 1791 5156 naturae
1814 5102 1949 5170 potentia,
1969 5100 2011 5152 id.

1207 5194 1329 5246 queesse
1345 5179 1418 5245 quod
1439 5177 1528 5227 Deum
1542 5188 1680 5227 vocamus.
1723 5174 1753 5224 ln
1774 5172 1842 5225 baec
1865 5171 2013 5235 divertisse

1208 5264 1261 5299 non
1274 5248 1358 5299 luerit
1379 5246 1507 5306 alienum,
1529 5244 1644 5313 vulgata
1653 5250 1766 5311 propter
1776 5243 1918 5295 assiduam
1927 5256 2011 5310 quae·

1206 5318 1326 5368 ationem
1338 5316 1372 5366 de
1389 5315 1460 5366 Deo.
2051 5368 2056 5377 .

1242 5385 1289 5437 Vl.
1312 5386 1386 5435 ilinc
1407 5382 1555 5433 redeamus
1567 5379 1602 5432 ad
1619 5381 1726 5449 reliqua
1746 5388 1870 5435 naturae.
1903 5380 2011 5443 Sidera,
2055 5396 2070 5429 κ

1207 5470 1277 5522 quae
1287 5450 1370 5503 affixa
1382 5450 1501 5500 diximus
1512 5451 1623 5511 mundo,
1633 5466 1686 5503 non
1695 5452 1753 5514 illa,
1764 5457 1795 5503 ut
1805 5449 2012 5504 existimatrul·

1207 5539 1267 5591 gas,
1283 5520 1401 5587 singulis
1413 5519 1547 5573 attributa
1559 5521 1647 5583 nobis,
1670 5530 1699 5573 et
1709 5523 1787 5576 clara
1798 5523 1938 5581 divitibus,
1959 5521 2010 5569 mi-

1208 5605 1276 5642 nora
1291 5588 1466 5656 pauperibus.
1488 5591 1606 5643 obscuro
1617 5590 1744 5657 deiectis,
1768 5607 1801 5644 ac
1811 5606 1862 5659 pro
1876 5596 1952 5642 sorte
1964 5602 1988 5638 o
2063 5620 2068 5629 ·
