4356 6014
304 361 337 421 c.
371 358 515 419 rursu
545 353 754 421 saeuum
786 358 952 423 sarua.
989 363 1175 427 uranon.
1205 368 1295 430 nra.
1316 369 1417 430 xtra
1451 372 1542 433 cnr.
1564 375 1685 439 eser.
1749 350 1830 445 ¹aas

179 507 328 567 nascendo.
362 509 456 576 Aeque
472 504 590 561 hiemem
608 508 702 564 edere.
738 512 838 564 Amant
853 513 933 581 rigua
950 525 983 565 ac

180 585 283 635 dmum.
320 577 456 632 Seruatus
464 577 546 630 ambo
556 579 662 631 semine
673 579 701 631 in
713 587 788 634 terra
796 582 981 648 sesquipedali

180 650 302 712 iossura,
321 647 397 699 inter
406 648 611 714 aequinoctium
620 662 744 715 remum,
773 657 802 702 ct
812 651 978 703 solstitium:

180 719 319 774 Parilibus
330 718 423 770 tamen
443 717 597 783 aptissime.
632 717 725 784 Aliqui
745 720 852 771 malunt
871 734 907 774 ex
924 721 979 770 Ka·

181 789 272 843 lendis
282 785 381 838 Martii
392 787 557 850 cucurbitas,
577 793 605 838 et
616 786 704 840 Nonis
716 803 882 851 cucumeres,
893 795 922 840 et
932 804 981 857 per

182 858 372 923 Quinquatrus
383 868 485 916 serere,
505 855 684 910 similimode
696 859 869 924 reptantibus
883 858 979 925 tlagel-

182 928 217 979 lis
228 924 392 979 scandentes
403 923 540 999 papirium
550 939 580 976 ns
600 939 649 976 era
660 928 688 977 in
702 933 804 978 tectum
817 942 912 993 usque,
930 941 979 977 na·

182 1004 247 1049 tura
254 994 433 1047 sublimitatis
448 993 537 1045 arida.
592 994 648 1046 ires
659 995 719 1048 sinc
731 994 898 1048 adminiculo
908 1003 981 1047 atara·

183 1066 211 1117 di
223 1080 277 1119 uon
288 1070 363 1127 sunt,
373 1062 509 1116 uelocitas
520 1063 628 1129 pernix,
639 1063 694 1116 levi
705 1066 803 1118 umbra
815 1080 937 1117 muneras
947 1078 980 1116 sc

182 1134 314 1203 pergulas
328 1133 463 1200 operiens
499 1131 566 1184 lnda
587 1130 655 1184 haec
674 1133 729 1184 duo
750 1134 840 1200 prima
860 1149 977 1203 genera:

182 1202 382 1256 Camerariumr
402 1207 431 1255 et
438 1200 584 1267 plebeium,
595 1201 669 1268 quod
680 1201 757 1253 humi
766 1203 848 1270 repit.
884 1204 914 1256 ln
926 1203 980 1270 pri·

182 1287 231 1326 ore
248 1274 318 1325 mire
337 1272 413 1325 tenui
430 1270 560 1336 pediculo
581 1269 700 1323 libretur
714 1273 821 1339 pondus
838 1272 980 1325 immobile

181 1356 276 1394 aurae.
325 1339 477 1392 cucurbita
513 1354 603 1405 noque
623 1341 697 1391 omni
718 1342 801 1393 modo
821 1342 980 1410 testigatur,

180 1427 216 1464 rs
237 1411 290 1462 ‘nis
301 1414 420 1461 maxime
430 1354 564 1470 ritillzus,
585 1412 711 1462 coniecta
724 1411 752 1461 in
773 1426 820 1463 cas
834 1418 980 1478 postquam

182 1426 327 1533 defforuitr
346 1478 498 1546 crescitque
509 1492 563 1544 qua
574 1478 798 1546 cogitatierma,
819 1481 980 1547 plerumque

181 1555 210 1604 et
231 1547 359 1600 draconis
380 1546 479 1599 intorti
499 1547 597 1614 ligura.
632 1547 778 1601 Libertate
797 1564 863 1602 vcro
880 1548 980 1617 pensili

180 1629 330 1680 concessa,
350 1616 405 1667 ianr
423 1616 484 1668 risa
502 1622 544 1669 est
558 1631 656 1683 nouem
671 1619 772 1685 pedum
788 1617 979 1686 longitudinis.

178 1685 375 1739 Particulatim
395 1686 518 1737 cucumis
539 1685 635 1747 lloret,
657 1688 711 1738 sibi
730 1688 791 1754 ipse
812 1686 979 1754 supcrllore·

180 1769 274 1808 scens:
294 1759 324 1806 et
336 1753 467 1806 sicciores
482 1754 561 1805 locos
578 1755 697 1820 patitur,
718 1755 835 1810 sandida
849 1757 979 1825 lanugine

182 1824 326 1885 obductus,
344 1825 487 1891 magisque
497 1837 558 1873 cum
570 1823 679 1876 crescit.

215 1892 426 1944 cucurbitarum
437 1892 695 1946 numerosierusus.
731 1896 770 1947 Et
779 1893 881 1960 primus
892 1891 979 1946 caulis

180 1964 291 2014 inribe.
327 1961 418 2028 Atque
428 1976 463 2013 ex
474 1974 507 2013 ee
520 1963 548 2013 ln
559 1967 651 2014 tetum
663 1968 763 2015 natura
773 1963 893 2016 diversa.
923 1963 993 2015 Nu·-

180 2047 230 2100 pcr
240 2034 270 2082 in
278 2030 449 2083 balinearum
460 2045 540 2081 usum
551 2045 650 2084 venere
661 2047 805 2084 urceorum
817 2035 894 2095 vice,
911 2032 979 2083 iam·

180 2099 285 2169 pridem
295 2114 360 2151 vero
370 2098 455 2151 stiam
467 2100 597 2152 cadorum
612 2100 647 2151 ad
656 2104 721 2153 rina
732 2100 883 2154 condenda.
914 2104 979 2155 Cor·

180 2176 226 2223 tex
238 2168 322 2220 viridi
330 2174 423 2220 tener:
442 2169 587 2223 deraditur
598 2167 776 2223 nihilominus
786 2171 814 2222 in
826 2171 904 2223 cibis.
932 2171 978 2222 ci·

179 2238 365 2292 hossalobres
375 2252 409 2290 ac
419 2236 498 2291 lenes
508 2238 731 2306 pluribusmodis
743 2241 911 2303 existimant,
931 2238 979 2306 qui

181 2308 277 2376 perlici
287 2306 407 2360 humano
417 2314 514 2361 ventre
531 2323 585 2360 non
604 2316 717 2376 queant,
739 2310 787 2361 scd
798 2323 853 2360 non
862 2310 994 2360 lntunre'

181 2385 268 2430 scant.
304 2378 415 2429 Semina
424 2392 495 2445 quae
508 2378 634 2445 proximo
646 2376 839 2442 colloluerint,
848 2392 979 2445 proceras

181 2447 303 2513 pariunt:
323 2445 391 2498 item
402 2446 439 2497 ab
448 2447 527 2511 inrls,
547 2445 596 2498 sed
611 2461 664 2500 non
686 2448 885 2514 comparandas
896 2460 980 2512 supra

181 2516 276 2567 dictis:
294 2528 365 2581 quae
376 2517 406 2567 in
425 2515 528 2578 medio,
546 2515 695 2566 rotundasr
713 2531 783 2583 quac
794 2516 823 2567 in
833 2516 979 2573 lateribus,

180 2598 288 2635 crassas
303 2584 508 2647 brevioresque.
545 2583 691 2635 Siccantur
706 2586 735 2630 in
746 2581 855 2641 umbra,
875 2585 903 2630 et
918 2593 979 2628 curn

180 2651 269 2703 libeat
279 2664 382 2708 serere,
402 2650 431 2697 in
447 2663 520 2713 nque
530 2654 714 2700 macerantur.
750 2647 832 2708 cibis,
852 2662 907 2714 quo
919 2647 978 2697 lon·

180 2722 277 2787 glorm
295 2715 505 2783 tenuioresque,
525 2730 559 2767 eo
575 2718 721 2783 gratiores.
757 2716 795 2767 Et
814 2716 849 2767 ob
863 2716 893 2767 id
907 2714 979 2767 salu·

179 2788 299 2847 briones,
311 2799 381 2853 quae
391 2783 536 2850 pendendo
547 2799 669 2837 crevere:
690 2785 889 2854 minimumque
899 2785 979 2836 semi·

178 2858 224 2908 nis
233 2855 306 2906 tales
316 2854 432 2914 habent,
453 2851 555 2904 don'tia
566 2855 629 2905 eius
638 2857 666 2905 in
678 2854 747 2906 cibis
756 2853 874 2922 gratiam
884 2853 979 2906 termi-

180 2929 273 2977 nante.
310 2923 366 2974 Sas
384 2934 454 2988 quae
472 2922 753 2986 reminiscerentur,
775 2930 840 2975 ante
860 2921 977 2975 hiemem

178 2990 305 3061 praecidi
315 2995 423 3042 nonest
434 3004 504 3043 mos.
540 2990 643 3044 Postea
652 2992 728 3044 turso
739 2991 890 3055 siccantur,
912 3006 977 3043 con·

179 3061 277 3116 (lendis
289 3058 494 3111 hortensiorum
509 3059 658 3113 seminibus
668 3061 789 3113 rusticae
800 3060 976 3128 supellectili.

178 3134 293 3185 lnrenta
303 3134 346 3181 est
356 3129 441 3190 ratio,
453 3142 507 3195 qua
516 3128 586 3181 cibis
598 3144 706 3197 queque
717 3137 908 3183 servarentur:
929 3142 976 3181 eo-

178 3197 391 3266 demquemodo
408 3198 545 3261 cucumis,
570 3214 658 3267 usque
674 3200 708 3251 ad
723 3200 795 3253 alios
813 3213 976 3267 paeuepro·

178 3276 290 3321 sentus:
308 3271 337 3319 cl
352 3265 383 3317 id
398 3265 508 3333 quidem
523 3267 552 3317 ln
569 3268 659 3320 muria
674 3270 715 3320 lit.
753 3268 807 3320 Sed
823 3276 852 3321 et
868 3269 978 3329 scrobe,

179 3351 267 3404 opaco
278 3338 306 3387 in
317 3336 381 3389 leco
393 3350 478 3388 arena
488 3336 644 3399 substrato,
663 3337 801 3406 laeuoque
812 3340 886 3390 sicco
897 3351 976 3404 eper-

178 3414 234 3470 tos,
255 3421 287 3458 sc
298 3404 495 3468 deluderem,
515 3404 619 3458 virides
630 3408 735 3458 servari
748 3407 870 3458 tradunt.
905 3406 977 3457 Sunt

179 3483 208 3528 et
220 3474 364 3527 silvestres
374 3476 402 3524 in
412 3480 530 3540 utroque
541 3488 652 3540 genere,
664 3482 692 3527 et
703 3477 828 3527 omnibus
840 3473 900 3527 lere
910 3472 975 3526 hor·

179 3544 287 3598 tensiis.
315 3542 372 3596 Sed
382 3549 411 3595 et
421 3541 464 3594 his
477 3544 582 3607 medica
592 3549 698 3594 tanturn
709 3551 808 3596 natura
818 3552 870 3597 est.
888 3542 977 3608 Quam

179 3613 215 3666 ob
226 3628 284 3666 rem
296 3611 459 3665 differentur
467 3612 496 3662 in
507 3626 558 3663 sus
568 3612 717 3665 volumina.

210 3682 299 3735 XXV.
317 3680 438 3748 Reliqua
454 3682 648 3748 cartilaginum
664 3688 781 3735 naturae
797 3688 873 3735 terra
885 3681 977 3735 occul·

177 3758 277 3806 tantur
289 3751 391 3802 omnis.
427 3750 458 3801 ln
480 3750 633 3819 quibusda
654 3754 729 3819 rapis
751 3751 859 3805 abunde
872 3751 976 3804 dixisse

176 3827 337 3888 poteramus
347 3819 451 3881 videri,
481 3820 537 3872 nisi
545 3821 643 3873 medici
655 3822 797 3873 masculini
809 3837 891 3875 sarus
904 3820 978 3873 ibae·

177 3897 240 3942 rent
251 3891 278 3941 ln
290 3887 334 3941 his
347 3889 483 3941 rotundat
497 3888 602 3943 latiora
617 3905 684 3943 sero
696 3898 724 3943 et
735 3906 856 3943 concava
865 3890 975 3943 femini·

177 3962 215 4021 nl,
238 3960 601 4026 praestantiorasuaritstc,
623 3967 652 4012 et
667 3960 703 4012 ad
713 3961 896 4013 condiendum
908 3959 976 4011 laci·

177 4027 261 4080 liorat
280 4042 349 4096 quae
359 4028 470 4095 saepius
481 4034 544 4080 sata
555 4030 702 4082 transeunt
711 4030 739 4080 in
750 4045 865 4082 marem.
888 4029 976 4082 iidem

178 4112 311 4164 naporum
325 4097 442 4164 quinque
454 4110 557 4162 genere
573 4097 676 4151 iecere:
696 4097 876 4160 Corinthium,
897 4098 976 4149 cleo·

178 4181 286 4228 nemum,
298 4165 484 4226 liothasium,
500 4166 673 4229 Boeoticum,
685 4173 713 4217 et
724 4165 796 4233 quod
809 4181 857 4233 per
867 4182 897 4218 ae
907 4166 974 4217 riri·

178 4235 212 4286 dc
226 4235 365 4287 dixerunt.
402 4235 490 4284 Exiit
508 4235 536 4285 in
551 4233 761 4302 amplitudinem
774 4234 910 4285 adolescit
921 4235 973 4285 ce·

175 4302 320 4364 ricinium,
332 4301 405 4352 nuda
416 4300 475 4351 iere
492 4300 596 4354 radice.
633 4302 728 4353 Solum
740 4302 812 4353 enim
823 4300 877 4354 hec
887 4316 975 4367 genus

177 4386 299 4440 superne
316 4369 415 4427 tendit,
436 4382 490 4418 non
511 4375 542 4419 ut
561 4372 694 4421 cctcrnin
714 4377 826 4422 terram.
861 4367 976 4422 Liotita·

175 4442 251 4493 sium
262 4437 373 4505 quitiam
383 4435 533 4488 Thracium
546 4438 699 4504 appellant,
720 4438 854 4504 frigorum
866 4439 974 4506 patien-

176 4510 326 4562 tissimum.
361 4507 401 4558 Ab
413 4519 447 4556 eo
456 4504 619 4558 Boeoticum
631 4506 712 4558 dulce
724 4514 783 4570 est,
802 4506 975 4560 rotunditate

177 4579 262 4632 etiam
273 4574 352 4629 breti
364 4574 504 4636 notabile,
523 4589 619 4643 neque*
628 4582 660 4628 ut
672 4576 837 4629 Cleonaeum
850 4576 975 4643 praelon-

177 4662 252 4716 gum.
288 4646 319 4697 ln
331 4650 422 4697 totum
438 4642 558 4710 quidem,
578 4659 695 4712 quorum
709 4645 807 4698 tenuia
821 4645 899 4708 folia,
920 4647 974 4714 ipsi

177 4729 286 4784 quoque
301 4713 450 4766 dulciores.
472 4727 591 4781 quorum
609 4714 717 4777 scabra,
737 4719 766 4766 et
780 4715 925 4782 angulosa,
947 4721 975 4767 et

177 4784 303 4846 horride,
324 4784 486 4835 amariores,
524 4784 575 4835 list
587 4792 733 4850 praeterea
744 4797 829 4850 genus
840 4784 975 4849 silvestre,

177 4853 254 4906 cuius
263 4852 333 4904 tolia
343 4859 407 4904 sunt
418 4866 517 4904 erucas
527 4852 641 4904 similia.
677 4853 774 4905 Pallon
785 4852 889 4906 ilonrae
898 4855 973 4905 Ami·

177 4922 296 4975 terninis
316 4922 408 4983 datur,
429 4919 496 4974 inde
520 4920 661 4972 Nursinis:
689 4923 776 4974 tertia
795 4925 974 4977 nostratibus.

178 4992 281 5045 cetera
292 4989 326 5043 de
336 4996 399 5042 satu
411 5003 506 5042 eorum
517 4989 546 5041 in
558 4990 634 5057 rapis
645 4990 799 5044 dictasunt.
858 5026 861 5031 ·

211 5058 314 5112 XXVI.
331 5058 356 5113 1.
369 5059 476 5112 Cortice
486 5064 515 5113 et
529 5062 695 5129 cartilagine
706 5065 834 5113 constant
845 5058 973 5131 raphani:

176 5128 329 5195 multisque
346 5142 442 5181 eorum
460 5136 556 5181 cortex
573 5131 695 5183 crassior
711 5131 804 5191 ctiam,
824 5144 905 5197 quam
918 5131 975 5199 qui·

174 5197 292 5249 busdam
310 5198 451 5249 arborum.
487 5199 650 5252 Amaritudc
667 5200 787 5266 plurima
804 5198 863 5250 illis
874 5211 925 5264 est,
947 5206 975 5252 et

174 5280 225 5385 pre
237 5264 420 5318 crassitudine
431 5268 555 5319 corticis.
593 5269 693 5321 cetera
703 5282 814 5335 quoque
824 5268 974 5336 aiirprando

189 5337 296 5403 ignoss.
332 5336 370 5387 iit
382 5334 423 5385 ris
436 5336 509 5388 mire
526 5335 676 5404 colligendi
692 5338 828 5404 spiritum,
850 5338 976 5389 laxandi»

176 5418 229 5471 quc
238 5409 361 5457 ructum:
379 5404 416 5455 ob
427 5401 457 5453 ld
467 5405 545 5457 cibus
556 5405 722 5467 illiberalis,
741 5407 837 5473 utiquc
848 5408 872 5457 si
884 5407 974 5472 proxi.

177 5485 221 5526 me
232 5474 295 5527 olus
305 5472 471 5526 mandator:
489 5473 514 5524 si
524 5489 590 5525 sero
601 5490 663 5527 com
676 5476 758 5530 olivis
770 5475 874 5542 drupis,
885 5474 975 5526 rarior

174 5550 270 5596 ructus
286 5544 326 5605 Aa,
345 5544 489 5607 minusque
505 5541 636 5596 foetidus.
674 5547 801 5613 Aegypto
817 5545 888 5596 mire
903 5543 975 5596 cele.

171 5610 273 5665 bratus
283 5616 399 5681 propter
408 5608 466 5663 olei
477 5610 664 5675 fertilitatem,
686 5614 761 5682 quud
771 5630 788 5668 e
797 5613 903 5667 semine
914 5616 974 5667 eires

1034 512 1149 568 iaciunt.
1182 517 1747 590 Hocmaxlmecupluntsercre,siliceat:
1764 545 1830 598 quo·
1922 576 1926 583 „

1035 586 1107 634 niam
1127 590 1156 637 et
1168 594 1297 652 quaestus
1307 591 1369 657 plus
1390 608 1470 660 quam
1491 593 1674 662 strumento,
1695 601 1828 654 etminus

1034 653 1195 726 tributiest,
1205 657 1364 726 nullumque
1375 662 1512 727 copiosius
1522 663 1623 717 oleum.

1067 722 1093 773 2.
1112 721 1223 775 Genera
1244 725 1357 793 raphani
1378 728 1478 782 Graeci
1498 729 1591 784 fecere
1612 734 1675 798 trie,
1696 735 1827 790 foliorum

1033 790 1199 854 differentia,
1219 796 1311 862 crispi,
1322 801 1404 863 etque
1414 798 1509 862 leeris,
1528 809 1556 852 et
1568 804 1681 855 tertium
1693 806 1829 861 siluestre.

1032 861 1121 928 Atque
1132 858 1198 913 huic
1209 862 1299 913 laesia
1309 864 1435 930 quidem,
1453 868 1501 921 sed
1513 870 1642 924 breviora
1653 888 1687 924 ac
1697 876 1828 943 rotunda,

1033 930 1217 996 copiosaque:
1236 938 1321 997 atque
1331 931 1479 988 fruticosat
1498 953 1582 1005 sapor
1591 946 1684 993 autem
1697 956 1787 1009 asper,
1800 952 1829 998 et

1033 999 1225 1050 medicamenti
1235 999 1324 1052 instar
1337 1001 1373 1053 nd
1385 1004 1531 1058 eliciendas
1546 1008 1633 1062 alvos.
1668 1010 1706 1061 lit
1717 1011 1744 1062 in
1754 1014 1828 1080 prio-

1032 1067 1212 1120 ribustamen
1230 1068 1389 1123 differentia
1403 1086 1422 1122 a
1436 1073 1540 1127 semine
1556 1083 1610 1128 est:
1629 1082 1761 1146 quonism
1779 1083 1828 1133 ali·

1034 1151 1090 1204 qua
1100 1137 1189 1203 peius,
1209 1137 1303 1205 allqua
1314 1138 1461 1192 admodum
1474 1144 1602 1211 exiguum
1613 1146 1714 1201 terunt.
1750 1150 1828 1203 llaec

1032 1207 1101 1257 ritis
1110 1219 1164 1257 non
1176 1206 1287 1270 cadsrnt,
1307 1210 1360 1260 nisi
1371 1210 1400 1259 in
1411 1211 1500 1277 crispa
1511 1213 1589 1265 felia.

1068 1274 1093 1327 3.
1112 1274 1206 1327 Nostri
1226 1277 1282 1327 alia
1303 1276 1394 1330 iecere
1416 1295 1531 1347 genera:
1548 1282 1697 1351 Algidense
1717 1300 1735 1336 a
1755 1287 1827 1350 loco,

1031 1342 1145 1410 longum
1166 1350 1249 1409 atque
1259 1346 1468 1400 translucidum.
1504 1351 1625 1402 Alterum
1647 1354 1708 1420 rapi
1730 1357 1827 1422 ligura,
1859 1339 1938 1397 vs

1032 1411 1105 1478 quod
1118 1420 1218 1465 vocant
1229 1413 1388 1481 Syriacum,
1412 1418 1604 1470 suavissimum
1622 1420 1678 1474 lere
1695 1438 1727 1475 ac
1739 1432 1826 1476 tener-

1031 1483 1139 1544 rimum,
1159 1480 1312 1550 hiemisque
1330 1486 1445 1551 patiens.
1482 1488 1660 1555 Praecipuum
1672 1497 1764 1545 tamen
1776 1500 1826 1556 est,

1031 1549 1104 1616 qued
1113 1566 1129 1602 e
1139 1549 1222 1617 Syria
1231 1567 1284 1603 non
1295 1554 1401 1620 pridem
1414 1554 1557 1608 advectum
1568 1567 1691 1625 apparet,
1699 1564 1828 1626 quoniam

1031 1618 1105 1685 apud
1114 1626 1242 1672 auctores
1257 1637 1311 1673 non
1326 1625 1477 1690 reperitur:
1506 1626 1534 1676 id
1554 1635 1644 1679 autern
1662 1635 1725 1679 teta
1739 1627 1828 1681 hieme

1032 1688 1125 1741 durat.
1178 1690 1337 1743 Etiamnum
1356 1708 1440 1746 unum
1460 1694 1587 1748 silvestre
1608 1697 1708 1749 Graeci
1728 1699 1829 1764 agrion

1031 1764 1141 1820 vocant,
1160 1756 1269 1815 Pontici
1288 1776 1392 1825 armon,
1413 1762 1463 1814 alii
1475 1763 1578 1831 leucen,
1600 1767 1829 1829 nostriarmora·
1851 1788 1859 1835 ς

1031 1826 1121 1890 ciam,
1132 1829 1230 1880 frende
1245 1829 1385 1897 copiosius
1396 1845 1478 1898 quam
1500 1848 1623 1900 corpore.
1659 1837 1689 1887 ln
1700 1838 1828 1893 omnibus

1026 1890 1123 1947 'autern
1135 1896 1285 1962 probandis
1306 1902 1425 1952 manime
1436 1908 1596 1968 spectantur
1605 1904 1709 1956 caules:
1739 1906 1828 1957 immi·

1031 1967 1101 2016 tium
1115 1966 1185 2017 eninr
1198 1967 1373 2018 rotundiores
1386 1971 1604 2038 crassioresque,
1635 1973 1769 2041 aclengis
1781 1989 1826 2026 ca·

1031 2034 1149 2086 nalibus.
1185 2034 1265 2087 Folia
1276 2038 1336 2103 ipsa
1345 2037 1483 2103 tristiora,
1495 2046 1524 2092 et
1533 2042 1643 2109 angulis
1654 2041 1775 2094 horrida.

1065 2135 1091 2188 4.
1109 2133 1173 2188 Seri
1184 2137 1249 2190 vult
1259 2137 1398 2206 raphanus
1415 2148 1492 2196 terra
1499 2143 1603 2206 soluta,
1624 2144 1747 2199 humida.
1782 2144 1827 2199 Fi·

1031 2219 1106 2259 mure
1122 2207 1189 2268 odit,
1209 2208 1290 2274 palea
1305 2218 1458 2264 contentus.
1492 2214 1610 2281 Frigore
1626 2215 1696 2267 adeo
1714 2214 1826 2282 gaudet,

1031 2280 1063 2327 ut
1073 2275 1102 2324 in
1112 2273 1262 2328 Germania
1282 2277 1429 2331 instantium
1467 2296 1595 2334 ueterum
1608 2285 1826 2352 stragnitudinem

1033 2350 1143 2410 aequet.
1175 2343 1288 2425 Seritur
1303 2355 1365 2414 post
1379 2296 1532 2402 ideali-'ebe
1548 2360 1579 2401 ut
1592 2367 1694 2404 ternus
1706 2355 1755 2403 sit:
1776 2354 1826 2406 ite-

1031 2425 1147 2477 rumque
1158 2428 1232 2465 csrca
1243 2414 1414 2480 vulcanalia,
1433 2420 1587 2485 quaesatio
1599 2421 1706 2473 melior.
1743 2422 1826 2473 illulti

1032 2480 1182 2543 etMartio,
1193 2489 1221 2533 et
1230 2483 1318 2548 Aprili
1328 2498 1432 2549 scrurrt,
1454 2494 1482 2539 ct
1493 2486 1656 2553 Septembri.
1693 2491 1827 2556 incipien-

1030 2555 1060 2595 te
1071 2547 1249 2608 incremento,
1270 2552 1377 2605 confert
1393 2556 1500 2605 alterna
1515 2555 1583 2606 folia
1598 2558 1826 2620 circumobuuere,

1030 2615 1106 2677 ipsos
1117 2626 1182 2663 vero
1195 2615 1376 2668 accumulare.
1396 2619 1465 2671 Nam
1477 2623 1525 2689 qui
1537 2630 1616 2674 extra
1627 2632 1728 2676 terram
1741 2641 1827 2677 erner-

1030 2681 1078 2743 sit,
1089 2678 1173 2732 durus
1183 2683 1215 2732 tit
1226 2692 1307 2749 atque
1317 2683 1460 2754 fungosus.
1495 2690 1703 2743 Aristomachus
1716 2692 1825 2745 detrahi

1030 2748 1102 2801 lolia
1130 2764 1161 2801 er
1172 2749 1289 2831 hiemem
1300 2753 1386 2817 iubet,
1405 2763 1442 2818 et,
1462 2774 1497 2811 ne
1508 2760 1624 2812 lacunae
1633 2768 1770 2828 stagnant,
1780 2777 1826 2815 ac·

1031 2832 1111 2870 cumn
1156 2833 1187 2871 e:
1213 2827 1255 2872 sta
1272 2821 1301 2871 in
1322 2830 1458 2877 aestatem
1479 2828 1670 2895 grandescere.
1706 2831 1825 2893 Quidam

1030 2886 1194 2954 prodidero,
1213 2890 1239 2940 si
1250 2889 1422 2956 paluadacto
1438 2909 1555 2947 caverna
1565 2898 1646 2962 palea
1659 2900 1825 2951 insternatur·

1030 2971 1079 3008 sex
1090 2956 1239 3024 digitorum
1249 2959 1405 3024 altitudine,
1420 2963 1520 3016 deinde
1530 2966 1559 3015 in
1571 2981 1664 3019 acmen
1676 2969 1824 3036 limumque

1030 3032 1058 3077 et
1074 3032 1150 3078 terra
1166 3036 1338 3095 congeratur,
1359 3033 1393 3082 ad
1409 3034 1629 3099 magnitudinem
1647 3037 1752 3088 scrobis
1769 3052 1825 3090 cre·

1029 3109 1115 3147 scere.
1151 3095 1298 3164 Praecipue
1314 3105 1406 3152 tamen
1422 3102 1504 3154 salsis
1520 3102 1645 3156 aluntur.
1674 3105 1772 3171 ltaque
1785 3115 1825 3158 et·

1028 3163 1083 3215 iem
1105 3162 1208 3216 talibus
1230 3167 1309 3232 aquis
1329 3168 1489 3235 irrigantur,
1509 3178 1537 3222 et
1557 3172 1584 3223 iu
1605 3175 1731 3241 Aegypto
1749 3176 1824 3226 uitro

1028 3240 1205 3299 sparguntur,
1222 3236 1270 3287 ubi
1280 3244 1345 3287 sunt
1355 3240 1494 3292 suavitate
1509 3241 1658 3307 praecipui.
1692 3243 1823 3296 intutum

1029 3316 1137 3368 quoqne
1147 3303 1287 3370 salsugine
1302 3306 1459 3358 annaritudo
1478 3323 1572 3360 eorum
1585 3311 1726 3375 eximitur,
1744 3315 1824 3365 dunc

1030 3385 1082 3436 que
1093 3371 1182 3423 coctis
1192 3373 1306 3424 slmiles.
1345 3375 1468 3443 Nanrque
1480 3385 1509 3429 et
1520 3379 1592 3430 cocti
1603 3378 1773 3443 dulcescunt,
1794 3387 1824 3433 ct

1029 3439 1057 3490 in
1074 3454 1208 3505 naporum
1225 3442 1312 3493 ricem
1330 3450 1482 3496 transeunt.
1518 3447 1624 3498 crudos
1641 3449 1740 3501 medici
1761 3465 1824 3501 sua·

1029 3507 1104 3569 dent,
1120 3508 1155 3560 nd
1166 3509 1322 3578 colligenda
1331 3513 1408 3565 acria
1418 3514 1563 3577 viscerum,
1575 3516 1679 3569 dandos
1691 3534 1750 3570 cum
1763 3519 1823 3570 sala

1028 3578 1129 3630 ieiunis
1138 3594 1210 3639 esse,
1222 3588 1304 3646 atque
1318 3582 1565 3635 itasonritionibus
1576 3600 1743 3651 praeparant
1753 3602 1825 3638 ntea·

1028 3653 1095 3698 tum.
1131 3647 1257 3700 Tradunt
1267 3656 1296 3701 ct
1306 3653 1477 3716 praecordiis
1487 3659 1671 3706 necessarium
1681 3653 1824 3708 huncsuo·

1030 3731 1105 3767 cum:
1124 3718 1233 3783 quando
1245 3715 1368 3784 phthisin
1379 3720 1455 3771 cordi
1472 3721 1547 3774 intus
1562 3722 1753 3777 inhaerentem
1767 3741 1824 3776 nou

1029 3785 1084 3836 alio
1095 3785 1218 3851 potuisse
1228 3786 1509 3856 depelli-compertum
1527 3794 1567 3843 sit
1581 3792 1610 3843 in
1620 3794 1757 3862 Aegypto,
1778 3809 1822 3846 re-

1027 3854 1107 3921 gibus
1116 3869 1232 3921 corpera
1248 3863 1422 3910 mortuorum
1437 3859 1472 3911 ad
1483 3861 1647 3914 scrutandos
1661 3864 1773 3914 morbos
1783 3862 1824 3913 in·

1028 3924 1192 3975 secantibus.
1227 3926 1323 3991 Atque,
1347 3933 1430 3979 utest
1441 3928 1549 3982 Graeca
1559 3931 1676 3994 vanitas,
1696 3929 1785 3982 fertur
1795 3933 1823 3981 ie

1028 3992 1131 4062 templo
1140 3993 1273 4060 Apollinis
1284 3994 1398 4061 Delphis
1407 3996 1478 4049 adeo
1491 4000 1591 4050 ceteris
1602 4000 1670 4051 cibis
1682 3998 1822 4063 praelatus

1028 4060 1174 4129 raphanus,
1187 4072 1217 4111 ut
1226 4076 1262 4119 ,ex
1273 4078 1341 4114 auro
1353 4064 1501 4133 dicaretur,
1511 4067 1576 4119 beta
1586 4082 1620 4118 cx
1631 4072 1757 4132 argente,
1777 4080 1821 4115 ra-

1028 4141 1092 4195 pum
1102 4145 1118 4180 e
1128 4130 1247 4195 plumbo.
1283 4132 1374 4183 Scires
1386 4147 1439 4185 oon
1451 4134 1489 4185 ibi
1499 4137 1621 4201 genitum
1632 4133 1755 4184 Martium
1768 4133 1821 4183 Cu·

1028 4196 1098 4248 rium
1110 4197 1316 4264 imperatorem,
1340 4215 1421 4267 quem
1435 4202 1599 4253 Samnitium
1610 4201 1713 4268 legatis
1725 4215 1823 4251 aurum

1027 4265 1206 4331 repudiaturo
1223 4267 1410 4329 afferentibus,
1432 4284 1525 4334 rapum
1543 4275 1693 4320 torrentem
1711 4269 1742 4320 in
1758 4269 1822 4319 ioco
1920 4300 1923 4309 κ

1027 4335 1289 4386 inventumAnnnles
1302 4337 1390 4386 nostri
1402 4335 1557 4402 prodidere.
1593 4335 1711 4402 Scripsit
1722 4345 1750 4389 et
1764 4338 1823 4403 llio·

1025 4401 1122 4453 achion
1135 4402 1256 4454 Graccus
1268 4418 1349 4453 unum
1365 4403 1399 4456 de
1416 4403 1537 4470 raphano
1554 4404 1691 4457 volumen.
1727 4398 1823 4457 Utilis·

1026 4470 1088 4522 almi
1100 4470 1128 4521 in
1139 4471 1210 4522 cibis
1225 4469 1339 4523 hiberno
1357 4479 1481 4538 tempore
1494 4472 1701 4526 existimantur:
1722 4474 1821 4526 iidem-

1027 4556 1079 4607 que
1091 4540 1218 4592 dentibus
1230 4554 1339 4606 semper
1349 4541 1597 4608 inimici,queniam
1610 4550 1739 4596 atterant.
1751 4543 1823 4594 libri·

1026 4608 1269 4676 racemepeliunt.
1305 4608 1597 4666 Odiumhiscumvitc
1608 4613 1820 4676 maximumre·
1849 4640 1855 4649 ·

1026 4674 1339 4748 lugitqueiurtusstos.

1060 4781 1173 4836 xxvtr.
1191 4780 1358 4850 Lignosicra
1369 4790 1434 4836 sunt
1448 4783 1563 4852 reliqua,
1582 4785 1610 4837 in
1626 4786 1821 4854 cartilaginum

1026 4866 1126 4919 genere
1136 4850 1215 4903 noliis
1226 4854 1329 4919 posita.
1362 4854 1391 4905 Μ
1395 4855 1529 4920 iramque,
1541 4855 1668 4907 omnibus
1680 4854 1823 4908 uehemen-

1026 4923 1094 4973 tiam
1105 4920 1214 4988 saporis
1225 4922 1324 4974 inesse.
1360 4922 1403 4973 Ex
1417 4923 1452 4973 iis
1469 4923 1627 4989 pastinacae
1640 4940 1723 4975 unum
1735 4940 1822 4993 genus

1027 4997 1138 5058 agreste
1158 4996 1258 5056 sponte
1273 4990 1413 5057 prevenit:
1432 4992 1614 5060 staphylinos
1630 4993 1737 5046 Graece
1757 4994 1823 5045 dici·

1028 5067 1081 5112 tur.
1117 5058 1239 5110 Alterum
1252 5060 1353 5111 seritur
1363 5059 1454 5112 radice
1465 5061 1507 5113 uel
1518 5062 1631 5124 sentina,
1655 5064 1822 5129 primorem

1026 5129 1070 5180 rel
1087 5135 1235 5181 aratumno:
1253 5139 1284 5179 ut
1298 5130 1410 5196 llygino
1432 5131 1533 5196 placet,
1552 5131 1713 5194 Februario,
1732 5133 1823 5197 Augu·

1026 5205 1079 5261 sto,
1090 5198 1253 5265 Septerobri,
1264 5198 1456 5260 Octobri,solo
1467 5214 1547 5265 quam
1558 5200 1694 5252 altissime
1704 5198 1820 5251 refosso.

1026 5267 1158 5319 Annicula
1168 5266 1247 5318 utilis
1258 5281 1318 5319 esse
1330 5267 1433 5335 incipit,
1452 5268 1530 5321 hi'nta
1540 5269 1643 5327 utilior,
1655 5267 1765 5335 gratior
1774 5279 1821 5315 nu·

1026 5343 1130 5398 tumne,
1147 5335 1305 5402 patinisque
1319 5339 1451 5389 maxime:
1470 5343 1499 5389 et
1512 5342 1554 5389 sic
1564 5352 1671 5404 quoque
1691 5336 1767 5413 sirus
1777 5332 1822 5382 illi

1027 5405 1203 5459 intractabile
1219 5411 1270 5456 est
1305 5406 1449 5457 Hibiscum
1467 5421 1484 5455 a
1500 5406 1644 5473 pastinaca
1661 5400 1821 5468 gracilitate
1839 5434 1860 5467 7-

1026 5473 1121 5536 distat,
1140 5472 1297 5524 damnatum
1308 5468 1338 5525 in
1350 5476 1427 5537 cibis,
1442 5474 1654 5526 sed'nredicinae
1666 5468 1742 5519 utile.
1771 5469 1821 5520 Est

1025 5550 1188 5610 etquattuor
1201 5543 1312 5608 genosi
1389 5543 1398 5560 '
1479 5544 1484 5556 '
1516 5537 1821 5602 ‘'itudinepastinacue,

1025 5629 1105 5682 quum
1117 5614 1206 5665 narslri
1216 5611 1287 5663 Galli
1592 5607 1599 5619 ”
1616 5620 1681 5656 teto
1699 5604 1820 5659 dsucnn:
