4356 6014
287 299 319 359 C.
352 294 501 359 rutuli
533 292 743 354 sacuam
776 290 945 391 NAATUR.
980 293 1170 368 illsrult.
1204 294 1289 355 llll.
1312 294 1405 356 XVI.
1442 293 1687 355 canet-m.
1748 258 1813 357 Χ197

164 449 269 521 gubris,
289 446 396 516 virgine
407 450 468 498 etos
481 443 610 506 nominis,
629 449 743 510 propter
752 453 874 494 amorem
885 441 961 493 iure·

165 518 209 572 nis
219 519 309 579 croci,
320 521 429 568 mutata
438 517 467 566 in
478 512 550 566 hunc
560 512 700 565 fruticem.
736 510 768 563 ld
778 511 876 579 vulgus
885 512 962 579 igno.

163 600 240 650 rans,
251 586 412 653 plerumque
421 583 493 637 festa
502 598 553 635 soa
561 583 673 650 polluit,
680 580 791 634 ederam
802 580 963 631 existiman·

165 656 217 709 do:
228 658 300 708 sicut
311 658 337 708 in
349 655 448 723 poetis,
460 660 509 706 aut
520 650 723 713 biberoPatre,
733 648 963 714 attollensque

166 726 278 778 omnino
294 725 383 777 nescit
394 724 494 791 qulbus
505 720 692 775 coronentur!
713 723 748 772 lit
759 717 873 771 smilace
892 718 963 768 liunt

167 793 302 846 codicilli:
323 793 522 863 propriumque
533 791 669 844 materiae
680 796 731 853 est,
748 795 780 839 ut
791 786 906 840 admota
917 802 962 838 ou·

165 863 241 916 ribus
253 862 450 916 lenemsonum
470 861 577 913 reddat.
613 859 723 911 Ederae
743 860 815 909 mira
835 857 964 924 proditur

165 939 268 985 :latura
286 931 323 984 sd
340 932 510 999 experienda
528 931 606 982 rina:
626 929 651 979 si
662 943 710 980 ras
721 928 770 987 ilat
781 940 797 979 e
808 927 885 994 liguo
895 925 963 988 eius,

165 1003 231 1053 rina
248 1001 422 1065 transfluere,
442 1012 630 1052 acrcnranere
646 1010 756 1065 aquam,
775 996 800 1047 si
811 1009 865 1063 qua
877 993 964 1046 fuerit

165 1071 261 1124 mixta.

201 1137 299 1193 bxlv.
319 1139 395 1191 luter
406 1153 449 1201 ea,
466 1152 538 1207 quae
549 1134 660 1204 frigidis
671 1133 804 1202 gandent,
814 1138 843 1185 et
853 1131 962 1199 squati-

167 1223 213 1260 cos
235 1208 351 1261 frutices
370 1209 476 1260 dixisse
489 1208 645 1260 conveniat.
682 1203 871 1270 Principatom
881 1203 911 1253 in
921 1200 963 1253 his

166 1280 297 1331 tenebunt
308 1278 466 1339 arundines,
486 1276 553 1329 belli
568 1276 697 1343 pacisque
708 1272 907 1340 experimentis
919 1286 964 1323 ne·

167 1350 313 1411 caesariae,
335 1354 419 1416 atque
430 1348 515 1400 etiam
527 1345 636 1397 deliciis
647 1350 754 1413 gratae.
789 1341 899 1412 Tegula
920 1355 964 1392 ea·

166 1431 225 1468 rum
248 1417 347 1469 domus
369 1415 697 1485 suasSeptemtrionales
718 1414 811 1481 populi
826 1412 964 1479 operiunt,

167 1485 323 1555 durantque
335 1488 410 1538 aeris
421 1492 496 1539 tecta
506 1485 574 1536 alta
611 1483 648 1535 lit
658 1486 687 1534 in
699 1482 808 1551 reliquo
819 1494 884 1533 vero
895 1480 963 1532 orbe

167 1570 292 1609 cameras
303 1553 637 1621 lcrissinresuspenduut.
664 1550 828 1619 chartisque
838 1553 963 1601 seruiunt

167 1625 276 1686 calami,
287 1626 417 1692 Aegyptii
429 1623 557 1684 maxime,
568 1621 737 1689 cognatione
749 1620 867 1687 quadan:
880 1632 964 1685 papy·

166 1693 200 1745 ri.
235 1694 415 1747 Probatiores
435 1700 527 1745 tamen
538 1691 643 1751 Gnidii,
663 1695 692 1742 et
713 1691 759 1756 qul
771 1691 798 1740 in
812 1688 879 1739 Asia
890 1688 965 1739 clrca

167 1762 321 1814 Anaiticum
339 1765 430 1813 laeum
442 1767 600 1814 nascuntur.
628 1758 809 1812 Nostratibus
819 1756 965 1824 fungosior

167 1832 261 1884 subest
271 1838 385 1901 natura,
391 1830 557 1899 cartilagine
568 1828 670 1890 bibula,
681 1843 752 1896 quae
763 1841 834 1879 cavo
846 1839 965 1892 corpore

166 1901 253 1961 intus,
263 1914 381 1968 superne
393 1901 471 1951 tenui
483 1901 617 1951 inarescit
627 1899 716 1967 ligno:
728 1897 821 1948 lissilis
834 1910 965 1964 praeaco·

166 1975 198 2021 ts
208 1985 317 2037 semper
328 1969 401 2022 acie:
413 1969 581 2038 geniculata.
617 1970 719 2020 cetero
729 1966 873 2035 gracilitas
884 1964 964 2017 nodis

168 2038 367 2102 distincta,leni
380 2037 496 2105 fastigio
508 2043 639 2090 tenuatur
648 2038 678 2089 in
690 2034 964 2097 cacuminacrassio·

167 2121 198 2161 re
210 2110 353 2177 paniculae
365 2122 454 2171 coma,
466 2121 555 2174 neque
565 2105 617 2159 hae
628 2118 807 2173 supervacua.
826 2107 880 2156 Aut
889 2103 963 2156 eninr

167 2192 218 2245 pro
230 2179 325 2244 pluma
336 2183 425 2230 strata
435 2190 623 2244 cauponarum
634 2177 737 2242 replet:
756 2182 805 2228 aot
816 2175 862 2226 ubi
873 2174 964 2241 ligno·

170 2246 326 2299 siorccallo
337 2247 470 2311 induruit,
488 2246 601 2298 sicotin
612 2245 718 2313 Belgis,
738 2251 864 2306 contusa,
883 2243 963 2295 etin·

168 2315 285 2368 terleeta
296 2318 403 2368 narium
415 2315 785 2379 commissuris,ferruminat
794 2311 965 2379 textus,gla·

167 2387 226 2437 tino
238 2387 373 2450 tenacior,
382 2389 515 2454 rimisque
525 2386 669 2454 explendis
678 2385 789 2437 lidelior
799 2384 870 2451 pice.

202 2453 287 2506 bxv.
307 2455 427 2508 Calamis
447 2456 569 2506 Orientis
591 2454 687 2521 populi
708 2452 783 2507 bella
802 2451 963 2504 conficiunt:

167 2523 282 2575 calamis
304 2525 414 2592 spicula
435 2525 539 2576 addunt
561 2523 739 2575 irrevocabili
770 2522 853 2573 lramo
873 2519 966 2569 noxia.

165 2591 289 2645 Mortem
301 2592 461 2645 accelerant
471 2592 557 2657 pinna
568 2591 666 2642 elidite
677 2590 800 2642 calamis.
830 2588 927 2653 Pitque
938 2593 967 2639 et

166 2674 202 2713 ex
215 2664 277 2728 ipso
289 2661 373 2710 telum
385 2660 462 2710 uliocl
474 2658 565 2711 fracto
575 2660 604 2710 is
616 2659 787 2710 vulneribus.
816 2658 869 2708 ilis
881 2655 965 2708 armis

164 2728 262 2782 Solem
274 2726 365 2792 ipsum
387 2728 563 2780 obumbrant.
601 2728 719 2795 Propter
729 2726 912 2779 hocmaxinre
923 2739 966 2775 se·

166 2811 253 2850 renos
265 2796 325 2848 dies
336 2802 447 2864 optent:
470 2797 556 2849 odere
564 2804 663 2849 ventos
676 2805 704 2849 et
714 2797 828 2858 imbres,
839 2795 885 2860 qui
895 2793 967 2844 inter

165 2867 235 2918 illos
246 2880 342 2933 pacem
354 2881 415 2918 esse
424 2874 535 2934 cogunt.
553 2867 622 2919 Acri
631 2864 861 2933 quisAethiopas,
876 2866 965 2929 Aegy·

166 2942 256 3003 ptum,
266 2935 380 2997 Arabos,
391 2934 483 2996 indos,
497 2935 626 3002 Scythas,
637 2935 765 2996 Bactros,
775 2932 964 2985 Sarmatarum

166 3009 319 3070 totgentes
339 3004 514 3066 esurientis,
534 3004 682 3071 omniaque
694 3000 860 3055 Parthorum
881 3014 967 3067 regna

168 3072 333 3139 diligentins
344 3079 496 3141 computet,
517 3087 607 3140 aequa
617 3074 704 3126 ferme
714 3086 778 3140 pars
787 3070 927 3121 hominurn
939 3069 966 3118 in

167 3147 233 3192 toto
244 3141 345 3193 mundo
356 3142 470 3193 calamis
481 3149 614 3208 superata
624 3140 711 3211 degit.
739 3139 913 3206 Praecipuus
923 3136 968 3188 hic

168 3222 238 3260 usus
248 3211 276 3260 in
287 3211 370 3262 creta
379 3210 531 3263 bellatores
546 3225 612 3262 suos
631 3207 834 3277 praecipitarit.
871 3206 928 3259 Sed
938 3206 966 3256 in

170 3277 225 3330 hoc
236 3293 354 3346 qnoque,
364 3286 397 3331 ut
409 3279 511 3331 ceteris
519 3279 549 3331 in
560 3279 654 3341 rebus,
665 3278 732 3330 vicit
744 3277 841 3328 ltalia:
858 3275 967 3342 mando

151 3340 162 3356 “
170 3346 263 3399 nullus
272 3348 387 3414 sagittis
397 3351 489 3413 aptior
500 3348 633 3409 calamos,
644 3361 724 3413 quam
737 3348 765 3396 in
776 3344 969 3397 llhenoBono·

169 3416 358 3479 niensiamne,
379 3416 424 3467 eoi
434 3422 463 3469 et
472 3415 591 3482 plurima
601 3418 677 3467 inest
697 3415 827 3475 medulla,
848 3412 969 3479 pondus·

170 3500 224 3618 aaa
235 3486 361 3538 volucre:
382 3490 412 3537 et
421 3486 520 3537 contra
530 3484 613 3536 llutos
623 3498 734 3566 quoque
743 3483 875 3551 pervicax
886 3482 967 3562 libra.

170 3551 968 3690 iiiiiitiliil,iiiiiilitisitiii‘iiil

169 3706 286 3757 qnorum
304 3692 362 3744 alia
377 3691 542 3759 quibusdam
554 3691 667 3744 videtur
686 3697 796 3749 natura,
817 3687 927 3753 quando
939 3692 967 3738 et

172 3757 312 3813 hastarum
324 3763 411 3814 ricem
424 3761 557 3828 praebent
568 3761 673 3813 additis
683 3757 853 3826 cuspidibus.
880 3759 968 3808 Aron·

170 3829 229 3881 dini
242 3832 352 3899 quiden:
364 3830 473 3883 indicae
484 3831 603 3883 arborea
611 3828 781 3896 amplitudo:
798 3825 895 3893 quales
906 3824 965 3875 vol·

170 3911 206 3965 go
217 3901 246 3950 in
258 3899 369 3967 templis
387 3898 522 3953 ridemus.
560 3899 681 3952 Differre
701 3912 793 3950 mares
804 3909 837 3946 ac
847 3894 965 3947 feminas

170 3967 199 4018 ln
215 3968 258 4019 his
275 3983 384 4037 quoque
400 3969 463 4020 lodi
483 3968 605 4021 tradunt.
642 3966 764 4034 Spissius
775 3966 847 4017 mari
857 3979 967 4030 corpus,

170 4035 437 4107 feminaecspncius.
458 4033 967 4107 Navigioromqueetiamricemprae·

170 4113 248 4158 stam
257 4108 293 4170 (si
304 4108 455 4168 credimus)
467 4106 577 4175 singula
587 4106 753 4157 internodia.
784 4104 866 4155 Circa
874 4102 966 4155 Acesi-

170 4190 234 4227 nem
244 4189 351 4228 omnem
365 4177 486 4227 maximo
495 4179 655 4227 nascuntur.

203 4245 315 4297 Arundo
322 4245 413 4296 onrnls
424 4257 458 4293 ex
465 4258 520 4293 una
529 4244 618 4307 stirpe
628 4246 873 4306 nunrerosa,atqne
882 4240 965 4289 eham

170 4313 260 4366 reciso
272 4309 435 4365 foecundius
445 4312 576 4375 resurgit.
596 4308 685 4359 lladir
696 4311 895 4367 notorovirax,
916 4320 965 4373 ge·

168 4381 292 4433 similata
301 4386 330 4432 et
339 4380 411 4445 ipsa
429 4378 512 4429 Folia
521 4377 622 4429 indicis
634 4383 740 4428 tantum
751 4378 853 4427 brevia.
872 4376 967 4426 Onrni·

167 4449 219 4502 bus
230 4464 299 4504 vero
310 4446 414 4501 aoodo
423 4462 496 4509 orsa,
513 4446 657 4513 complexu
667 4444 765 4497 tenues
775 4458 824 4512 per
833 4443 967 4495 ambitum

169 4520 306 4571 inducunt
316 4518 442 4571 tunicas:
452 4522 535 4583 atque
545 4531 562 4567 n
571 4515 663 4567 medio
671 4514 830 4565 internodio
841 4528 901 4565 com
910 4512 968 4580 plo·

171 4589 270 4641 rimmn
291 4589 421 4640 desinunt
441 4587 562 4646 restire,
583 4583 828 4652 procumbuntque.
863 4582 969 4633 Latera

172 4657 300 4709 arundini
310 4656 475 4723 calamoque
484 4654 512 4706 in
524 4652 868 4719 rotunditatabina,super
879 4651 968 4703 nodos

171 4726 282 4780 alterno
293 4740 403 4792 semper
417 4725 541 4792 inguine,
562 4730 595 4775 ut
614 4722 732 4776 alterum
751 4723 786 4774 ad
800 4721 898 4773 dextra
910 4721 967 4781 flat,

172 4794 290 4850 alterum
300 4795 444 4863 superiore
455 4793 582 4862 geniculo
593 4793 628 4845 ad
641 4792 722 4845 laeva
731 4806 781 4858 per
790 4792 874 4844 nicea
901 4789 968 4843 lnde

59 4926 67 4935 ·
174 4871 277 4917 exeunt
287 4864 437 4932 aliquando
447 4864 526 4927 rami,
542 4865 663 4931 quisunt
673 4860 774 4915 calami
784 4869 890 4914 tenues.

209 4934 307 4986 hxvt.
327 4933 411 4986 Plora
423 4940 515 4985 autem
536 4944 648 5001 genera.
685 4932 749 4982 Alia
759 4932 888 4998 spissior,
903 4929 968 4982 den·

171 5007 283 5071 sinrqus
292 5003 437 5072 geniculis,
453 5001 766 5055 brevibus‘internodiis.
795 5001 859 5052 Alia
870 5002 967 5060 rarior,

170 5072 336 5125 maioribus:
358 5071 520 5139 tenuiorque
532 5077 560 5123 et
571 5073 641 5139 ipss.
677 5070 807 5122 &lamus
817 5084 884 5122 tero
895 5069 968 5121 alios

173 5149 250 5196 totos
260 5156 406 5202 concavus,
418 5156 497 5208 qoem
509 5143 662 5209 syringion:
673 5147 784 5201 vocam,
804 5139 968 5191 utilissimus

172 5213 281 5271 fistulis,
321 5210 430 5261 uoniam
447 5208 516 5261 nihil
530 5217 572 5262 est
590 5212 616 5261 ei
627 5209 801 5276 cartilaginis
812 5216 897 5275 atque
908 5222 967 5259 car·

170 5279 222 5332 nis.
260 5280 315 5331 ore
335 5279 462 5332 amenius
479 5284 522 5331 est
540 5280 674 5332 continuo
695 5278 832 5338 foramine
852 5277 970 5344 pervius,

170 5361 252 5416 quem
263 5349 536 5401 aulodcumvocant:
553 5349 600 5402 hio
609 5348 689 5404 tibiis
698 5348 807 5410 utilior,
827 5345 970 5399 listulisil-

169 5416 206 5470 ln.
243 5418 388 5471 Eulaliae
408 5416 547 5470 massiore
567 5418 654 5488 ligero,
676 5425 706 5472 et
725 5416 804 5473 tenui
823 5415 969 5477 ferumine,

167 5482 243 5540 bunc
252 5494 344 5540 totum
358 5487 477 5555 fungosa
490 5489 582 5554 replet
598 5488 725 5542 medulla.
761 5488 839 5540 Alius
850 5483 933 5537 brevi·

167 5554 239 5611 alios
258 5558 411 5627 procerior,
431 5555 542 5620 exilior,
562 5558 744 5625 crassiorque.
780 5554 908 5609 Fruticos

1015 457 1087 506 mus,
1098 445 1145 510 qui
1156 450 1273 498 roceum
1284 444 1385 509 donax,
1394 460 1451 499 non
1462 443 1516 497 nisi
1526 443 1556 496 in
1568 441 1706 511 aquaticis
1716 447 1812 495 natum
1869 490 1873 497 .

1015 513 1145 580 quoniam
1166 520 1195 565 ct
1216 512 1286 568 haec
1300 514 1459 568 differentia
1474 521 1534 568 est:
1552 516 1670 566 multum
1686 513 1816 581 praelata

1015 582 1162 644 arundine,
1170 595 1241 648 quae
1251 585 1281 635 in
1291 584 1373 636 siccis
1389 583 1543 653 proveniat
1581 582 1666 634 Suom
1676 596 1762 650 genus
1773 597 1816 636 sa·

1015 651 1132 718 gittario
1144 651 1261 715 calamo,
1272 659 1303 703 ut
1313 654 1448 706 diximus:
1464 654 1513 705 sed
1524 651 1634 706 Cretico
1644 652 1815 720 longissimis

1015 718 1188 782 internodiis,
1210 720 1436 789 obsequentique,
1448 738 1502 791 quo
1513 719 1694 784 libeatbeeti,
1714 720 1816 776 calefa-

1015 795 1071 842 cto.
1107 788 1289 841 Differentias
1299 790 1403 843 faciunt
1419 799 1448 845 et
1464 790 1535 843 folla
1552 805 1607 843 non
1626 790 1816 855 multitudine,

1014 872 1110 910 rerum
1122 865 1151 910 et
1160 859 1265 911 coloro.
1302 857 1389 912 Varia
1403 860 1559 924 Laconicis,
1580 868 1608 915 et
1619 861 1655 912 ab
1666 860 1723 911 ima
1733 870 1815 928 parte

1015 927 1155 990 densiora,
1174 926 1270 995 quales
1281 926 1309 979 in
1321 935 1410 980 totum
1423 931 1498 981 clrea
1508 938 1607 998 stagna
1616 929 1695 997 gigni
1706 937 1816 997 potent,
1833 933 1843 943 '

1016 996 1165 1050 dissimiles
1175 996 1299 1061 amnicis,
1313 998 1459 1066 longisque
1469 1001 1566 1051 vestiri
1578 1001 1688 1062 tunicis,
1707 998 1814 1066 spatio-

1015 1066 1075 1118 sius
1092 1082 1110 1118 n
1128 1065 1203 1118 nodo
1223 1067 1372 1120 scandente
1393 1067 1548 1134 complexo.
1584 1071 1636 1121 Est
1656 1075 1686 1120 et
1704 1069 1817 1136 obliqua

1015 1135 1131 1198 modo,
1151 1135 1247 1187 nonin
1258 1137 1448 1190 excelsitatem
1465 1151 1590 1200 nuceas,
1612 1136 1661 1189 sad
1672 1137 1752 1189 iaxta
1762 1145 1816 1189 ter·

1015 1219 1075 1257 ram
1087 1204 1196 1256 fruticis
1206 1205 1288 1257 nrodo
1299 1222 1331 1259 se
1340 1220 1483 1273 spargens,
1502 1206 1666 1258 soadssima
1674 1207 1705 1259 in
1714 1208 1815 1259 teneri·

1016 1280 1074 1327 tate
1086 1274 1260 1326 animalibus.
1296 1274 1422 1328 Vocatur
1433 1290 1451 1326 a
1460 1275 1623 1342 quibusdam
1635 1275 1734 1343 elegia.
1764 1276 1816 1328 Est

1016 1350 1044 1395 et
1054 1343 1082 1395 in
1092 1344 1177 1396 ltalia
1185 1358 1300 1398 nuceas
1311 1344 1544 1413 adarca-nomine,
1561 1344 1700 1410 palustris,
1710 1360 1745 1398 ex
1757 1359 1816 1397 cor·

1015 1416 1070 1466 tice
1081 1417 1191 1465 tantum
1199 1413 1250 1466 sub
1260 1416 1320 1481 ipsa
1330 1431 1419 1476 conta,
1431 1413 1580 1466 utilissima
1591 1413 1730 1478 dentibus,
1748 1428 1816 1484 quo·

1016 1486 1090 1536 nlam
1101 1484 1142 1536 ris
1152 1483 1248 1537 eadem
1259 1493 1302 1536 cst
1312 1500 1384 1552 quae
1391 1485 1491 1552 sinapi.

1050 1553 1093 1606 Dc
1105 1552 1284 1606 Orchomenii
1299 1554 1376 1607 locus
1392 1551 1565 1606 arundinetis
1585 1550 1743 1603 accuratius
1760 1552 1817 1605 dici

1016 1624 1093 1691 cogit
1104 1623 1252 1675 admiratio
1262 1626 1386 1691 antiqua.
1422 1621 1578 1675 Characian
1597 1622 1735 1673 vocabant
1746 1636 1818 1674 cras·

1016 1693 1119 1745 eiorem
1131 1693 1347 1760 firmioremque,
1356 1692 1463 1761 plotian
1474 1707 1540 1745 roro
1549 1690 1737 1744 subtiliorem:
1748 1687 1818 1743 hanc

1016 1765 1045 1814 in
1056 1761 1156 1813 insulis
1175 1761 1352 1815 fluitantibus
1367 1768 1479 1823 natam,
1498 1761 1576 1813 illam
1592 1761 1622 1812 in
1639 1759 1711 1828 ripis
1722 1774 1817 1827 exspa·

1018 1831 1113 1882 tianlis
1135 1831 1221 1883 lactis.
1268 1833 1369 1885 Tertia
1387 1831 1493 1884 arundo
1513 1836 1558 1883 est
1580 1829 1685 1884 tibialis
1707 1827 1819 1893 calami,

1018 1914 1099 1966 qoem
1111 1900 1252 1953 auleticon
1263 1900 1407 1955 dicebant:
1419 1915 1493 1953 nono
1504 1899 1550 1952 hic
1561 1914 1633 1953 anno
1644 1899 1819 1952 nascebatur.

1018 1970 1088 2021 Nam
1100 1974 1129 2021 et
1139 1969 1217 2021 lamro
1226 1971 1398 2023 incrementa
1408 1967 1463 2022 hoc
1474 1969 1611 2038 temporis
1622 1969 1714 2036 spatio
1724 1984 1818 2022 serra·

1018 2040 1080 2091 bat:
1099 2038 1287 2107 prodigiosus,
1308 2040 1334 2092 si
1349 2040 1459 2109 quando
1474 2037 1687 2108 amplitudinem
1707 2037 1819 2097 biennio

1018 2108 1204 2163 extendisset:
1223 2109 1297 2177 quod
1310 2116 1435 2162 notatum
1452 2110 1526 2177 apud
1538 2108 1720 2165 Chaeroniam
1732 2112 1821 2166 infau-

1018 2185 1062 2231 sto
1072 2178 1292 2243 Atheniensium,
1312 2186 1341 2233 ot
1358 2194 1456 2247 saepe:
1475 2178 1602 2233 habaida
1610 2187 1728 2233 vocatur
1741 2181 1821 2235 inllu-

1018 2253 1083 2301 entc
1096 2248 1238 2315 cephisso.
1275 2250 1342 2301 Cum
1355 2250 1442 2318 igitur
1454 2263 1526 2301 anno
1543 2248 1694 2317 permansit
1705 2251 1822 2305 inonda-

1019 2318 1070 2380 tio,
1090 2319 1241 2384 proliciunt
1261 2322 1291 2369 in
1307 2320 1518 2386 aucupatoriam
1535 2332 1645 2387 quoque
1663 2320 1822 2387 amplitudi·

1017 2401 1094 2440 nem:
1112 2386 1285 2440 vocabantur
1293 2390 1433 2455 zeugitae.
1470 2390 1574 2440 Contra
1585 2388 1822 2456 bombyciaema·

1019 2457 1108 2505 turios
1118 2457 1273 2523 reciproco,
1292 2458 1427 2524 graciles:
1447 2455 1622 2519 feminarum,
1633 2458 1735 2509 latiore
1746 2457 1820 2509 folio

1019 2530 1101 2590 atque
1113 2524 1282 2587 candidiore,
1294 2524 1405 2576 modica
1414 2525 1559 2590 lanugine:
1579 2531 1627 2575 aot
1639 2527 1750 2576 omniuo
1762 2526 1822 2577 nol·

1019 2592 1057 2653 la,
1069 2592 1223 2657 spadonum
1234 2594 1346 2644 nomine
1359 2593 1520 2660 insignibus.
1551 2593 1627 2643 llinc
1636 2598 1717 2645 erant
1727 2606 1819 2645 arma·

1020 2667 1115 2711 rnents
1136 2661 1172 2712 ad
1189 2661 1312 2712 inclusos
1329 2668 1441 2714 cantus:
1461 2674 1515 2713 non
1531 2659 1642 2712 silendo
1661 2667 1691 2713 et
1711 2661 1820 2728 reliquo

1019 2744 1102 2781 curse
1113 2728 1259 2791 miraculo,
1277 2734 1309 2780 ot
1319 2729 1456 2791 reniasit,
1478 2734 1596 2796 argento
1606 2729 1662 2780 iam
1674 2728 1766 2796 potius
1777 2747 1822 2783 ca·

1019 2799 1057 2851 ni.
1095 2797 1181 2850 Caedi
1192 2797 1320 2851 solebant
1330 2798 1513 2862 tempestivas
1529 2813 1617 2865 usque
1633 2797 1669 2849 ad
1680 2801 1820 2867 Antigeni-

1020 2867 1083 2919 dem
1093 2867 1246 2931 tibicinem,
1266 2883 1328 2921 cum
1347 2865 1436 2920 adhuc
1450 2865 1571 2933 simplici
1588 2868 1692 2920 musica
1709 2876 1820 2922 uteren-

1019 2942 1075 2999 tur,
1095 2938 1145 2988 sub
1162 2938 1293 2990 Arcturo:
1314 2938 1355 2990 sic
1369 2942 1551 3004 praeparatae
1565 2937 1675 3005 aliquot
1692 2944 1755 3003 post
1771 2953 1819 2990 an·

1020 3020 1070 3056 nos
1081 3005 1165 3057 utiles
1176 3022 1236 3058 esse
1246 3007 1423 3074 incipiebant.
1460 3005 1540 3057 Tunc
1556 3020 1665 3074 quoque
1675 3006 1763 3057 multa
1773 3008 1821 3058 do·

1019 3073 1135 3125 mundae
1147 3076 1358 3136 exercitatione,
1380 3080 1408 3126 et
1419 3088 1520 3126 canere
1529 3075 1618 3126 tibiae
1627 3076 1705 3141 ipsae
1717 3076 1818 3128 docrn·

1019 3142 1082 3204 dae,
1091 3142 1338 3208 comprimentibus
1348 3157 1379 3194 se
1390 3142 1501 3208 ligulis,
1521 3142 1594 3209 qood
1606 3152 1666 3195 erat
1676 3144 1733 3196 illis
1744 3145 1821 3197 thes·
1895 3162 1899 3168 ·

1019 3218 1127 3263 trorum
1141 3211 1265 3264 moribus
1282 3210 1388 3262 utilius.
1427 3210 1575 3277 Postquam
1588 3211 1708 3265 varietas
1725 3228 1820 3265 acces-

1019 3282 1065 3341 sit,
1077 3287 1106 3332 et
1126 3285 1226 3332 cantos
1248 3295 1357 3347 quoque
1376 3278 1496 3340 luxuria,
1516 3280 1594 3331 caedi
1614 3290 1681 3333 ante
1699 3282 1821 3334 solstitia

1020 3357 1146 3415 coeptae,
1152 3356 1181 3400 et
1191 3350 1253 3401 lieri
1263 3350 1348 3401 utiles
1358 3348 1386 3399 in
1397 3348 1520 3408 trimatu,
1528 3351 1714 3413 apertioribus
1723 3365 1818 3403 earum

1019 3418 1116 3485 ligulis
1127 3419 1163 3471 ad
1174 3417 1326 3470 flectendos
1337 3432 1432 3480 sonos,
1451 3431 1523 3484 quae
1536 3416 1601 3469 inde
1612 3424 1677 3470 sont
1686 3425 1715 3471 et
1726 3417 1818 3471 hodie.

1020 3486 1074 3538 Sed
1085 3494 1143 3539 tum
1156 3501 1191 3539 ex
1209 3502 1260 3538 soa
1271 3501 1407 3554 quamque
1422 3492 1530 3538 tantum
1543 3487 1676 3538 arundine
1688 3502 1819 3555 congrue·

1020 3569 1050 3605 re
1061 3568 1222 3621 persuasum
1242 3563 1317 3608 erat:
1336 3562 1365 3608 et
1381 3569 1452 3618 eam,
1471 3570 1543 3623 quae
1559 3557 1679 3608 radicem
1691 3565 1817 3610 anteces-

1019 3631 1102 3687 serat,
1120 3624 1218 3676 lnerae
1229 3624 1317 3677 tibiae
1329 3625 1489 3676 contenire:
1528 3637 1580 3675 uae
1593 3639 1736 3687 cacumen,
1755 3625 1819 3677 ‹ler-

1018 3698 1095 3744 trae:
1112 3691 1279 3745 immensum
1298 3700 1428 3762 quantum
1449 3706 1514 3758 prae
1527 3692 1591 3754 etis,
1611 3708 1679 3760 quas
1692 3694 1752 3759 ipsa
1769 3695 1817 3746 ce·

1018 3760 1129 3828 phlssns
1147 3761 1293 3815 abluisset.
1330 3761 1409 3814 Nunc
1419 3762 1563 3812 sacrificae
1575 3763 1728 3813 Tuscorum
1740 3777 1756 3813 e
1769 3763 1819 3813 bu·

1019 3845 1065 3893 xo,
1077 3830 1202 3884 ludicrae
1212 3846 1279 3884 vero
1290 3830 1361 3891 loto,
1370 3830 1534 3897 ossibusque
1545 3830 1668 3895 asininis,
1680 3837 1709 3883 et
1720 3844 1818 3897 ergan-

1018 3906 1048 3951 lo
1060 3900 1140 3951 liunt.
1175 3901 1364 3965 aucupatoria
1374 3899 1479 3951 arundo
1490 3914 1507 3950 a
1517 3897 1674 3952 Panhormo
1684 3899 1817 3952 laudatis-

1017 3969 1104 4020 sima:
1123 3967 1437 4035 piscatoriadbaritana
1448 3982 1483 4019 ex
1493 3967 1595 4022 Africa.

1053 4069 1164 4123 varr.
1182 4070 1333 4124 Arundinis
1345 4069 1446 4121 ltaliae
1460 4085 1525 4121 osus
1537 4068 1572 4124 ad
1583 4070 1677 4122 vinces
1689 4067 1816 4122 maxime.
1841 4062 1874 4109 -7'
1899 4070 1908 4101 -‘

1019 4140 1088 4192 Cato
1099 4140 1156 4192 seri
1167 4155 1227 4193 eam
1239 4140 1318 4193 iubat
1333 4139 1360 4189 in
1378 4137 1497 4190 humidis
1513 4139 1598 4206 agris,
1618 4136 1724 4203 bipalio
1736 4136 1816 4188 suba·

1019 4213 1064 4261 cto
1077 4209 1153 4274 prius
1163 4209 1234 4269 eolo,
1255 4209 1344 4260 oculis
1354 4206 1497 4273 dispositis
1512 4206 1661 4257 intervallo
1673 4212 1817 4257 ternorum
1900 4248 1909 4263 ‚

1019 4275 1127 4344 pedum.
1163 4276 1253 4329 Simul
1270 4284 1299 4329 et
1314 4276 1472 4339 corrudam,
1492 4273 1565 4326 unde
1584 4274 1714 4341 asparagi
1734 4272 1816 4326 liant:

1019 4343 1192 4397 concordare
1210 4346 1283 4397 enim
1304 4343 1466 4395 anricitiam.
1502 4341 1621 4395 Salicem
1642 4358 1709 4395 sero
1729 4342 1815 4395 circa:
1848 4342 1853 4351 '

1020 4428 1074 4481 qua
1088 4412 1168 4464 nulla
1188 4414 1378 4481 aquaticarum
1396 4410 1503 4473 utilior,
1520 4411 1585 4463 licet
1602 4411 1698 4478 populi
1712 4412 1816 4463 vitibus

1019 4482 1155 4550 placeant,
1166 4488 1195 4534 et
1205 4482 1332 4535 caecuba
1343 4479 1472 4532 edacem:
1490 4480 1558 4532 licet
1567 4480 1749 4548 alnisepibus
1760 4495 1816 4532 mu·

1019 4553 1108 4616 aiant,
1129 4559 1280 4619 contraque
1289 4548 1493 4617 erumpentium
1503 4536 1624 4601 amnium
1634 4548 1762 4617 impetus,
1783 4551 1818 4602 rl·

1019 4636 1117 4690 parum
1128 4636 1207 4674 muro
1219 4622 1248 4672 in
1266 4618 1357 4673 tutela
1370 4619 1445 4671 ruris
1457 4619 1595 4671 excubent
1609 4620 1637 4670 in
1648 4634 1720 4688 aqua
1729 4626 1818 4684 satae,

1021 4705 1171 4760 caesaeque
1182 4690 1294 4744 densius
1304 4691 1447 4742 innumero
1459 4688 1562 4743 herede
1574 4688 1690 4756 prosint.

1054 4792 1180 4847 LXVlll.
1198 4790 1404 4847 salicastrum
1416 4791 1618 4861 plurageners.
1655 4791 1779 4859 Namque
1789 4800 1818 4844 et

1018 4866 1047 4918 in
1063 4864 1261 4933 proceritatem
1282 4875 1409 4930 magnam
1430 4865 1563 4916 emittunt
1582 4861 1656 4929 logis
1676 4862 1816 4914 vinearum

1019 4934 1149 5003 perticas,
1159 4933 1324 5001 pariuntque
1334 4932 1428 4983 balteo
1439 4933 1553 4985 corticis
1563 4930 1687 4983 vincula:
1705 4936 1734 4983 et
1745 4930 1818 4984 aliae

1018 5006 1113 5071 virgas
1126 5003 1253 5069 sequacis
1268 5000 1304 5053 sd
1320 5001 1459 5053 vincturas
1475 5001 1611 5054 lentitiae.
1646 4999 1728 5053 Aliae
1741 5013 1817 5066 prae·

1020 5082 1119 5126 tenues
1144 5072 1291 5133 viminibus
1321 5069 1447 5123 texendis
1479 5069 1626 5138 spectabili
1653 5068 1816 5121 subtilitate.

1020 5142 1125 5193 Rursus
1136 5130 1209 5192 aliae
1220 5136 1355 5191 firmiores
1367 5139 1506 5202 corbibus,
1519 5155 1554 5191 ac
1562 5138 1700 5207 plummae
1711 5137 1817 5206 agrico-

1020 5212 1109 5263 larum
1120 5208 1298 5277 supellectili:
1316 5207 1495 5262 candidiores
1504 5209 1600 5263 ablato
1611 5210 1726 5270 cortice,
1747 5205 1816 5258 leni·

1021 5294 1075 5348 qua
1085 5284 1218 5341 tractatu,
1236 5278 1380 5330 vilioribus
1390 5280 1473 5341 rasis,
1483 5294 1565 5346 marn
1577 5284 1609 5329 ut
1623 5278 1727 5330 ecorio
1737 5276 1816 5328 dant:

1020 5354 1107 5416 atque
1115 5350 1200 5400 etiam
1210 5346 1369 5415 supinarum
1375 5346 1405 5398 in
1410 5345 1723 5400 deliciascathedrarum
1734 5342 1816 5410 aptis·

1019 5419 1117 5472 amas.
1151 5416 1263 5470 medua
1273 5417 1353 5470 salici
1363 5416 1505 5480 fertilitas,
1527 5415 1640 5468 densior
1649 5420 1773 5472 tonsura,
1783 5426 1817 5463 ex

1194 5487 1318 5550 orarius,
1339 5499 1420 5554 qoam
1429 5499 1522 5537 mmo:
1540 5498 1605 5544 non,
1622 5479 1817 5558 utremurhin

1229 5556 1325 5609 :sunda
1339 5556 1446 5609 arbore.
1481 5552 1591 5606 Nullius
1607 5549 1711 5618 quippe
1730 5554 1818 5601 tuum
