4356 6014
355 351 417 408 200
480 346 513 406 C.
540 342 690 405 PLlNll
727 335 933 401 SECUNDl
968 333 1134 396 Nerua.
1170 335 1360 397 utsrott.
1391 335 1607 397 ntuxvtt.
1643 334 1737 396 CAP.
1762 337 1883 399 15-18.

355 500 402 553 lac
416 497 565 560 collectae,
580 487 774 562 quibusdocui
785 485 937 549 mensibus,
955 485 1157 540 siccanturSo·
1208 503 1267 542 rem
1280 486 1526 549 Prasnmtlnorum
1544 485 1695 554 praetoris.
1731 484 1878 554 Destringi
1896 502 2008 545 secures

354 569 402 620 le:
424 573 578 636 ruptaeque
588 562 719 616 emittunt
730 572 834 617 semen,
853 554 979 608 formicis
989 559 1059 609 mire
1071 571 1154 623 expe·
1207 559 1298 612 iussit.
1332 557 1538 610 Estinsoxium
1549 557 1646 608 abradi
1657 560 1760 623 partes,
1773 571 1881 623 quaese
1891 558 2010 614 nudare.

354 638 454 690 titum:
475 634 609 702 ampliato
620 631 704 681 etiam
715 624 971 688 nriraeulo,tantuli
981 626 1108 679 animalis
1118 626 1156 677 ci·
1207 630 1272 681 rint
1295 629 1407 691 Testae,
1418 626 1505 694 aliqui
1515 624 1769 693 lapidesrotundos
1780 626 1880 679 subiici
1891 629 2009 694 malum,

353 709 392 760 bo
402 706 510 759 absumi
520 700 641 753 natalem
653 703 793 748 tantarum
803 695 943 749 arborum.
960 696 1069 749 Seritur
1077 710 1155 749 meu·
1203 699 1253 765 qui
1272 705 1301 751 et
1323 700 1484 750 contineant
1501 695 1661 758 humorem,
1680 702 1709 748 et
1727 696 1935 750 transmittente
1953 713 2010 752 110„

354 793 385 829 se
397 773 495 842 Aprili,
517 783 583 820 area
595 775 715 831 aequata
724 765 868 834 cylindris,
877 774 927 818 aut
936 766 1077 833 uolgiolis,
1087 766 1154 818 den·

354 860 430 897 sum:
447 849 576 904 turaque
597 836 695 887 cribris
715 834 1153 903 superstruiturpolliciscrassi·

355 912 462 964 tudine.
487 909 593 959 Contra
606 906 727 957 immane
737 903 846 972 pondus
859 906 991 957 attollere
1001 920 1032 957 ss
1043 919 1099 956 non
1110 919 1155 956 ra·

353 984 404 1044 let,
425 982 628 1044 torqueturque
639 974 785 1026 subterra.
821 974 864 1025 0b
882 974 936 1027 hoe
947 976 1059 1041 paritur
1068 976 1154 1025 resti·

354 1051 417 1118 giis.
453 1045 570 1098 Leniter
586 1047 696 1111 rigatur
715 1059 733 1095 a
744 1043 819 1095 Sulis
834 1058 936 1095 occuu
951 1046 979 1094 in
1001 1043 1082 1095 trinis
1094 1042 1154 1094 die·

353 1120 415 1178 bus,
434 1113 731 1182 utaequaliterbibat,
743 1111 998 1176 donecerumpant.
1016 1110 1156 1162 Differen-

353 1191 586 1252 tnrpostunnum
608 1181 769 1234 dodrantali
781 1182 837 1243 iilo,
856 1181 1001 1233 custodita
1010 1180 1155 1248 temperie,

353 1253 482 1306 utriridi
494 1254 724 1314 caelnserantur,
746 1265 779 1304 ac
798 1251 862 1303 aine
882 1264 960 1303 aura.
996 1251 1155 1317 illitumque

355 1324 441 1387 dictu,
450 1322 600 1390 periculum
610 1337 644 1375 eo
654 1327 763 1373 tautum
770 1319 815 1372 die
824 1320 911 1384 est,si
921 1320 1059 1373 rorarmit
1070 1335 1156 1386 quan·

352 1393 552 1463 tulumcunquc
562 1392 689 1453 imbrem,
709 1393 792 1442 autri
808 1389 956 1443 afflaverit.
991 1389 1035 1441 De
1045 1389 1154 1456 reliquo

352 1469 433 1515 tutae
444 1470 509 1515 sunt
520 1468 654 1529 perpetua
664 1460 823 1523 securitate,
845 1474 985 1528 aquasque
997 1460 1090 1511 odere.
1119 1461 1155 1511 lit

352 1529 465 1599 zizipha
475 1545 563 1600 grano
573 1537 704 1584 seruntur
714 1545 810 1582 mensu
819 1529 921 1596 Aprili.
958 1529 1083 1580 Tubcres
1095 1542 1153 1580 mo·

319 1612 329 1617 ·
351 1601 407 1654 lius
421 1603 583 1653 inseruntur
595 1600 625 1652 in
637 1613 726 1667 pruno
746 1597 879 1660 ailrestri,
898 1602 928 1648 et
938 1597 1013 1647 malo
1024 1604 1153 1657 cotoneo,

353 1670 584 1725 etincalabrice:
605 1665 937 1734 eaestspinasilrestris.
967 1667 1155 1731 Quaecunque

354 1741 461 1808 optime
471 1746 500 1791 et
512 1753 611 1804 myxm
622 1736 729 1801 recipit,
740 1735 848 1786 utiliter
859 1740 888 1785 et
898 1735 1006 1786 sorbus.
1040 1731 1154 1784 Plantas

353 1823 388 1862 ex
399 1805 548 1862 seminario
559 1802 711 1856 transferre
720 1806 749 1854 in
760 1798 847 1866 uliud,
856 1804 1018 1870 priusquam
1029 1817 1080 1853 suo
1092 1801 1155 1853 loco

351 1880 500 1945 ponantur,
511 1885 630 1938 operose
640 1871 764 1938 praecipi
774 1871 907 1936 arbitror,
918 1872 985 1924 licet
996 1871 1154 1923 translatio·

352 1962 388 2000 ne
399 1943 470 1997 lolia
479 1942 584 1993 latiora
594 1939 656 1993 deri
667 1939 834 2006 spondeant.

386 2014 448 2068 XV.
467 2011 619 2072 Ulmorum,
626 2010 788 2078 priusquam
798 2007 879 2062 iuliis
887 2007 1053 2069 vestiantur,
1064 2021 1155 2059 santa·

351 2099 386 2138 ra
396 2080 553 2150 colligenda
564 2085 607 2132 est
617 2080 691 2132 cirea
696 2078 816 2131 Martias
822 2077 943 2130 Kalend.
952 2092 1014 2129 cnm
1025 2076 1155 2129 flavesce-

351 2168 383 2207 re
394 2151 500 2218 incipit.
536 2148 646 2203 Deinde
662 2147 748 2200 biduo
763 2149 791 2198 in
802 2149 901 2201 umbra
910 2147 1018 2217 sicema
1028 2146 1154 2208 serenda,

323 2212 327 2229 ¹
352 2223 438 2276 densa
451 2221 480 2272 in
496 2218 630 2283 refracto,
650 2223 728 2270 terra
746 2232 833 2284 snper
846 2214 1005 2269 minutatim
1022 2217 1153 2278 cribrata,

351 2288 538 2345 crassitudine
578 2302 631 2341 nae
647 2289 677 2339 in
693 2290 837 2353 cupressis.
873 2285 989 2338 Pluriae
1000 2286 1025 2336 si
1037 2300 1092 2336 non
1104 2283 1153 2337 nd·

349 2362 460 2422 invent,
480 2305 637 2426 rigsnium.
674 2355 851 2409 Deierendae
872 2370 907 2408 ex
926 2368 1056 2408 arearum
1078 2355 1153 2407 runis

349 2434 417 2499 post
431 2442 532 2480 annum
544 2427 574 2479 in
592 2427 719 2489 ulmaria,
740 2425 890 2478 intervallo
908 2424 1001 2491 pedali
1016 2424 1045 2474 in
1060 2438 1155 2490 quam·

350 2514 405 2568 que
415 2503 534 2566 partem.
564 2495 684 2548 Moritur
695 2495 785 2547 ιιιιιιοιι
796 2501 930 2548 autumno
941 2509 1035 2545 serere
1047 2493 1154 2555 utilius,

350 2570 525 2639 quiacarent
535 2566 653 2619 semine:
676 2579 740 2617 nara
752 2580 802 2618 eae
817 2564 946 2632 eplantis
956 2568 1094 2615 seruntur.
1122 2563 1154 2613 ln

351 2638 497 2692 arbustum
509 2635 699 2704 quinquennes
710 2634 763 2686 sub
773 2633 847 2686 Urbe
860 2632 1041 2695 transierunt,
1051 2639 1100 2683 aut
1111 2635 1155 2694 (ut

351 2708 515 2776 quibusdam
525 2707 629 2774 placet)
649 2719 721 2773 quae
730 2705 858 2757 moenum
870 2703 972 2770 pedum
984 2717 1045 2754 esse
1056 2716 1153 2769 coepe·

271 2778 282 2798 ⁸
350 2786 426 2830 runt.
461 2777 556 2840 Sulco,
576 2780 623 2844 qui
635 2775 805 2827 novenarius
815 2773 928 2835 dicitur,
948 2771 1097 2823 altitudine
1109 2785 1155 2837 pe·

351 2847 419 2899 dum
428 2846 523 2908 mium,
534 2846 596 2913 puri
607 2843 763 2908 latitudine,
773 2849 801 2896 et
810 2857 844 2895 eo
855 2840 984 2909 amplius,
995 2841 1072 2893 cirea
1080 2839 1155 2907 posi-

351 2912 1068 3050 it’t⁶tittit⁰.¹.⁰tlitlii:‘'littituttbt
1076 2911 1154 3029 ..iiii

353 3069 388 3107 ra
402 3059 558 3106 sumuntur.
593 3053 727 3105 Rariores
747 3049 878 3103 serendas
899 3049 929 3100 in
952 3048 1153 3114 campestribus

354 3121 494 3176 convenit.
529 3120 653 3188 Populos
673 3127 702 3174 et
723 3119 868 3193 fraxinos,
889 3119 955 3186 quin
974 3115 1153 3170 festinantius

354 3191 522 3259 germinant,
541 3188 653 3256 disponi
673 3203 782 3257 quoquo
797 3187 1081 3248 maturiusconrenit,
1100 3183 1155 3238 boo

356 3266 409 3322 eat,
428 3259 463 3311 ab
474 3258 568 3311 idibus
578 3260 660 3313 Febr.
672 3259 774 3327 plantis
793 3264 821 3310 et
841 3258 918 3324 ipsas
930 3265 1085 3309 umreates.
1120 3255 1153 3307 ln

354 3328 534 3396 disponendis
555 3329 709 3391 arboribus,
727 3327 904 3395 arbustisque
915 3326 1056 3388 scrineis,
1074 3324 1156 3393 quin·

355 3396 489 3451 crucialis
500 3398 629 3450 ordinum
641 3398 715 3450 ratio
727 3398 844 3464 vulgatu
863 3402 891 3450 et
911 3396 1078 3459 necessaria,
1098 3410 1154 3447 non

354 3467 473 3537 perflatu
484 3467 568 3520 modo
578 3467 667 3530 utilis,
673 3482 768 3521 rerum
779 3472 808 3519 et
819 3472 934 3535 aspectu
948 3472 1154 3535 grata‚quoquo

353 3537 438 3589 modo
449 3537 585 3601 intueare,
596 3536 626 3588 in
638 3537 763 3590 ordinem
775 3552 806 3590 se
816 3539 976 3604 porrigente
986 3551 1077 3589 remu.
1103 3534 1155 3586 Po-

354 3607 429 3673 pulis
440 3605 536 3660 cadem
547 3605 623 3659 ratio
633 3608 747 3669 semine,
758 3621 812 3673 qna
822 3604 914 3656 ulmos
924 3604 1049 3657 serendi:
1061 3609 1153 3655 mans·

353 3674 465 3729 iercndi
476 3688 585 3742 quoquo
598 3688 613 3726 e
623 3675 779 3725 seminariis
791 3671 889 3725 eadem
901 3679 930 3725 et
939 3673 1025 3724 silvis.

389 3743 464 3798 XVl.
482 3745 554 3795 duta
564 3742 659 3795 omnia
668 3743 756 3809 igitur
765 3743 792 3791 in
803 3740 924 3791 similem
935 3742 1082 3790 transferri
1092 3749 1153 3791 ter·

1207 768 1275 820 item
1287 766 1386 834 planos
1398 766 1502 828 lacere,
1522 771 1552 819 et
1562 779 1580 816 a
1588 771 1701 818 terreum
1712 779 1810 818 arcere
1818 766 1942 821 radicem
1953 771 2010 821 axl-

1207 837 1364 957 stimnfntes.
1386 834 1644 890 ιιιιιιοιιιιιιιιιιιιι
1653 834 2007 908 interutramquescnten·

1206 905 1274 959 tiam
1298 906 1380 959 namt.

1241 977 1377 1030 Arborem
1395 990 1448 1028 nec
1459 975 1595 1027 minorem
1606 973 1692 1037 bima,
1712 988 1766 1027 nec
1775 973 1913 1028 maiorem
1923 976 2008 1039 mima

1207 1045 1354 1098 transferri
1365 1045 1477 1111 quidum
1490 1043 1680 1112 praecipiunt:
1703 1043 1763 1107 alii,
1773 1057 1834 1094 cnm
1845 1058 1946 1096 annum
1957 1042 2008 1098 im·

1207 1115 1291 1182 pleat.
1327 1115 1397 1165 Cato
1407 1113 1573 1165 crassimem
1585 1114 1706 1180 quinque
1718 1111 1827 1180 digitis.
1864 1113 1927 1166 Non
1940 1116 2008 1167 omi·

1206 1185 1290 1237 auset
1300 1182 1385 1246 idern,
1403 1183 1430 1233 si
1440 1184 1583 1245 attineret,
1602 1182 1785 1234 meridianam
1806 1181 1879 1234 caeli
1899 1191 2007 1250 partera

1206 1254 1321 1319 signare
1331 1252 1361 1303 in
1371 1252 1488 1317 cortice,
1508 1259 1540 1304 ut
1552 1252 1689 1303 translata
1698 1251 1728 1302 ia
1736 1249 1835 1303 iisdem
1847 1258 1877 1304 et
1887 1255 2007 1306 assuetis

1206 1327 1380 1375 statueretur
1390 1320 1482 1373 boris:
1503 1336 1538 1373 ne
1549 1320 1711 1390 Aquiloniae
1721 1319 1885 1373 meridianis
1896 1323 2007 1389 opposi-

1207 1399 1253 1445 tae
1260 1390 1374 1444 Solibus
1384 1391 1564 1452 finderentur,
1571 1397 1601 1443 et
1610 1390 1738 1471 algerent
1749 1389 2007 1460 meridianaedqui·

1207 1461 1326 1513 lenibus.
1362 1459 1591 1522 Quodedirerso
1608 1458 1741 1513 abactam
1756 1459 1851 1512 etiam
1872 1459 1966 1512 uidam
1978 1464 2006 1515 iu

1207 1533 1275 1592 rite,
1286 1532 1403 1597 ticoque,
1414 1535 1606 1596 permutantes
1615 1529 1646 1580 in
1657 1530 1838 1582 eontrarium.
1883 1530 2005 1584 entiores

1208 1600 1283 1650 enim
1293 1598 1364 1650 lolio
1375 1599 1418 1649 ita
1429 1599 1502 1662 tisri,
1513 1598 1660 1666 magisque
1669 1607 1818 1668 protegere
1830 1598 1961 1663 fructurm
1977 1606 2006 1654 ei

1206 1668 1296 1718 minus
1313 1667 1459 1720 amittere:
1478 1670 1617 1736 licumque
1628 1668 1670 1719 sic
1679 1670 1765 1720 etiam
1775 1669 1923 1721 scansilem
1934 1670 2005 1723 lieri.

1206 1735 1336 1802 Plerique
1347 1735 1377 1787 id
1390 1735 1500 1789 demum
1521 1744 1629 1800 carent,
1648 1740 1680 1787 ut
1692 1737 1775 1804 plaga
1786 1737 1913 1804 deputati
1925 1755 2004 1791 cacu-

1206 1805 1290 1856 minis
1301 1804 1449 1858 meridiem
1460 1812 1578 1872 spectet,
1585 1806 1678 1874 ignari
1687 1806 1795 1857 fissuris
1805 1807 1885 1858 nimii
1893 1808 2006 1877 saporis

1206 1874 1319 1942 opponi.
1355 1873 1387 1925 ld
1397 1873 1507 1942 quidem
1519 1876 1546 1926 in
1558 1875 1655 1927 boram
1665 1874 1723 1926 diei
1735 1875 1861 1943 quintam
1872 1877 1919 1931 rel
1932 1884 2008 1931 octa·

1204 1958 1267 1994 rann
1279 1949 1406 2011 spectare
1419 1943 1575 1996 maluerim.
1612 1946 1704 2011 Aeque
1715 1944 1785 1996 lutet
1793 1958 1849 1995 aon
1861 1947 2007 2015 negligen·
2090 2006 2095 2015 Ι

1206 2011 1318 2075 dum‚ne
1328 2012 1439 2066 radices
1451 2028 1530 2065 mora
1540 2016 1709 2077 inarescant,
1719 2029 1789 2066 nere
1800 2012 2007 2081 aScptemtrio·

1205 2082 1296 2144 nibus,
1316 2090 1368 2134 aut
1380 2082 1417 2134 ab
1427 2097 1462 2135 ea
1476 2090 1556 2150 parte
1567 2082 1639 2135 caeli
1650 2098 1738 2150 usque
1749 2082 1786 2135 ad
1799 2089 1927 2136 exortum
1942 2084 2008 2137 bru·

1204 2151 1306 2204 malem
1328 2158 1413 2204 rento
1433 2150 1519 2205 ilante
1537 2150 1708 2205 effodiantur
1728 2153 1853 2217 arbores,
1872 2160 2008 2207 autcerta

1206 2235 1260 2271 non
1282 2220 1417 2274 adsertae
1437 2222 1474 2272 iis
1485 2223 1577 2274 ventis
1597 2220 1705 2274 radices
1718 2221 1921 2288 praebeantur:
1941 2237 2006 2290 pro·

1205 2298 1270 2358 pter
1281 2290 1354 2357 qnod
1366 2290 1660 2359 emoriuntur,ignaris
1671 2306 1771 2344 causae
1782 2292 1924 2359 agricolis.
1936 2294 2007 2346 cato

1207 2374 1302 2411 omnes
1318 2365 1427 2422 ventos,
1447 2365 1476 2411 et
1487 2361 1603 2411 imbrem
1615 2374 1725 2427 quoque
1735 2362 1765 2412 in
1777 2368 1838 2413 tota
1848 2362 2008 2414 translatio·

1205 2443 1240 2482 nc
1252 2428 1375 2480 damnat.
1391 2431 1428 2480 lit
1439 2427 1551 2481 adbaec
1582 2430 1691 2481 ruderit
1721 2444 1782 2480 uam
1794 2430 1943 2497 plurimum
1953 2439 2008 2484 ter·

1204 2510 1263 2559 rac,
1273 2498 1302 2549 in
1313 2512 1369 2565 qua
1379 2497 1509 2561 riserint,
1518 2513 1552 2550 ra
1573 2498 1688 2550 icibusc
1727 2514 1872 2560 inereretur
1881 2500 1956 2553 totis
1964 2516 2007 2553 ce·

1205 2568 1279 2634 spite
1289 2566 1490 2636 circumligari:
1501 2582 1562 2619 eunt
1573 2568 1609 2620 ob
1617 2568 1647 2620 id
1656 2569 1726 2620 cato
1736 2569 1765 2619 ia
1776 2568 1907 2621 corbibus
1919 2577 2008 2621 trans·

1206 2636 1275 2688 ferri
1284 2636 1388 2700 iubeat,
1398 2638 1496 2704 procul
1507 2637 1592 2689 dubio
1600 2638 1760 2690 utilissime.
1783 2637 1859 2690 idem
1871 2652 2007 2690 summanr

1206 2712 1311 2758 terram
1323 2714 1471 2760 contentus
1481 2713 1525 2760 est
1535 2707 1627 2760 subdi.
1662 2708 1781 2771 Quidam
1794 2708 1907 2760 Punicis
1924 2708 2006 2759 malis

1205 2776 1352 2828 substrato
1361 2777 1456 2844 lapide
1469 2792 1523 2829 non
1534 2778 1625 2844 rumpi
1636 2790 1749 2845 pomum
1757 2779 1786 2830 in
1794 2777 1939 2830 arboribus
1950 2782 2008 2827 tra·

1206 2844 1284 2896 dunt.
1303 2845 1420 2897 Radices
1430 2844 1547 2898 inflexas
1558 2847 1624 2913 poni
1635 2846 1743 2899 melius.
1770 2848 1904 2899 Arborum
1916 2847 2008 2913 ipsam

1205 2913 1248 2964 ita
1265 2913 1362 2976 locari,
1382 2922 1414 2965 ut
1425 2914 1518 2967 media
1529 2915 1566 2966 sit
1577 2914 1665 2965 totius
1676 2914 1794 2976 scrobis,
1809 2918 2008 2969 necessarium.

1205 2982 1297 3044 Ficus,
1309 2983 1334 3034 si
1344 2983 1373 3034 in
1383 2983 1465 3036 scilla
1481 2983 1640 3048 (bulborum
1652 2980 1705 3033 boc
1714 2998 1800 3050 genus
1811 2987 1866 3046 est)
1886 2992 2010 3045 seratur,

1206 3052 1336 3103 ocissime
1346 3050 1420 3103 ierre
1429 3051 1549 3102 traditur
1559 3064 1671 3118 pomum
1677 3085 1685 3111 ,
1696 3064 1784 3117 neque
1794 3051 2010 3106 vermiculatio·

1205 3123 1234 3173 ni
1245 3119 1409 3173 obnoxium:
1421 3134 1475 3187 quo
1486 3120 1558 3171 ritio
1567 3118 1720 3172 carentrcli
1739 3133 1775 3170 ua
1785 3131 1868 3184 poma
1874 3122 2013 3175 similiter

1206 3196 1277 3244 sata.
1305 3189 1439 3242 Radicnm
1451 3189 1512 3242 eins
1524 3203 1651 3258 magnam
1663 3186 1730 3240 adbi
1749 3188 1848 3241 endam
1859 3203 1966 3253 curam,
1977 3201 2012 3243 nt

1206 3264 1330 3313 exemtas
1341 3264 1482 3327 appareat,
1493 3272 1549 3310 non
1560 3258 1748 3324 evulsas,quis
1758 3257 1882 3310 dubitetl
1892 3261 1955 3324 qna
1963 3275 2010 3313 ra-

1205 3329 1283 3383 tione
1295 3330 1442 3398 etreliqua
1459 3326 1588 3381 confessa
1607 3327 1777 3379 omittimus:
1800 3327 1882 3379 sicuti
1901 3336 2009 3381 terram

1206 3400 1283 3452 circa
1293 3399 1405 3452 radices
1421 3400 1551 3451 tistucato
1568 3395 1752 3464 spissandum,
1772 3394 1846 3462 quod
1858 3397 1928 3449 cato
1948 3400 2009 3464 pri·

1206 3482 1279 3520 mum
1290 3471 1320 3520 in
1333 3484 1367 3522 ea
1376 3484 1407 3522 re
1419 3484 1480 3521 esse
1497 3474 1604 3522 censet:
1626 3466 1738 3536 plagam
1757 3481 1868 3533 quoqne
1879 3473 2009 3521 atrunco

1206 3539 1294 3591 oblini
1306 3540 1380 3602 iimo,
1391 3545 1422 3591 et
1433 3538 1511 3590 foliis
1522 3536 1673 3605 praeligari
1684 3536 1869 3604 praecipiens.

1241 3607 1330 3661 xvii.
1350 3608 1441 3659 Huius
1450 3608 1505 3660 loci
1514 3622 1579 3674 pars
1589 3613 1634 3658 est
1644 3604 1680 3657 ad
1691 3605 1839 3658 intervalla
1849 3604 2007 3670 pertinens.

1205 3675 1323 3740 Quidam
1336 3677 1461 3737 Punicus,
1483 3682 1512 3727 et
1519 3681 1639 3741 myrtos,
1651 3680 1679 3727 et
1688 3676 1784 3727 lauros
1796 3673 1937 3726 densiores
1947 3674 2009 3726 seri

1204 3748 1354 3804 iusserunt,
1366 3744 1395 3794 in
1406 3743 1522 3809 pedibus
1533 3749 1626 3794 tumen
1638 3743 1761 3795 novenis.
1780 3744 1873 3796 Malos
1885 3742 2009 3811 amplius

354 3827 427 3877 ram,
437 3818 488 3865 aut
498 3812 642 3866 meliorem
655 3813 775 3874 oportet.
803 3808 862 3860 Nec
873 3808 1003 3874 stupidis
1016 3812 1064 3858 aut
1075 3822 1155 3874 prae·
1205 3812 1298 3880 paulo,
1318 3812 1362 3861 rel
1374 3811 1463 3878 magis
1475 3810 1560 3862 etlam
1572 3811 1658 3876 piros,
1679 3813 1822 3879 magisque
1833 3813 2010 3881 amygdalas,

355 3883 470 3937 uocibus
489 3881 519 3932 ln
535 3877 651 3946 frigidos
662 3880 711 3927 aut
720 3875 858 3927 serotinos
869 3876 949 3937 situs,
969 3880 1002 3926 ut
1020 3890 1109 3941 neque
1119 3890 1154 3927 ex
1205 3887 1233 3932 et
1244 3881 1325 3929 licus:
1344 3878 1418 3944 quod
1428 3879 1532 3945 optime
1543 3877 1711 3931 diiudicabit
1722 3895 1861 3934 ramorum
1873 3880 2010 3948 amplitu-

354 3951 439 4005 bisin
450 3949 526 4002 illos.
544 3944 837 3999 Praefoderescrobos
849 3949 914 3995 ante
925 3943 1035 4006 (silleri
1046 3948 1153 4011 posset)
1204 3948 1277 4000 dinis
1300 3947 1382 4010 ratio,
1403 3948 1593 4014 tonorumque,
1614 3953 1643 4000 et
1654 3950 1770 4002 umbrae
1783 3952 1914 4018 cuiusque
1925 3953 2010 4004 arbo·

354 4028 436 4075 tanto
446 4018 531 4088 prins,
542 4015 630 4068 donec
641 4014 737 4083 pingui
747 4013 852 4079 cespite
864 4010 1048 4065 obducantur.
1066 4014 1153 4080 Mago
1203 4018 1257 4068 risi
1279 4016 1407 4084 quoniam
1419 4012 1468 4066 bas
1479 4030 1589 4085 quoque
1601 4014 1746 4070 obseruari
1756 4024 1876 4085 oportet.
1899 4020 2009 4072 Breues

356 4097 422 4145 ante
434 4103 535 4143 annum
550 4085 637 4147 iubet,
656 4082 790 4137 utSolem
802 4081 967 4149 pluviasque
979 4082 1153 4134 combibant:
1204 4091 1277 4148 sunt,
1298 4086 1423 4154 quamvis
1443 4098 1605 4154 magnarum
1624 4086 1764 4149 arborum,
1786 4088 1896 4153 quaein
1908 4088 2009 4142 orbem

354 4167 406 4216 ant
415 4159 476 4213 siid
487 4155 613 4211 conditio
625 4154 731 4223 largii&
739 4167 795 4235 ¹²⁰9
805 4151 852 4214 Ιὶῒι
860 4151 937 4234 ignes
949 4151 978 4201 lu
990 4150 1082 4234 modio
1092 4151 1153 4235 lieri
1204 4169 1296 4207 mmor
1308 4155 1489 4237 circinantur
1501 4154 1529 4206 in
1540 4154 1630 4217 malis,
1640 4157 1771 4223 pirisque.
1789 4156 1911 4210 Eaedem
1922 4172 2008 4211 cnor-

354 4219 1153 4361 Xiilotuiiirzirineodriiri’iriiig'iiliiritistiultniiliriiislilliiitiiim
1204 4225 1571 4361 melii'iif'iiitnurfiiedam
1583 4294 1744 4347 umbrarum
1757 4296 1926 4363 proprietas.
1962 4295 2010 4347 lu·

355 4369 511 4421 cubitorum
522 4367 624 4421 esseio
635 4376 771 4433 quamque
781 4367 898 4430 partem.
934 4362 966 4413 in
986 4360 1081 4429 pronis
1092 4359 1152 4429 pal·
1204 4362 1345 4433 glandium
1352 4364 1579 4432 grarisetuoxia,
1588 4365 1672 4416 etiam
1681 4367 1767 4432 capiti
1777 4363 1907 4427 humano,
1918 4366 2011 4416 omui·

355 4449 403 4487 mo
415 4436 547 4502 amplius:
568 4443 598 4490 et
616 4436 718 4503 ubique
738 4433 879 4485 caminata
894 4428 1005 4485 fossura
1016 4444 1065 4483 ore
1076 4445 1152 4483 com·
1206 4434 1313 4501 busque
1332 4433 1498 4487 instaretis.
1534 4433 1624 4486 Necat
1642 4436 1769 4502 gramina
1790 4441 1819 4486 et
1838 4436 1932 4501 pinus:
1954 4433 2011 4487 sed

356 4503 499 4571 pressiore
509 4505 576 4556 sint.
611 4505 701 4573 Nigra
710 4516 778 4556 vero
789 4506 867 4554 terra
876 4498 932 4552 duo
943 4500 1045 4562 cubita,
1056 4505 1085 4552 et
1095 4501 1152 4568 pal·
1204 4503 1295 4556 ventis
1307 4508 1424 4572 utraque
1433 4503 1548 4565 resistit,
1557 4503 1675 4569 quoiam
1687 4512 1715 4555 et
1727 4509 1852 4570 protecta
1861 4503 2012 4554 rinearuus

355 4583 443 4633 mum,
462 4571 607 4637 quadratis
623 4573 742 4640 angulis
777 4571 883 4624 Eadem
901 4584 1030 4622 mensura
1051 4569 1153 4621 Gracci
1203 4574 1314 4625 ratione
1326 4580 1418 4641 egent.
1436 4571 1589 4624 stillicidia
1600 4573 1690 4639 pinus,
1701 4585 1826 4636 quercus,
1840 4567 1925 4630 ilicis,
1936 4581 2013 4633 pon·

357 4645 487 4692 auctores
503 4641 694 4703 consentiunt,
711 4656 767 4693 non
785 4640 902 4692 altiores
932 4639 997 4691 uino
1009 4638 1152 4704 semipede
1204 4641 1395 4695 deroslssima.
1419 4641 1533 4694 Nullum
1544 4639 1678 4707 cupressi,
1688 4638 1786 4689 umbra
1795 4635 1920 4699 minima,
1931 4643 1962 4690 et
1974 4639 2010 4692 in

357 4723 420 4760 esse
430 4706 540 4768 debere,
551 4722 603 4760 nec
613 4706 730 4761 lntiores
741 4708 849 4759 duobus
859 4705 923 4773 pedi
944 4724 984 4759 us.
1010 4708 1152 4774 Nusquam
1202 4726 1233 4763 aa
1245 4711 1404 4763 convoluta.
1438 4710 1567 4762 Ficorum
1577 4709 1656 4769 leuis,
1668 4708 1793 4772 quamvis
1805 4718 1914 4771 sparsa:
1926 4705 2012 4761 ideo·

357 4790 423 4829 vero
434 4775 598 4841 sesquipede
608 4775 698 4828 miuus
709 4776 792 4836 altos,
800 4775 932 4843 quoniam
944 4778 972 4828 in
984 4777 1098 4829 bumido
1109 4790 1154 4829 so·
1203 4796 1256 4849 que
1267 4783 1341 4832 inter
1352 4781 1447 4831 vineas
1457 4779 1513 4831 seri
1524 4791 1578 4828 non
1590 4784 1728 4830 vetantur.
1765 4773 1909 4826 Ulmorum
1919 4775 2009 4839 lenis,

356 4844 386 4896 io
397 4842 432 4897 ad
442 4845 536 4895 melna
545 4858 635 4910 equae
646 4845 799 4910 perveniat·
1203 4849 1286 4902 etiam
1299 4849 1432 4910 nutriens,
1442 4860 1602 4914 quacunque
1614 4851 1725 4912 opacat.
1752 4845 1843 4897 Attico
1854 4842 1925 4898 haec
1935 4862 2008 4916 qno·

391 4915 475 4966 Cato:
488 4911 518 4964 st
528 4911 606 4964 loeus
616 4926 739 4979 aquosus
749 4912 795 4972 ιιι,
804 4912 903 4979 lnquit,
918 4911 992 4967 latos
1003 4914 1087 4982 pedes
1099 4920 1154 4968 ter·
1203 4933 1258 4986 que
1267 4918 1380 4969 ridetur
1392 4933 1407 4969 e
1417 4915 1601 4983 marissimis:
1617 4928 1668 4966 nec
1678 4912 1784 4977 dubito,
1804 4913 1828 4966 si
1838 4913 2009 4969 emittantur

356 4997 408 5035 nos
418 4983 447 5033 in
456 4981 594 5043 lancibus,
604 4982 728 5048 imosque
738 4980 860 5047 palmum
870 4995 898 5034 et
909 4984 1017 5048 pedem,
1028 4984 1153 5037 altitudi-
1202 4989 1342 5039 iuramus.
1379 4987 1554 5038 Constrictae
1575 4983 1687 5050 quidem
1706 4983 1791 5035 ullius
1810 4983 1923 5036 noriam
1940 5000 2008 5039 esse

343 5038 392 5105 'ne
401 5057 521 5122 quatuor
529 5051 643 5117 pedum:
666 5064 715 5102 eos
727 5049 818 5117 lapide
830 5053 981 5114 consterni,
1001 5060 1051 5106 aut
1061 5056 1084 5106 si
1096 5069 1152 5106 nou
1202 5071 1256 5108 non
1267 5056 1396 5107 arbitror.
1425 5053 1549 5107 lucunth
1558 5058 1588 5105 et
1599 5051 1712 5120 platani,
1724 5066 1880 5121 quanquam
1892 5068 2006 5107 crmaa:

354 5122 403 5184 sit,
412 5118 526 5189 perticis
535 5119 653 5187 salignis
662 5119 812 5172 viridibus:
821 5120 845 5172 si
856 5135 945 5187 neque
956 5136 1007 5175 eae
1017 5123 1083 5185 rint,
1094 5139 1152 5176 sar·
1201 5125 1269 5177 licet
1280 5124 1401 5193 gramini
1414 5123 1527 5176 credere
1538 5136 1593 5174 non
1604 5120 1747 5184 suli,lraud
1759 5122 1815 5174 alia
1826 5122 1927 5176 laetius
1940 5137 2008 5189 ope-

355 5191 472 5245 mentis:
494 5189 536 5241 ita
546 5195 576 5241 ut
587 5189 616 5240 in
627 5188 805 5242 altitudinem
817 5190 983 5255 semipedem
995 5189 1150 5244 trahantur.
1201 5195 1291 5247 riente
1303 5200 1390 5245 toros.
1409 5191 1515 5260 Populo
1527 5191 1604 5243 nulla
1616 5190 1775 5244 ludentibus
1785 5191 1877 5245 foliis:
1889 5191 2007 5260 pinguis

354 5260 444 5314 Nobis
454 5257 639 5313 adiiciendum
650 5258 762 5310 ridetur
771 5273 806 5310 ex
816 5258 1150 5325 praedictaarborumna·
1202 5264 1278 5325 alno,
1288 5263 1337 5315 sed
1348 5278 1465 5330 pascens
1475 5268 1545 5314 sata.
1580 5258 1657 5312 Vitis
1667 5262 1719 5313 sibi
1729 5260 1841 5324 sullicit,
1854 5261 1949 5314 mobili
1960 5259 2008 5312 fo·

355 5339 429 5394 tura,
447 5336 479 5381 nt
488 5328 574 5381 altius
588 5327 768 5379 demittantur
786 5343 820 5379 ea
841 5342 912 5396 quae
931 5343 1039 5383 summa
1049 5330 1150 5383 tellure
1203 5333 1252 5396 lio,
1268 5334 1428 5400 iactatuque
1437 5333 1536 5384 crebro
1549 5328 1642 5383 Solem
1655 5332 1753 5382 umbra
1764 5339 1933 5398 temperans,
1952 5343 2005 5381 eo-

353 5401 487 5467 gaudent,
506 5395 787 5466 tanquamirarinns,
810 5395 883 5448 olea.
920 5397 1151 5452 Haecetsimilia
1201 5403 1263 5456 dem
1278 5402 1357 5472 graui
1373 5407 1522 5469 protegens
1538 5400 1567 5451 in
1587 5400 1683 5452 imbre.
1720 5397 2007 5452 Omniumierelevis

355 5476 504 5591 ffitgrdpo's
516 5467 605 5589 pedica⁸
611 5474 724 5588 etiami
735 5466 879 5588 ιιίεῐιειιοιζιιῂιι
890 5467 1151 5590 ῦοὲιιιιὲξάιιιιιιιιιιι
1201 5474 1429 5593 umbraqnorutm
1441 5470 1564 5592 ⁹2⁶in
1574 5469 1661 5553 lopgi.
1669 5469 1743 5592 lignit
1753 5468 1923 5589 lastidiegtda
1932 5465 2008 5587 mc

352 5552 718 5673 rmrssnititiinfrspinns
727 5553 830 5658 gunnor
840 5572 1002 5672 imperator,
1013 5553 1150 5660 i'dliilruriti
1202 5555 1404 5678 igzqriiiffqerie
1410 5556 1501 5663 ¹1iiiiii
1502 5555 1679 5663 ιιιιθιιῗιξιηιῃιιιιιιι
1692 5554 1867 5672 niliirifnaiit
1877 5550 2006 5658 &risen
