4374 6014
286 293 729 361 c.rt.1rtltsactrrr1t1
757 296 930 361 atrita
955 297 1147 362 atsroa.
1177 299 1266 365 biit.
1287 296 1457 362 XXXVL
1494 301 1591 364 GAP.
1612 304 1731 370 tro-66.
1771 304 1842 377 'tii

182 454 310 507 aeneam
319 448 468 503 redemtor.
495 444 562 501 ideo
572 445 650 499 nulla
660 447 781 501 tectoria
790 463 885 502 earum
897 450 986 504 rimae

183 519 342 573 foedavere.
379 515 542 571 Tratorium
553 516 674 584 quidem,
694 518 750 570 nisi
761 525 805 571 ter
821 527 936 572 arenata
958 526 987 573 et

184 590 230 643 bis
245 593 415 641 marmorato
433 585 652 652 inductura'est,
673 602 727 639 aaa
743 588 814 640 satis
829 589 987 656 splendoris

184 657 278 712 hahet.
314 655 473 724 Uliginosa,
492 662 520 708 et
539 654 586 707 ubi
607 656 722 724 salsugo
744 658 839 723 vitiat,
860 665 986 712 testaceo

185 727 289 783 sublini
298 727 405 778 utilius.
432 725 463 776 la
475 724 594 777 Graecia
604 727 731 779 tectoriis
743 728 829 780 etiam
839 744 987 781 arenarum

185 797 258 868 quod
270 795 412 849 inducturi
420 801 495 858 suat,
512 795 588 862 prius
601 797 628 846 in
640 800 777 850 mortario
788 798 890 865 ligneis
901 799 988 852 recti·

184 870 236 922 bus
254 867 397 932 subigunt.
460 864 688 932 Experimentum
710 870 874 920 marmorati
894 875 938 921 est
957 869 986 920 in

184 934 355 1005 subigendo,
380 932 468 988 donec
487 941 567 986 rutro
583 949 637 986 aaa
649 933 807 991 cohaereat.
843 940 948 990 Contra
959 939 988 990 in

185 1006 295 1061 albario
307 1016 402 1070 opere,
422 1010 453 1055 ut
472 1010 614 1056 aracerata
628 1005 692 1057 calx
704 1022 756 1059 ceu
771 1008 907 1075 glutinum
919 1007 988 1061 bae-

185 1081 255 1129 rcat.
291 1073 434 1126 Macerari
444 1090 498 1125 non
510 1074 564 1126 nisi
575 1089 610 1127 ex
620 1073 704 1142 gleba
716 1093 732 1129 ο
754 1083 836 1129 ortet.
864 1079 895 1130 la
906 1078 987 1131 Elide

185 1145 271 1199 aedes
283 1150 326 1195 est
340 1144 490 1206 hiinerrae,
512 1144 540 1195 ia
553 1159 609 1212 qua
618 1144 706 1198 frater
717 1147 737 1198 P
748 1147 831 1199 ridiae
842 1146 986 1199 Panaenus

184 1214 336 1269 tectorium
357 1210 468 1264 induxit
488 1212 562 1267 lacte
583 1221 612 1267 et
629 1231 711 1268 croco
726 1218 882 1279 subactum,
900 1223 931 1267 ut
947 1214 987 1269 fe·

183 1289 263 1337 runt:
284 1283 403 1350 ideaque
414 1284 440 1334 si
451 1290 560 1337 teratur
568 1284 598 1336 in
610 1301 644 1338 en
655 1268 793 1355 hodieque
804 1286 895 1339 salira
906 1285 987 1354 polii-

185 1351 349 1418 oqodarem
362 1353 437 1406 croci
447 1369 630 1422 saporemque
640 1356 743 1409 reddit.

220 1421 290 1476 LVl.
309 1423 460 1477 Columnae
470 1424 499 1476 ia
510 1425 579 1477 sede
588 1425 698 1477 densius
710 1427 820 1493 positae
831 1424 987 1478 crassiores

186 1490 326 1546 ridentur.
362 1492 475 1547 Genera
497 1509 593 1545 aarum
616 1502 745 1562 quatuor.
780 1496 859 1556 Quae
878 1502 986 1548 sextam

183 1569 292 1633 partem
304 1561 463 1614 altitudinis
472 1564 500 1613 ia
510 1563 693 1616 crassitudine
704 1566 760 1616 iarn
770 1565 883 1627 babeat,
903 1565 986 1616 Dori·

184 1647 235 1686 cao
243 1636 393 1683 vocantur:
405 1646 475 1697 quac
487 1646 595 1694 aonam,
606 1632 728 1686 lonicae:
746 1650 817 1700 quac
829 1634 974 1700 septimam
979 1670 988 1697 ,

184 1700 367 1755 Tuscanicae.
404 1700 556 1752 Corinthiis
574 1700 670 1753 eadem
685 1704 774 1766 ratio,
795 1719 865 1772 quae
876 1704 986 1755 loaicis.

182 1770 223 1825 Iit
239 1769 409 1832 differentia,
429 1772 561 1836 quoniam
576 1771 705 1836 capitulis
717 1773 922 1824 Corinthiarum
938 1788 984 1825 ca·

182 1839 247 1893 dem
259 1848 302 1892 est
313 1839 447 1901 altitudo,
468 1853 539 1907 quac
557 1840 700 1907 colligitur
714 1843 899 1894 crassitudine
910 1845 984 1893 ima:

182 1909 304 1976 ideoque
323 1908 488 1976 graciliores
507 1908 648 1960 ridentur:
672 1910 756 1962 ionici
778 1914 850 1963 caifa
871 1910 986 1977 capituli

181 1977 315 2040 altitudo,
325 1977 409 2029 tertia
419 1993 482 2044 pars
494 1984 536 2029 cst
547 1979 748 2033 crassitudinis.
778 1978 899 2046 Antiqua
911 1980 984 2031 ratio

182 2054 247 2103 erat
256 2048 444 2100 columnarum
455 2046 623 2113 altitudinis,
635 2049 721 2101 tertia
730 2063 793 2116 pars
806 2049 986 2102 latitudinum

182 2116 305 2171 delubri.
341 2117 374 2168 ln
393 2116 531 2185 Ephesiae
550 2117 658 2170 Dianae
678 2117 805 2183 nataae
832 2135 887 2187 qua
909 2120 986 2187 prins

103 2196 109 2203 '
183 2186 241 2240 fuit
251 2201 352 2245 sermo,
364 2188 482 2252 primunr
494 2188 630 2239 columnis
641 2189 736 2255 spirae
747 2188 886 2251 subditae,
904 2196 933 2241 et
943 2204 987 2240 ca·

182 2255 276 2326 pituia
285 2254 389 2306 addita.
426 2256 589 2322 Placuitque
600 2257 761 2308 altitudinis
773 2265 872 2311 actara
884 2274 947 2325 pars
956 2259 985 2309 in

184 2324 371 2380 crassitudine
383 2359 391 2387 ,
412 2330 442 2377 et
452 2332 484 2377 ιιι
494 2325 586 2392 spirae
596 2323 730 2378 haberent
739 2327 934 2380 crassitudinis
947 2328 988 2378 di·

184 2394 318 2457 midium,
341 2396 474 2461 septimae
495 2410 530 2447 ue
541 2402 632 2461 partes
644 2395 856 2450 detraherentur
866 2413 987 2449 summa·

182 2480 248 2518 rura
260 2463 449 2517 crassitudini.
508 2468 602 2516 recten
613 2460 662 2517 has
674 2473 749 2527 suat,
771 2482 841 2535 quae
854 2474 989 2519 vocantur

184 2534 468 2654 Atticaencalumnae,
486 2534 631 2601 quaternis
648 2535 769 2603 anguiis,
789 2537 850 2605 pari
868 2537 988 2590 laterum

182 2605 295 2657 interra
317 2617 345 2656 o.

223 2671 310 2725 uva.
330 2671 420 2724 calcis
431 2677 460 2725 ct
470 2671 500 2723 in
516 2670 654 2726 medicina
665 2688 782 2743 magnus
792 2690 869 2727 usrrs.
905 2674 990 2743 Eligi-

185 2750 234 2809 tur
245 2757 350 2804 recens,
368 2758 419 2794 aec
429 2756 544 2809 aspersa
554 2746 649 2811 aquis:
666 2746 732 2807 urit,
751 2744 876 2807 discutit,
896 2751 989 2797 extra·

184 2810 237 2874 hit,
255 2811 473 2879 incipientesque
491 2827 603 2880 serpere
622 2812 764 2867 hulccrum
785 2816 903 2882 impetus
914 2828 989 2867 coer-

183 2888 241 2934 cet.
276 2882 363 2935 ilceto
373 2888 403 2933 et
418 2896 534 2933 rosacea
555 2889 712 2951 temperata
727 2885 854 2952 perducit
870 2884 906 2936 ad
918 2885 989 2935 cica-

184 2951 296 3005 tricem.
334 2950 453 3003 Laxatis
463 2965 573 3019 quoqne
585 2967 645 3004 enar
657 2953 738 3022 adipe
747 2955 840 3017 suillo,
850 2962 898 3005 aut
911 2955 989 3021 liqui·

182 3019 225 3073 da
239 3020 333 3073 resina
351 3035 387 3074 ex
404 3020 489 3075 melle
506 3021 648 3074 medetur:
671 3022 767 3077 eadem
783 3024 988 3091 compositione

184 3096 216 3144 et
227 3092 353 3142 strumis.

221 3160 321 3214 LVlil.
340 3158 450 3212 Maritha
460 3175 475 3212 a
486 3158 563 3212 calce
574 3160 606 3212 iit
616 3163 730 3213 receati.
767 3162 856 3214 Gleba
866 3160 931 3213 vino
944 3177 987 3214 re·

183 3229 352 3296 stinguitur:
374 3244 439 3280 mox
455 3229 584 3282 tunditur
602 3246 665 3282 cura
684 3231 766 3297 adipe
783 3231 868 3284 suillo
880 3240 909 3283 et
927 3233 989 3295 iicu,

185 3298 293 3366 duplici
314 3298 480 3350 linamento:
501 3314 572 3366 quae
596 3301 783 3352 aesomnium
803 3301 989 3364 tenacissima,

184 3376 216 3421 et
236 3366 367 3419 duritiam
389 3366 489 3432 lapidis
510 3368 687 3421 antecedens.
724 3369 805 3432 Quod
826 3370 989 3434 araitbatur,

185 3437 253 3490 oleo
264 3434 433 3503 perfricatur
443 3442 515 3487 ante.

222 3505 297 3557 LlX.
315 3506 442 3572 Cognata
461 3505 529 3555 calci
547 3520 591 3556 rer
607 3519 726 3573 gypsum
748 3512 800 3557 cst.
835 3503 919 3556 Plura
930 3506 989 3557 eius

183 3589 317 3645 generas
336 3573 407 3625 Naar
428 3580 484 3625 ete
501 3573 594 3640 lapide
613 3575 751 3641 coquitur,
773 3573 843 3625 utin
862 3575 945 3642 Syria
957 3588 990 3624 ac

184 3644 316 3698 Thuriis:
339 3650 367 3695 et
378 3658 393 3694 e
404 3650 479 3694 terre
491 3641 608 3705 foditur,
617 3653 649 3695 ut
660 3647 687 3695 iu
699 3645 801 3712 Cypro,
813 3658 847 3695 ac
858 3642 989 3696 Perrhae-

183 3715 245 3767 bis:
264 3727 399 3766 asumma
411 3712 514 3765 tellure
530 3720 559 3764 et
570 3712 774 3781 Tymphaicum
791 3722 843 3766 est.
879 3715 931 3776 Qui
945 3729 989 3766 co·

183 3783 283 3853 quitur
293 3781 373 3848 lapis,
400 3798 452 3834 non
468 3780 612 3833 dissimilis
629 3783 811 3836 alabastritae
822 3799 885 3836 esse
897 3783 989 3845 debet,

183 3860 237 3905 aut
246 3866 429 3904 marmoroso.
466 3851 496 3903 la
510 3853 594 3919 Syria
608 3852 772 3905 durissimos
783 3853 819 3905 ad
831 3852 860 3904 id
871 3852 989 3921 eligunt,

184 3930 364 3990 coquuntque
375 3921 440 3973 timo
451 3921 565 3985 bubulo,
576 3931 609 3975 ut
617 3924 738 3976 celerius
750 3932 875 3975 urantur.
895 3922 990 3974 Omni·

183 4008 233 4044 um
245 3998 337 4044 autera
350 3993 484 4056 optimum
497 3993 558 4042 ficri
567 4001 739 4058 compertum
751 3999 815 4044 este
827 3992 919 4058 lapide
929 4007 990 4057 spe·

182 4063 296 4123 culari,
317 4074 495 4127 squamamve
506 4060 589 4112 talem
604 4059 731 4112 habente.
768 4060 865 4126 Gypso
877 4060 989 4112 madida

181 4133 281 4185 statim
292 4127 425 4180 utendum
438 4135 500 4187 est,
519 4129 646 4193 quoniam
663 4128 809 4180 celerrime
829 4128 886 4178 coit
897 4145 929 4178 ac
938 4129 991 4179 sic·

181 4206 281 4255 catur:
304 4204 397 4257 taurea
409 4206 505 4247 ursus
517 4196 598 4246 tundi
615 4201 643 4246 et
658 4196 686 4246 in
700 4195 819 4247 farinam
829 4195 932 4245 reuniri
944 4212 991 4263 pa·

181 4273 265 4325 titur.
301 4266 372 4316 Usus
387 4264 469 4330 gypsi
488 4265 516 4314 in
536 4264 661 4325 albariis,
682 4264 785 4331 sigillis
801 4264 989 4316 aedilitiorum

181 4347 215 4394 et
228 4334 339 4389 coronis
351 4334 535 4400 gratissimus.
570 4333 733 4400 Exemplum
747 4333 866 4396 illustre,
884 4336 914 4384 C.
925 4334 990 4386 Pro-

182 4405 318 4467 culeiuat,
337 4402 454 4469 Augusti
470 4403 596 4453 Caesaris
617 4403 813 4455 familiaritate
832 4403 990 4467 subnixum,

181 4481 215 4533 in
227 4473 352 4527 ataxiam
363 4470 500 4524 stomachi
511 4471 609 4524 dolore
623 4487 712 4541 gypso
725 4479 802 4542 pato,
823 4473 990 4526 conscivisse

183 4547 242 4601 sibi
255 4548 382 4596 mortem.

221 4613 283 4669 Lx
312 4611 475 4665 Parimenta
495 4609 630 4678 originem
651 4611 723 4679 apud
744 4610 867 4663 Graecas
887 4610 990 4664 hahent

183 4685 406 4741 elaborataarte
415 4717 423 4745 ,
444 4681 571 4748 picturae
582 4682 706 4741 ratione,
727 4681 816 4733 donec
827 4681 991 4735 lithostrota

183 4753 322 4823 expulere
331 4766 402 4804 eam.
449 4749 653 4802 celeberrimus
663 4751 717 4802 fuit
727 4751 755 4801 in
768 4751 820 4803 hoc
829 4767 931 4819 genere
942 4753 991 4805 So·

184 4840 246 4886 sus,
266 4823 313 4890 qui
324 4821 452 4889 Pergami
471 4819 573 4871 strauit
588 4836 669 4887 quem
686 4825 787 4873 vocant
805 4830 935 4873 asaroton
947 4837 991 4875 oe·

183 4909 264 4954 ena,
292 4894 421 4961 quantana
441 4898 626 4960 purgamenta
647 4905 750 4942 caenae
772 4890 800 4940 ia
823 4891 990 4958 parimento,

183 4977 318 5033 quaeque
326 4961 418 5015 everri
428 4960 530 5022 soient,
550 4961 637 5013 veluti
648 4960 762 5019 relicta,
783 4960 990 5028 feceratparris

184 5051 202 5088 e
214 5032 328 5085 testulis
339 5031 489 5099 tinctisque
499 5033 529 5082 in
540 5032 633 5083 rarios
648 5029 764 5083 colores.
802 5030 940 5083 Mirabilis
950 5031 990 5082 ibi

183 5103 319 5157 columba
328 5101 446 5162 bibens,
466 5109 495 5153 et
506 5116 606 5168 aquam
618 5099 716 5151 umbra
727 5098 827 5165 capitis
839 5099 989 5152 infuscans.

183 5172 358 5242 Apricaatur
369 5171 442 5223 aliae
453 5172 599 5224 scabentes
610 5185 671 5223 sese
681 5171 710 5219 in
722 5167 845 5219 canthari
856 5168 944 5220 labro.

221 5241 299 5294 an
319 5240 481 5292 Parimeata
495 5240 580 5292 credo
595 5240 715 5308 primum
731 5238 816 5300 faeta,
837 5252 909 5305 quae
920 5254 991 5291 auae

183 5325 321 5365 vocamus
342 5309 496 5371 barbarica,
527 5317 612 5375 atque
630 5308 840 5377 subteguianea,
861 5308 990 5360 initalia

183 5381 299 5435 amanis
317 5379 424 5444 perita:
445 5375 500 5427 hoc
519 5386 594 5430 certe
613 5379 769 5430 eunomiae
788 5378 850 5444 ipso
868 5378 990 5447 intelligi

181 5452 294 5520 potest.
329 5447 437 5497 Romae
446 5446 644 5512 scripturatum
657 5448 686 5499 ia
702 5448 774 5500 loris
785 5447 935 5513 Capitolini
945 5464 990 5500 se·

181 5516 352 5585 deprimam
364 5514 468 5566 fantum
482 5521 525 5567 est
545 5522 608 5582 post
618 5518 728 5569 tertium
740 5517 872 5568 Punicum
884 5518 988 5570 bellurn

180 5590 296 5642 initum.
333 5584 523 5651 Frequentata
539 5599 606 5637 reto
622 5587 782 5651 pavimenta
800 5594 863 5641 ante
875 5586 990 5643 Cimbri·

1040 465 1216 573 clppnpppgqa
1227 452 1321 519 matis
1333 453 1495 520 animorum,
1505 455 1612 509 indicia
1626 465 1669 512 est
1678 461 1843 519 Lucilianus

1039 539 1047 571 l
1155 538 1187 572 su
1216 537 1223 570 l

1099 588 1181 652 Arte,
1196 589 1353 657 pavimenta
1363 600 1446 660 atque
1456 592 1611 647 emblemate
1622 600 1807 657 ceraticuicto.

1074 657 1159 710 Llill.
1176 658 1325 711 subdialia
1340 659 1440 712 Graeci
1456 662 1599 726 inrcaere,
1620 667 1722 720 talibus
1744 671 1842 725 doaras

1040 728 1222 795 contegentes
1238 735 1329 781 tractu
1346 735 1471 795 tepente:
1494 732 1544 785 sed
1565 733 1665 798 fallar,
1686 740 1841 809 ubicunque

1040 798 1142 849 imbres
1163 797 1268 866 gelant.
1314 799 1507 853 Necessarium
1528 802 1608 856 binas
1629 820 1679 871 per
1699 809 1842 866 dirersura

1040 867 1232 920 caassatianes
1243 868 1392 932 substerni,
1403 872 1495 938 capita
1506 887 1601 924 earum
1613 876 1729 943 praefigi
1741 894 1776 930 ne
1786 887 1843 931 tor·

1039 943 1184 1002 queantur,
1195 945 1222 989 et
1232 937 1326 991 ruderi
1338 953 1410 990 noro
1422 942 1532 992 tertiam
1545 950 1650 1009 partem
1663 951 1752 999 testae
1761 954 1841 1005 tusae

1040 1005 1119 1057 addi:
1151 1006 1354 1071 deinderudus,
1376 1008 1406 1060 in
1435 1025 1470 1062 uo
1483 1011 1553 1064 duae
1565 1013 1680 1079 quintae
1690 1015 1776 1068 caleis
1788 1019 1840 1069 mi·

1038 1082 1178 1138 occantur,
1184 1076 1275 1144 pedali
1286 1080 1474 1132 crassitudine
1486 1081 1617 1133 fistucari.
1653 1085 1732 1137 'l'uac
1743 1087 1843 1140 nucleo

1039 1159 1133 1196 crasso
1144 1160 1194 1197 sex
1205 1146 1310 1214 digitos
1326 1147 1428 1212 induci,
1448 1156 1477 1202 et
1493 1165 1527 1202 ex
1543 1157 1652 1206 tessera
1667 1155 1769 1224 grandi
1784 1171 1842 1210 aon

1039 1212 1127 1266 minus
1139 1215 1197 1266 alta
1211 1216 1282 1267 duos
1293 1217 1400 1286 digitos
1414 1220 1493 1271 strui.
1527 1220 1684 1292 Fastigium
1702 1239 1769 1278 rern
1786 1241 1844 1279 ser·

1037 1285 1099 1336 rari
1110 1285 1137 1334 ia
1151 1285 1236 1350 pedes
1248 1285 1335 1338 denos
1344 1303 1527 1356 sesquuaeem
1539 1322 1548 1352 ,
1570 1305 1603 1343 ac
1614 1293 1767 1361 diligenter
1777 1303 1842 1349 eote

1038 1352 1217 1419 despumare,
1238 1360 1404 1425 querulaque
1424 1359 1524 1411 axibus
1537 1363 1726 1416 contabuiare.
1762 1367 1842 1431 Quas

1038 1428 1215 1490 torquentur,
1235 1424 1345 1478 inutilia
1357 1430 1465 1494 putant:
1484 1430 1569 1481 imma
1582 1437 1611 1483 et
1621 1433 1722 1485 illicem
1735 1443 1783 1486 aut
1795 1450 1842 1502 pa·

1038 1491 1110 1545 leuat
1122 1494 1262 1546 substerni
1273 1494 1371 1547 arelius
1383 1511 1452 1559 esse,
1464 1511 1518 1564 quo
1531 1499 1673 1563 minervis
1685 1504 1769 1554 calcis
1781 1518 1842 1571 per-

1038 1562 1141 1613 veniat.
1176 1562 1369 1616 Necessarium
1390 1572 1418 1617 et
1431 1566 1578 1632 globosum
1598 1570 1718 1638 lapidem
1731 1574 1840 1626 subiici.

1038 1630 1171 1683 Similiter
1181 1632 1252 1684 duat
1262 1634 1370 1701 spicata
1381 1640 1514 1688 testacea.

1072 1701 1171 1754 Lllill.
1192 1703 1255 1754 Noa
1266 1702 1459 1772 negligendum
1479 1710 1524 1758 est
1534 1706 1686 1761 etiamnum
1697 1725 1781 1763 nauta
1793 1724 1840 1780 ge·

1037 1785 1090 1820 nus
1107 1770 1278 1824 Graecanici.
1315 1774 1382 1826 Solo
1401 1775 1531 1827 aerucam
1548 1777 1674 1830 inlicitur
1689 1782 1774 1833 rudus
1791 1787 1842 1833 aut

1038 1846 1188 1892 testaceum
1206 1845 1407 1908 pavimentum:
1426 1843 1490 1896 dein
1504 1845 1594 1911 spisse
1612 1848 1729 1901 calcatis
1743 1852 1843 1903 carbo·

1037 1909 1118 1960 nibus
1129 1910 1279 1973 inducitur,
1289 1912 1399 1975 sabulo,
1411 1913 1496 1978 calce,
1507 1928 1539 1966 ac
1549 1914 1648 1969 favilia
1658 1918 1768 1971 mixtis:
1780 1934 1840 1972 ma·

1037 1979 1111 2028 teria
1121 1980 1305 2032 crassitudine
1317 1983 1481 2049 semipedali
1492 1984 1528 2036 ad
1540 1985 1664 2052 reguiam
1677 1994 1706 2040 et
1715 1988 1842 2041 libellam

1038 2047 1169 2115 exigitur,
1181 2056 1210 2100 et
1220 2055 1263 2100 est
1273 2048 1365 2103 forma
1374 2058 1495 2105 terrena.
1531 2051 1561 2105 Si
1573 2068 1639 2106 vero
1656 2062 1720 2110 cote
1731 2056 1840 2125 depoli-

1037 2124 1097 2168 tum
1109 2124 1159 2180 est,
1178 2117 1251 2185 nigri
1263 2120 1413 2185 pavimenti
1422 2123 1511 2173 risum
1522 2120 1639 2176 obtinet.

1072 2186 1170 2240 LlilV.
1196 2187 1372 2242 lithostrota
1393 2198 1575 2258 acceptarere
1594 2192 1651 2243 iant
1671 2195 1723 2247 sub
1744 2194 1842 2248 Sulla:

1038 2257 1164 2322 parvulis
1172 2263 1246 2310 certe
1258 2260 1360 2312 crustis
1373 2267 1466 2312 exstat
1476 2258 1630 2328 hodieque,
1654 2263 1726 2333 quod
1738 2265 1765 2316 in
1776 2265 1844 2318 Far·

1039 2332 1122 2378 tunae
1134 2325 1251 2378 delubro
1263 2326 1414 2381 Praeneste
1426 2330 1501 2382 fecit.
1536 2330 1620 2385 Pulsa
1631 2332 1731 2387 deinde
1744 2349 1778 2389 cx
1791 2332 1842 2388 hu·

1040 2410 1085 2447 mo
1098 2395 1257 2461 parimente
1273 2397 1301 2447 ia
1318 2412 1441 2450 cantaras
1454 2401 1600 2462 transiere,
1622 2417 1638 2454 e
1657 2403 1746 2456 vitro:
1766 2409 1843 2456 nori·

1039 2464 1109 2514 tium
1128 2470 1156 2514 et
1173 2462 1225 2514 hoc
1240 2464 1392 2518 inventam.
1426 2468 1547 2534 llgrippa
1566 2472 1685 2521 certain
1704 2470 1842 2534 Thermis,

1042 2547 1111 2601 quas
1121 2532 1227 2584 Romae
1238 2532 1316 2595 fecit,
1336 2534 1459 2602 figlinum
1473 2550 1542 2602 opus
1554 2544 1685 2590 encausto
1698 2540 1801 2605 pinxit:
1814 2543 1842 2592 ia

1041 2603 1157 2670 reliquis
1167 2602 1277 2655 albaria
1293 2603 1453 2655 adornauit:
1474 2620 1529 2655 aon
1542 2604 1623 2656 dubie
1637 2609 1741 2659 vitreas
1751 2607 1843 2659 factri-

1042 2687 1088 2723 rus
1101 2686 1234 2734 cameras,
1254 2673 1278 2722 sl
1290 2672 1365 2739 prius
1380 2675 1520 2726 incentum
1532 2673 1560 2724 id
1573 2673 1683 2738 fuisset,
1704 2683 1752 2728 aut
1764 2692 1780 2727 a
1792 2692 1840 2745 pa·

1043 2742 1161 2794 rictibus
1181 2755 1289 2804 scenae,
1311 2743 1482 2804 utdiximus‚
1503 2742 1611 2804 Scauri,
1632 2747 1802 2810 pervenisset
1815 2749 1843 2798 ia

1042 2826 1176 2863 cameras.
1204 2811 1389 2875 Quamobrem
1402 2820 1431 2864 et
1443 2812 1508 2863 citri
1517 2818 1618 2864 natura
1628 2813 1779 2867 indicanda
1790 2823 1842 2869 est.

1076 2879 1163 2932 LXV.
1182 2879 1249 2932 Pars
1261 2889 1303 2933 est
1313 2881 1420 2949 Syriae,
1437 2896 1507 2949 quae
1520 2881 1658 2936 Phoenice
1668 2891 1792 2947 vocatur,
1813 2886 1843 2937 il·

1042 2950 1143 3002 aitima
1153 2950 1282 3014 iudaeae,
1302 2952 1378 3003 intra
1392 2953 1494 3003 montis
1507 2952 1628 3005 Cameli
1639 2952 1748 3006 radices
1766 2955 1844 3022 palu·

1042 3018 1105 3071 dean
1118 3019 1230 3084 habens,
1249 3034 1318 3087 quae
1336 3022 1608 3075 rocaturCenderia.
1644 3023 1687 3074 Ex
1706 3038 1739 3076 ea
1755 3024 1844 3076 credi·

1041 3097 1087 3141 tur
1098 3091 1172 3141 nasci
1182 3090 1267 3142 Belus
1277 3092 1374 3155 amnis,
1384 3093 1503 3158 quiaque
1513 3093 1631 3160 lil.pass.
1642 3094 1736 3159 spatio
1747 3095 1775 3145 in
1787 3109 1843 3147 ara-

1042 3174 1072 3210 ro
1083 3159 1232 3226 perfluens,
1247 3161 1327 3212 iuxta
1337 3159 1540 3214 Ptolemaidem
1553 3162 1700 3214 caloniam.
1735 3163 1843 3216 Lentus

1042 3226 1088 3280 hic
1098 3230 1195 3292 currit,
1207 3228 1341 3281 insalubri
1354 3231 1485 3297 patu,scd
1497 3232 1653 3283 cerimoniis
1664 3247 1752 3294 saner,
1764 3234 1845 3283 liaro·

1041 3314 1102 3361 sus,
1122 3298 1194 3350 rada
1207 3298 1370 3366 profundus.
1406 3302 1468 3353 Non
1480 3301 1531 3348 nisi
1546 3301 1641 3349 refuso
1660 3301 1733 3351 arari
1744 3315 1844 3353 arenas

1041 3366 1160 3419 fatetur:
1182 3367 1312 3417 fluctibus
1325 3368 1397 3416 enlm
1407 3367 1549 3417 volutatae
1562 3366 1709 3431 nitescunt,
1730 3368 1844 3421 detritis

1040 3437 1178 3485 sordibus.
1223 3433 1303 3485 Nuac
1322 3439 1351 3485 et
1370 3450 1387 3485 a
1406 3435 1515 3486 marian
1537 3436 1686 3488 creduntur
1704 3438 1845 3505 adstringi

1041 3517 1146 3564 morsu,
1158 3516 1212 3553 nun
1224 3502 1299 3569 prius
1309 3502 1400 3555 utiles.
1423 3505 1645 3573 Quingeatorum
1658 3514 1700 3558 est
1711 3522 1844 3574 passuum

1042 3587 1095 3622 uon
1117 3571 1235 3638 amplius
1258 3571 1351 3624 litoris
1370 3575 1501 3639 spatium,
1521 3572 1605 3659 idque
1627 3582 1735 3627 tantum
1755 3578 1844 3630 multa

1042 3641 1196 3709 persennia
1216 3642 1513 3710 gignendofuitritra.
1543 3643 1702 3709 iamaest,
1725 3646 1843 3714 appulsa

1040 3727 1111 3763 aare
1123 3719 1307 3763 mercatorum
1318 3712 1404 3776 nitri,
1425 3728 1486 3764 cura
1503 3714 1593 3778 sparsi
1605 3728 1654 3779 per
1664 3713 1732 3766 litus
1744 3716 1841 3783 epulas

1042 3790 1190 3848 pararent,
1211 3797 1262 3834 acc
1272 3788 1347 3835 esset
1359 3783 1473 3833 cortinis
1489 3782 1650 3835 attollendis
1664 3783 1786 3851 lapidum
1798 3800 1843 3839 ac·

1042 3852 1128 3913 casia,
1149 3850 1247 3919 glebas
1257 3851 1324 3903 nitri
1335 3866 1350 3902 e
1362 3866 1431 3904 aare
1443 3850 1606 3905 subdidisse.
1630 3855 1737 3916 Quibus
1748 3870 1843 3906 accen·

1042 3921 1080 3972 sis
1090 3922 1229 3986 permixta
1241 3936 1326 3974 arena
1336 3921 1438 3982 litoris,
1460 3920 1664 3974 translucentes
1676 3924 1740 3973 nori
1752 3923 1841 3990 liquo·

1042 3991 1080 4041 ris
1091 3989 1202 4043 fluxisse
1213 3991 1296 4054 riras,
1309 4001 1337 4042 et
1347 3988 1418 4042 hanc
1431 3989 1518 4041 fuisse
1529 3991 1665 4056 originem
1678 3991 1752 4040 ritri.

1076 4056 1175 4110 LXVI.
1194 4061 1271 4122 Mox,
1295 4067 1326 4111 ut
1344 4067 1386 4111 est
1403 4068 1496 4110 rtatuta
1513 4064 1541 4109 et
1560 4059 1704 4124 ingeniosa
1715 4058 1843 4121 solertia,

1042 4142 1097 4177 aon
1117 4125 1169 4176 fuit
1188 4134 1320 4179 corticata
1340 4128 1442 4179 nitrum
1464 4128 1622 4178 attinuisse:
1641 4133 1756 4191 coeptus
1776 4126 1843 4178 addi

1043 4202 1071 4244 ct
1081 4207 1194 4259 magnes
1205 4195 1291 4259 lapis:
1311 4196 1441 4262 quoniam
1459 4197 1488 4245 in
1503 4194 1684 4260 antiquorem
1700 4194 1763 4245 vitri
1775 4210 1843 4263 qua·

1043 4278 1106 4329 que,
1124 4270 1156 4312 ut
1171 4263 1289 4325 ferrum,
1309 4262 1420 4315 trabere
1435 4263 1568 4315 ereditur.
1606 4261 1698 4314 Simili
1713 4263 1797 4314 ruodo
1814 4272 1844 4317 et

1043 4330 1143 4383 calculi
1157 4332 1332 4398 splendentes
1347 4333 1528 4384 multifariam
1545 4332 1638 4397 coepti
1660 4333 1720 4383 uri:
1741 4332 1842 4387 deinde
1878 4380 1882 4389 .

1043 4400 1173 4463 conchae,
1193 4408 1221 4452 et
1237 4402 1348 4454 fossiles
1364 4417 1474 4454 arenae.
1508 4403 1646 4453 auctores
1660 4409 1734 4465 suat,
1752 4402 1782 4454 ia
1798 4404 1842 4454 la·

1043 4472 1090 4523 dia
1100 4486 1116 4522 e
1127 4471 1261 4539 crystallo
1273 4470 1364 4523 fracta
1374 4471 1442 4534 lieri,
1458 4479 1485 4524 et
1498 4472 1533 4522 oh
1546 4471 1572 4522 id
1585 4471 1689 4523 nullum
1702 4486 1844 4539 compara·

1042 4543 1068 4593 ri
1079 4541 1181 4593 indico.
1217 4538 1338 4592 Levibus
1349 4548 1440 4593 nutem
1457 4542 1599 4609 aridisque
1609 4541 1693 4610 lignis
1703 4544 1842 4610 coquitur,

1043 4611 1141 4662 addito
1159 4612 1270 4678 Cyprio,
1290 4624 1323 4662 ac
1341 4611 1425 4673 nitro,
1446 4613 1566 4666 ararime
1583 4611 1711 4679 Ophirio.
1747 4614 1841 4667 contl-
1923 4608 1927 4615 ’

1043 4678 1104 4733 ἰιιιίι
1123 4679 1294 4743 fornacibus,
1314 4688 1345 4734 ut
1360 4695 1417 4743 aes,
1437 4680 1566 4749 liquatur,
1587 4696 1749 4749 massaeque
1771 4684 1842 4735 iiuat

1043 4750 1137 4803 colore
1150 4751 1246 4818 pingui
1264 4750 1441 4818 nigricantem
1478 4751 1558 4802 Acies
1573 4757 1652 4803 tanta
1668 4759 1711 4803 est
1722 4767 1840 4818 quacun·

1044 4836 1105 4889 que,
1125 4827 1157 4870 nt
1168 4821 1241 4871 citra
1251 4821 1336 4872 ullum
1350 4835 1460 4872 sensum
1471 4820 1507 4871 ad
1519 4834 1584 4872 ossa
1595 4827 1743 4883 consecet,
1763 4820 1841 4887 quid·

1043 4891 1109 4958 quid
1122 4888 1258 4942 afflaverit
1273 4891 1407 4957 corporis.
1444 4891 1487 4942 Ex
1502 4891 1600 4942 massin
1610 4904 1704 4941 rursus
1715 4888 1842 4940 funditur

1043 4963 1071 5012 in
1091 4960 1216 5022 cilicinis,
1236 4960 1418 5028 tingiturque.
1455 4959 1493 5011 tte
1514 4960 1590 5012 aliud
1611 4959 1678 5012 antu
1694 4959 1841 5025 figuratur,

1043 5030 1120 5081 aliud
1129 5036 1210 5082 terna
1220 5029 1333 5091 teritur,
1353 5028 1429 5079 aliud
1441 5032 1550 5097 argenti
1561 5031 1642 5082 mado
1654 5027 1787 5086 caelatur,
1800 5024 1840 5076 Si·

1043 5100 1115 5152 dane
1133 5100 1271 5167 quondam
1294 5101 1328 5149 iis
1342 5098 1459 5151 officinis
1479 5101 1577 5151 nohili:
1596 5096 1731 5164 siquidem
1754 5095 1840 5146 etiam

1043 5170 1156 5238 specula
1171 5170 1390 5236 excogitaverat.
1427 5169 1507 5221 ilaec
1519 5167 1575 5217 ruit
1590 5167 1704 5232 antiqua
1718 5165 1790 5215 ratio
1801 5161 1840 5212 ri·

1042 5240 1088 5289 tri.
1125 5239 1181 5290 iam
1193 5253 1259 5291 vcro
1271 5246 1300 5291 et
1311 5236 1339 5290 ia
1352 5239 1491 5293 Vulturno
1505 5236 1577 5289 mari
1590 5234 1689 5288 ltaliae
1700 5246 1785 5283 nrerra
1796 5229 1838 5281 sl·

1042 5308 1078 5360 ba
1089 5320 1213 5370 amoens,
1234 5323 1283 5361 sex
1300 5305 1526 5375 repensatore,
1547 5304 1738 5357 intereamus
1755 5305 1839 5381 atque

1043 5377 1196 5439 Liternum,
1207 5392 1277 5445 qaae
1288 5377 1450 5431 mollissima
1525 5375 1580 5400 ³¹*
1592 5372 1720 5434 *niaque
1730 5374 1840 5419 teritur·

1042 5447 1116 5498 Dein
1126 5446 1427 5512 misceturtrihuspari
1673 5437 1840 5489 'ricimer-

1042 5530 1116 5578 sura,
1139 5515 1399 5584 antiquarninnltn·
1719 5521 1763 5558 ltr-
1799 5506 1841 5558 lbi

1043 5587 1075 5639 iit
1088 5600 1190 5653 massa,
1208 5601 1279 5657 quae
1299 5600 1359 5632 rer
1771 5574 1842 5630 Ἧι
