4374 6014
262 324 295 386 C.
316 322 416 386 ritu.
439 320 520 385 SEC.
543 317 633 382 Nd'l'.
655 317 759 381 HlS'i'.
781 320 852 383 iiii.
874 318 1021 384 xxxiv.
1044 320 1124 385 CAP.
1145 318 1256 385 tii-os.
1293 323 1370 387 itii.
1390 323 1524 388 XXXV.
1549 322 1633 389 cuit
1660 334 1687 392 i.
1700 336 1730 393 2.
1771 334 1833 399 391

178 479 345 545 iratumque
355 473 464 527 teritur.
501 472 619 539 Quidam
632 471 773 541 pulverem
783 474 880 543 pennis
891 472 982 531 deter-
1004 486 1005 489 ’
1029 473 1217 544 misceturque
1228 475 1364 529 radiculis
1376 477 1463 532 donec
1474 479 1614 544 rubescat,
1629 488 1659 534 et
1667 482 1760 537 simile
1769 496 1832 540 san·

179 563 246 617 gere
257 547 374 607 malunt,
394 558 427 595 ac
438 549 530 596 terere
541 544 569 595 in
580 544 643 596 vino
654 542 782 596 odorato.
1031 542 1166 598 darachae
1177 546 1236 597 fiat.
1272 545 1345 599 Dein
1362 546 1475 600 lavatur
1485 548 1560 601 dulei
1571 564 1645 616 aqua
1656 587 1665 613 ,
1685 552 1774 607 donec
1785 572 1834 610 nu·

215 616 286 668 lulli.
305 615 357 666 Est
368 620 397 664 et
408 612 604 680 molybdaena,
615 627 697 679 quam
707 612 766 665 alio
777 613 841 665 loeo
852 612 981 680 galenam
1030 614 1147 667 beculac
1158 629 1255 666 omnes
1265 616 1406 669 eluantur.
1442 618 1570 670 siccatur
1580 620 1712 674 similiter
1722 633 1832 690 postea,

180 686 349 746 vocavimus,
361 697 430 735 rena
440 683 550 751 argenti
563 681 721 749 plumbique
732 683 895 734 communis.
922 682 982 736 hie·
1031 688 1060 736 et
1070 685 1098 735 in
1111 683 1241 750 pastillos
1259 683 1400 739 dividitur.
1436 688 1487 741 Vis
1500 688 1559 739 eius
1575 689 1685 753 eadem,
1706 707 1777 760 quae
1786 710 1831 747 ω.

179 756 234 809 lior
245 753 323 816 haec,
333 759 437 821 quanto
448 752 537 820 magis
547 752 625 803 aurei
636 751 749 815 coloris,
759 757 919 820 quantoque
931 754 981 804 mi·
1030 752 1190 822 predictis:
1211 752 1354 808 levissima
1369 762 1478 809 tantum
1495 773 1528 809 ex
1545 758 1686 810 omnibus:
1707 772 1831 827 praeter·

178 839 231 877 nun
252 824 407 892 plumbeas,
426 820 558 884 friabilis,
578 828 607 875 et
627 822 735 875 modice
754 822 861 891 gravis,
895 824 983 874 Cocta
1031 821 1290 889 quesdcandorem
1301 822 1478 877 feminarum.
1516 827 1832 900 listautemletalispo·

180 892 336 955 etimoleo,
356 891 621 945 iocinoriscolorem
632 890 727 943 trahit.
761 891 943 945 adhaerescit
954 898 983 945 et
1032 899 1089 954 tus,
1106 891 1183 942 sicut
1198 906 1313 957 spumae
1329 895 1450 961 argenti.
1486 895 1588 948 Postea
1603 912 1716 950 cerussa
1730 899 1791 967 ipsa
1805 904 1832 955 si

179 964 242 1019 auri
253 967 281 1015 et
291 961 400 1030 argenti
413 959 584 1013 fornacibus.
619 962 657 1012 Et
668 959 740 1013 hanc
753 962 925 1015 metallicam
936 976 984 1013 ro·
1031 966 1183 1028 coquatur,
1198 962 1321 1013 rufescit.

179 1038 252 1087 cant.
289 1030 576 1097 laudatisstnmquae
587 1032 614 1081 ia
626 1029 767 1099 Zephymo
779 1031 837 1082 dat.
856 1032 981 1084 Proban-
1067 1028 1126 1082 [Ν.
1145 1028 1340 1083 Sandarachae
1356 1045 1464 1098 quoque
1481 1033 1678 1100 propemodum
1695 1036 1771 1087 diets
1782 1053 1832 1090 na·

179 1110 227 1155 tur
237 1100 350 1153 orinime
360 1106 497 1162 terrenae,
509 1102 675 1175 ndnimeque
686 1099 843 1167 lapidasse:
862 1115 982 1168 coquuu·
1031 1104 1160 1152 turnast.
1196 1098 1338 1151 iuvenitur
1357 1108 1498 1155 autemst
1518 1105 1546 1155 in
1561 1104 1680 1155 aurariis
1696 1112 1725 1158 et
1742 1107 1771 1158 in
1788 1122 1831 1159 ar-

179 1181 227 1226 tur
238 1172 421 1237 lavanturque
432 1170 540 1222 scoriae
553 1169 647 1222 modo.
686 1170 929 1236 Ususialipsras,
945 1168 982 1221 ad
1030 1168 1165 1237 gentarir's
1180 1169 1315 1221 metallis:
1337 1170 1438 1223 melior
1456 1186 1511 1238 quo
1528 1174 1616 1240 magis
1632 1172 1703 1236 ruia,
1723 1190 1832 1244 quoque

180 1237 313 1295 lenienda
330 1237 578 1307 refrigerandaque
600 1238 732 1293 hulcerar
760 1240 982 1306 emplastrisque,
1032 1237 1210 1306 maginulfus
1228 1238 1367 1302 redolens,
1385 1255 1420 1291 ac
1435 1255 1513 1306 pora,
1532 1241 1713 1310 friabilisque.
1751 1244 1834 1298 Valet

179 1325 252 1379 quae
263 1325 318 1362 non
330 1307 494 1377 alligantur:
523 1310 572 1361 sed
583 1309 655 1360 illita
665 1308 702 1361 ad
712 1309 868 1362 cicatricem
880 1309 980 1375 perdu·
1031 1322 1161 1376 purgare,
1181 1307 1293 1372 sistere,
1311 1309 1493 1375 excalfacere,
1513 1311 1671 1376 perrodere.
1718 1312 1834 1367 Summa

180 1386 254 1443 cunt,
274 1381 303 1430 in
314 1381 418 1431 teneris
430 1380 594 1445 corporibus
605 1377 832 1447 mollissimisque
844 1378 982 1444 partibus.
1032 1376 1155 1431 cinados
1172 1377 1287 1443 septica.
1322 1379 1426 1445 Expiet
1442 1378 1584 1446 alopecias
1601 1395 1636 1432 cx
1652 1387 1734 1436 aceto
1750 1384 1834 1439 illita.

179 1447 356 1515 Compositio
368 1450 425 1501 eius
437 1456 480 1500 est
492 1448 571 1500 libris
581 1449 680 1510 tribus,
705 1457 733 1501 et
744 1463 824 1500 cerae
834 1448 907 1499 libra
918 1463 982 1512 una,
1031 1446 1151 1498 Additur
1170 1446 1317 1499 oculorum
1337 1448 1557 1501 medicamentis.
1605 1451 1712 1503 Fauces
1732 1464 1834 1522 purgat

179 1518 238 1570 olei
247 1519 336 1571 tribus
347 1517 473 1580 heminis,
493 1519 566 1586 quod
578 1518 607 1569 in
622 1519 702 1570 rendi
719 1532 836 1584 corpore
853 1534 914 1570 eum
927 1517 981 1570 fra·
1032 1532 1093 1570 cum
1114 1515 1198 1569 melle
1212 1525 1312 1570 sumta.
1349 1516 1517 1585 suspiriosis
1536 1519 1770 1589 tussientibusque
1790 1525 1832 1577 iu·

179 1589 260 1641 cibus
271 1588 391 1639 additur.
426 1589 610 1654 'i'emperatur
626 1594 655 1641 et
670 1604 731 1640 cum
747 1603 847 1654 spunra
860 1588 981 1655 argenti,
1032 1585 1120 1639 eunde
1132 1586 1268 1650 medetur,
1279 1602 1340 1639 cum
1351 1590 1445 1640 resina
1456 1588 1675 1641 terebinthinam
1687 1593 1750 1645 cibo
1762 1607 1834 1645 sum·

179 1657 310 1777 etegeria
317 1656 436 1778 Ιμὲιὲιιὶιί,
456 1658 491 1710 ad
503 1657 745 1726 dysenterinm,et
756 1664 921 1721 tenesmum,
939 1656 981 1710 to·
1032 1663 1093 1774 md
1106 1654 1207 1708 Suffita
1223 1671 1331 1726 queque
1349 1673 1412 1710 curu
1430 1657 1523 1723 cedro,
1544 1658 1607 1726 ipso
1625 1659 1833 1714 nidoreiisdem

178 1741 233 1779 ven
255 1742 272 1777 o
283 1727 337 1778 cai
1031 1739 1075 1776 me
1097 1732 1167 1777 etur.
1604 1748 1609 1758 ·

215 1794 288 1847 LlV.
306 1794 520 1862 Psirumythium
542 1810 665 1863 quoquc,
685 1792 738 1847 hoe
758 1800 810 1857 est,
831 1809 981 1856 cerussam,
1066 1792 1138 1848 Lvr.
1158 1795 1195 1846 Et
1206 1795 1363 1847 arsenicum
1375 1810 1409 1849 ex
1425 1794 1521 1848 eadem
1533 1796 1716 1850 estmateria.
1752 1798 1834 1863 Quod

176 1863 351 1933 plumbariae
363 1864 430 1915 dant
448 1864 583 1917 officinae.
621 1863 857 1916 Laudatissimum
869 1863 898 1913 in
908 1861 981 1913 Rho·
1032 1862 1173 1928 optimum,
1195 1863 1297 1915 artioris
1309 1866 1393 1917 ctiam
1406 1866 1524 1927 inauro,
1542 1866 1744 1920 excellentium.
1759 1868 1834 1935 quod

177 1933 224 1986 do.
261 1933 567 1985 1‹'itautemramentis
588 1933 693 2000 plumbi
706 1931 876 1985 tenuissimis
897 1946 980 1997 super
1031 1947 1097 1983 raro
1109 1931 1243 1997 pallidius
1259 1941 1308 1985 not
1318 1933 1510 1987 sandarachae
1520 1935 1614 1988 simile
1624 1942 1685 2000 est,
1706 1936 1834 1989 deterius

177 2018 227 2053 ras
242 2001 317 2054 aceti
328 2002 473 2068 asperrimi
490 2003 642 2069 impositis,
662 2008 747 2069 atque
765 2002 807 2052 ita
820 1999 978 2051 distillanti·
1031 2000 1216 2051 existimatur.
1252 2001 1304 2052 list
1327 2010 1355 2054 et
1374 2003 1487 2055 tertium
1507 2018 1603 2070 genus,
1622 2020 1677 2072 quo
1701 2008 1835 2058 miscetur

176 2071 239 2123 hus.
277 2072 358 2134 Quod
375 2087 409 2125 cx
429 2088 462 2124 eo
478 2071 579 2124 cecidit
594 2072 622 2123 in
638 2071 727 2137 ipsum
749 2076 867 2131 acetum,
886 2067 979 2121 araia·
1031 2084 1132 2120 aureus
1144 2070 1222 2121 color
1232 2070 1428 2123 sandarachae.
1467 2072 1587 2138 Utraque
1598 2072 1666 2125 haec
1676 2088 1833 2142 squamosa.

179 2148 256 2195 ctum
268 2141 384 2193 molitur
401 2147 429 2194 et
446 2142 595 2202 cribratur,
614 2142 773 2207 iterumque
792 2145 873 2192 aceto
889 2139 978 2190 mixto
1031 2136 1850 2207 illudrorosiccum,purumque,graciliranarumdiscum.

176 2211 208 2264 in
231 2209 360 2278 pastillos
383 2208 527 2272 dividitur,
547 2217 576 2261 et
592 2208 620 2259 in
633 2206 699 2259 Sole
718 2209 841 2258 siccatur
860 2215 979 2259 aestate.
1030 2207 1171 2258 sufissile.
1207 2204 1561 2274 Viseadernquaesupra,
1581 2208 1741 2263 seductior.
1778 2213 1833 2264 lta·

176 2280 226 2333 Fit
247 2280 351 2331 etalio
372 2279 470 2330 modo:
489 2277 586 2330 addito
603 2278 633 2328 in
648 2290 747 2327 urceos
765 2277 839 2327 aceti
854 2275 979 2341 plumbo,
1031 2289 1083 2339 que
1104 2282 1133 2326 et
1154 2276 1284 2325 causticis
1307 2276 1430 2338 additur,
1454 2281 1483 2328 et
1503 2276 1658 2343 psilothris.
1695 2279 1785 2333 Tollit
1806 2286 1835 2334 et

178 2349 327 2402 obturatos
349 2363 399 2415 per
416 2348 476 2401 dies
496 2347 602 2409 decem,
623 2345 778 2410 derasoque
794 2360 844 2396 ceu
861 2346 928 2406 situ,
947 2358 980 2395 ac
1032 2346 1162 2410 pterygia
1173 2341 1331 2410 digitorum,
1354 2359 1505 2411 carnesque
1523 2346 1641 2410 narium,
1664 2353 1693 2400 et
1703 2350 1836 2418 condylo-

176 2432 274 2470 rursus
285 2419 398 2480 reiecto,
421 2417 509 2470 donec
520 2416 632 2468 deliciet
644 2413 771 2466 materia.
807 2411 979 2475 Quoddera·
1032 2418 1117 2472 mata,
1139 2417 1167 2464 et
1179 2410 1312 2478 quidquid
1322 2413 1466 2465 excrescit.
1504 2413 1650 2479 Terretur,
1672 2423 1703 2468 ut
1712 2417 1835 2471 validius

176 2502 241 2541 sum
251 2492 305 2550 cst,
324 2486 426 2539 teritur
437 2494 466 2540 et
477 2488 623 2549 cribratur,
642 2489 671 2537 et
689 2482 818 2551 coquitur
827 2484 858 2534 in
868 2481 980 2550 patinis,
1032 2483 1137 2548 presit,
1145 2479 1176 2533 iu
1189 2493 1264 2533 aera
1273 2487 1356 2544 testa,
1367 2482 1456 2534 donec
1466 2488 1557 2534 mutet
1566 2482 1696 2536 colorem.

445 2696 1823 2728 ψῃ

630 2851 679 2938 C.
737 2849 992 2937 PLINII
1048 2857 1383 2943 SECUNDI

188 2707 210 2718 b-
231 2708 350 2721 *ο-
364 2712 441 2719 α--ο

246 3026 968 3134 mandatura
1064 3006 1769 3138 urerentur

732 3234 1015 3308 LIBER
1079 3233 1292 3311 XXXV.

174 3575 198 3626 i.
219 3538 501 3630 Marianorum,
519 3568 620 3639 quibus
641 3584 709 3637 opes
733 3575 875 3635 constant,
896 3584 982 3638 agna·

175 3642 371 3708 arentiumque
388 3643 429 3695 cis
444 3647 544 3694 natura
557 3638 681 3692 iudicata
699 3640 897 3707 propemodum
918 3647 980 3692 est:

159 3713 221 3765 .ita
231 3711 362 3764 connexis
374 3714 466 3773 rebus,
487 3719 518 3763 ut
528 3708 663 3760 immensa
672 3709 828 3761 medicinae
837 3708 916 3771 silva,
938 3708 980 3761 oi·

174 3782 377 3846 ticinarumqoe
388 3782 527 3837 tenebrae,
540 3783 568 3828 et
579 3792 690 3829 morosa
702 3777 836 3839 caelandi,
847 3778 981 3847 tingendi-

175 3868 243 3920 que,
253 3865 285 3902 oc
295 3851 419 3917 tingendi
431 3848 573 3901 subtilitas
582 3845 665 3897 simul
677 3847 843 3900 dicerentur.
862 3849 981 3899 Restant

175 3932 273 3974 terrae
293 3920 381 3985 ipsius
400 3935 503 3988 genera
524 3914 712 3983 lapidumque,
727 3917 771 3969 rel
789 3918 981 3968 numerosiore

175 3992 264 4050 serie,
287 3990 412 4055 plurimis
423 3986 535 4054 singula
547 4000 562 4035 a
574 3985 690 4036 Graecis
702 3987 851 4053 praecipue
861 3986 981 4038 volumi-

175 4061 261 4112 nibus
272 4062 401 4107 tractata.
439 4057 497 4107 itos
508 4055 536 4104 in
547 4053 581 4102 iis
592 4052 760 4105 brevitatem
772 4070 919 4120 sequemur
927 4054 982 4105 uti·

173 4130 234 4182 iem
247 4125 370 4176 instituti
381 4123 476 4187 morin,
498 4121 572 4171 nihil
585 4123 773 4173 necessarium
790 4130 839 4171 aut
855 4124 982 4174 naturaie

175 4197 350 4250 omittentes.
387 4191 565 4256 Primumque
584 4190 709 4243 dicemus
730 4204 800 4257 quae
818 4196 931 4242 restant
947 4192 981 4242 de

173 4268 299 4338 pictura,
316 4264 378 4311 arte
389 4259 526 4327 quondam
538 4257 633 4321 nobili,
652 4266 719 4309 tunc
730 4274 791 4311 eum
803 4266 979 4326 expeteretur

175 4353 196 4389 a
218 4331 334 4399 regibus
345 4329 552 4397 populisque,et
562 4327 626 4378 illos
637 4328 816 4391 nobilitante,
828 4343 898 4394 quos
908 4334 982 4380 esset

176 4405 298 4472 dignata
308 4398 429 4467 posteris
443 4397 569 4450 tradere:
588 4412 660 4449 nunc
674 4412 740 4450 vero
755 4400 782 4450 in
799 4403 888 4450 totum
907 4412 980 4450 mar·

174 4471 307 4529 moribus
318 4470 416 4536 pulsa,
437 4467 492 4519 iam
504 4466 614 4535 quidem
626 4473 655 4517 et
664 4482 748 4519 auro:
767 4482 819 4519 nec
829 4473 937 4518 tantum
951 4472 981 4518 ut

174 4540 303 4612 parietes
314 4539 367 4590 toti
379 4538 549 4606 operiantur,
568 4551 662 4587 rerum
675 4543 704 4588 et
715 4537 852 4589 interraso
863 4549 981 4588 marmo-

177 4628 223 4675 re,
243 4607 488 4675 vermiculatisque
502 4607 538 4659 ad
554 4605 661 4672 effigies
677 4620 769 4658 rerum
780 4612 809 4657 et
820 4606 981 4658 animalium

178 4681 291 4733 mustis.
327 4676 389 4729 Non
402 4678 514 4743 placent
532 4675 585 4727 i'am
604 4675 684 4726 abaci
690 4710 699 4737 ,
719 4690 769 4727 nec
779 4677 869 4742 spatia
880 4676 982 4728 montis

177 4754 209 4803 in
222 4748 349 4801 cubiculo
361 4746 523 4799 delitentiar
535 4746 677 4811 coepimus
688 4751 718 4797 et
728 4744 846 4811 lapidem
859 4744 981 4814 pingere.

177 4822 245 4873 iloc
255 4816 363 4869 Claudii
377 4820 532 4885 principatu
544 4818 696 4866 inventum:
708 4813 829 4866 Neronis
839 4829 914 4877 vero,
924 4830 982 4866 rna·

179 4887 260 4941 cuias
272 4901 342 4954 quae
358 4902 412 4939 nnn
429 4891 530 4950 essent,
553 4885 655 4937 crustis
672 4882 829 4945 inserendo,
849 4886 982 4937 unitatem

179 4956 303 5019 variare,
324 4961 356 5007 ut
373 4964 476 5008 ovatus
490 4961 565 5009 esset
580 4954 751 5016 Numidicus,
770 4959 801 5004 ut
812 4968 933 5021 purpura
943 4952 986 5005 di·

180 5027 373 5093 stingueretnr
383 5025 569 5094 Synnadicus,
590 5023 713 5092 qualiter
729 5023 796 5076 illos
813 5027 888 5076 nasci
906 5029 985 5090 opta·

109 5133 118 5149 .
181 5093 380 5149 reotdeliciae.
420 5091 985 5151 Montiumhaecsubsidiadelicisntiumr

181 5181 236 5219 nee
247 5171 337 5217 cessat
347 5165 460 5217 luxuria
474 5164 503 5218 id
520 5178 614 5233 agere,
634 5168 666 5214 ut
683 5177 765 5231 quam
780 5162 929 5231 plurimum
941 5162 985 5214 lm

182 5233 413 5301 cendiisperdat.

219 5305 257 5356 il.
273 5303 427 5369 imaginum
439 5302 550 5368 quidem
560 5302 671 5370 pictura
686 5317 766 5369 quam
777 5300 898 5352 maxime
908 5300 986 5352 simi·

101 5394 110 5403 ·
181 5376 226 5427 les
236 5373 265 5422 in
276 5385 373 5422 aerum
386 5372 614 5439 propagabantur
628 5372 752 5440 ilguraer
771 5370 845 5439 qnod
856 5370 883 5420 in
896 5377 986 5421 toturn

182 5440 317 5497 exerente
355 5439 435 5478 kmi
453 5454 525 5476 ³³³³³
528 5445 594 5490 ntur
613 5441 714 5509 clypei,
734 5447 885 5507 argenteae
896 5438 986 5492 facies

180 5509 270 5580 surde
565 5506 626 5572 ine,
645 5519 800 5563 statuarum
819 5508 912 5576 capita
923 5523 985 5576 per·

181 5588 257 5632 muts
583 5576 658 5620 '¹⁵1
673 5580 779 5632 salibus
792 5582 876 5633 etiam
888 5579 987 5634 cerani·

1034 3584 1107 3622 num.
1142 3569 1219 3623 rideo
1228 3571 1375 3624 materiam
1385 3571 1495 3624 malunt
1504 3573 1629 3642 conspici
1637 3585 1741 3635 omnes,
1752 3587 1837 3641 quam

1034 3656 1065 3691 se
1076 3641 1161 3692 nosci.
1197 3640 1234 3693 Et
1246 3640 1319 3693 inter
1336 3638 1406 3694 haec
1422 3642 1618 3708 pinacothecas
1633 3642 1776 3694 veteribus
1793 3654 1832 3695 ta·

1034 3710 1107 3761 bulis
1117 3716 1262 3772 cousuunt,
1272 3709 1434 3777 alienasque
1446 3710 1551 3780 effigies
1563 3713 1667 3774 colunt,
1686 3710 1740 3777 ipsi
1751 3709 1837 3761 hono·

1035 3793 1092 3831 rem
1103 3779 1221 3830 nonnisi
1233 3779 1260 3829 in
1270 3780 1361 3846 pretio
1372 3779 1514 3843 ducentes,
1525 3788 1556 3832 ut
1567 3779 1680 3847 frangat
1691 3779 1780 3842 heres,
1796 3780 1838 3831 iu·

1034 3850 1074 3899 ris
1083 3847 1214 3900 detrahat
1225 3848 1349 3916 laqueus.
1386 3851 1484 3917 ltaque
1495 3851 1597 3901 nullius
1610 3850 1701 3917 effigie
1716 3849 1838 3912 virente,

1034 3916 1170 3985 imagines
1182 3919 1325 3985 pecuniae,
1336 3934 1390 3970 non
1402 3934 1477 3980 suas,
1486 3920 1653 3987 relinquunt.
1689 3918 1775 3969 iidem
1788 3933 1838 3985 pa-

1035 3986 1154 4039 laestras
1165 3985 1331 4040 athletarum
1345 3988 1523 4055 imaginibus,
1535 3995 1565 4040 et
1574 3993 1715 4038 ceromata
1726 4000 1776 4035 sua
1788 4000 1836 4037 es-

1035 4063 1145 4116 oruant,
1166 4062 1195 4107 et
1211 4057 1306 4107 vuitus
1321 4057 1434 4123 Epicuri
1451 4071 1500 4122 per
1516 4054 1644 4108 cubicula
1665 4060 1784 4120 gestant,
1804 4066 1837 4103 ac

1035 4123 1235 4175 circumierunt
1246 4139 1348 4176 secum.
1385 4125 1481 4176 Natali
1492 4126 1552 4175 cius
1562 4122 1693 4172 vicesima
1703 4120 1784 4171 Luna
1794 4135 1838 4172 sa·

1036 4191 1169 4254 criticant,
1181 4191 1321 4260 feriasque
1332 4192 1406 4241 omni
1418 4206 1512 4244 mense
1523 4190 1768 4256 custodiunt,quas
1778 4191 1836 4241 ica-

1036 4259 1086 4310 das
1100 4266 1217 4323 vocant,
1237 4258 1266 4312 hi
1282 4260 1404 4312 maxime
1440 4261 1469 4310 ui
1485 4276 1516 4312 se
1533 4274 1568 4310 ue
1583 4258 1709 4309 virentes
1725 4258 1837 4325 quidem

1035 4328 1229 4380 nosci'rolunt.
1264 4330 1422 4394 ltacstpro
1454 4334 1512 4380 cto:
1533 4330 1614 4380 Artes
1626 4324 1735 4379 desidia
1745 4326 1836 4394 perdi·

1035 4398 1089 4450 dit:
1110 4406 1140 4451 et
1151 4397 1280 4465 quonism
1291 4399 1445 4449 animorum
1457 4398 1592 4465 imagines
1603 4411 1656 4447 non
1666 4401 1738 4457 sunt,
1750 4395 1837 4462 negli-

1035 4472 1140 4537 guntur
1161 4467 1245 4520 etiam
1266 4481 1423 4535 corporum.
1465 4467 1553 4520 iliter
1573 4466 1645 4533 apud
1667 4467 1786 4517 maiores
1806 4465 1838 4518 in

1036 4537 1117 4590 atriis
1129 4536 1197 4591 hacc
1208 4545 1289 4591 erant
1301 4553 1373 4607 quae
1383 4542 1587 4607 spectarentur,
1594 4551 1647 4587 non
1656 4535 1736 4605 signa
1748 4540 1838 4588 exter·

1036 4621 1133 4660 norum
1145 4608 1295 4671 artillcum,
1318 4623 1368 4661 nec
1384 4622 1459 4670 aera,
1479 4613 1529 4659 aut
1540 4619 1691 4657 marmora:
1712 4607 1838 4673 expressi

1036 4692 1101 4729 cera
1111 4677 1204 4729 vultus
1224 4668 1341 4749 singulis
1360 4676 1578 4744 disponebantur
1595 4674 1733 4738 armariis,
1753 4681 1837 4727 uter·

1036 4752 1099 4799 seut
1112 4749 1255 4816 imagines,
1274 4765 1344 4817 quae
1356 4748 1559 4801 comitarentur
1569 4744 1710 4814 gentilitia
1720 4743 1837 4796 funerat

1036 4831 1199 4884 semperque
1215 4815 1353 4869 dehincto
1375 4819 1481 4888 aliquo,
1497 4823 1575 4869 totus
1596 4813 1694 4867 aderat
1710 4812 1837 4866 familiae

1036 4887 1106 4948 eius,
1128 4888 1305 4955 quiunquam
1318 4886 1419 4947 iuerat,
1439 4887 1566 4954 populus.
1603 4883 1836 4937 Stemmatarero

1035 4956 1118 5007 lineis
1130 4955 1325 5007 discurrebant
1335 4954 1368 5006 ad
1382 4956 1514 5023 imagines
1528 4954 1625 5021 pictas:
1663 4953 1784 5005 Tahilna
1792 4964 1837 5001 ce·

1036 5024 1143 5076 ilicibus
1155 5025 1350 5092 implebantur,
1369 5033 1396 5075 et
1406 5024 1591 5075 monumentis
1602 5037 1694 5074 rerum
1708 5022 1735 5072 in
1749 5018 1837 5085 megi·

1036 5099 1125 5145 stratu
1137 5100 1288 5162 gestarum.
1315 5093 1394 5146 iliae
1405 5092 1472 5143 idris
1485 5099 1512 5144 et
1523 5094 1596 5145 circa
1606 5092 1703 5143 limina
1716 5088 1834 5140 domita·

1035 5178 1095 5215 rum
1106 5165 1234 5232 gentium
1242 5164 1375 5230 imgines
1385 5169 1473 5223 erunt,
1493 5161 1583 5213 affixis
1594 5159 1715 5212 hostiurn
1729 5155 1837 5223 spoliis,

1037 5248 1109 5300 quoe
1126 5248 1177 5285 nec
1192 5233 1294 5285 emtori
1310 5232 1428 5300 religere
1444 5231 1552 5283 liceret:
1575 5225 1836 5293 triumphabantque

1037 5304 1122 5354 etiarn
1144 5301 1267 5354 dominis
1285 5303 1402 5354 mutatis
1424 5301 1503 5369 ipsae
1514 5300 1625 5352 domus:
1645 5300 1745 5349 eterat
1766 5290 1835 5345 haec

1036 5371 1191 5423 stimulatio
1217 5372 1324 5439 ingens,
1344 5369 1578 5439 exprobrantibus
1599 5366 1689 5423 tectis,
1709 5360 1837 5428 quetidie

1037 5440 1183 5492 imbellem
1196 5440 1337 5492 dominum
1355 5441 1463 5492 intrare
1478 5442 1506 5492 in
1524 5436 1644 5487 alienum
1656 5432 1739 5482 trium
1761 5428 1835 5481 hum.

1035 5510 1138 5562 Exstat
1148 5510 1287 5563 Messalae
1307 5504 1604 5574 oratorlsindignatio,
1627 5514 1680 5565 qua
1692 5444 1837 5578 prohibuit
1863 5524 1870 5537 =

1035 5580 1286 5651 inserigentisuac
1297 5577 1466 5633 Lesbiorum
1478 5574 1595 5628 alienam
1608 5569 1765 5636 imaginem.
1794 5569 1837 5621 Sa·
