4374 6014
308 305 339 365 c.
361 305 461 364 earu.
481 303 566 363 sac.
590 303 678 363 aar.
701 305 805 365 urso.
826 264 899 362 'un
923 252 1041 363 rxrx.
1065 307 1145 365 cnr.
1167 310 1216 368 ae.
1244 311 1318 367 arn.
1341 307 1447 371 xxx.
1470 308 1553 371 cue.
1583 315 1610 369 r.
1627 317 1654 373 ο.
1739 358 1748 375 .
1774 318 1835 378 aar
1882 354 1888 365 -

185 457 262 511 cuius
272 454 474 509 crassissimum
487 458 594 507 textum
606 458 665 516 est,
686 454 716 506 in
727 454 984 523 contignationibus

185 530 252 590 fere,
275 525 443 592 adalligatus
455 538 544 591 panno
552 560 561 587 ,
582 523 732 593 epiphoras
742 538 842 576 sanare
854 523 983 575 traditur.
995 528 998 535 “

185 595 331 650 scarabaei
342 594 440 646 viridis
451 603 552 645 natura
562 596 753 645 contuentium
764 593 854 644 risum
864 595 984 645 exacuit.

184 669 282 734 ltaque
303 678 474 733 gemnsarum
496 662 654 731 sculptores
673 662 801 717 contuitu
823 678 920 716 eorum
940 679 984 715 ae·

185 739 337 805 quiescunt.

220 871 347 924 ΧΧΧΙΧ.
366 873 454 924 Aures
468 869 615 938 purgstfel
627 869 741 937 pecudis
753 885 814 923 cum
825 871 922 925 mella:
940 886 984 925 ca-

185 943 242 995 nini
263 942 345 993 lactis
368 940 521 991 instillatio
542 940 622 992 sedat
639 939 774 992 dolorem.
811 941 984 993 Gravitatem

184 1014 269 1079 adeps
284 1026 345 1062 cunr
361 1008 499 1061 absinthio
516 1018 545 1061 et
555 1010 618 1062 oleo
631 1017 738 1062 vetere:
759 1010 827 1062 item
839 1011 923 1078 adeps
934 1028 982 1063 an·

183 1083 300 1134 serious.
311 1079 431 1144 Quidam
443 1079 577 1130 adiiciunt
586 1094 696 1145 succum
709 1094 811 1145 caepae
824 1085 853 1132 et
863 1081 984 1147 allii,pa·

185 1152 209 1202 ri
221 1151 314 1202 niodo.
351 1148 472 1201 Utuntur
483 1155 511 1200 et
522 1164 571 1215 per
582 1164 612 1201 se
623 1150 683 1200 ovis
694 1147 884 1201 formicarum.
902 1150 979 1202 Nam·

184 1235 237 1288 que
250 1227 278 1271 et
291 1217 356 1270 huic
365 1217 480 1270 animali
493 1224 536 1270 est
556 1218 708 1270 urediciua:
730 1224 894 1287 constatque
904 1234 984 1271 ursos

183 1303 286 1357 aegras
301 1288 353 1339 hoe
364 1288 426 1339 cibo
436 1290 538 1340 sanari.
550 1291 691 1349 anserum,
700 1290 880 1357 nunciumque
892 1290 983 1340 arium

184 1360 270 1425 adeps
281 1364 473 1424 praeparatur,
486 1356 656 1424 exemtisque
668 1358 744 1409 venis
754 1358 881 1410 omnibus
889 1360 985 1425 patina

183 1445 256 1480 arveo
269 1428 348 1479 fictili
360 1434 459 1495 operta
470 1428 498 1479 in
511 1427 587 1490 Sole,
606 1426 719 1479 subdita
739 1442 810 1495 aqua
821 1428 940 1480 ferventi
952 1428 984 1478 li·

183 1504 299 1566 quatur:
321 1506 504 1566 saccatusque
522 1498 606 1553 lineis
624 1498 721 1560 saccis,
743 1504 771 1549 et
782 1500 810 1547 in
821 1497 899 1548 tietili
913 1514 984 1548 novo

183 1567 324 1635 repositus
334 1568 396 1619 luco
408 1567 526 1638 frigido:
539 1569 629 1619 urinas
641 1568 774 1635 putrescit
785 1566 882 1619 addito
892 1567 984 1620 melle.

183 1637 308 1689 Marium
324 1637 395 1689 cinis
412 1653 473 1689 cum
493 1638 576 1690 melle
587 1638 757 1701 instillatus,
776 1644 825 1689 aut
836 1651 898 1689 cum
909 1652 984 1688 rusa·

182 1721 232 1757 ceo
245 1705 385 1769 decoctus,
396 1709 503 1759 aurium
515 1707 627 1760 dolores
637 1708 725 1760 sedat.
754 1702 784 1757 Si
796 1706 910 1775 aliquod
923 1709 982 1758 arri·

181 1775 240 1827 mal
261 1776 416 1839 intraverit,
437 1777 614 1844 praecipuum
631 1775 785 1829 remedium
801 1784 844 1828 est
865 1777 982 1827 murium

182 1843 224 1898 fel
234 1851 316 1896 aceto
327 1843 452 1895 dilutum.
488 1844 517 1896 Si
531 1861 602 1912 aqua
613 1846 770 1908 intraverit,
782 1845 867 1913 adeps
880 1838 984 1897 anseri

181 1927 235 1966 nus
248 1930 307 1965 cum
319 1929 422 1980 caepae
433 1928 523 1966 succo.
542 1915 628 1967 (ilicis
640 1916 766 1967 detracta
777 1916 859 1982 pelle,
875 1916 983 1966 intesti-

181 1984 280 2051 nisque
291 1985 418 2045 onemtis,
429 1982 602 2050 discoquitur
613 1985 695 2036 melle
708 1986 735 2035 in
746 2000 813 2037 ease
825 1998 906 2036 noro.
923 1984 984 2036 lile·

181 2053 236 2104 diei
248 2054 377 2105 maluntc
388 2052 475 2105 nardo
487 2053 602 2121 decoqui
613 2069 699 2123 usque
720 2052 755 2105 ad
766 2056 877 2115 tertias,
898 2060 982 2121 atque

180 2124 225 2174 ita
235 2122 387 2175 asservari:
404 2122 503 2175 deinde
515 2138 575 2174 cunr
589 2138 657 2191 opus
669 2123 715 2184 sit,
728 2124 832 2191 strigili
842 2123 984 2189 tepefacta

180 2192 336 2245 infundere.
365 2194 482 2244 cunstat
493 2192 637 2259 deplorata
649 2193 758 2244 aurium
769 2194 838 2244 vitia
850 2208 883 2245 eo
896 2208 984 2245 reme·

181 2263 230 2314 dio
240 2263 342 2317 sanari.
378 2264 432 2314 dut
442 2262 467 2313 si
478 2263 582 2314 terreni
590 2277 699 2315 vermes
710 2277 771 2328 cum
783 2262 864 2328 adipe
875 2265 982 2314 anseris

181 2332 292 2385 decocti
312 2330 502 2383 infundantur.
539 2332 607 2383 ltem
628 2347 662 2384 er
674 2331 820 2383 arboribus
830 2331 908 2383 rubri
920 2333 983 2383 oleo

181 2402 242 2454 triti
264 2400 460 2464 eahuleeratis,
481 2407 510 2453 ct
529 2402 621 2467 ruptis
638 2401 752 2452 auribus
769 2400 913 2466 praeclare
925 2415 984 2452 me-

181 2472 292 2524 dentur.
329 2469 442 2522 lacerti
452 2471 598 2522 inveterati
611 2471 641 2520 in
652 2483 684 2520 os
695 2469 875 2535 pendentium
887 2469 982 2520 addito

181 2541 252 2603 sule,
265 2547 404 2601 contusas,
416 2546 445 2590 et
457 2539 491 2590 ab
502 2539 560 2591 ictu
573 2539 662 2591 laesas
674 2553 757 2590 aures
768 2543 881 2589 sanant:
893 2538 984 2590 elfeca·

181 2611 294 2661 cissime
306 2614 398 2658 autem
411 2607 585 2675 ferrugineas
597 2607 719 2659 monulus
729 2606 877 2668 hahentes,
899 2607 982 2659 lincis

182 2679 269 2729 etiam
282 2677 457 2745 pereundam
469 2677 606 2729 distincti.
622 2676 784 2744 Millepeda,
797 2677 831 2729 ab
843 2676 906 2728 aliis
918 2692 981 2729 ecn-

180 2747 293 2814 tipeda,
313 2754 362 2800 aut
374 2746 528 2814 multipeda
540 2746 629 2809 dicta,
650 2747 752 2798 animal
764 2754 807 2799 est
818 2762 833 2798 e
845 2746 982 2799 vermibus

180 2824 285 2879 terrae,
297 2816 425 2885 pilosum,
446 2818 542 2870 multis
553 2817 667 2885 pedihus
679 2817 814 2869 arcuatim
824 2831 932 2883 repens,
944 2823 983 2867 ta·

180 2894 284 2954 etuque
307 2886 474 2941 contrahens
492 2903 538 2940 se:
560 2887 673 2938 oniscon
686 2885 787 2938 Graeci
803 2893 911 2949 vocant,
932 2885 982 2936 alii

178 2956 278 3025 tyiuur
299 2956 437 3009 efficacem
450 2961 563 3009 narrant
575 2956 610 3007 ad
622 2957 731 3009 aurium
743 2955 866 3020 dolores,
881 2957 909 3008 in
921 2970 981 3007 cor·

177 3027 236 3078 tice
247 3024 343 3080 Punici
356 3027 423 3077 maii
434 3026 593 3088 decoctum,
616 3033 644 3078 et
656 3026 731 3094 porri
742 3040 833 3077 succo.
870 3025 983 3078 Addunt

178 3105 208 3150 et
220 3112 373 3158 arlanconem,
395 3099 460 3148 etin
472 3097 589 3148 alteram
601 3112 695 3148 aurem
708 3094 867 3147 infundunt.
903 3095 981 3146 illam

178 3173 274 3217 autem
287 3181 358 3232 quae
370 3181 423 3217 nnn
436 3173 586 3228 arcuatur,
606 3181 674 3231 sepa
685 3165 785 3216 Graeci
796 3172 911 3225 vocant,
933 3165 980 3216 alii

178 3236 402 3302 scolopendram,
414 3237 557 3298 minorem,
571 3236 817 3303 perniciosamque.
836 3234 982 3296 Cnchleae,

179 3320 253 3373 quaa
264 3311 328 3354 sunt
340 3304 366 3354 ih
378 3320 429 3356 usu
440 3305 572 3368 eihi‚cum
585 3304 710 3372 myrrha,
718 3311 766 3356 aut
778 3305 865 3355 thuris
877 3305 981 3371 polline

177 3373 344 3440 appositae:
364 3373 432 3425 item
445 3376 578 3436 minutae,
595 3382 625 3425 et
636 3374 718 3435 latae,
729 3373 860 3425 fracturis
871 3375 980 3424 aurium

176 3443 330 3494 illinuntur
341 3456 400 3493 cum
413 3444 505 3495 melle.
541 3443 677 3497 Senectus
689 3446 859 3510 serpentium
872 3443 979 3495 ferven-

175 3519 208 3563 te
233 3518 306 3563 testu
326 3519 398 3573 usta,
418 3513 574 3565 instillatur
594 3528 709 3565 rosaceo
729 3513 862 3574 admixto,
882 3519 981 3563 contra

177 3581 275 3631 omnia
286 3581 395 3648 quidem
406 3584 475 3634 vitia
483 3583 589 3645 efficax,
600 3582 648 3634 sed
656 3589 755 3634 contra
762 3583 979 3649 graveolentiam

175 3649 348 3719 praecipue:
364 3656 413 3701 aut
423 3653 446 3702 si
459 3651 624 3717 purulentae
635 3656 708 3712 sunt,
721 3664 754 3700 ex
767 3657 863 3700 aceto:
882 3649 980 3700 melius

178 3733 241 3771 cum
254 3718 320 3773 felle
331 3720 445 3787 caprino
457 3721 500 3773 vel
511 3718 625 3784 bubulo,
633 3725 681 3772 sut
692 3718 841 3772 testudinis
848 3721 979 3771 marinae.

1037 454 1185 510 vetustior
1196 474 1267 510 anno
1279 460 1374 512 eadem
1387 463 1546 516 sueorbranu
1562 480 1614 515 nrrn
1633 464 1763 530 prodest,
1785 480 1836 521 neo

1038 528 1126 579 inrbre
1138 527 1261 594 perfusa,
1273 536 1303 579 ut
1315 530 1399 596 aliqui
1412 526 1518 596 p‘utaut.
1555 533 1624 585 item
1637 536 1730 586 aranei
1743 536 1836 588 sanies

1038 611 1101 647 euuv
1111 610 1236 656 rosaceo,
1246 605 1294 649 aut
1324 613 1393 650 erse
1404 600 1433 650 iu
1445 600 1517 662 lana,
1533 603 1575 652 rel
1588 618 1647 653 curu
1659 618 1749 666 croco,
1762 604 1836 656 auri·

1037 667 1088 717 bus
1100 665 1227 731 prodest:
1239 615 1347 733 grylh'us
1359 682 1420 718 cunr
1432 684 1482 721 sua
1493 670 1692 723 terraeffossus
1701 682 1727 724 et
1737 673 1835 727 illitus.

1037 735 1167 801 disignum
1189 737 1386 787 auctoritatem
1403 734 1467 789 huie
1484 739 1600 791 animali
1615 740 1741 806 perhibet
1758 742 1837 811 Nigi-

1037 803 1109 866 dius,
1128 803 1364 870 mainremMagi,
1386 809 1513 871 quoniam
1526 816 1602 860 retro
1620 810 1756 871 ambulet,
1776 819 1833 863 ter·

1038 888 1153 941 ronique
1169 875 1305 936 terebrat,
1324 873 1429 925 stridat
1444 877 1580 929 noctibus.
1618 875 1835 933 Venantureum

1036 943 1154 995 formica
1165 943 1359 1011 circumligata
1369 944 1482 1010 capillo,
1501 946 1530 996 in
1542 961 1686 998 cavernam
1699 947 1759 1000 eius
1770 965 1834 1001 con·

1036 1014 1120 1076 iacta,
1132 1013 1223 1065 efflato
1235 1014 1310 1081 prius
1323 1014 1435 1080 pulvere
1445 1030 1479 1066 ne
1489 1030 1550 1067 sese
1561 1017 1676 1067 condat:
1689 1017 1730 1068 ita
1741 1016 1836 1069 formi-

1038 1097 1088 1135 cae
1108 1084 1252 1149 coniplexu
1275 1082 1440 1136 extrahitur.
1482 1085 1596 1137 Ventris
1617 1086 1836 1152 gallinaceorum

1036 1152 1197 1204 urenrbrana
1215 1167 1285 1221 quae
1304 1153 1388 1205 abiici
1406 1154 1488 1215 solet,
1510 1153 1665 1208 inveterata
1681 1162 1710 1207 et
1725 1156 1753 1207 in
1771 1158 1835 1208 vino

1037 1223 1116 1281 trita,
1138 1222 1249 1274 auribus
1262 1223 1416 1289 purulentis
1428 1223 1520 1275 calida
1530 1223 1696 1288 infunditur,
1715 1225 1835 1293 gallina·
1857 1229 1861 1235 ’

1036 1305 1096 1342 runi
1110 1307 1220 1358 quoque
1232 1291 1327 1358 adeps.
1339 1294 1388 1344 Est
1400 1298 1429 1344 et
1440 1293 1574 1360 quaedam
1588 1294 1752 1361 pinguitudo
1762 1295 1835 1347 blat-

1036 1368 1091 1422 tae,
1102 1364 1125 1412 si
1138 1367 1221 1429 caput
1232 1363 1381 1413 avellatur:
1394 1361 1464 1414 hane
1474 1363 1569 1414 tritam
1581 1378 1636 1413 una
1648 1378 1708 1415 cum
1720 1376 1836 1416 rosaceo

1038 1431 1151 1483 auribus
1163 1431 1232 1483 mire
1243 1433 1376 1498 prodesse
1388 1431 1492 1497 plicant,
1503 1433 1552 1485 sed
1563 1433 1664 1494 lauans,
1683 1448 1737 1500 qua
1747 1432 1834 1484 inclu-

1036 1501 1136 1561 serint,
1156 1506 1221 1568 pnst
1233 1501 1343 1567 paulum
1355 1500 1563 1554 extrahendam.
1601 1502 1751 1554 Celerrime
1762 1501 1836 1555 eninr

1036 1569 1064 1621 id
1087 1570 1187 1638 pingue
1202 1571 1322 1623 transire
1337 1572 1365 1623 in
1381 1570 1491 1634 animal,
1512 1572 1630 1641 flerique
1645 1572 1835 1624 vermiculum.

1037 1640 1090 1691 atii
1101 1640 1181 1691 binas
1192 1645 1320 1693 ternasve
1332 1641 1361 1692 in
1372 1640 1435 1692 oleo
1446 1640 1575 1694 decoctas
1587 1640 1779 1694 efficacissime
1790 1655 1838 1692 au·

1036 1710 1113 1761 ribus
1135 1709 1239 1762 mederi
1260 1711 1396 1780 scribunt,
1418 1717 1447 1762 et
1464 1712 1545 1763 tritas
1559 1713 1588 1763 in
1601 1712 1719 1765 linteolo
1730 1709 1836 1778 imponi

1036 1779 1167 1831 contusis.
1189 1781 1250 1831 tloc
1261 1794 1369 1845 quoque
1380 1779 1484 1832 animal
1494 1781 1568 1833 inter
1580 1780 1709 1848 pudenda
1720 1786 1775 1833 est:
1787 1777 1837 1831 sed
1885 1828 1888 1831 .

1037 1856 1155 1914 propter
1167 1847 1380 1900 admirationem
1393 1856 1519 1913 naturae,
1527 1852 1836 1917 priscorumquecurao,

1037 1924 1124 1968 tutum
1136 1917 1163 1967 in
1177 1916 1303 1970 hocloco
1316 1916 1519 1984 explicandum.
1549 1919 1633 1970 Plura
1645 1934 1739 1970 earum
1752 1932 1835 1986 geue·

1035 2001 1067 2038 ra
1079 1984 1215 2038 fecarunt.
1244 1985 1356 2048 Molles,
1368 2002 1437 2053 quas
1448 1988 1475 2039 in
1487 1988 1551 2040 oleo
1563 1987 1702 2052 decoctas,
1713 1988 1836 2043 verrucis

1036 2055 1188 2108 efficaciter
1198 2055 1270 2106 illini
1281 2056 1390 2121 experti
1401 2063 1474 2108 sunt.
1496 2057 1621 2109 Alterum
1633 2072 1721 2125 genus
1732 2056 1838 2123 myloe-

1035 2142 1086 2178 eun
1098 2125 1287 2192 appellavere,
1306 2125 1381 2176 eirca
1391 2125 1479 2176 molas
1491 2125 1550 2178 fere
1561 2140 1684 2179 nascens.
1722 2126 1782 2177 llas
1793 2140 1839 2177 ea·

1034 2197 1092 2261 pite
1104 2195 1231 2246 detracto
1243 2194 1365 2258 attritas,
1373 2194 1465 2262 lepras
1476 2196 1726 2258 sanasse,lttusa.et
1736 2193 1838 2247 Picton

1034 2268 1061 2314 in
1078 2265 1215 2330 ereniplis
1231 2265 1413 2332 reliquerunt.
1450 2263 1578 2316 Tertium
1597 2281 1684 2334 genus
1701 2263 1838 2317 stodoris

1035 2332 1127 2385 taedin
1138 2335 1268 2396 invisum,
1279 2340 1399 2386 exacuta
1410 2334 1501 2398 clrrne,
1516 2350 1577 2388 cum
1588 2336 1725 2402 pisselaeo
1738 2346 1838 2387 sanam

1035 2401 1151 2454 hulcera
1160 2403 1233 2453 alias
1244 2404 1426 2455 insanabilia:
1438 2410 1569 2467 strumas,
1580 2419 1679 2471 panos,
1691 2403 1788 2456 diebus
1798 2405 1838 2454 ri·

1035 2472 1108 2538 giuti
1128 2485 1183 2521 uno
1194 2472 1351 2537 impositas,
1372 2486 1521 2538 percussa,
1543 2480 1670 2535 contusa,
1693 2471 1836 2535 cacoethe,

1035 2540 1166 2602 scabiem,
1178 2537 1402 2606 furunculosque,
1418 2540 1551 2592 detractis
1563 2540 1678 2607 pedibus
1689 2548 1717 2592 et
1730 2540 1836 2607 pennis.

1037 2609 1095 2660 Nos
1109 2607 1177 2660 haec
1188 2611 1271 2659 etiam
1284 2609 1382 2660 audita
1391 2608 1560 2661 fastidimus.
1597 2612 1633 2662 nt
1644 2609 1758 2661 hercule
1772 2610 1838 2660 Dio·

1037 2679 1122 2743 dorus
1133 2683 1162 2728 et
1173 2678 1201 2728 in
1215 2677 1311 2730 morbo
1323 2679 1410 2745 regin,
1422 2683 1450 2730 et
1461 2677 1653 2745 orthopnoicis
1662 2694 1693 2729 se
1704 2678 1731 2729 id
1745 2678 1837 2731 dedis·

1035 2766 1064 2802 se
1085 2746 1172 2800 tradit
1187 2761 1249 2800 cum
1266 2749 1358 2799 resina
1373 2753 1402 2799 et
1419 2747 1511 2799 melle.
1548 2749 1670 2798 Tantum
1686 2748 1836 2813 potestatis

1035 2818 1121 2871 habet
1133 2832 1167 2869 ea
1179 2832 1226 2869 ars
1238 2831 1288 2884 pro
1300 2815 1503 2868 medicamento
1516 2815 1600 2867 dandi
1613 2815 1746 2882 quidquid
1758 2816 1836 2868 velit.

1035 2886 1837 2940 llumanissimienrunrcineremcrematarumservandum

1035 2957 1069 3008 ad
1091 2957 1142 3008 hos
1165 2971 1231 3007 usus
1247 2956 1276 3006 iu
1293 2970 1395 3008 cornea
1409 2955 1513 3022 pyxide
1528 2970 1669 3019 censuere,
1691 2961 1741 3007 aut
1751 2955 1837 3007 tritas

1036 3026 1205 3094 clysteribus
1216 3024 1403 3077 infundendas
1414 3023 1614 3092 orthopnoicis,
1625 3032 1674 3076 aut
1686 3024 1837 3078 rheumati-

1035 3098 1083 3148 eis.
1120 3097 1207 3147 latina
1218 3095 1315 3163 utique
1327 3094 1437 3162 corpori
1456 3095 1546 3147 illitas
1557 3094 1705 3146 extrahere
1715 3100 1835 3146 constat.

1034 3166 1092 3218 illel
1112 3165 1293 3219 utilissimum
1315 3165 1429 3217 auribus
1450 3180 1559 3232 quoque
1576 3171 1627 3226 est,
1647 3164 1676 3213 in
1693 3178 1747 3231 quo
1767 3176 1834 3230 apes

1035 3244 1180 3287 emortuae
1199 3243 1270 3286 sunt.
1308 3234 1456 3287 Parotidas
1471 3234 1630 3301 comprimit
1648 3233 1836 3284 columbinum

1034 3314 1142 3356 stercus
1155 3303 1195 3357 rel
1208 3320 1258 3372 per
1267 3303 1360 3365 se,vel
1373 3319 1433 3354 cum
1444 3303 1535 3354 farina
1547 3301 1702 3353 hordeacea
1713 3309 1762 3353 aut
1771 3316 1836 3352 arc·

1034 3390 1129 3426 nucea.
1154 3374 1336 3440 Noctuaeque
1347 3375 1490 3426 cerebrum
1502 3370 1634 3422 rebiecur
1646 3384 1707 3419 eum
1719 3370 1783 3422 olea
1794 3370 1835 3419 in·

1034 3444 1124 3495 fusum
1136 3443 1287 3500 auriculae,
1309 3449 1358 3491 aut
1370 3439 1506 3506 parotidi:
1524 3436 1680 3504 multipeda
1694 3454 1756 3490 cum
1766 3439 1834 3489 resi·

1033 3530 1086 3563 nae
1099 3512 1183 3564 tertia
1193 3517 1272 3577 parte
1284 3509 1372 3560 illitae
1392 3508 1479 3575 grylli
1495 3507 1553 3559 sive
1565 3507 1646 3568 illiti,
1665 3509 1724 3560 sire
1735 3506 1834 3558 adalli-

1033 3583 1100 3647 gati.
1129 3583 1163 3631 At
1175 3579 1452 3647 reliquamorhorum
1465 3591 1569 3643 genera
1582 3576 1790 3643 uredicinnsque
1800 3590 1852 3628 ex«

1032 3650 1132 3702 iisdem
1144 3649 1323 3712 animalibus,
1331 3653 1379 3699 aut
1390 3645 1514 3701 eiusdem
1525 3646 1644 3715 generis,
1656 3646 1783 3713 sequenti
1796 3644 1837 3696 di·
1885 3690 1890 3701 .

1027 3730 1126 3772 ‘cemus
1138 3719 1286 3770 uolumine.

186 3909 201 3918 ·-
238 3900 1596 3930 -wm-
1621 3906 1663 3913 ··

630 4057 990 4145 C.PLINH

249 4232 970 4355 aurdanaus

211 4428 214 4433 ’
718 4438 979 4510 urae

1049 4060 1380 4145 SECUNDl

1067 4232 1769 4338 HlS'lthlAE

1030 4438 1289 4511 nxxx.

179 4823 201 4872 Ι.
217 4784 364 4871 Meamne
384 4817 523 4869 vanitates
543 4815 656 4883 saepius
672 4815 782 4884 quidem
798 4816 982 4871 antecedente

180 4889 277 4957 operis
289 4893 377 4954 parte,
401 4888 556 4955 ubicunque
568 4901 670 4938 causae
682 4889 813 4955 locusque
823 4888 983 4956 poscebant,

179 4958 368 5025 coarguimus,
382 4956 598 5025 detegemusque
611 4956 775 5008 etiamnum:
796 4958 824 5008 in
836 4959 930 5026 paucis
943 4967 983 5009 ta-

176 5043 244 5081 men
255 5026 339 5095 digna
351 5042 395 5078 res
407 5033 459 5088 est,
471 5026 505 5079 de
516 5042 571 5093 qua
582 5026 664 5092 plura
675 5026 860 5089 dieantur-,rei
875 5043 908 5078 en
919 5030 981 5095 ipso

178 5094 255 5166 qnod
266 5096 524 5148 fraudulentissima
535 5099 638 5148 artium
657 5096 805 5162 plurimum
818 5099 844 5149 in
855 5104 917 5148 tntu
929 5104 982 5149 ter·

178 5182 274 5220 rarum
288 5167 363 5230 urhe,
384 5166 568 5234 plurimisque
580 5166 683 5217 seculis
693 5166 789 5218 valuit.
826 5167 982 5218 Auctorita-

177 5244 237 5292 tem
248 5238 273 5288 ei
285 5236 431 5288 messinam
444 5233 531 5288 fuisse
541 5235 980 5303 nemomiretur,qunndnquidem

179 5307 243 5360 sola
266 5306 370 5357 artium
392 5311 451 5357 tres
474 5305 545 5356 elias
571 5305 816 5371 imperiosissimas
844 5304 982 5357 humanae

178 5377 283 5429 mentis
295 5373 441 5439 complexa
452 5375 479 5424 in
490 5388 570 5423 unam
582 5389 612 5426 se
623 5374 733 5443 redigit.
750 5375 848 5426 Natam
862 5376 980 5440 primum

178 5443 346 5495 medicina
356 5455 437 5494 nemo
447 5440 567 5506 dubitat,
578 5457 612 5495 ac
622 5445 715 5510 speeie
726 5443 844 5495 salutari
855 5445 981 5508 irrepsis-

287 5510 432 5552 ‘vannum
438 5511 661 5578 sanctioremque
669 5512 845 5564 medicinam:
858 5513 980 5565 itahlan·

486 5579 616 5647 dmisque
631 5581 777 5648 promissis
787 5580 930 5635 addidisse
940 5583 981 5634 ri·

1035 4833 1081 4872 res
1100 4818 1256 4886 religionis,
1276 4817 1310 4871 ad
1332 4832 1402 4886 quas
1422 4817 1543 4871 maxime
1563 4815 1713 4870 etiamnum
1729 4810 1836 4881 caligat

1035 4889 1183 4941 humanum
1195 4904 1290 4958 genus.
1326 4893 1415 4954 atque
1426 4894 1456 4939 ut
1473 4888 1524 4940 hoe
1534 4901 1643 4954 quoque
1654 4881 1836 4952 suggesserit,

1035 4959 1182 5013 miscuisse
1193 4967 1268 5010 artes
1279 4955 1500 5019 mathematicas,
1513 4957 1589 5008 nullo
1601 4970 1655 5006 nnn
1666 4953 1748 5004 arido
1763 4952 1835 5029 tntu3

1034 5043 1066 5079 ra
1078 5028 1113 5079 de
1130 5044 1191 5081 sese
1206 5027 1323 5089 sciendi,
1343 5035 1428 5094 atque
1444 5042 1477 5079 ea
1494 5042 1510 5079 e
1526 5025 1604 5078 eaelo
1620 5023 1765 5076 verissime
1777 5024 1836 5099 petr

1034 5098 1173 5150 credente.
1210 5097 1254 5149 lta
1275 5096 1412 5165 possessis
1429 5095 1571 5155 hominum
1583 5093 1709 5146 sensibus
1729 5083 1836 5152 triplici

1033 5167 1156 5230 maculo,
1173 5166 1318 5219 intantum
1331 5165 1441 5234 fastigii
1452 5165 1584 5227 adolevit,
1605 5169 1637 5214 ut
1649 5160 1785 5237 hodieque
1795 5159 1836 5206 et·

1033 5238 1091 5290 iam
1103 5238 1132 5287 in
1145 5250 1248 5304 magna
1259 5242 1338 5302 parte
1349 5236 1472 5302 gentium
1485 5233 1655 5303 praevaleat,
1664 5236 1693 5282 et
1701 5226 1728 5277 iu
1737 5225 1835 5274 Orien·

1032 5312 1063 5359 te
1075 5319 1171 5370 regum
1184 5304 1295 5373 regibus
1307 5306 1433 5372 imperet.

1068 5375 1102 5427 ll.
1122 5374 1189 5427 Sine
1201 5375 1286 5426 dubio
1297 5374 1357 5426 iilic
1369 5374 1434 5426 orta
1444 5373 1472 5424 in
1483 5371 1598 5425 Perside
1609 5384 1625 5419 a
1636 5366 1793 5442 Zoroastre,
1803 5367 1836 5412 ut

1033 5444 1108 5497 inter
1128 5452 1258 5497 auctores
1277 5444 1415 5496 convenit.
1452 5440 1507 5494 Sed
1530 5455 1600 5490 unus
1619 5433 1664 5485 hic
1685 5431 1779 5491 fuerit,
1794 5443 1835 5512 ‘aa

1032 5522 1132 5581 postea
1147 5521 1176 5567 et
1186 5514 1267 5577 alius,
1277 5527 1332 5569 non
1345 5514 1414 5566 satis
1425 5514 1544 5562 constat.
1580 5501 1722 5585 Eudorus
1734 5499 1781 5567 (iul
1792 5516 1834 5550 ¹¹¹·

1032 5589 1077 5638 ter
1097 5583 1254 5654 sapientiae
1273 5589 1365 5638 sectas
1361 5578 1582 5701 4⁴¹clarissimam,
1603 5570 1836 5636 utilissimamque
