4340 6018
350 277 412 337 150
498 268 703 329 ursiuli
736 261 942 327 saeuum
981 257 1145 321 NATUR.
1184 255 1375 317 Hlarus.
1410 254 1492 316 ΗΒ.
1520 254 1582 313 xl.
1622 252 1862 315 ceratas.

370 424 462 483 ionas,
483 427 515 472 ut
538 433 661 472 muscae:
688 412 822 483 quaedam
845 415 1008 478 quaternas,
1027 416 1058 461 ut
1078 422 1152 475 apes.

383 491 521 545 enrbranis
543 496 572 542 et
592 484 704 539 cicadae
724 480 828 532 rolant.
863 480 1021 541 Quaternos
1040 477 1153 539 habent,

352 577 423 630 quae
433 559 538 612 aculeis
550 558 578 608 in
591 558 653 607 alvo
671 556 822 602 arnrantur.
858 548 989 611 Nullum,
1010 548 1055 600 eui
1066 547 1152 599 telum

351 635 447 692 inore,
469 627 593 694 pluribus
616 634 696 687 quam
717 616 792 669 binis
813 616 928 668 advolat
950 618 1055 684 peanis.
1092 615 1152 666 lllis

352 702 425 751 enim
437 696 552 750 ultionis
564 705 646 742 causa
657 687 750 737 datum
763 692 815 749 est,
827 685 870 737 his
883 687 1034 738 aviditatis.
1061 683 1152 737 Nullis

351 783 446 821 eorum
459 776 562 832 pennae
574 756 739 808 reviviscunt
749 755 872 808 avulsae.
899 756 1022 819 Nullum,
1035 754 1079 806 eui
1090 768 1152 806 acu·

352 841 410 891 leus
422 836 449 884 in
461 833 531 890 alro,
543 828 660 892 bipenne
673 831 726 877 est.

385 897 508 953 XXXIV.
528 893 699 958 Quibusdam
709 909 862 962 pennarum
878 894 986 948 tutelae
1003 899 1096 946 crusta
1106 908 1151 943 su·

350 970 482 1039 pervenit,
494 971 526 1015 ut
537 964 707 1027 scarabaeis,
736 980 833 1017 uorum
845 965 957 1015 tenuior
969 963 1153 1031 fragiliorque

350 1052 446 1109 penna.
483 1035 536 1086 llis
548 1040 667 1101 negatus
678 981 804 1085 neiieus:
825 1032 874 1086 sed
883 1032 910 1084 in
921 1033 1040 1100 quodam
1053 1045 1153 1097 genere

349 1121 443 1158 rorum
466 1102 574 1171 grandi,
595 1117 701 1153 cornua
721 1101 882 1169 praelonga,
902 1102 1017 1153 bisulcis
1039 1100 1153 1151 dentata

349 1173 505 1240 forcipibus
518 1170 708 1233 laceramine,
729 1185 789 1223 eum
802 1171 893 1231 libuit,
913 1170 947 1221 ad
961 1183 1080 1220 morsum
1093 1183 1153 1220 coe·

350 1244 470 1304 ontibus,
481 1240 627 1292 infantium
638 1241 721 1292 etiam
734 1239 865 1291 remediis
876 1254 910 1291 ex
923 1239 1030 1292 cervice
1040 1254 1152 1304 suspen-

349 1316 459 1365 duntur.
496 1312 627 1362 Lucanos
638 1315 718 1360 vocat
729 1307 780 1359 hos
792 1307 929 1374 Nigidius.
964 1307 1045 1359 Aliud
1058 1322 1153 1359 rursus

349 1396 444 1434 eorum
457 1394 559 1447 genus,
579 1380 625 1445 qui
638 1394 653 1431 e
664 1380 728 1429 tinio
739 1377 866 1443 ingentes
885 1376 956 1443 pilas
972 1378 1061 1428 aversi
1073 1375 1151 1443 pedi·

348 1453 400 1503 bus
410 1449 547 1510 volutant,
558 1463 712 1515 parvosque
723 1447 752 1497 in
764 1448 797 1497 iis
809 1453 906 1498 eontra
917 1448 1037 1512 rigorem
1052 1444 1151 1497 hiemis

350 1519 518 1572 vermiculos
534 1518 626 1569 luctus
636 1517 680 1568 sui
692 1516 863 1567 nidulantur.
899 1513 1026 1566 Volitant
1036 1515 1084 1566 alii
1096 1530 1152 1564 ma·

349 1604 405 1657 gno
419 1604 480 1641 eum
493 1602 632 1639 murmure
644 1601 677 1637 ae
687 1585 802 1652 mugitu.
813 1584 865 1635 Alii
878 1583 956 1635 locos
966 1591 994 1635 et
1004 1593 1084 1651 prata
1095 1599 1153 1635 ere·

348 1661 406 1711 bris
418 1656 600 1711 foraminibus
620 1661 768 1715 excavant,
790 1660 926 1704 nocturno
942 1653 1062 1705 stridore
1074 1668 1154 1704 roca·

348 1730 401 1781 les.
431 1726 537 1779 lucent
548 1724 651 1792 ignium
663 1722 747 1775 modo
758 1728 852 1784 noeto,
862 1723 980 1774 laterum
992 1729 1021 1775 et
1032 1722 1152 1774 clunium

350 1798 445 1851 colore
456 1793 711 1861 lampyrides,nune
721 1806 872 1860 pennarum
883 1791 961 1844 hiatu
971 1790 1154 1858 refulgentes,

349 1882 423 1921 nune
433 1879 500 1917 vero
511 1878 670 1930 compressu
687 1862 885 1925 obumbratae,
905 1877 959 1913 nun
969 1867 1032 1914 ante
1043 1868 1155 1913 matura

349 1934 458 2008 pabula,
470 1940 518 1988 aut
529 1939 591 2002 post
603 1930 717 1985 desecta
726 1932 900 2000 conspicuae.
924 1934 948 1983 E
959 1934 1100 1983 constrarin
1112 1937 1152 1981 te·

348 2006 494 2061 nebrnrum
506 2004 619 2056 alanum
629 2004 726 2055 blattis
738 2004 808 2064 rita,
828 2003 973 2068 lucemque
985 2000 1103 2069 lugiunt,
1124 2000 1154 2048 in

349 2074 591 2130 balineismaxime
603 2072 716 2123 humido
728 2086 830 2138 vapore
841 2079 1005 2139 prognatae.
1032 2069 1054 2121 F
1056 2069 1154 2120 odiunt

349 2144 489 2197 eteoclem
502 2157 603 2210 genere
614 2141 701 2192 rutuli
712 2147 796 2207 atque
809 2139 995 2207 praegrandes
1007 2137 1152 2190 scarabaei

350 2215 478 2267 tellurem
491 2211 608 2272 aridam,
617 2211 749 2276 favosque
761 2224 861 2275 parrae
871 2224 904 2260 ac
915 2209 1059 2261 listulosae
1070 2206 1153 2259 modo

349 2283 493 2349 spongiae,
506 2280 642 2332 medicato
655 2278 737 2331 ruelle
750 2279 864 2346 lingunt.
901 2279 932 2329 ln
944 2276 1066 2329 Thracia
1075 2278 1154 2327 iuxta

350 2349 503 2418 Olynthum
516 2348 594 2400 locus
605 2356 649 2401 est
660 2363 770 2414 paruus,
786 2348 814 2397 in
826 2361 879 2413 quo
891 2361 973 2397 unum
986 2346 1039 2399 hoc
1049 2345 1153 2397 uniural

349 2419 532 2479 exanimatur,
543 2417 577 2468 ob
590 2417 642 2469 hoe
651 2414 899 2469 Cantharolethrus
911 2415 1074 2483 appellatus.

385 2488 493 2539 l'ennae
504 2486 616 2539 insectis
629 2485 754 2537 omnibus
761 2486 824 2551 sine
835 2486 970 2537 scissura:
982 2485 1053 2536 nulli
1064 2483 1155 2536 cauda

351 2557 404 2608 nisi
414 2556 560 2622 scorpioni.
597 2555 653 2607 llic
664 2570 760 2607 eorum
770 2553 847 2605 solus
858 2561 886 2604 et
896 2551 1012 2605 brachia
1022 2553 1114 2615 habet,
1125 2560 1155 2605 et

349 2628 379 2677 in
391 2624 632 2691 caudaspieulum.
670 2624 850 2690 Reliquorum
867 2621 1029 2690 quibusdam
1042 2622 1154 2674 aculeus

351 2695 377 2745 in
390 2709 446 2757 ore,
459 2701 489 2744 ut
501 2693 644 2755 asilo,sive
654 2694 785 2744 tabanum
798 2690 852 2743 dici
863 2691 969 2757 placet:
980 2694 1049 2744 item
1061 2691 1153 2754 culici,

352 2770 380 2815 et
393 2761 556 2830 quibasdam
567 2761 678 2812 muscis.
715 2761 849 2812 Omnibus
860 2768 953 2813 autem
972 2759 1015 2812 his
1027 2764 1054 2812 in
1066 2776 1114 2814 ore
1125 2768 1154 2813 et

370 2848 401 2883 ro
413 2833 509 2901 lingua
519 2837 586 2882 sunt
596 2829 623 2880 hi
636 2830 735 2881 aculei.
773 2831 942 2893 Quibusdam
957 2828 1086 2893 hebetes,
1106 2846 1153 2883 ne·

345 2849 404 2968 ine
414 2900 449 2952 ad
462 2907 598 2967 punctum,
608 2899 656 2950 sed
669 2899 705 2950 ad
715 2905 871 2961 suctunr,ut
884 2914 1037 2951 muscarum
1049 2899 1153 2967 generi,

348 2971 378 3022 in
391 2985 444 3038 quo
456 2970 549 3037 lingua
560 2966 672 3019 evidens
694 2967 788 3018 listula
809 2975 859 3019 est.
896 2968 955 3020 Nec
969 2977 1036 3021 sunt
1048 2968 1152 3020 talibus

351 3039 461 3090 dentes.
496 3036 566 3087 Aliis
581 3035 723 3088 cornicula
737 3043 802 3088 ante
822 3036 917 3088 oeulos
933 3038 1153 3104 praetenduntur

350 3107 462 3174 ignara,
482 3110 514 3154 ut
536 3103 733 3170 papilionibus.
768 3105 910 3166 Quaedam
932 3109 1038 3159 insecta
1058 3113 1153 3158 carent

350 3173 460 3241 pennis,
470 3177 501 3223 ut
510 3171 702 3239 scolopendra.

386 3241 500 3294 XXXV.
519 3241 690 3292 insectorum
710 3243 795 3308 pedes
816 3245 914 3308 quibus
935 3251 1009 3303 sunt,
1030 3243 1058 3291 in
1083 3241 1152 3291 obli·

351 3326 434 3380 quum
448 3318 600 3361 morentur.
637 3310 818 3371 Quorundam
831 3312 949 3364 extremi
960 3309 1102 3377 longiores
1111 3306 1152 3359 lo·

350 3381 388 3432 ris
401 3387 562 3441 curvantur,
586 3385 615 3429 ut
627 3379 752 3432 locustis.
789 3381 850 3433 Hae
863 3383 987 3447 pariunt,
1008 3381 1150 3430 interram

350 3450 471 3503 demisso
482 3449 581 3516 spinae
591 3449 684 3512 caule,
706 3463 758 3501 ova
768 3449 922 3511 condensa,
943 3447 1069 3501 autumni
1081 3457 1150 3499 tem-

349 3533 426 3587 pore.
447 3517 489 3568 Ea
500 3516 602 3568 durant
613 3515 702 3570 hieme
712 3520 762 3570 sub
775 3526 859 3572 terra.
876 3518 1067 3584 subsequente
1079 3531 1150 3566 anno

351 3587 428 3639 exitu
438 3587 512 3639 veris
522 3585 653 3638 emittunt
664 3601 778 3652 parvm,
799 3588 941 3655 nigrantes
952 3593 980 3638 et
989 3587 1050 3637 sine
1062 3587 1150 3636 cruri·

349 3657 409 3718 bus,
429 3656 581 3722 pennisque
600 3662 751 3722 reptantes.
789 3657 884 3723 ltaque
906 3655 998 3709 rernis
1016 3655 1097 3722 aquis
1109 3654 1149 3703 in·

348 3730 461 3779 tereunt
478 3738 543 3776 ora:
567 3728 697 3793 siccoque
710 3741 776 3779 rere
796 3726 885 3776 maior
900 3731 1060 3793 proventus.
1095 3722 1150 3774 Alii

348 3794 485 3860 duplicem
499 3808 592 3845 earum
604 3793 726 3859 loetum,
747 3794 888 3861 geminum
907 3794 1012 3846 exitum
1025 3789 1150 3843 tradunt.

348 3861 535 3929 Vergiliarum
548 3872 648 3917 exortu
668 3879 780 3930 parere,
802 3861 902 3915 deinde
914 3862 949 3913 sd
961 3862 1045 3913 Canis
1057 3867 1150 3913 ortum

348 3933 442 3994 obire,
464 3937 493 3983 et
512 3931 583 3983 alias
595 3934 711 3985 renasci.
747 3929 866 3995 Quidam
878 3931 989 3982 Arcturi
1000 3944 1100 3983 occasu
1110 3944 1152 3981 re·

347 4000 433 4053 nasci.
453 4000 525 4052 ltlori
539 4008 650 4061 matres,
662 4015 723 4051 cum
735 4000 902 4066 pepererint,
914 4006 1020 4052 eertum
1031 4006 1083 4062 est,
1093 4014 1152 4051 rer·

347 4070 449 4122 mieulo
461 4070 557 4122 statim
571 4069 643 4119 eirca
655 4068 749 4120 lauces
760 4075 924 4133 enascente,
945 4070 992 4137 qul
1004 4085 1052 4122 eas
1062 4075 1152 4120 stran-

346 4141 434 4207 gulat.
471 4137 577 4191 Eodem
588 4143 715 4204 tempore
728 4152 817 4189 mares
830 4139 942 4192 obeunt.
967 4141 1038 4192 'lam
1050 4137 1152 4191 frivola

346 4213 455 4262 ratione
466 4208 628 4269 morientes,
637 4214 868 4275 serpentem,cum
880 4208 973 4271 libuit,
985 4215 1087 4262 necant
1095 4207 1152 4259 sin·

338 4279 438 4349 gulae,
450 4276 579 4329 lancibus
590 4277 651 4330 eius
662 4276 843 4398 apprehensis
855 4278 1005 4331 mordicus.
1024 4278 1088 4331 Non
1100 4292 1149 4330 na·

348 4354 475 4405 suuntur,
495 4347 547 4398 nisi
559 4347 670 4399 rimosis
695 4349 762 4400 ocis.
797 4347 828 4399 ln
841 4347 919 4401 india
929 4352 1038 4400 ternum
1051 4346 1150 4414 pedum

347 4411 532 4477 longitudinis
549 4432 609 4470 esse
626 4417 789 4480 traduntur,
813 4417 938 4470 eruribus
954 4424 983 4471 et
1004 4416 1151 4470 feminibus

347 4494 486 4532 serrarum
493 4496 571 4535 usum
583 4489 727 4551 praebere,
736 4502 796 4539 eum
808 4487 972 4540 inaruerint.
983 4487 1034 4538 Est
1044 4495 1073 4540 et
1079 4485 1151 4539 aliua

349 4562 444 4600 earum
456 4550 556 4602 obitus.
578 4553 634 4606 (ire
656 4558 724 4609 adm
736 4558 864 4610 sublatae
873 4566 956 4611 rento
966 4556 994 4607 in
1005 4560 1093 4608 maria
1103 4561 1152 4608 aut

347 4624 448 4698 stagna
459 4614 598 4697 decidunt.
633 4573 719 4676 lorte
731 4624 784 4676 boe
794 4643 915 4695 casuque
926 4626 1025 4686 evenit,
1041 4640 1096 4676 non
1109 4628 1151 4685 (ut

348 4685 431 4751 prisci
437 4688 641 4751 existimavere)
653 4692 958 4748 madefactisnoeturno
966 4693 1151 4748 hamorealis.

348 4753 435 4806 lidem
448 4754 549 4820 quippe
570 4770 620 4806 uec
630 4757 728 4810 volare
739 4774 786 4811 eas
797 4765 924 4815 noctibus
941 4770 1055 4831 propter
1064 4761 1151 4829 frigo·

348 4837 381 4874 ra
392 4820 580 4874 tradiderunt:
602 4823 690 4890 ignari
712 4828 795 4880 etiam
807 4830 956 4900 longinqua
969 4833 1059 4884 maria
1068 4832 1103 4883 ab
1113 4831 1156 4899 iis⁸

347 4891 471 4953 transiri,
493 4891 657 4944 continuata
671 4894 789 4961 plurium
808 4896 914 4952 dierum
935 4901 1150 4968 (quodmaxime

348 4961 494 5021 miremur)
505 4959 578 5012 fame
589 4976 706 5029 quoque,
725 4978 807 5030 quam
819 4976 931 5035 propter
941 4978 1057 5023 externa
1067 4971 1151 5037 pabu-

348 5029 377 5081 la
386 5035 481 5095 petere
492 5030 591 5081 sciunt.
627 5029 752 5085 Deorum
762 5034 820 5088 irae
831 5039 917 5104 pestis
929 5054 964 5091 ea
973 5038 1150 5107 intelligitur.

347 5096 474 5165 Namque
496 5106 524 5150 et
545 5099 705 5164 grandiores
728 5112 887 5169 cernuntur,
908 5115 936 5160 et
957 5115 1036 5161 tanto
1054 5108 1151 5159 rolant

348 5181 501 5233 pennarum
513 5167 678 5229 stridor-eut
688 5170 763 5223 aliae
773 5172 856 5225 alites
867 5174 1030 5229 credantur:
1041 5176 1149 5229 Solem·

349 5251 400 5302 que
412 5236 586 5299 obumbrant,
605 5237 734 5291 sollicitis
748 5247 971 5308 suspectantibus
982 5246 1102 5314 populis,
1116 5262 1151 5298 ne

346 5318 411 5356 suus
422 5305 547 5372 operiant
559 5312 656 5387 terras.
684 5306 832 5361 Sufficiunt
841 5312 943 5379 quippe
953 5313 1038 5367 eires:
1050 5322 1080 5367 et
1093 5322 1151 5367 tsn-

347 5389 427 5439 quam
449 5388 544 5440 parum
561 5382 598 5424 srt
609 5375 698 5426 maria
711 5378 863 5440 transisse,
884 5381 1033 5434 immensos
1045 5390 1151 5436 tractus

347 5449 498 5507 permeant,
521 5442 636 5510 diraque
648 5445 788 5498 messibus
799 5456 953 5514 contegunt
962 5451 1042 5513 nube,
1063 5454 1152 5505 multa

346 5511 653 5566 contaeluadurentes:
676 5514 773 5568 omnia
793 5530 860 5567 rere
883 5531 978 5569 memo
994 5519 1151 5585 erodentes,

1151 2443 1156 2449 ·
1206 2415 1311 2468 ridant.

1206 414 1235 460 et
1247 405 1323 459 lores
1335 420 1442 472 quoquc
1454 410 1600 456 tectorum.
1621 402 1730 455 ltaliam
1742 419 1777 457 ex
1786 402 1882 457 Ainea
1891 406 2012 461 maxims

1207 483 1320 528 coortae
1332 473 1484 536 infestant,
1506 487 1590 539 saepe
1600 472 1703 539 populo
1715 473 1751 525 ad
1762 474 1902 542 Sibyllina
1913 486 2010 529 coacto

1205 545 1330 597 remedia
1343 542 1501 611 confugere,
1511 538 1623 608 inopine
1635 550 1718 595 metu.
1756 542 1786 595 ln
1798 545 1954 612 Cyrenaica
1966 560 2010 598 re·
2056 590 2074 609 ,

1205 615 1288 682 giorm
1307 614 1353 664 lex
1365 612 1449 666 etiam
1461 619 1504 663 est
1514 618 1560 663 ter
1570 625 1644 662 anno
1664 611 1824 664 debellandi
1836 629 1898 675 eas,
1921 615 2010 682 primo

1206 700 1260 736 ova
1280 681 1444 744 obterendo,
1466 679 1563 732 deinde
1580 681 1696 742 loetum,
1715 688 1858 747 postremo
1881 682 2008 735 adultas:

1207 752 1359 806 desertoris
1370 766 1462 820 poena
1472 750 1500 801 iu
1512 765 1589 813 eum,
1610 750 1659 816 qui
1672 752 1833 802 cessaverit.
1869 751 1906 802 Et
1918 754 1946 803 in
1959 752 2011 804 lie-

1206 839 1270 876 mno
1280 822 1373 875 insula
1386 827 1464 874 certa
1481 833 1610 872 mensura
1625 820 1773 885 praefinita
1784 826 1840 883 est,
1861 835 1943 887 quam
1954 823 2011 873 siu·

1205 893 1264 962 guli
1276 898 1452 944 enecatarum
1465 890 1499 941 ad
1511 890 1688 956 magistratus
1699 888 1832 941 referant.
1857 889 2011 942 Graeculos

1207 977 1315 1030 quoque
1325 961 1360 1012 ob
1372 959 1400 1011 id
1413 961 1516 1021 colunt,
1528 958 1644 1009 adverso
1656 959 1752 1010 relatu
1765 966 1950 1020 occurrentes,
1964 975 2010 1011 ea·

1205 1046 1266 1082 rum
1277 1030 1373 1083 exitio.
1410 1029 1515 1081 Necare
1527 1034 1555 1079 et
1569 1028 1596 1078 in
1609 1026 1695 1095 Syria
1705 1028 1822 1081 militari
1834 1028 1952 1096 imperio
1963 1044 2010 1080 co·

1205 1108 1318 1168 guntur.
1354 1099 1410 1149 'l'ot
1420 1097 1496 1149 orbis
1508 1098 1633 1165 partibus
1646 1103 1762 1164 vagatur
1772 1097 1801 1149 id
1812 1098 1925 1150 nralum.
1945 1098 2011 1151 l'ar·

1206 1168 1262 1220 this
1274 1175 1303 1221 et
1315 1165 1366 1219 hae
1377 1167 1406 1217 in
1417 1167 1479 1218 cibo
1490 1175 1597 1231 gratae.
1634 1163 1697 1218 Vos
1710 1182 1804 1219 earum
1823 1167 1963 1235 proticisci
1973 1168 2009 1219 ab

1206 1234 1338 1303 occipitio
1350 1237 1468 1288 videtur.
1505 1236 1546 1286 Eo
1567 1235 1629 1287 loeo
1647 1235 1675 1286 io
1694 1239 1876 1288 commissura
1887 1237 2010 1306 scapula·

1206 1323 1268 1359 rum
1281 1305 1383 1358 habere
1395 1306 1472 1372 quasi
1485 1305 1582 1355 dentes
1595 1305 1799 1368 existimantur,
1821 1321 1923 1374 eosque
1934 1308 2008 1359 inter

1206 1393 1236 1429 se
1250 1375 1374 1429 terendo·
1392 1373 1541 1428 stridorem
1559 1373 1651 1436 edere,
1672 1374 1746 1427 eirca
1767 1374 1823 1429 duo
1834 1376 2009 1442 aequinoctia

1206 1447 1334 1509 maxime,
1346 1445 1418 1496 sicut
1428 1442 1540 1495 cicadae
1551 1444 1625 1495 circa
1635 1444 1798 1496 solstitium.
1827 1444 1924 1497 Coitus
1936 1444 2010 1512 locu·

1206 1524 1321 1578 starum,
1343 1514 1428 1580 quiet
1439 1515 1608 1565 insectorum
1620 1514 1742 1565 omnium
1753 1530 1824 1582 quae
1834 1521 1944 1576 coeunt,
1955 1528 2010 1566 ma·

1205 1600 1263 1636 rem
1276 1590 1405 1652 portante
1417 1582 1528 1646 semina,
1549 1585 1577 1633 in
1588 1598 1650 1635 eum
1662 1583 1827 1637 feminarum
1840 1584 1938 1636 ultimo
1948 1598 2009 1635 cau·

1206 1652 1259 1706 dae
1270 1652 1391 1715 reflexo,
1413 1652 1550 1720 tardoque
1561 1653 1697 1719 digressu.
1732 1653 1861 1708 lllinores
1874 1653 2010 1706 autcario

1206 1723 1280 1775 onrni
1291 1721 1342 1773 hoc
1353 1737 1453 1789 genere
1464 1722 1573 1773 leminis
1584 1737 1682 1775 orares.

1241 1792 1368 1845 xxxvl.
1383 1790 1505 1843 Plurima
1516 1794 1685 1843 insectorum
1695 1792 1875 1844 vermiculum
1882 1793 2010 1860 gignunt.

1205 1862 1275 1914 Nam
1288 1870 1316 1914 et
1327 1860 1461 1913 lornricae
1472 1860 1591 1912 similem
1609 1861 1670 1913 oris
1687 1876 1764 1914 rere:
1785 1867 1814 1914 et
1825 1861 1876 1913 hae
1889 1875 2012 1913 eommu-

1206 1933 1330 1984 nicantes
1343 1929 1482 1982 laborem:
1502 1929 1551 1981 sed
1565 1944 1631 1995 apes
1639 1931 1722 1982 utiles
1735 1930 1840 1982 iaciunt
1851 1930 1939 1992 eibos,
1958 1927 2012 1982 hae

1206 2000 1339 2053 condunt.
1374 2001 1413 2051 Ae
1424 2000 1447 2051 si
1459 2000 1521 2066 quis
1532 2007 1674 2066 comparet
1685 2015 1771 2052 onera
1789 2000 1954 2066 corporibus
1966 2013 2011 2050 ea·

1206 2086 1276 2133 rum,
1297 2068 1428 2130 fateatur,
1451 2068 1535 2121 nullis
1557 2070 1687 2135 portione
1705 2072 1779 2121 rires
1798 2084 1859 2121 esse
1881 2069 2010 2121 nisiores.

1206 2139 1315 2191 (lerunt
1328 2154 1362 2190 ea
1371 2153 1473 2190 morsu.
1486 2138 1596 2191 Maiora
1609 2154 1723 2190 aversae
1734 2138 1884 2206 postremis
1895 2138 2011 2205 pedibus
2057 2132 2064 2143 ’

1205 2208 1368 2269 moliuntur,
1380 2207 1503 2259 humeris
1515 2207 1643 2259 obnixae.
1680 2208 1764 2259 litiis
1775 2205 1953 2273 Reipublicae
1964 2221 2009 2259 ra·

1207 2279 1257 2340 tio,
1267 2277 1411 2339 mensoria,
1422 2291 1496 2328 eura.
1533 2276 1644 2329 Semina
1655 2291 1752 2329 arrosa
1764 2279 1894 2341 condunt,
1904 2293 1940 2330 ne
1952 2290 2011 2328 rur·

1205 2363 1251 2398 sus
1262 2347 1289 2397 in
1300 2348 1394 2465 lrugps
1405 2351 1505 2397 exeant
1516 2361 1531 2397 e
1542 2355 1625 2398 terra.
1640 2348 1751 2399 Maiora
1762 2346 1799 2399 ad
1811 2347 1955 2398 introitum
1967 2345 2010 2397 di·

1347 2442 1358 2466 .
1380 2412 1509 2466 adcincta
1527 2414 1616 2468 imbre
1638 2414 1786 2482 proferunt
1799 2422 1881 2483 atque
1896 2417 2010 2468 siccant.

1206 2487 1361 2554 operantur
1372 2492 1400 2536 et
1412 2491 1496 2536 noctu
1506 2483 1589 2551 plena
1598 2484 1689 2538 Luna.
1726 2485 1848 2538 Eaedem
1860 2484 2011 2537 interlunio

1207 2563 1325 2609 cessant.
1346 2556 1405 2607 lam
1418 2553 1540 2620 inopere
1552 2554 1600 2621 qui
1612 2554 1710 2608 labori
1728 2569 1799 2622 quae
1809 2553 1962 2606 sedulitasl
1974 2556 2011 2606 Et

1207 2625 1337 2691 quoniam
1349 2639 1383 2676 ex
1396 2623 1507 2675 diverso
1526 2623 1683 2677 conrehunt
1700 2625 1791 2677 altera
1806 2623 1921 2676 alterius
1931 2624 2008 2742 lgna·

1205 2709 1246 2755 ra,
1267 2696 1339 2747 certi
1361 2694 1420 2745 dies
1439 2693 1474 2744 ad
1494 2695 1713 2762 recognitionem
1735 2700 1859 2745 mutuam
1878 2708 1932 2743 uun
1954 2691 2009 2742 iuis

1206 2763 1315 2814 dantur.
1352 2762 1429 2824 Quae
1446 2769 1514 2813 tunc
1528 2778 1624 2815 carum
1641 2763 1835 2816 concursatiol
1856 2776 1937 2829 quam
1948 2760 2011 2811 dili·

1205 2845 1346 2899 genscum
1358 2832 1449 2883 ebriis
1460 2831 1596 2897 quaedam
1608 2833 1758 2885 collocutio
1770 2840 1853 2898 atque
1868 2837 2012 2898 perconta-

1204 2900 1265 2952 tiol
1275 2900 1373 2953 Silices
1385 2900 1485 2951 itinere
1498 2915 1592 2951 earum
1606 2903 1720 2953 attritos
1731 2901 1900 2962 ridemus,et
1909 2901 1936 2951 in
1948 2913 2012 2966 ope·

1204 2985 1236 3022 re
1246 2970 1372 3021 semitam
1384 2968 1536 3028 laetam,ne
1546 2970 1608 3034 quis
1620 2967 1728 3019 dubitet
1758 2969 1895 3020 nalibetin
1906 2967 2011 3036 requid

1205 3041 1294 3105 possit
1305 3036 1546 3103 quantulacunque
1557 3035 1717 3086 assiduitas.
1739 2985 1885 3117 iepeliunt
1897 3038 2013 3089 interae

1204 3108 1352 3157 virentium
1363 3103 1450 3167 solae,
1460 3110 1574 3171 praeter
1582 3101 1729 3157 homiuem.
1755 3100 1818 3155 hon
1829 3110 1893 3154 sunt
1903 3104 1931 3154 in
1942 3104 2012 3158 Siei-

1205 3174 1243 3225 lia
1254 3178 1401 3241 pennatae.

1239 3242 1350 3294 indicae
1360 3239 2009 3308 formicaecornua,Erythrislneedellerculis

1204 3312 1270 3373 lixa,
1281 3310 1416 3362 miraculo
1428 3309 1514 3360 luere.
1527 3311 1631 3362 Aurum
1643 3327 1677 3363 ex
1688 3312 1814 3364 cavernis
1825 3321 1942 3380 egerunt
1954 3320 2010 3365 ter·

1204 3396 1261 3441 rae,
1281 3380 1308 3430 iu
1319 3380 1432 3448 regione
1442 3379 1710 3446 septemtrionalium
1724 3379 1862 3443 indorum,
1882 3381 1928 3448 qui
1940 3381 2009 3433 Dar-

1204 3450 1255 3502 dae
1265 3456 1408 3501 rocantur.
1429 3449 1500 3515 ipsis
1511 3448 1590 3500 color
1600 3447 1705 3511 lelium,
1717 3448 1879 3517 magnitudo
1888 3452 2010 3518 Aegypti

1203 3520 1342 3585 luporum.
1380 3518 1497 3569 Erotem
1511 3516 1563 3575 hoc
1575 3520 1610 3570 ab
1620 3519 1656 3569 iis
1668 3527 1794 3586 tempore
1806 3517 1929 3579 hiberno,
1948 3520 2007 3570 lndi

1203 3587 1331 3638 iurantur
1343 3587 1448 3638 aestivo
1466 3585 1592 3648 fervore,
1614 3588 1733 3639 conditis
1751 3594 1865 3655 propter
1876 3602 2006 3654 vaporem

1204 3659 1232 3708 in
1243 3655 1388 3708 cuniculos
1398 3654 1540 3707 formicis:
1558 3670 1628 3722 quae
1639 3662 1731 3708 tamen
1743 3657 1829 3709 odore
1838 3656 2008 3709 sollicitatae

1204 3724 1360 3794 provolant,
1383 3724 1683 3789 erebroqnelacerant,
1705 3725 1829 3793 quamvis
1840 3726 2008 3793 praeveloei·
2087 3756 2092 3763 -

1203 3797 1253 3848 bus
1264 3792 1378 3846 camelis
1389 3790 1538 3858 fugientes.
1575 3793 1667 3845 Tanta
1687 3794 1843 3860 pemieitas
1854 3793 2008 3862 feritasque

1203 3871 1246 3917 est
1257 3878 1317 3914 eum
1330 3876 1426 3913 amore
1436 3862 1506 3911 auri.

1262 3929 1402 3984 xxxvii.
1421 3929 1513 3982 Multa
1523 3935 1617 3983 autem
1627 3931 1737 3986 insecta
1746 3940 1776 3987 et
1791 3934 1875 3987 aliter
1891 3950 2008 3988 nascun-

1202 4008 1256 4061 tur,
1269 4006 1351 4069 atque
1361 4000 1390 4050 in
1402 4000 1500 4067 primis
1512 4014 1546 4052 ex
1556 4016 1629 4054 rore.
1665 4003 1773 4057 insidet
1783 4001 1827 4057 hie
1838 4003 1956 4072 raphani
1966 4003 2008 4057 lo-

1203 4070 1241 4122 lio
1253 4070 1343 4136 primo
1355 4083 1437 4134 rere,
1458 4077 1488 4121 et
1510 4070 1649 4136 spissatus
1660 4072 1726 4125 Sole
1742 4073 1771 4125 in
1791 4075 2007 4142 magnitudinem

1203 4140 1274 4192 nrilii
1285 4138 1404 4207 cogitur.
1439 4137 1506 4191 lmle
1517 4141 1672 4207 porrigitur
1681 4143 1848 4195 vermiculus
1859 4157 1969 4208 parvus,
1979 4152 2009 4196 et

1202 4209 1296 4261 triduo
1309 4222 1406 4260 eruca:
1426 4222 1499 4275 quae
1510 4208 1626 4261 adiectis
1639 4209 1738 4264 diebus
1750 4212 1892 4274 accrescit,
1912 4212 2008 4264 inimo·

1202 4279 1276 4342 bilis,
1287 4278 1357 4330 duro
1368 4278 1484 4330 cortices
1506 4279 1541 4331 ad
1556 4286 1660 4332 tactum
1672 4287 1777 4334 tanturn
1787 4287 1926 4351 moretur,
1948 4295 2008 4333 ara·

1202 4366 1255 4405 neo
1276 4355 1402 4411 acereta,
1424 4363 1504 4416 quam
1526 4347 1725 4417 chrysallidem
1747 4350 1905 4418 appellant:
1925 4356 2008 4418 rupto

1203 4420 1303 4473 deinde
1314 4420 1419 4471 cortice
1431 4418 1508 4470 relat
1519 4419 1633 4485 papilio.

1237 4487 1392 4541 xxxvio.
1411 4486 1458 4541 Sic
1477 4487 1613 4555 quaedam
1636 4502 1670 4541 er
1690 4488 1778 4540 imbre
1799 4493 1968 4556 generantur
1977 4489 2007 4541 in
2072 4526 2080 4535 .

1202 4563 1292 4610 terrae
1315 4557 1449 4625 quaedam
1461 4564 1489 4609 et
1502 4558 1529 4609 in
1541 4558 1625 4676 ligno.
1650 4556 1720 4609 ”Nee
1729 4556 1802 4608 enim
1815 4556 2008 4610 comitantum

1202 4626 1230 4677 in
1240 4642 1284 4686 eo,
1294 4626 1343 4678 sed
1355 4628 1438 4677 etiam
1451 4625 1545 4677 tabani
1573 4641 1590 4676 a
1600 4640 1634 4677 eo
1645 4628 1807 4675 nascuntur:
1820 4628 1850 4674 et
1859 4622 2007 4686 alibi,ubi·

1200 4710 1309 4762 cunque
1320 4692 1420 4745 humor
1431 4699 1474 4746 est
1485 4694 1599 4758 nimlps:
1620 4693 1693 4743 sicut
1709 4693 1782 4743 intra
1798 4690 1939 4745 hominem
1951 4702 2024 4749 tau.

1202 4765 1266 4816 niae
1276 4763 1410 4815 tricenum
1422 4760 1531 4827 pedum,
1547 4759 1696 4826 aliquando
1708 4766 1737 4814 et
1747 4760 1869 4829 plurium
1882 4762 2006 4832 longitu-

1202 4832 1273 4886 dine.

1236 4898 1366 4953 XXXIX.
1383 4898 1441 4951 lam
1451 4898 1479 4949 in
1490 4912 1573 4951 carne
1584 4900 1714 4961 exanimi,
1737 4908 1766 4953 et
1777 4901 1928 4955 urentium
1940 4918 2007 4971 qao·

1202 4984 1255 5038 que
1270 4966 1411 5019 bominum
1427 4967 1542 5034 capillo:
1563 4982 1619 5036 qua
1635 4966 1769 5022 foeditate
1786 4978 1814 5023 et
1825 4970 1906 5024 Sulla
1922 4972 2008 5027 dieta·

1202 5047 1256 5100 tor,
1279 5043 1307 5089 et
1318 5037 1432 5089 Alcman
1444 5053 1477 5091 ex
1489 5037 1653 5088 clarissimis
1664 5038 1798 5092 Graeciae
1811 5043 1911 5107 poetis,
1932 5042 2008 5093 obie-

1201 5123 1241 5160 re.
1277 5108 1340 5158 lloe
1350 5105 1458 5171 quidem
1472 5112 1575 5158 stares
1587 5104 1715 5159 infestat:
1732 5108 1881 5174 phasianas
1893 5126 1957 5163 vero
1967 5110 2007 5161 ia·

1201 5176 1317 5237 terimit,
1332 5175 1387 5226 nisi
1397 5175 1576 5241 pulverantes
1586 5190 1655 5227 sese.
1691 5175 1769 5228 Pilos
1780 5177 1941 5232 habentium
1954 5179 2008 5231 asi-

1201 5260 1266 5299 num
1287 5249 1394 5295 tantum
1413 5248 1562 5295 immunem
1581 5242 1633 5296 hoc
1648 5246 1721 5296 nralo
1738 5247 1861 5309 credunt,
1884 5255 1913 5300 et
1933 5262 2007 5297 ores.

1202 5315 1361 5382 Giguuntur
1371 5320 1463 5365 autem
1477 5320 1505 5364 et
1518 5313 1605 5366 restis
1616 5326 1726 5380 genere,
1747 5316 1894 5382 praecipue
1906 5314 2007 5367 lanino

1201 5386 1412 5437 interemtarum
1425 5381 1628 5448 alapisorium.
1641 5384 1734 5450 Aquas
1743 5399 1853 5452 quoque
1865 5382 2007 5451 quasdam,

1203 5453 1301 5519 quibus
1311 5452 1445 5513 lavamur,
1452 5451 1604 5503 fertiliores
1615 5451 1674 5503 eius
1685 5453 1806 5521 generis,
1814 5453 1925 5505 invenio
1932 5451 2007 5517 apud

1201 5529 1341 5574 auctores.
1377 5519 1486 5589 Quippe
1499 5524 1654 5602 cometissa
1666 5536 1746 5575 cerae
1757 5522 1784 5574 id
1794 5523 1919 5590 gignant,
1929 5521 2007 5587 quod
