4356 6014
341 352 403 410 212
499 346 530 409 C.
576 290 725 408 rniNil
759 339 965 404 secubat
998 336 1371 400 attumulatur
1416 334 1640 400 uiu.xvri.
1681 335 1848 398 carta.

344 498 440 553 maltis
459 499 528 553 locis
539 498 667 565 Europae
687 493 734 546 hic
747 505 809 543 mos
828 488 983 558 praevalet.
1018 490 1062 543 lbi
1078 504 1144 560 ergo

344 572 541 624 iuxtaterram
552 565 693 633 comprimi
710 561 794 615 debet
807 561 889 624 aitis,
910 560 1009 614 eadem
1021 561 1104 613 modo
1116 567 1145 615 ct

344 646 472 707 temporo
481 639 587 690 nutrita
596 634 701 694 radice,
712 646 767 698 quo
778 631 808 683 io
819 631 916 699 iugata
925 631 1021 685 uinea:
1032 636 1065 683 at
1074 646 1145 682 sem·

343 709 519 778 perpalliecs
535 709 644 757 tantum
660 701 867 769 relinquantur:
886 699 974 754 fertili
989 701 1062 765 solo,
1081 715 1144 753 cum

343 780 432 831 tribas
441 773 570 844 gemmis:
590 770 749 840 graciliore,
759 770 864 837 quinis:
883 777 1062 838 praestatque
1075 771 1145 823 mul·

343 855 388 900 roa
399 862 468 908 assa
479 856 562 911 quam
573 840 684 910 longos.
702 841 781 903 Quae
791 839 826 891 de
836 845 936 892 natura
947 842 1002 893 soli
1014 840 1143 903 diximus,

341 923 421 968 tanto
442 911 603 980 potentiora
622 909 786 973 sentientur,
797 914 903 977 quanto
918 912 1036 979 propior
1055 909 1144 963 fuerit

340 990 505 1037 araterrae.

375 1051 418 1105 16.
437 1051 549 1104 Genera
558 1051 692 1117 separari,
711 1063 744 1101 ac
754 1049 873 1119 singulis
886 1047 996 1102 conseri
1007 1049 1143 1102 tractibus

340 1121 531 1175 utilissimum.
566 1121 692 1173 Mistura
701 1120 774 1172 caim
786 1134 919 1189 generum
931 1119 1016 1172 etiam
1028 1119 1057 1171 in
1067 1120 1144 1184 rino,
1165 1154 1166 1157 ,

339 1207 394 1244 non
405 1191 489 1244 modo
500 1190 530 1242 in
544 1195 635 1243 masta
652 1190 771 1242 discorso
791 1196 840 1242 ιιι
849 1191 873 1241 si
893 1186 1069 1252 misceantur,
1088 1202 1144 1241 non

340 1263 406 1325 alia,
418 1276 499 1328 qaam
510 1260 618 1328 pariter
627 1259 935 1328 maturescentiaiungi
946 1259 1142 1311 necessarium.

339 1333 409 1400 laga
420 1330 532 1392 altiora,
554 1344 609 1450 quo
621 1329 726 1382 laetior
736 1344 813 1396 ager,
824 1334 854 1381 et
864 1344 918 1396 quo
929 1329 1055 1397 planior:
1075 1328 1143 1381 item

338 1399 466 1464 roseida,
487 1400 558 1451 nebo
573 1413 638 1462 oso,
657 1399 802 1466 asinosque
823 1409 943 1452 ventoso
964 1400 1143 1453 conueniunt.

339 1474 451 1532 Contra,
474 1468 624 1521 humiliora
634 1469 733 1536 mciii
743 1474 772 1520 et
781 1468 871 1531 arido,
883 1474 1025 1532 aestuoso,
1043 1467 1144 1521 ventis·

338 1556 392 1610 que
402 1539 539 1608 exposito.
575 1539 645 1606 lugo
660 1537 695 1589 ad
706 1537 902 1608 pedamentum
919 1551 1000 1606 quam
1018 1537 1144 1589 arctissi-

337 1625 383 1662 ma
394 1608 469 1661 noda
480 1607 581 1659 uinciri
590 1611 803 1676 apostatricem
815 1608 868 1659 leri
881 1607 1029 1659 contineri.
1064 1608 1144 1671 Quae

338 1693 442 1747 genera
452 1678 564 1740 vitium,
581 1682 610 1729 et
620 1678 648 1728 in
660 1677 737 1744 quali
747 1677 809 1728 sola
823 1676 958 1744 caeloque
969 1681 1064 1730 essent
1076 1691 1144 1728 eon-

338 1747 466 1809 serendu,
486 1761 549 1798 eum
561 1760 786 1799 enumeraremus
808 1754 923 1799 naturas
945 1760 1043 1801 earum
1060 1752 1090 1800 et
1105 1746 1144 1799 ai·

339 1832 448 1877 aarum,
459 1815 627 1867 natavimus.

375 1887 416 1938 17.
433 1885 478 1937 De
488 1885 599 1955 reliquo
610 1884 686 1937 cultu
697 1883 877 1940 vehementer
888 1885 1047 1954 ambigitur.
1084 1883 1144 1937 Ple·

338 1955 420 2024 rique
432 1961 540 2008 aestate
552 1962 615 2008 tota
625 1961 689 2022 post
699 1955 825 2021 singulos
837 1971 915 2008 rores
924 1954 1037 2008 confodi
1047 1953 1144 2006 iubent

338 2026 457 2078 vineam.
493 2025 548 2077 lilii
558 2030 654 2077 vetant
663 2030 864 2092 gemmantem:
885 2025 981 2077 decuti
993 2025 1065 2077 enim
1077 2038 1143 2075 ocu·

338 2095 393 2158 los,
402 2099 551 2162 tractuque
562 2094 727 2146 intrantium
738 2093 842 2146 deteri:
862 2099 890 2147 et
901 2092 936 2144 ab
947 2093 976 2144 id
992 2092 1143 2146 arcendum

338 2164 439 2233 procul
460 2178 541 2216 omne
562 2162 676 2231 quidem
697 2176 792 2230 pecus,
804 2163 854 2215 sed
873 2162 994 2215 maxime
1011 2163 1144 2225 lanatum,

338 2236 470 2303 quoniam
481 2233 615 2286 facillime
623 2231 735 2285 auferat
745 2246 878 2300 gemmas.
915 2232 1045 2284 inimicos
1057 2239 1086 2285 ct
1097 2247 1146 2300 pa·

337 2305 470 2357 bescento
481 2320 536 2356 uva
547 2309 667 2354 rastros:
686 2302 810 2369 satisque
822 2316 884 2355 esse
895 2301 1004 2354 rincum
1015 2309 1060 2354 ter
1070 2315 1144 2354 anna

338 2368 461 2435 confodi,
482 2374 517 2424 ab
533 2371 711 2439 aequinoctio
724 2384 817 2433 verno,
837 2371 874 2423 ad
889 2369 1079 2437 Vergiliarum
1095 2385 1143 2423 ex·

338 2450 440 2504 ortam,
461 2442 584 2494 etcunis
597 2447 697 2500 ortum,
718 2445 747 2491 et
765 2440 942 2506 nigrescente
952 2441 1041 2492 acino.
1078 2439 1144 2501 Qui·

338 2511 401 2563 dam
413 2513 454 2562 ita
464 2510 665 2563 determinant:
682 2506 817 2562 Veterem
828 2509 915 2563 semel
926 2508 1088 2565 ariademis
1098 2525 1145 2561 an·

337 2590 366 2632 te
377 2581 513 2641 brumam,
533 2577 655 2631 camelli
672 2577 840 2646 ablaqueare
857 2586 886 2632 et
900 2586 1059 2632 mercatore
1073 2580 1144 2631 satis

336 2656 445 2718 puteat.
482 2650 586 2701 lterum
599 2648 634 2699 ab
645 2646 738 2698 idibus
748 2649 871 2714 Aprilis,
892 2656 1043 2717 antequam
1055 2651 1145 2702 conci·

336 2722 406 2788 piat,
428 2718 481 2771 boc
491 2724 544 2782 est,
565 2721 592 2770 in
607 2716 643 2770 Vl
654 2717 720 2769 ldus
732 2718 830 2771 Maias.
851 2719 961 2771 Deinde
973 2720 1049 2787 prius
1061 2732 1143 2785 quam

337 2792 439 2844 florere
459 2789 588 2855 incipiat,
607 2792 636 2840 et
654 2801 718 2838 cum
736 2785 909 2851 defloruerit,
929 2795 957 2842 et
968 2792 1094 2840 variante
1113 2802 1145 2840 se

337 2874 401 2912 ura.
437 2857 590 2911 Peritiorcs
602 2856 751 2919 affirmant,
765 2860 789 2908 si
800 2860 874 2909 iusto
884 2858 998 2927 saepius
1009 2856 1144 2920 fodiatur,

337 2930 367 2981 in
379 2933 487 2980 tantum
498 2935 674 2981 tenerescere
685 2928 793 2988 acinos,
814 2936 845 2979 ιι
856 2934 1030 2995 rumpantur.
1066 2926 1145 2990 Quae

338 2998 489 3060 fodiantur,
509 3004 575 3049 ante
591 2995 732 3048 ferventes
750 2994 833 3048 horas
846 2996 904 3049 diei
919 2997 1070 3051 fodiendas
1082 3012 1144 3048 con·

337 3068 427 3120 venit:
448 3068 534 3118 sicuti
545 3067 634 3117 lutum
646 3078 736 3130 neque
747 3078 836 3128 arare,
849 3080 939 3134 aeque
950 3066 1058 3120 fodere.
1077 3067 1145 3119 Fas·

338 3140 416 3189 siano
434 3135 576 3203 pulverem
593 3135 747 3187 excitatum
764 3135 953 3190 contraSaies
971 3136 1144 3203 nebulasque

356 3205 481 3260 rodcsse.

336 3220 355 3274 P
375 3273 417 3328 18.
436 3270 615 3340 Pampinatio
630 3286 716 3326 verna
733 3273 761 3325 in
779 3274 907 3329 confessa
925 3281 975 3337 est,
997 3275 1032 3329 ab
1049 3274 1144 3328 idibus

340 3346 439 3411 Maiis,
460 3345 538 3399 intra
549 3343 609 3395 dies
626 3342 663 3408 X,
675 3344 778 3412 ,utique
796 3352 946 3413 antequam
959 3344 1060 3397 florere
1072 3345 1143 3397 inei·

339 3416 414 3482 piata
434 3421 464 3468 et
474 3429 535 3466 eam
546 3413 621 3467 infra
631 3414 726 3481 iugum
738 3414 840 3468 debere
851 3416 921 3467 lieri.
957 3416 1001 3469 De
1011 3421 1145 3483 sequente

338 3485 451 3536 variant
466 3483 632 3535 sententiae.
669 3486 737 3536 Cum
756 3484 926 3548 defloruerit,
944 3485 1030 3555 aliqui
1060 3486 1146 3552 anrpi·

340 3554 462 3604 nandum
480 3556 594 3618 putant:
614 3552 663 3602 alii
681 3556 732 3606 sub
752 3555 814 3620 ipsa
830 3559 1000 3607 maturitate.
1037 3501 1092 3608 Sed
1110 3554 1145 3608 do

339 3618 383 3670 his
396 3621 511 3671 entonis
522 3627 672 3685 praecepta
690 3622 847 3675 decernent.
883 3622 1008 3691 Namque
1022 3631 1052 3677 et
1065 3629 1145 3692 puta·

340 3690 447 3738 tionum
458 3683 676 3739 tradendaratio
688 3696 739 3741 est.

375 3753 418 3806 19.
436 3752 569 3807 Protinus
579 3752 678 3807 banca
693 3757 842 3819 vindemia,
863 3759 911 3812 ubi
928 3759 1002 3811 caeli
1017 3763 1099 3825 tepor
1107 3760 1148 3809 in·

340 3822 447 3891 dulget,
466 3821 641 3874 adoriuntur.
677 3822 732 3875 Sed
751 3825 806 3876 hac
824 3827 885 3878 deri
901 3842 1043 3894 uunquam
1062 3826 1146 3879 debet

305 3920 315 3927 ·
340 3895 452 3947 ratiane
463 3897 582 3944 naturae
592 3898 657 3943 ante
667 3894 784 3959 Aquilae
792 3900 930 3957 exortum,
941 3902 973 3947 ut
982 3896 1011 3946 in
1022 3895 1145 3947 siderum

340 3964 434 4017 causis
455 3961 618 4015 docebimus
634 3962 763 4030 proximo
784 3963 933 4017 volumine.
968 3967 1057 4017 imma
1078 3980 1145 4017 reru

339 4034 483 4095 Fauonio,
503 4033 634 4100 quoniam
656 4047 760 4100 anceps
785 4033 868 4100 culpa
883 4035 919 4085 sit
942 4048 1146 4102 praeproperae

340 4102 542 4158 festinationis.
590 4101 622 4154 Si
632 4102 743 4154 saucias
754 4104 859 4155 recenti
869 4103 1008 4156 medicina
1017 4105 1147 4157 mordeat

340 4174 476 4243 quaedam
489 4171 587 4224 hiemis
601 4172 763 4236 ruminatio,
784 4178 889 4226 certum
907 4179 951 4228 cst
965 4190 1091 4244 gemmas
1102 4188 1146 4229 ea·

339 4262 401 4297 rum
414 4244 521 4313 frigore
532 4240 670 4305 hebetari,
693 4244 846 4313 plagasque
857 4243 933 4307 lindi,
955 4251 984 4297 et
995 4246 1064 4298 caeli
1075 4246 1145 4297 sitia

340 4317 421 4366 exarui
432 4314 529 4367 oculos
540 4313 657 4365 lacrima
669 4312 834 4367 distillante.
870 4313 940 4367 Nam
953 4315 1019 4384 gela
1030 4314 1146 4383 fragiles

340 4384 402 4434 lieri
415 4386 478 4449 quis
490 4382 614 4435 nescisti
650 4383 803 4450 operarum
815 4384 872 4435 ista
882 4386 1053 4452 computatio
1066 4385 1146 4439 estin

341 4450 510 4513 latifundiis,
530 4467 586 4504 non
605 4453 733 4521 legitima
753 4461 869 4506 naturae
893 4453 1047 4509 festinatio.
1084 4456 1146 4518 Quo

341 4521 477 4569 maturius
499 4527 632 4585 putantur
650 4527 725 4591 aptis
746 4524 856 4589 diebus,
878 4539 911 4577 eo
929 4524 991 4592 plus
1009 4526 1146 4581 materiae

342 4585 477 4638 tundnau
495 4603 550 4654 quo
561 4596 661 4654 serius,
674 4609 707 4644 ea
718 4592 839 4647 fructum
850 4594 1018 4648 uberiorem.
1054 4596 1147 4659 Quare

341 4670 450 4708 macras
469 4658 549 4723 prius
568 4663 717 4713 conveniat
734 4672 842 4730 putare,
862 4664 971 4716 rabdos
987 4665 1145 4718 norissima.

342 4724 457 4807 l‘lagam
478 4738 586 4776 omnem
606 4729 749 4797 obliquam
768 4734 839 4797 fierl,
858 4740 891 4784 ut
909 4734 994 4788 facile
1015 4734 1147 4786 decidant

341 4794 459 4845 imbres:
478 4800 507 4845 et
518 4796 553 4845 ad
562 4803 666 4849 terram
678 4802 756 4860 senti,
765 4817 847 4868 quam
860 4802 1004 4857 levissima
1015 4803 1147 4856 cicatrice

342 4864 402 4914 acie
414 4862 498 4915 falcis
509 4872 616 4928 exacta,
628 4864 767 4935 plagaque
779 4872 952 4926 conlassata.
989 4873 1088 4925 Recldi
1100 4888 1147 4925 aa·

341 4942 398 4984 tem
411 4947 520 4999 semper
531 4932 606 4986 inter
616 4934 685 4985 duas
697 4950 830 5004 gemmas,
852 4957 887 4994 ae
900 4943 1048 4994 niteamus
1059 4944 1147 4994 oculis

341 5002 369 5054 ia
390 5001 481 5053 recisa
502 5008 591 5068 parte.
628 5002 745 5069 Nigrum
766 5022 827 5062 esse
847 5025 907 5063 eam
928 5013 1099 5075 existimant,
1119 5016 1148 5064 et

342 5071 430 5124 donec
445 5070 482 5123 ad
495 5072 605 5125 sincera
619 5074 762 5137 veniatur,
780 5078 970 5132 recidendam:
992 5083 1148 5149 quoniame

340 5142 445 5194 vitiosa
455 5141 573 5194 materia
584 5141 663 5193 utilis
675 5156 730 5195 non
741 5152 831 5200 exeat.
867 5147 898 5201 Si
910 5164 1004 5204 macra
1014 5153 1079 5203 ritis
1089 5151 1149 5202 ido·

341 5227 410 5265 neas
431 5210 641 5284 palmitessnon
661 5209 774 5279 habeat,
791 5215 827 5267 ad
848 5222 952 5271 terram
966 5221 1054 5273 recidi
1075 5236 1147 5283 eam,

341 5297 482 5351 notosque
503 5281 566 5334 elici
586 5280 776 5336 utilissimum.
813 5286 844 5337 ln
865 5290 1073 5356 pampinatione
1092 5304 1147 5342 non

342 5349 393 5402 bos
406 5350 553 5405 detrahere
568 5352 726 5418 pampinos,
748 5356 793 5420 qui
811 5370 871 5408 carm
892 5373 946 5412 ura
958 5359 1025 5411 sint:
1046 5360 1076 5411 id
1088 5366 1145 5413 ete·

341 5422 399 5471 nim
411 5436 478 5473 uvas
490 5421 670 5488 supplantat,
692 5432 884 5491 praeterquam
895 5427 922 5478 ln
936 5428 1046 5481 novella
1055 5430 1145 5483 uinea.

235 5544 251 5567 η
340 5488 453 5543 inutiles
466 5491 624 5543 iudicantur
634 5491 661 5542 io
673 5490 761 5545 latere
773 5494 842 5555 auti,
851 5509 905 5547 non
917 5497 950 5548 ab
962 5499 1058 5550 oculo:
1069 5501 1146 5567 quip-

339 5572 375 5624 pe
386 5560 469 5612 etiam
482 5577 545 5622 aas,
556 5575 628 5628 quae
639 5568 793 5615 noscstore
804 5562 875 5616 duro
888 5565 1052 5632 rigesceute,
1064 5574 1095 5620 ιι
1106 5567 1147 5619 ui·

340 5627 364 5677 si
381 5625 458 5681 ferro
477 5628 587 5682 detrahi
607 5648 661 5686 aon
683 5636 781 5702 possit.
816 5631 1016 5688 Pedaaicutum
1033 5637 1145 5706 quidam

1195 490 1269 543 luter
1279 487 1537 557 duosritesutillus
1547 490 1650 556 putant
1664 484 1768 540 statui:
1788 491 1819 540 et
1829 485 1944 542 facilius
1954 493 1999 543 ab

1197 563 1364 628 laqueantur
1382 559 1437 611 itas
1456 558 1611 626 meliusque
1633 562 1677 609 est
1696 556 1829 627 uniiugae
1850 556 2002 623 elcesaei

1197 636 1289 682 tamen
1299 635 1328 682 et
1341 631 1395 697 ipsi
1407 631 1475 695 iugo
1485 627 1542 679 siut
1552 629 1635 690 uires,
1654 641 1705 680 nec
1716 624 1786 679 tiata
1797 627 1903 680 infesta
1912 630 2001 698 regio.

1196 699 1226 752 ln
1236 699 1442 768 quadripartita
1452 712 1533 765 quam
1544 697 1703 767 proximum
1714 697 1794 750 oneri
1805 696 2013 751 adminiculum

1197 785 1261 823 esse
1275 769 1370 822 debet:
1392 783 1429 821 ae
1445 773 1539 821 maren
1554 767 1785 835 impedimentum
1802 768 1909 820 sentiat
1929 768 2004 822 abla-

1196 842 1331 908 queatio,
1351 838 1446 891 cubito
1457 838 1555 891 abesse
1565 852 1620 889 aon
1630 836 1764 904 amplius:
1782 835 1945 907 ablaqueari
1956 854 2004 892 au·

1195 916 1253 964 tem
1264 910 1351 976 prius,
1374 922 1456 977 quam
1467 908 1570 977 putari,
1591 907 1698 959 iubeat.

1231 980 1276 1031 20.
1299 981 1370 1032 cato
1390 979 1426 1030 de
1447 980 1521 1029 omni
1542 976 1655 1029 cultura
1672 976 1774 1030 vitium
1794 977 1835 1030 ita
1853 978 2002 1047 praecipit.

1197 1050 1288 1113 Quam
1305 1048 1471 1099 altissimam
1486 1050 1597 1101 vineam
1608 1046 1707 1112 facita,
1728 1046 1900 1116 alligatoque
1916 1057 2005 1116 recte,

1198 1119 1263 1171 dum
1274 1133 1309 1172 ne
1319 1117 1434 1170 nimium
1451 1120 1633 1185 constringas,
1652 1115 1705 1169 hac
1716 1117 1800 1170 modo
1817 1133 1877 1170 eum
1889 1127 2002 1171 curato:

1198 1189 1297 1256 Capita
1311 1188 1411 1240 vitium
1426 1193 1526 1255 putata
1542 1185 1759 1251 circumfodita,
1779 1202 1861 1240 arare
1875 1187 2002 1257 incipito.

1197 1258 1276 1311 Ultro
1288 1258 1415 1326 citroque
1428 1256 1522 1309 sulcos
1532 1264 1682 1324 perpetuas
1692 1258 1796 1311 ducito.
1833 1254 1914 1311 Vites
1924 1266 2000 1312 tene·

1196 1342 1243 1380 ras
1256 1328 1458 1397 quamprimum
1470 1332 1752 1396 propagato,reteres
1764 1340 1846 1394 quam
1857 1329 2000 1381 minimum

1197 1401 1330 1450 castrato.
1364 1397 1473 1460 Potius,
1493 1397 1516 1449 si
1528 1411 1599 1517 op'us
1615 1396 1709 1459 fuerit,
1730 1396 1859 1460 deiiclto,
1881 1398 2002 1451 biennio·

1196 1482 1251 1535 que
1262 1472 1327 1535 post
1341 1467 1508 1534 praecidite.
1572 1467 1640 1519 item
1657 1466 1796 1519 novellam
1811 1469 1934 1521 resecari
1943 1474 2002 1519 tum

1197 1537 1253 1589 erit
1264 1543 1384 1604 tempus,
1404 1537 1452 1589 ubi
1469 1534 1585 1588 valebit.
1622 1535 1652 1588 Si
1666 1536 1750 1589 uinea
1765 1534 1800 1588 ab
1816 1536 1875 1592 rite
1893 1538 2002 1591 calvata

1198 1605 1260 1669 erit,
1280 1608 1372 1659 sulcas
1387 1607 1578 1673 interponito,
1599 1605 1696 1674 ibique
1709 1605 1887 1659 rirlradieem
1904 1608 2001 1661 serito.

1197 1675 1328 1729 Umbram
1346 1690 1364 1728 a
1379 1676 1465 1729 sulcis
1481 1681 1641 1729 remorata:
1662 1674 1817 1746 crebroque
1833 1675 1934 1731 fodito.
1971 1678 2002 1731 la

1195 1747 1278 1798 vinea
1296 1752 1394 1799 vetere
1411 1746 1499 1799 serito
1511 1760 1649 1814 ocymum.
1686 1744 1717 1798 Si
1733 1761 1827 1798 macra
1847 1749 1909 1810 erit,
1930 1746 2002 1815 quod

1197 1830 1312 1883 granum
1337 1816 1468 1883 capitae
1488 1815 1590 1868 serito:
1613 1821 1644 1868 et
1664 1814 1769 1867 circum
1790 1816 1883 1883 capita
1906 1816 2001 1869 addito

1196 1891 1312 1949 stercus,
1324 1885 1429 1953 paleas,
1441 1885 1581 1949 rinoceas,
1597 1891 1647 1937 aut
1657 1884 1764 1953 aliquid
1774 1883 1913 1937 horumce.
1951 1884 2003 1938 Ubi

1196 1957 1277 2008 maen
1288 1955 1419 2008 frondere
1430 1955 1567 2022 coeperit,
1586 1955 1757 2023 pampinato.
1791 1952 1896 2007 Vineae
1907 1955 2003 2008 narei·

1197 2024 1241 2077 las
1261 2024 1381 2092 alligata
1404 2025 1522 2088 crebro,
1544 2039 1579 2077 ne
1604 2025 1691 2077 caulis
1711 2023 1929 2093 praefringatur.
1966 2025 2003 2076 Et

1198 2108 1267 2160 qaae
1278 2095 1372 2145 iamin
1384 2096 1518 2161 perticam
1529 2093 1591 2158 ibit,
1612 2095 1674 2148 eius
1684 2096 1829 2162 pampinos
1840 2102 1954 2147 teneros
1964 2094 2003 2145 ai·

1196 2162 1286 2231 ligato
1296 2164 1408 2226 leniter,
1421 2163 1622 2233 porrigitaque.
1651 2164 1704 2217 Ubi
1716 2172 1792 2217 recte
1803 2167 1945 2231 steterint,
1957 2165 2002 2218 ubi

1196 2248 1252 2286 ura
1262 2236 1343 2286 varia
1353 2234 1415 2285 lieri
1426 2234 1559 2302 coeperit,
1582 2234 1655 2289 vites
1666 2234 1820 2304 subligata.

1233 2332 1277 2388 21.
1295 2336 1371 2390 Vitis
1382 2336 1479 2389 insitio
1495 2352 1553 2391 uua
1571 2344 1615 2389 est
1629 2353 1680 2406 per
1693 2354 1752 2402 rer,
1773 2340 1866 2392 altera
1877 2354 1939 2391 cusi
1950 2353 2003 2390 ura

1199 2404 1300 2458 floret:
1318 2421 1354 2459 es
1365 2407 1474 2473 optima
1483 2413 1536 2458 est.
1571 2408 1690 2461 Vineam
1706 2416 1831 2463 veterem
1842 2412 1864 2461 si
1874 2409 1903 2460 ia
1914 2408 2002 2461 abusu

1196 2474 1291 2527 locum
1302 2476 1456 2530 transferre
1467 2477 1556 2541 volas,
1564 2476 1713 2532 dumtaxat
1724 2477 1869 2532 brachium
1879 2492 2003 2532 ιιιιιιιιι

1197 2545 1302 2599 licebit.
1347 2546 1473 2599 Priorum
1491 2546 1637 2615 deputato.
1685 2548 1771 2601 Binos
1790 2564 1934 2619 gemmas,
1952 2561 2004 2599 nec

1196 2615 1315 2683 amplius
1326 2615 1486 2684 relinquito.
1521 2620 1565 2671 Ex
1575 2619 1714 2673 radicibus
1726 2620 1796 2672 bene
1807 2618 1932 2672 effodite.
1966 2616 2005 2668 aa

1198 2698 1274 2746 cave,
1294 2687 1457 2738 radicesue
1477 2688 1596 2740 saucies.
1632 2689 1730 2743 itauti
1744 2690 1839 2750 fuerit,
1859 2686 1955 2754 ponito
1974 2685 2005 2737 ia

1197 2755 1296 2807 scrobe
1306 2761 1355 2806 set
1369 2755 1398 2805 in
1414 2755 1502 2818 solco,
1524 2758 1698 2825 operitoque,
1720 2766 1748 2812 et
1759 2760 1831 2811 bene
1847 2756 2004 2809 occulcato.

1197 2822 1304 2875 Eadem
1324 2838 1358 2876 ιι
1369 2825 1453 2876 modo
1469 2825 1578 2877 rineam
1590 2829 1718 2891 statuite,
1739 2828 1871 2895 alligato,
1888 2825 2005 2878 flexato-

1198 2838 1411 2958 queutifuerat,
1422 2892 1575 2961 crebroque
1585 2894 1687 2948 fodite.
1724 2894 1871 2963 Ocymum,
1890 2894 1964 2963 quod
1973 2894 2007 2946 in

1197 2962 1278 3013 vinea
1289 2961 1346 3012 seri
1358 2962 1446 3026 iubet,
1467 2963 1573 3030 antiqui
1591 2965 1771 3031 appellabant
1783 2966 1926 3031 pabulum,
1948 2979 2008 3017 uas·

1196 3029 1264 3083 brae
1276 3029 1395 3096 patiens,
1416 3031 1489 3098 quod
1500 3032 1647 3086 celerrime
1657 3035 1810 3100 proveniat.

1230 3132 1274 3185 22.
1293 3131 1427 3200 Sequitur
1441 3134 1547 3186 arbusti
1562 3138 1647 3199 ratio,
1667 3138 1767 3189 mirum
1783 3135 1811 3188 ln
1828 3136 1944 3188 modum
1957 3138 2011 3190 da·

1197 3208 1292 3254 mnata
1312 3201 1450 3256 Sasernae
1467 3204 1542 3271 patri
1562 3205 1694 3275 filioque,
1714 3207 1858 3259 celebrata
1877 3203 2009 3269 Scrofae,

1196 3271 1396 3326 vetustissimis
1410 3280 1475 3342 post
1491 3276 1632 3337 Catonem,
1653 3276 1902 3345 peritissimisquc:
1925 3290 2007 3330 acne

1198 3358 1216 3395 a
1235 3342 1336 3395 Scrofa
1358 3342 1479 3410 quidem,
1499 3345 1553 3396 nisi
1574 3346 1842 3409 ltaliaeconcessa:
1861 3360 1924 3398 cum
1944 3353 2006 3397 tam

1196 3410 1283 3482 longo
1295 3411 1435 3465 iudicetur
1445 3428 1524 3478 acro,
1545 3414 1652 3469 nobilia
1666 3416 1732 3469 rina
1750 3432 1805 3468 non
1817 3415 1869 3467 nisi
1880 3416 1908 3467 in
1919 3415 2005 3467 arbu-

1198 3484 1250 3534 stis
1260 3483 1349 3551 gigni,
1360 3489 1389 3534 et
1398 3482 1428 3535 in
1440 3482 1483 3535 his
1496 3499 1606 3553 quoque
1614 3484 1776 3538 laudatiora
1785 3486 1909 3546 sommis,
1930 3484 2008 3535 sicut

1198 3552 1331 3605 uberiora
1341 3552 1419 3605 imis:
1441 3553 1513 3605 adea
1525 3554 1688 3608 excelsitate
1697 3556 1852 3622 preficitur.
1887 3553 1949 3606 ilas
1960 3566 2009 3604 rs-

1199 3626 1276 3674 tione
1288 3629 1317 3674 et
1332 3623 1448 3674 arbores
1465 3624 1628 3690 religantur.
1664 3625 1757 3678 Prima
1768 3625 1889 3678 oninium
1904 3622 2006 3685 ulmus,

1198 3696 1317 3755 excepta
1338 3700 1456 3757 propter
1475 3694 1589 3743 nimiam
1610 3693 1737 3748 frondem
1758 3695 1852 3747 atinia.
1894 3691 2008 3745 Deinde

1199 3759 1318 3880 flamm
1329 3759 1416 3825 aigro,
1438 3759 1535 3812 eadem
1552 3761 1586 3813 de
1601 3777 1695 3827 causa,
1714 3756 1804 3816 minus
1821 3756 1906 3817 densa
1922 3760 2005 3815 folia.
2047 3770 2055 3797 ··

1225 3842 1259 3877 an
1270 3834 1406 3893 spernunt
1418 3828 1543 3895 plerique
1554 3836 1583 3883 et
1595 3829 1747 3897 fraxinum,
1759 3834 1905 3902 ficumque,
1916 3834 2006 3885 etiarn

1200 3897 1302 3959 aleam,
1320 3896 1345 3946 si
1355 3910 1411 3947 non
1422 3897 1460 3950 sit
1470 3898 1600 3952 unrbrosa
1609 3902 1704 3954 ramis.
1739 3904 1847 3956 llarum
1859 3912 1935 3955 satus
1947 3902 2008 3954 cul·

1199 3972 1301 4034 tuaque
1312 3967 1421 4018 abunde
1438 3972 1578 4020 tractatus
1591 3977 1642 4022 est.
1679 3973 1750 4026 Ante
1761 3975 1930 4026 tricesimum
1942 3988 2008 4024 sex·

1199 4042 1258 4089 rum
1269 4049 1390 4087 mensem
1401 4037 1502 4106 attingi
1513 4038 1587 4091 falce
1596 4047 1733 4093 rotantur.
1769 4045 1882 4097 dlterna
1892 4057 2006 4096 seruau-

1199 4113 1246 4158 tur
1266 4103 1394 4159 brachia:
1417 4106 1533 4160 alternis
1554 4116 1688 4177 putantur
1707 4112 1800 4166 annisu
1829 4118 1909 4166 sesto
1929 4127 2006 4166 anuo

1199 4175 1376 4228 maritantur.
1411 4178 1613 4246 Transpadana
1627 4181 1719 4244 ltalia,
1738 4188 1852 4250 praeter
1862 4196 1945 4251 supra
1962 4181 2007 4232 di·

1200 4252 1269 4309 ctas,
1280 4260 1374 4309 cornu,
1384 4248 1498 4315 populo,
1509 4250 1582 4314 tilia,
1592 4266 1682 4311 acere,
1693 4266 1773 4316 orno,
1785 4254 1907 4323 carpino,
1919 4265 2006 4332 quer·

1200 4332 1243 4377 eu,
1255 4317 1383 4369 arbustat
1394 4332 1490 4385 agros:
1501 4318 1621 4374 Venetia
1632 4322 1728 4384 salice,
1740 4330 1856 4391 propter
1867 4322 2006 4390 uliginem

1199 4385 1263 4438 sali.
1299 4387 1336 4439 Et
1348 4387 1438 4440 ulmus
1448 4388 1613 4444 detruncata
1624 4406 1641 4442 a
1651 4393 1743 4445 medio
1754 4393 1781 4444 in
1791 4406 1931 4445 raasorum
1943 4405 2009 4444 sca·

1200 4470 1265 4508 mna
1275 4456 1421 4526 digeritur,
1432 4458 1510 4511 nulla
1522 4459 1581 4513 fera
1597 4460 1651 4513 XX
1663 4462 1763 4528 pedum
1775 4461 1878 4514 altiore
1889 4458 2008 4513 arbore.

1200 4525 1341 4579 Tabulata
1351 4542 1444 4579 aarum
1456 4531 1599 4582 abactam
1619 4530 1690 4596 pede
1706 4530 1862 4582 altitudinis
1880 4526 2010 4581 dilatan-

1202 4604 1246 4648 ιιι
1258 4596 1285 4647 in
1297 4597 1417 4649 collibus
1427 4599 1561 4666 siccisque
1573 4602 1662 4718 agris:
1673 4615 1690 4649 a
1698 4599 1749 4650 xli
1761 4599 1790 4648 in
1801 4595 2011 4661 campestribus

1201 4674 1229 4718 et
1241 4666 1370 4718 humidis.
1389 4665 1577 4719 Meridianom
1610 4669 1683 4719 erlem
1693 4673 1819 4734 spectare
1831 4664 1942 4732 palmae
1953 4666 2009 4720 de·

1201 4735 1275 4787 bent.
1297 4735 1377 4786 llami
1387 4750 1404 4785 a
1414 4737 1541 4800 proiectu
1554 4736 1704 4801 digitorum
1716 4734 1799 4787 modo
1811 4735 1927 4803 subrigi,
1936 4742 2007 4790 tuu-

1200 4806 1247 4856 slli
1267 4805 1294 4854 in
1309 4803 1352 4854 bis
1374 4805 1499 4855 terrulam
1520 4818 1630 4872 quaque
1650 4804 1834 4872 uirgultorum
1848 4807 1946 4870 barbo,
1967 4823 2008 4861 ae

1202 4874 1375 4926 obumbrent.
1412 4872 1588 4924 intervallum
1600 4875 1704 4925 iustum
1715 4875 1855 4938 arborum,
1873 4875 1897 4927 si
1907 4882 2008 4929 aretur

1201 4943 1301 5003 solum,
1310 4941 1481 5010 quadrageni
1494 4942 1577 5009 pedes
1589 4945 1616 4996 ia
1627 4950 1709 5013 terga
1718 4943 1904 5013 frontemque,
1919 4947 1949 4999 in
1959 4946 2004 4997 la·

1201 5022 1263 5066 tera
1272 5011 1371 5061 viceni
1387 5010 1417 5063 Si
1429 5020 1596 5077 nonoretur,
1608 5012 1661 5067 hoe
1673 5015 1701 5067 in
1712 5030 1808 5068 omnes
1818 5022 1922 5086 partes.
1941 5013 2003 5068 Sin·

1199 5080 1273 5202 ῗιΙίι
1284 5078 1370 5132 denas
1382 5094 1466 5148 saepe
1477 5082 1640 5137 adnutriunt
1651 5088 1732 5149 vites,
1753 5086 1884 5139 damnata
1894 5086 2004 5155 agrico-

1211 5152 1328 5202 aminus
1343 5152 1441 5203 ternis.
1477 5150 1620 5217 Maritare,
1641 5156 1694 5207 nisi
1711 5156 1829 5219 relidas,
1848 5155 1988 5209 inimicum

1200 5225 1334 5274 enecante
1344 5220 1433 5272 veloci
1442 5220 1540 5273 uitium
1552 5223 1731 5278 incremento.
1769 5225 1867 5279 Serere
1879 5222 2003 5291 tripeda-

1201 5305 1253 5344 neo
1273 5292 1371 5344 scrobe
1392 5291 1580 5344 necessarium
1602 5295 1740 5348 distantes
1759 5296 1833 5349 iuter
1846 5292 2003 5348 sosearbo·

1199 5375 1314 5428 remque
1334 5360 1450 5430 siugulis
1459 5361 1585 5429 pedibus.
1621 5364 1698 5417 Nihil
1718 5365 1758 5417 ibi
1768 5365 1907 5418 malleolis
1917 5370 2003 5429 atque

1201 5431 1392 5499 pastinationi,
1413 5432 1490 5484 nulla
1507 5431 1635 5486 fodiendi
1650 5434 1806 5504 impendia:
1825 5441 1923 5502 utpote
1938 5445 2003 5484 cum

1200 5501 1308 5554 arbusti
1317 5500 1389 5552 ratio
1400 5498 1452 5553 bae
1463 5502 1599 5569 peculiari
1611 5504 1677 5559 dote
1689 5510 1820 5574 praestet,
1827 5502 1900 5574 quod
1912 5501 1941 5554 in
1952 5514 2002 5553 eo·

1200 5572 1262 5624 dem
1279 5571 1340 5624 solo
1353 5572 1410 5622 seri
1429 5571 1525 5640 fruges
1536 5581 1566 5626 et
1577 5574 1679 5628 sitibus
1688 5577 1810 5644 prodest.
1846 5573 2002 5641 Superque,

1200 5639 1274 5709 quad
1284 5639 1429 5694 vindicans
1441 5658 1471 5696 se
1483 5642 1613 5710 altitudo,
1633 5661 1696 5712 aaa,
1718 5652 1748 5698 ut
1758 5647 1787 5698 in
1798 5645 1888 5701 vinea.
1909 5640 1944 5695 ad
1955 5654 2002 5694 ar·
