4330 6014
360 311 400 371 62
485 308 517 368 C·
559 307 710 368 PblNll
756 308 961 369 SECUNDI
1005 306 1169 369 NATUR
1207 318 1391 379 fflspon,
1427 319 1507 379 nie,
1543 319 1602 378 ιιι,
1632 318 1720 377 cnr,
1750 320 1879 379 1⁸40,

361 476 472 523 notares.
487 459 669 521 reiterantes,
680 458 780 525 qenes
789 458 940 522 rumam:
950 457 1094 509 neamus
1102 456 1161 508 Cit-
1207 474 1238 519 et
1251 465 1427 528 amersten,
1446 482 1510 518 nun
1525 468 1645 532 oppres,
1665 469 1786 527 tieem
1807 479 1877 532 quse
1891 467 2005 523 νοω

363 531 501 583 montani:
524 526 698 589 Samnitium,
715 523 930 594 quosSabctlos,
946 524 1162 579 etGraeeiSau·
1208 535 1729 602 cognominabanmr‚l'oreceio,quod
1741 534 1900 587 Natriolum.
1936 536 2006 591 item

362 602 437 653 nitas
454 600 558 663 dixere,
580 598 701 657 colonia,
718 593 872 647 Bovianum
893 602 982 655 vetus,
1003 595 1160 665 etalterum
1208 602 1356 666 sopinum,
1372 603 1883 670 cumreglrnntemffiltptnnnmg
1918 606 2006 659 lata:

358 668 522 806 attilii?
535 663 1161 797 ltltili?titilliriibittiil
1206 674 1555 795 tarditate?
1571 671 1736 793 blida
1755 672 1957 795 ”illiti
1977 682 2007 727 θ’
2073 712 2088 761 ··

679 770 686 782 ‘
707 767 715 794 r
902 767 911 794 t
1152 770 1159 784 ·
1546 778 1555 801 s
1718 775 1725 788 ·
1761 776 1768 790 ⁴
1994 769 2006 783 ·

358 773 542 863 Sabinorum,
561 799 745 880 Affliitfssillis
765 802 919 863 Cure¹²³0⁸2
940 801 1043 854 Forum
1066 803 1160 863 Deciis
1206 755 1336 876 arripiam
1356 776 1425 860 Chto
1453 816 1516 862 ante
1535 810 1631 863 Persei
1649 807 1749 861 bellum
1768 809 1909 865 condias:
1926 756 2006 865 sihi·

357 876 461 927 Forum
481 886 597 933 norum,
617 868 780 932 Fidenates,
799 870 1014 933 Interamnates,
1034 872 1159 934 Nursini,
1205 877 1551 943 DccchXthrodidit‚

357 940 534 1001 Nomentani,
554 939 675 1000 Reatini,
691 938 854 1002 Trebulani,
868 940 917 1006 qui
928 942 1160 1009 cognominantur
1240 947 1302 997 XX.
1322 947 1429 997 Octava
1447 947 1525 1012 regio
1545 945 1744 1001 determinatur
1762 946 1898 1009 Arimino,
1919 946 2006 1013 Pado,

356 1008 521 1069 Mutuscaei,
541 1014 570 1060 et
593 1007 818 1074 quiSulienates,
839 1010 980 1071 Tiburtes,
1001 1010 1159 1063 Tarinates.
1205 1015 1356 1081 Apennino.
1394 1014 1423 1065 in
1435 1013 1589 1065 orailuriue
1601 1014 1950 1076 crmmntmn,mininsn1
1963 1033 2009 1070 co·

354 1082 383 1132 ln
397 1079 448 1130 hoc
458 1078 512 1128 situ
525 1092 561 1128 ex
571 1076 729 1145 Aequiculis
739 1079 872 1130 interiere
884 1077 1001 1138 Contiui,
1014 1078 1158 1138 Tadiates,
1206 1084 1281 1135 ionia
1297 1083 1494 1133 cumaninibus
1506 1083 1788 1148 AriminoetApruaa.
1823 1083 2010 1139 Fluriushiac

355 1147 473 1210 Caedici,
485 1145 631 1199 Alfaterni.
650 1147 795 1198 Gellianus
809 1152 908 1197 auctor
918 1153 969 1204 est,
979 1146 1041 1197 lacu
1054 1147 1158 1197 Fucino
1207 1152 1327 1212 Rubico,
1344 1150 1479 1218 quondam
1494 1153 1556 1201 linis
1572 1150 1675 1202 ltaliae.
1710 1151 1750 1201 Ab
1767 1150 1907 1219 eoSapie,
1924 1155 2009 1211 etin.

354 1212 656 1272 haustumltlarsorum
674 1214 805 1281 oppidum
818 1215 965 1282 Archippe,
987 1216 1131 1267 conditum
1142 1230 1159 1264 a
1207 1220 1257 1280 tie,
1277 1225 1306 1269 et
1320 1219 1438 1273 Anemo:
1459 1219 1588 1273 Muenna
1604 1218 1768 1271 Sabinorum
1783 1221 1927 1286 oppidum,
1947 1239 2010 1277 cum

353 1288 469 1354 Marsya
481 1284 551 1336 duce
562 1283 717 1351 Lydorum:
740 1285 807 1334 item
819 1285 1043 1338 l'iticinerumin
1056 1284 1157 1336 Piceno
1207 1286 1417 1349 mnneBedese‚
1434 1288 1781 1353 moncouacvotpeo.
1818 1288 2011 1356 Nccproculs

354 1354 660 1414 deletumaRomanis,
681 1351 858 1405 Valerianus.
885 1353 1157 1419 Sabinitutquidam
1206 1358 1289 1417 maii,
1309 1356 1470 1409 Umbrorum
1486 1357 1619 1407 Butrium.
1654 1357 1731 1411 lotus
1752 1356 1891 1413 coloniae:
1917 1359 2009 1412 Reno>

354 1427 559 1485 existimavere,
577 1422 739 1489 areligione
751 1430 780 1473 et
791 1420 907 1473 deorum
918 1422 996 1472 cultu
1004 1422 1100 1473 Setini
1112 1437 1159 1489 ap·
1207 1427 1266 1487 nia,
1284 1424 1393 1477 Felsina
1444 1427 1543 1488 citata,
1562 1440 1623 1479 cum
1639 1426 1764 1543 princeps
1778 1425 1906 1481 Etmriae
1922 1436 2009 1482 esset:

353 1495 483 1563 pallade)
504 1491 621 1543 Velinus
641 1491 866 1551 accoluntlaeus,
887 1490 1006 1541 roscidis
1028 1492 1156 1543 collibus.
1206 1493 1767 1555 Brixillum,Muina,Parma,Paceutia.
1804 1493 1846 1561 Op
1868 1497 1925 1547 ida:
1943 1499 2008 1550 Cae·

353 1564 411 1617 Nar
423 1562 511 1615 amnis
523 1560 652 1614 exhaurit
664 1559 728 1610 illos
743 1558 902 1626 sulphureis
917 1561 1007 1627 aquis.
1034 1560 1157 1610 Tiberim
1206 1562 1552 1625 sena,Claterna,Forum
1565 1560 2009 1630 Clodii,Lirii‚Pop'ii,Troen·

354 1649 389 1686 ex
402 1632 444 1684 his
461 1639 558 1699 petens
574 1628 671 1696 replet,
691 1636 812 1680 emente
823 1626 943 1679 Fiscello
954 1628 1060 1691 labens,
1080 1631 1159 1681 iuxta
1206 1634 1338 1694 tinorum,
1351 1631 1482 1683 Cornelii:
1502 1631 1661 1692 Ferentini,
1671 1630 1819 1695 Fidentini,
1831 1633 1945 1698 (iterim,
1958 1635 2009 1689 Pa-

353 1703 485 1757 Vacunae
496 1713 611 1750 nemora
620 1707 649 1749 et
656 1698 742 1749 Reate
753 1698 782 1751 in
794 1695 908 1749 eosdem
919 1695 1057 1748 conditus.
1075 1699 1111 1749 At
1123 1711 1158 1749 ex
1206 1700 1476 1767 dinates,Regienses
1487 1698 1938 1770 abepido,Solonates,Saltesque
1946 1702 2010 1757 Gal·

351 1768 588 1839 aliaperteAnio,
608 1766 637 1817 in
658 1772 752 1818 monte
762 1767 953 1819 Trebanorum
974 1771 1062 1828 ortus,
1080 1766 1157 1817 lacus
1206 1770 1272 1821 lieni
1291 1771 1337 1835 qui
1358 1770 1587 1836 cognominantur
1601 1768 1762 1835 Aquinates:
1783 1769 1932 1834 Tanetani,
1955 1770 2010 1825 Vc·

352 1848 409 1893 tres
429 1839 599 1892 anroenitate
621 1835 739 1896 nobiles,
761 1837 807 1902 qoi
828 1850 927 1887 nomen
948 1833 1049 1886 dedere
1060 1832 1159 1885 Subla·
1206 1837 1285 1891 liates
1301 1839 1462 1903 cognomine
1473 1839 1595 1890 vecteri:
1617 1836 1759 1903 Regiatee:
1782 1834 1939 1890 Urbanates.
1977 1844 2010 1893 ln

353 1925 433 1979 queo,
461 1906 552 1960 defert
573 1907 603 1957 in
622 1904 753 1955 Tiberim.
781 1900 813 1957 ln
825 1919 893 1972 agro
907 1902 1025 1955 Reatino
1036 1903 1158 1955 Cutiliae
1209 1904 1262 1958 hoc
1283 1911 1376 1958 tractu
1395 1907 1560 1963 interierunt
1581 1911 1665 1974 Boii,
1696 1925 1812 1978 quorum
1832 1912 1919 1965 tribus
1935 1914 2012 1969 cxii

352 1980 453 2041 lacum,
463 1977 491 2029 in
504 1992 557 2044 quo
568 1974 685 2025 tinctuet
695 1974 797 2035 insula,
815 1974 913 2026 italiae
924 1970 1084 2024 umbilicum
1096 1987 1157 2025 esse
1199 1973 1297 2033 ⁴tuisse
1318 1972 1418 2029 auctor
1437 1984 1481 2032 est
1493 1969 1579 2032 Cato:
1601 1981 1669 2037 item
1679 1979 1811 2043 Senones,
1821 1982 2009 2050 quiceperant

353 2050 392 2101 M.
407 2049 496 2101 Varro
508 2044 603 2097 tradit.
622 2041 698 2095 inira
710 2041 828 2095 Sabinos
840 2042 952 2093 Latium
966 2046 1017 2103 est,
1036 2058 1053 2091 a
1069 2043 1157 2094 latere
1207 2045 1335 2097 Romam.

351 2118 493 2178 Picenum,
514 2132 532 2166 a
546 2123 627 2181 tergo
650 2110 770 2175 Umbria,
789 2112 923 2179 Apennini
944 2111 1015 2178 iugis
1037 2109 1156 2163 Sabinos
1243 2114 1336 2168 Padus
1357 2118 1463 2185 gremio
1475 2117 1574 2173 Venuli
1595 2120 1708 2181 montis,
1728 2120 1910 2172 celsissimum
1921 2118 1950 2171 in
1962 2136 2007 2172 ca·

352 2188 426 2239 utria
447 2183 671 2238 uevallantibus.
1208 2198 1305 2238 cumen
1326 2187 1435 2254 Alpium
1458 2189 1549 2250 elati,
1579 2191 1678 2243 tinibus
1697 2188 1831 2257 Ligurum
1853 2188 2010 2256 Vagienno·

385 2203 487 2308 Riihl.
509 2253 613 2314 Quinta
625 2250 705 2319 regio
715 2248 810 2301 Piceni
822 2256 878 2313 est,
894 2250 1037 2331 ,quondam
1049 2251 1155 2305 uberri-
1207 2269 1289 2316 rum,
1319 2254 1432 2309 visendo
1456 2257 1533 2311 ioute
1557 2258 1717 2325 proiloens,
1747 2259 1923 2325 condensque
1947 2272 2011 2309 sese

351 2342 413 2379 mae
424 2323 620 2377 multitudinis.
649 2322 790 2372 Trecenta
801 2319 853 2371 Lx
865 2321 952 2371 nullia
963 2320 1115 2372 Picentium
1128 2323 1155 2372 in
1208 2322 1357 2386 cuniculo,
1388 2333 1416 2377 et
1438 2327 1465 2376 in
1484 2328 1725 2381 Forouibiensium
1750 2342 1818 2394 agro
1841 2328 1941 2379 iterum
1964 2338 2010 2379 ex·
2067 2380 2072 2385 ,

352 2397 433 2447 tidem
447 2394 541 2463 populi
555 2391 670 2445 Romani
681 2405 790 2442 venere.
809 2389 874 2441 Urti
884 2390 1098 2442 euritaSabinis
1109 2407 1155 2441 ro·
1208 2391 1319 2453 oriens,
1346 2391 1417 2445 nulli
1436 2396 1558 2447 amnium
1581 2398 1709 2449 claritate
1730 2397 1861 2449 interior:
1895 2393 2011 2449 Graecis

351 2474 381 2518 to
393 2479 564 2533 rerelsacro.
591 2465 721 2514 Tenuere
739 2460 772 2510 ab
784 2459 888 2509 Aterno
899 2459 994 2519 Amne,
1015 2459 1063 2509 ubi
1084 2475 1156 2511 nunc
1208 2460 1300 2513 dictus
1319 2461 1477 2526 Eridanus,
1498 2480 1530 2517 ac
1543 2480 1632 2531 posue
1641 2464 1822 2519 Phaethontis
1833 2464 2010 2515 illustratus:

351 2549 418 2602 ager
428 2533 579 2593 Adrianus,
590 2538 619 2583 et
629 2530 714 2581 Adria
726 2527 845 2589 colonia,
862 2528 961 2578 amari
975 2526 1022 2578 Vll
1034 2529 1072 2579 M.
1082 2544 1155 2595 pass.
1209 2537 1327 2596 augetur
1348 2531 1384 2581 ad
1407 2533 1489 2583 Canis
1521 2541 1599 2585 ortus
1630 2534 1745 2601 liquatis
1776 2536 1901 2586 nivibus:
1933 2533 2010 2599 agris

350 2605 467 2657 Flumen
490 2600 660 2652 Vomanom:
682 2613 750 2666 ager
765 2596 970 2657 Praetutianus,
990 2595 1156 2651 Palmensis·
1208 2600 1333 2664 quentvis
1353 2604 1527 2663 torrentior,
1554 2602 1594 2654 nil
1612 2602 1706 2657 tamen
1727 2618 1762 2657 ex
1782 2611 1861 2671 rapto
1881 2600 1934 2653 sibi
1953 2601 2009 2651 rin·
2033 2599 2039 2605 '

350 2689 411 2742 que.
440 2673 509 2723 item
520 2675 640 2722 castrum
653 2682 763 2728 novum,
772 2664 874 2745 flumen
891 2666 1029 2728 Uatinum,
1052 2669 1156 2719 'Truen-
1208 2670 1313 2729 dicans,
1336 2676 1420 2737 atque
1442 2670 1491 2723 ubi
1511 2672 1532 2722 li
1552 2672 1593 2724 uit
1615 2689 1717 2740 agros,
1737 2676 1864 2729 ubertate
1885 2662 2009 2790 largior:

351 2754 408 2797 tum
422 2757 482 2793 eum
495 2756 589 2791 enine:
613 2736 686 2804 quod
705 2734 796 2787 solum
815 2734 1001 2785 Liburnorum
1023 2737 1051 2786 in
1073 2736 1156 2787 ltalia
1208 2740 1340 2791 trecentis
1362 2740 1402 2791 M.
1414 2753 1487 2805 pass.
1508 2687 1612 2794 aiente
1632 2744 1736 2795 addam
1755 2749 1849 2795 meatu
1869 2739 1924 2792 duo
1946 2754 2009 2792 cno-

349 2813 485 2880 reliquum
497 2816 547 2862 est.
566 2806 683 2858 Flumen
696 2803 809 2855 Albula:
831 2805 972 2865 'Persium
994 2820 1049 2872 quo
1060 2805 1156 2857 linitur
1207 2807 1341 2875 nagiata3
1363 2824 1413 2862 nce
1430 2824 1525 2863 aniiies
1542 2818 1651 2863 tantum
1662 2813 1819 2878 Apenninus
1840 2811 2008 2876 Alpinasque

349 2882 530 2935 Praetutiana
540 2878 627 2944 regio,
638 2884 666 2927 et
676 2873 833 2925 Picentium
845 2872 952 2939 incipit.
972 2873 1063 2939 Cupra
1075 2877 1153 2941 oppi-

350 2952 424 3012 dum,
449 2946 601 2999 Castellum
620 2942 829 2994 Firmanorum:
850 2948 878 2993 et
899 2956 983 3008 super
997 2941 1025 2994 id
1044 2944 1156 2995 colonia

350 3019 491 3077 Asculum,
506 3013 603 3065 Piceni
612 3012 796 3072 nobilissima,
813 3010 897 3061 intus.
924 3009 1041 3063 Novana
1051 3013 1081 3063 in
1091 3028 1154 3064 ora:

351 3088 468 3149 Cluana,
479 3084 618 3145 Potentia,
629 3080 765 3143 Numana,
775 3095 793 3129 a
802 3077 905 3131 Siculis
916 3081 1036 3132 condita.
1057 3081 1095 3133 Ab
1108 3082 1155 3132 iis·

352 3156 414 3207 dem
436 3151 549 3204 colonia
565 3152 689 3213 Ancona,
708 3149 837 3216 apposita
856 3151 1049 3214 promontorio
1060 3152 1155 3202 Cumo-

352 3240 392 3286 ro,
413 3222 441 3273 in
463 3223 525 3288 ipso
547 3218 687 3272 flectentis
707 3232 739 3270 ee
761 3232 827 3269 orae
847 3218 960 3270 cubito:
982 3236 999 3272 a
1022 3219 1153 3288 Gargano

352 3290 518 3346 chxxirt
535 3290 575 3341 M.
588 3304 659 3355 pass.
680 3288 759 3339 intus
777 3278 958 3351 Ausiniates,
985 3288 1155 3356 Beregrani,

353 3359 508 3430 Cingulani,
528 3359 680 3425 Capsenses
690 3356 855 3425 cognomine
867 3356 1004 3418 Montani,
1016 3358 1154 3411 Falarien·

351 3448 404 3492 ses,
426 3427 588 3490 Pausulani,
606 3425 796 3489 Pleninenses,
810 3426 979 3489 Ricinenses,
994 3426 1156 3493 Septempe-

351 3500 424 3562 dam,
443 3498 659 3558 Tollentiaates,
676 3497 835 3560 Treienses,
852 3495 1025 3560 Urbesalvia,
1045 3495 1155 3548 Pollen-

352 3571 411 3621 tini.

385 3638 459 3690 xix.
482 3622 853 3704 lungiturbissextaregio,
872 3635 1012 3687 Umbriam
1037 3633 1156 3699 comple·

350 3721 567 3829 Ennegrumque
578 3704 716 3827 (ᾖαμίιιιιιιι
727 3704 975 3825 cirezAlrlminom.
992 3704 1157 3823 Amwg?

256 3834 260 3841 ·
351 3782 782 3910 ..tlittita'rltlirrit
797 3786 1086 3902 initiabili:
1103 3786 1156 3905 ,li

352 3914 404 3967 mis
412 3914 593 3976 Palmensem,
603 3911 821 3970 Praetutianum,
831 3908 1037 3973 Adrianumque
1047 3921 1154 3976 agrum.

350 3984 447 4036 Umbri
468 3998 517 4035 eos
537 3981 678 4049 expulere,
695 3978 745 4030 hos
757 3977 879 4036 Etruria,
899 3972 1066 4027 bancGaili.
1093 3975 1157 4027 Um·

351 4054 464 4106 brorum
487 4066 556 4120 gens
576 4045 770 4113 antiquissima
791 4043 892 4094 ltaliae
911 4043 1103 4106 existimatur,
1123 4053 1155 4097 ut

352 4138 420 4190 quos
432 4120 563 4174 Ombrios
575 4133 592 4169 a
603 4111 719 4167 Graecis
731 4118 829 4179 putent
839 4109 941 4176 dictos,
952 4112 1027 4178 quod
1039 4112 1154 4167 inunda-

351 4195 428 4245 tione
439 4199 576 4243 terrarum
588 4183 720 4236 imbribus
730 4178 943 4249 superfuissent.
962 4181 1102 4234 Trecenta
1111 4198 1156 4235 eo·

353 4278 413 4313 ron:
426 4258 529 4327 oppida
540 4253 646 4308 Thusci
655 4252 810 4305 debellasse
821 4250 1005 4317 reperiuntur.
1034 4250 1115 4303 Nune
1125 4251 1154 4303 in

353 4344 403 4379 cra
418 4326 533 4383 humen.
552 4326 647 4379 Aesis:
670 4321 839 4390 Senogallia.
867 4319 1016 4373 Metaurus
1036 4319 1154 4373 tluvius:

353 4396 493 4458 coloniae,
514 4396 621 4447 Fanum
640 4393 765 4445 Fortuna
816 4390 963 4442 Pisaurum
980 4404 1042 4440 cum
1064 4405 1154 4442 arnae.

352 4467 389 4518 Et
399 4466 473 4515 intus
483 4463 650 4528 Hispellum,
660 4462 762 4514 Tuder.
808 4466 929 4514 ecetero
939 4457 1070 4522 Amerini,
1084 4459 1155 4510 Atti-

354 4531 464 4594 diates,
482 4530 648 4592 Asirinates,
668 4532 803 4593 Arnates,
822 4530 980 4590 Aesinates,
1001 4528 1154 4591 Camertes,

354 4597 564 4659 Casuentillani,
584 4598 739 4661 Carsulani,
756 4598 874 4651 Dolates
885 4596 1050 4663 cognomine
1061 4594 1156 4648 Salen·

354 4671 422 4731 tini,
442 4665 617 4733 Fulginates,
641 4665 917 4730 Foroilominienses,
938 4664 1155 4727 Foroiulienses,

355 4737 519 4808 cognomine
537 4734 754 4786 Concubienses:
776 4734 990 4798 Foroba-entant,
1010 4733 1156 4786 Forosem·

355 4808 531 4876 prunienses,
551 4802 671 4872 iguvini,
691 4801 892 4854 interamnates
907 4805 1070 4871 cognomine
1087 4802 1156 4855 Nur·

354 4888 415 4930 tes:
436 4875 610 4935 Meranates,
630 4872 868 4930 Mevanionenses,
886 4870 1070 4923 Matilicates:
1088 4871 1156 4924 Nar·

354 4948 474 5005 aienses,
495 4944 570 5011 quod
591 4940 723 5008 oppidum
745 4939 901 5005 Nequinum
922 4947 1007 4993 antea
1025 4946 1154 4992 vocatum

354 5024 412 5070 est:
436 5013 575 5072 Nucerini,
594 5008 760 5077 cognomine
775 5005 970 5071 Favoniemcs,
990 5014 1019 5061 et
1033 5009 1155 5062 Camela-

353 5085 395 5135 ai:
416 5082 584 5141 Ocriculani,
595 5077 718 5138 Ostraui,
727 5074 859 5136 Pilumni,
873 5078 1036 5140 cognomine
1047 5077 1155 5131 Pisuer.

354 5162 406 5213 tes,
418 5158 447 5205 et
456 5151 503 5202 alii
510 5149 691 5217 Mergentini:
701 5144 848 5207 Palestini,
857 5142 1024 5208 Sentinates,
1031 5146 1155 5199 Sarsina.

355 5229 408 5285 tes,
419 5219 566 5287 Spoletini,
579 5216 706 5277 Suasaai,
714 5210 1028 5277 Sestinates,Suillates,
1035 5216 1155 5268 Tadina-

354 5300 408 5351 tes,
417 5288 573 5349 Trebiates,
583 5285 718 5345 Tuticani,
730 5283 888 5335 'l'iiernates
900 5283 1064 5348 cognomine
1073 5285 1155 5337 Tibe·

355 5360 417 5421 risi,
427 5356 509 5410 etalii
518 5357 722 5407 Metaurenses:
737 5350 939 5412 Vesiouicates,
951 5350 1155 5405 Urbanatesco·

354 5430 485 5496 gaoniine
497 5427 697 5481 Metaurenses,
714 5421 802 5473 etalii
814 5419 981 5470 llortenses:
1000 5416 1153 5475 Vettones·

355 5514 408 5558 ses,
415 5493 617 5555 vindinensi
620 5489 751 5542 irentani.
769 5489 799 5539 ln
812 5486 865 5539 hoe
875 5490 930 5539 situ
941 5487 1073 5542 interiere
1079 5484 1154 5542 Feli·

353 5567 473 5633 ginates,
481 5571 511 5621 et
521 5564 567 5632 qui
580 5560 730 5615 Clusiolum
740 5566 854 5611 tenuere
865 5571 949 5625 supra
958 5557 1155 5613 interamnam:

1208 2878 1379 2944 navigabiles
1395 2880 1523 2945 capiens,
1545 2879 1594 2935 sed
1607 2880 1803 2947 lacuspuoque
1822 2881 2009 2931 immensosm

1208 2961 1269 2997 eum
1280 2961 1343 2998 sese
1353 2956 1549 3009 exonerantes,
1570 2951 1645 3000 omni
1663 2963 1776 3003 numero
1793 2948 1872 2999 XXX
1892 2946 2010 2999 flumina

1206 3015 1237 3065 in
1248 3013 1500 3066 mareAdriaticum
1513 3014 1611 3066 dotent.
1631 3016 1816 3068 Celeberrima
1825 3014 1910 3073 exiis,
1920 3016 2009 3080 Apen-

1206 3083 1266 3134 nini
1277 3082 1366 3133 latere
1376 3082 1479 3134 iactum
1492 3084 1647 3134 Tanarum:
1659 3082 1789 3134 Trebiam
1801 3080 2008 3133 Placentinum:

1207 3154 1327 3212 Tarum,
1349 3151 1466 3210 Niciam,
1485 3150 1642 3212 (labellum,
1662 3150 1848 3212 Scultennam,
1870 3146 2010 3200 Rhenum:

1206 3220 1314 3286 Alpium
1326 3234 1393 3270 vero
1405 3218 1526 3280 Sturam,
1542 3218 1856 3284 Urgum,1)uriasduas,
1872 3216 2010 3278 Sessiten,

1206 3288 1341 3349 Ticinum,
1353 3286 1514 3349 Lambrum,
1524 3285 1658 3352 Adduam,
1668 3287 1930 3351 Ollium,Mincium.
1950 3288 2010 3339 Nec

1206 3356 1280 3409 alius
1301 3355 1422 3409 amnium
1437 3363 1494 3409 tam
1513 3355 1592 3409 brevi
1608 3358 1701 3424 spatio
1723 3358 1836 3409 maioris
1845 3357 2009 3408 incrementi

1206 3433 1257 3478 est.
1276 3426 1397 3490 Urgetur
1406 3427 1510 3494 quippe
1522 3442 1655 3495 aquarum
1666 3427 1750 3489 mole,
1761 3434 1789 3479 et
1800 3428 1828 3478 in
1840 3423 2008 3492 profundum

1206 3495 1305 3563 agitur,
1322 3495 1418 3561 gravis
1435 3503 1537 3558 terrae,
1557 3512 1711 3564 quanquam
1735 3496 1870 3549 dedoctus
1882 3491 2008 3545 influmi-

1207 3580 1243 3616 na
1257 3571 1286 3616 et
1305 3562 1396 3616 fossas
1415 3566 1491 3617 inter
1506 3565 1665 3618 Ravennam
1681 3566 1858 3631 Altinumque
1873 3560 2007 3631 perCXX

1206 3633 1245 3685 M.
1257 3648 1329 3699 pass.
1345 3640 1436 3686 tamen
1448 3648 1502 3702 qua
1512 3633 1618 3702 largius
1628 3635 1726 3698 vontit,
1746 3640 1853 3701 septem
1863 3633 1953 3686 niaria
1963 3630 2007 3683 di·

1207 3708 1267 3754 ctus
1280 3700 1381 3754 lacere.
1982 3692 1989 3709 '

1241 3772 1366 3837 Angusta
1375 3769 1454 3821 losse
1464 3771 1623 3827 Ravennam
1636 3771 1767 3835 trahitur,
1782 3772 1829 3824 ubi
1841 3768 1951 3823 Padusa
1961 3783 2006 3820 vo·

1207 3847 1294 3901 catur,
1315 3841 1453 3905 quondam
1465 3840 1639 3895 Messanicus
1655 3841 1819 3908 appellatus.
1844 3838 2007 3891 Proximum

1206 3908 1271 3961 inde
1283 3909 1384 3959 ostium
1396 3909 1612 3975 magnitudinem
1624 3921 1722 3977 portus
1732 3909 1825 3971 habet,
1837 3905 2008 3974 quiVatreni

1207 3979 1329 4041 dicitnr;
1352 3992 1406 4044 quo
1428 3979 1559 4031 Claudius
1582 3981 1720 4035 Caesare
1741 3979 1887 4031 Britannia
1908 3976 2005 4027 triunit-

1206 4045 1303 4113 phans‚
1323 4046 1492 4114 praegrandi
1512 4048 1562 4100 iila
1580 4048 1662 4101 domo
1684 4048 1775 4100 verius
1792 4061 1873 4115 quam
1885 4042 2005 4097 nareia-

1206 4115 1291 4169 trovit
1310 4113 1431 4169 ninam.
1459 4118 1523 4169 Hoc
1540 4125 1605 4170 ante
1616 4118 1766 4168 Eridanum
1785 4117 1884 4169 ostium
1902 4113 2006 4164 dictum

1206 4191 1258 4247 est,
1275 4184 1339 4235 aliie
1351 4184 1521 4251 Spineticum
1545 4186 1579 4238 ab
1591 4188 1659 4239 urbe
1670 4186 1762 4253 Spina,
1784 4199 1853 4251 quae
1864 4180 1919 4233 fuit
1929 4180 2008 4231 iuxta

1205 4253 1378 4321 praevalens,
1394 4261 1424 4305 ut
1436 4253 1578 4320 Delphicis
1588 4255 1722 4308 creditum
1735 4262 1777 4307 est
1788 4250 1934 4313 thesauris,
1944 4264 2007 4300 con·

1207 4323 1267 4375 dita
1283 4338 1301 4374 a
1311 4323 1457 4375 Diomede.
1485 4323 1575 4392 Auget
1586 4324 1625 4375 ibi
1637 4324 1741 4377 Padum
1753 4322 1891 4376 Vatrenus
1910 4320 2006 4379 amnis,

1206 4408 1241 4445 ex
1253 4391 1495 4445 Forocorneliensi
1507 4408 1583 4460 agro.

1242 4461 1402 4515 Proximum
1423 4461 1489 4514 inde
1507 4463 1610 4515 ostium
1628 4462 1795 4530 Caprasiae,
1825 4459 1889 4511 dein
1912 4455 2005 4520 Sagis:

1207 4528 1272 4583 dein
1293 4529 1410 4591 Volane,
1433 4531 1507 4598 quod
1528 4540 1592 4585 ante
1612 4532 1700 4584 Olane
1720 4531 1878 4581 vocabatur.
1906 4523 2006 4574 Omnia

1207 4597 1371 4660 eatlumina,
1392 4598 1549 4668 sumasque,
1569 4600 1652 4666 primi
1672 4597 1765 4665 aSagi
1785 4597 1875 4648 iecere
1887 4588 2004 4642 Thusci:

1207 4674 1304 4735 egesto
1325 4666 1414 4717 amnis
1434 4669 1538 4734 impetu
1558 4682 1609 4734 per
1629 4674 1811 4719 mansnersom
1833 4664 1861 4714 in
1879 4660 2006 4711 Atriano-

1205 4751 1268 4788 rum
1290 4734 1415 4802 paludes,
1434 4750 1504 4802 quae
1518 4742 1627 4800 septem
1647 4736 1735 4786 maria
1751 4730 1936 4800 appellantur,
1955 4744 2003 4779 no·

1206 4806 1257 4858 bili
1277 4812 1361 4871 portu
1382 4804 1475 4870 oppidi
1494 4802 1668 4855 Thuseorum
1686 4802 1788 4861 Atrine,
1811 4817 1827 4851 a
1847 4814 1901 4867 quo
1918 4797 2006 4849 Atria·

1206 4875 1292 4925 ticum
1313 4886 1389 4923 mare
1409 4878 1475 4922 ante
1495 4871 1704 4939 appellabatur,
1726 4868 1799 4938 quod
1818 4883 1889 4920 nunc
1903 4865 2005 4943 Adria·

1205 4944 1302 4994 ticum.

1241 5011 1308 5062 inde
1324 5009 1397 5062 ostia
1418 5008 1513 5075 plena:
1534 5008 1721 5067 Carbonaria,
1742 5021 1774 5057 ae
1795 5003 1932 5055 fossiones
1945 5000 2005 5055 Phi·

1205 5079 1327 5140 listinae,
1349 5076 1424 5145 quod
1436 5079 1486 5131 alii
1497 5080 1645 5130 Tartarum
1661 5081 1773 5128 vocant:
1796 5072 1890 5126 omnia
1900 5087 1934 5125 ex
1945 5070 2007 5123 Phi·

1206 5149 1318 5201 listinae
1329 5147 1422 5199 tostae
1433 5148 1619 5199 abundatione
1631 5143 1786 5197 nascentia:
1809 5140 2005 5195 accedentibus

1204 5214 1301 5269 Athesi
1312 5216 1524 5269 ea'l'ridentinis
1538 5214 1661 5282 Alpibus,
1683 5222 1710 5266 et
1723 5212 1868 5280 Togisono
1879 5226 1912 5263 oa
1923 5206 2005 5262 Pata·

1207 5287 1333 5337 vinorum
1345 5288 1428 5352 agris.
1448 5286 1515 5337 Pers
1528 5299 1623 5336 corum
1636 5291 1664 5334 et
1676 5282 1830 5348 proximum
1843 5285 1952 5347 portum
1965 5277 2004 5328 ie·

1207 5356 1246 5407 cit
1255 5353 1438 5415 Broiidulom,
1449 5357 1521 5406 sicut
1533 5352 1671 5404 Edronem
1683 5351 1811 5403 Medoaci
1824 5350 1887 5412 duo,
1899 5362 1931 5399 ec
1941 5346 2006 5397 Fos-

1206 5439 1238 5473 sa
1258 5422 1364 5475 Clodia.
1394 5422 1486 5476 liissc
1500 5424 1589 5475 Padus
1610 5420 1721 5481 miscet,
1742 5436 1775 5470 ac
1786 5435 1835 5487 per
1844 5416 1913 5470 haee
1922 5412 2007 5467 effun-

1208 5492 1296 5542 ditur:
1318 5492 1476 5559 plerisque,
1497 5499 1528 5542 ut
1548 5492 1576 5541 in
1596 5490 1723 5557 Aegypto
1745 5490 1843 5550 Nilus,
1863 5482 1935 5553 qood
1958 5498 2006 5531 vn·

1208 5566 1273 5613 cant
1291 5558 1388 5621 Delta,
1408 5562 1572 5628 triquetram
1593 5561 1711 5628 liguram
1730 5560 1804 5611 iuter
1822 5557 1905 5623 Alpes
1923 5558 2005 5616 atqua
