4330 6014
357 314 397 372 so
631 308 662 369 c.
700 272 1101 367 rmnn‘sacunor
1144 294 1310 363 nnrun
1353 300 1540 364 nrsroa
1583 301 1669 361 nro.
1699 302 1723 359 1.

356 460 553 527 ignoraverant
564 457 682 523 priores,
693 460 741 506 ant
751 456 848 520 postea
858 452 1001 502 invenerat
1010 450 1078 499 rita.
1095 448 1155 500 Nec
1205 449 1296 518 telligi
1327 449 1437 517 iungendi
1448 448 1622 517 fingendique
1634 448 1837 513 conditoribus,
1848 464 1917 517 quos
1930 451 1956 501 ia
1966 449 2000 502 li·

358 528 528 588 dubitamus,
547 526 636 577 multa
654 540 728 586 csse,
751 536 821 588 quae
842 524 931 569 etnos
947 516 1154 585 praeterierint.
1205 519 1286 571 bellis
1307 466 1352 570 in
1372 519 1512 584 invenies,
1533 520 1661 571 absoluta
1676 534 1774 587 opera,
1795 504 2001 585 etillaqudque

358 597 494 649 Homines
506 596 579 651 enim
589 607 697 652 nunnus,
722 597 750 640 ct
760 587 888 654 occupati
899 587 1010 637 atheiis:
1031 586 1155 636 subcisi—
1206 601 1276 653 quae
1295 587 1421 638 mirando
1432 603 1486 638 non
1497 588 1648 675 satiamup,
1667 588 1799 656 pendenti
1810 589 1894 639 titulo
1906 589 2002 638 inscri-

357 654 453 732 risquc
465 656 634 729 temporibus
644 661 699 711 ista
710 656 846 718 curamus,
856 656 944 716 idest,
955 654 1108 715 nocturnis,
1118 667 1137 703 n
1204 656 1310 723 psisse:
1323 662 1364 720 ut,
1377 646 1681 729 [alpelicsfacitdamut
1691 657 1858 726 Polycletus:
1869 663 2000 738 tanquam

360 735 421 799 quis
440 739 562 786 vestrum
583 734 661 797 putet
671 725 712 776 his
725 731 863 778 cessatum
874 722 961 775 horis.
991 722 1061 775 Dies
1072 737 1108 774 ro
1200 723 1337 795 'inchoata
1357 740 1466 791 semper
1477 732 1541 793 arte
1548 725 1759 791 etjmpmms
1783 734 1814 777 ut
1825 710 1922 778 con‘fm
1932 724 2002 775 mdi.

356 802 627 867 impendimustcum
641 810 739 846 somno
750 792 935 846 valetudinem
946 796 1153 856 computamus:
1206 794 1310 845 ciorum
1338 793 1491 846 varietates
1517 802 1674 861 superesset
1693 794 1792 846 artifici
1803 808 1947 862 regressus
1966 793 2001 845 ad

356 871 401 921 rel
412 869 465 921 hoc
475 869 534 919 solo
545 865 669 932 praemio
681 864 813 925 contenti,
840 861 977 923 uod,dum
989 860 1046 911 ista
1070 866 1101 910 ut
1111 860 1153 911 ait
1203 863 1328 924 reniam,
1357 862 1434 914 velut
1443 862 1622 914 emendaturo
1633 863 1767 929 quidquid
1785 863 2002 923 desideraretur,

355 938 498 997 M.Varro)
508 934 686 1001 musinamur,
695 878 904 998 pluribusiioris
915 928 1153 1001 vivimuquroie·
1203 932 1229 981 si
1239 945 1295 981 non
1306 937 1381 982 esset
1390 931 1571 997 interceptus.
1593 933 1686 994 Quare
1697 932 1808 998 plenum
1818 931 2002 985 verecundiae

281 1040 294 1063 ,
356 1013 401 1059 cto
413 1005 485 1056 enim
495 1004 553 1054 rita
560 1003 658 1070 vigilia
668 996 975 1064 esthoibnsdecansis
987 1002 1072 1064 atque
1084 997 1153 1049 didi·
1203 999 1274 1051 illud
1294 1006 1354 1062 cst,
1373 999 1448 1066 quod
1459 1001 1551 1051 omnia
1562 1014 1649 1067 opera
1658 1007 1789 1068 tanquam
1800 1002 1951 1053 norissima
1961 1001 2002 1051 in·

261 1055 289 1101 '⁴‘
354 1072 504 1125 cultatibus
515 1070 585 1123 nihil
598 1086 666 1122 auso
680 1062 854 1136 promittere,
865 1066 917 1117 hoc
928 1066 1018 1132 ipsum
1029 1074 1059 1117 tu
1069 1081 1152 1134 prae-
1203 1070 1357 1135 scripsere,
1376 1074 1405 1119 et
1415 1074 1547 1143 tanquam
1567 1069 1685 1135 singulis
1703 1070 1764 1122 fato
1785 1069 1897 1122 ademti.
1933 1069 2002 1121 Tria

1285 1190 1292 1197 q
1334 1137 1397 1199 lius,
1407 1144 1438 1188 ut
1449 1138 1556 1203 opinor,
1566 1138 1692 1190 absolute
1702 1136 1852 1191 traduntur
1861 1138 2002 1204 inscripta,

353 1217 405 1272 est,
415 1210 464 1261 sed
475 1208 641 1259 indicatura.
660 1205 750 1258 Multa
760 1205 841 1257 valde
852 1207 976 1271 pretiosa
987 1205 1050 1256 ideo
1061 1192 1168 1259 vidend
1197 1151 1340 1277 'lllessyd'idd
1350 1220 1420 1273 quac
1431 1207 1490 1257 suis
1500 1206 1568 1258 locis
1578 1207 1707 1258 reddam:
1718 1221 1773 1274 quo
1782 1222 1816 1274 ap
1836 1198 2001 1327 annihpum·

352 1285 416 1343 tur,
436 1277 502 1346 quia
512 1284 575 1327 sunt
586 1275 697 1341 templis
718 1276 820 1326 dicata.
852 1274 911 1326 Nos
926 1273 1162 1353 quidemomnes,
1204 1290 1276 1325 mam
1288 1276 1355 1326 artis
1366 1275 1659 1327 securitatemauctori
1669 1224 1914 1353 placuisseygtobi
1945 1290 2000 1328 mu·

352 1149 411 1194 stus
431 1140 504 1208 quod
526 1138 562 1190 ad
573 1146 601 1190 te
612 1139 763 1190 scribimus.
793 1136 1065 1202 Neciiduciaoperis
1084 1134 1153 1187 haee
1204 1153 1286 1188 nona

351 1356 470 1419 patrem,
481 1354 518 1408 te,
538 1345 709 1409 fratremque
720 1344 838 1394 diximus
848 1357 932 1408 opere
944 1344 1026 1403 iusto,
1045 1348 1151 1408 tempo·
1223 1358 1259 1394 na
1277 1342 1473 1395 inridiuiuere
1493 1345 1635 1397 omniaca.
1663 1345 1724 1411 Ego
1744 1343 2001 1412 plastemeisadiici

351 1434 412 1472 rum
423 1422 581 1467 nostrorum
594 1412 737 1463 historiam
745 1414 800 1463 orsi
808 1428 826 1462 a
835 1410 1091 1480 linedutldiissassi.
1100 1411 1152 1462 Ubi
1223 1426 1285 1464 osse
1296 1412 1385 1462 multa
1395 1412 1544 1464 confiteorz
1565 1428 1616 1465 nec
1626 1411 1668 1463 his
1677 1413 1759 1474 solis,
1771 1413 1821 1466 sed
1833 1420 1862 1466 et
1873 1413 2000 1466 omnibus

204 1534 278 1555 ,w
350 1488 389 1540 sit
399 1501 441 1547 ca,
451 1473 649 1550 quaemstfiam
662 1481 767 1548 pridem
779 1486 893 1547 peracta
903 1472 1074 1545 sarciturjfrt
1084 1480 1151 1530 alio·
1204 1495 1273 1548 qnae
1284 1480 1375 1532 edidi:
1396 1487 1427 1531 ut
1439 1481 1513 1533 obid
1523 1496 1633 1534 caream
1646 1484 1714 1532 istos
1725 1482 2000 1547 Homeromastigas:

160 1546 225 1609 '“,
350 1555 557 1676 gninstatutnm
566 1556 627 1603 erat
637 1548 733 1602 heredi
743 1549 920 1611 mandare,ne
931 1549 996 1616 quid
1008 1548 1151 1600 ambitioni
1203 1550 1257 1612 (ita
1267 1549 1340 1601 enim
1351 1549 1443 1600 verim
1455 1549 1596 1611 dixerims)
1607 1553 1735 1615 quoniam
1747 1550 2001 1615 audioctStoicos,

370 1623 460 1675 edisse
472 1621 530 1672 rita
538 1614 720 1677 iudicaretur]
725 1618 843 1670 Proinde
853 1619 1048 1684 occupantibus
1059 1618 1149 1669 locum
1203 1624 1232 1669 ct
1244 1617 1423 1681 Dialectieos,
1444 1617 1595 1684 Epicureos
1606 1632 1714 1685 quoque
1725 1623 1800 1683 (nam
1811 1619 1845 1671 de
1857 1619 2000 1672 Gramma·

349 1693 448 1745 fanco:
470 1704 523 1757 ego
534 1704 598 1742 vero
610 1694 639 1741 et
651 1689 779 1755 posteris,
784 1678 868 1759 [quos
880 1689 939 1739 scio
949 1686 1091 1738 nobiscnm
1103 1685 1150 1738 de·
1203 1687 1266 1737 ticis
1284 1701 1394 1752 semper
1405 1689 1576 1753 exspectavi)
1588 1701 1604 1752 p
1638 1688 1727 1739 turirc
1738 1689 1870 1740 adversm
1880 1688 2001 1751 libellos,

153 1786 189 1809 ,ι
246 1754 259 1827 ,Ῐ
274 1750 519 1825 ,’ω-ιιιῖιιιιιιι·οε,
539 1761 613 1810 sicut
623 1757 676 1824 ipsi
688 1757 803 1816 lecimus
814 1771 875 1807 cnm
886 1752 1043 1827 prioribus]
1063 1755 1150 1821 Argu·
1203 1770 1272 1822 quos
1284 1755 1318 1806 de
1327 1756 1514 1807 Grammatico
1526 1755 1608 1817 edidi,
1637 1757 1774 1810 tsubinde
1785 1757 1899 1809 abortus
1909 1757 2002 1810 iacere

194 1826 264 1855 ‘¹'
350 1835 473 1884 ruentum
484 1826 567 1880 huius
577 1825 713 1878 stomachi
725 1826 779 1879 mei
789 1824 1002 1892 habebis,quod
1012 1826 1041 1876 in
1053 1821 1093 1874 his
1105 1838 1150 1875 vo·
1204 1828 1258 1876 ‘am
1282 1824 1375 1878 decem
1387 1826 1474 1887 annis,
1484 1839 1566 1891 quum
1578 1824 1696 1877 celerius
1710 1827 1792 1877 ctiam
1804 1823 1944 1892 elephanti
1956 1840 2003 1892 pa·

350 1898 499 1952 inminibus
510 1903 655 1949 auctorum
667 1896 779 1946 nomina
790 1896 942 1961 praetexui.
950 1890 1010 1967 [list
1020 1893 1093 1945 enim
1104 1893 1150 1945 he·
1217 1894 1295 1952 iant.)
1315 1894 1370 1945 Ceu
1390 1907 1457 1945 nero
1468 1893 1603 1956 nesciam,
1626 1895 1758 1946 adversus
1769 1892 2001 1960 Theophrastum,

351 1971 462 2035 nignurn
476 1971 520 2029 (ut
531 1965 665 2025 arbitror)
677 1972 705 2014 et
716 1964 826 2030 plenum
837 1965 949 2030 ingenui
962 1962 1089 2029 pudoris,
1109 1960 1150 2013 ia·
1203 1963 1342 2015 hominem
1362 1962 1392 2012 in
1413 1962 1573 2029 eloquentia
1582 1969 1690 2014 tanturn
1698 1999 1707 2027 ,
1728 1968 1759 2015 ut
1770 1978 1868 2015 nomen
1879 1962 2000 2014 divinum

145 2078 151 2087 .
199 2052 202 2059 ’
250 2045 290 2079 -‘
351 2037 414 2097 teri,
436 2049 485 2101 per
506 2049 574 2102 quos
593 2032 760 2099 profeceris:
791 2047 844 2082 non
866 2040 898 2082 ut
918 2031 1043 2100 plerique
1063 2031 1150 2094 exiis,
1201 2031 1267 2083 inde
1277 2031 1421 2093 invenerit,
1436 2033 1584 2099 scripsisse
1594 2033 1676 2084 etiam
1688 2031 1828 2094 feminum,
1849 2040 1878 2084 et
1888 2046 1999 2098 prover·

351 2120 418 2172 qnos
429 2103 519 2169 attigi,
540 2102 683 2165 recerunt„
714 2099 1084 2160 Scitoenim,conierentem
1100 2115 1149 2150 au·
1200 2103 1275 2152 bium
1286 2100 1352 2153 inde
1364 2104 1468 2164 natum,
1486 2102 1631 2169 suspendio
1643 2103 1769 2154 arborem
1782 2101 1911 2169 eligendi.
1937 2100 2000 2152 Non

352 2180 444 2226 ctores
465 2184 509 2222 me
526 2167 750 2236 deprehendisse,
761 2184 778 2219 a
789 2168 965 2221 iuratissimis
977 2178 1005 2220 et
1016 2168 1150 2235 proximis
1202 2183 1273 2235 queo
1285 2167 1353 2220 mihi
1363 2176 1534 2237 temperare,
1554 2185 1607 2237 quo
1619 2171 1711 2222 minus
1722 2169 1821 2224 adhoc
1832 2170 2001 2237 pertinentia

350 2248 460 2294 veteres
480 2237 860 2305 transscriptosadrcrbum,
881 2252 969 2304 neque
980 2239 1148 2289 nominatos:
1202 2240 1266 2305 ipsa
1286 2240 1411 2291 Censorii
1430 2240 1544 2291 Catonis
1564 2240 1648 2292 rerba
1665 2254 1779 2305 ponam:
1799 2247 1830 2290 nt
1839 2239 1904 2292 inde
1916 2252 1999 2305 oppa·

286 2342 288 2345 -
306 2356 311 2371 ,
336 2320 408 2362 'non
427 2308 643 2374 lllaVirgiliana
654 2307 765 2369 virtute,
786 2312 817 2357 ut
827 2312 980 2358 certarent:
1003 2320 1056 2356 non
1076 2308 1149 2358 Cice·
1200 2308 1366 2370 resitetiam
1378 2309 1476 2359 Cutem
1486 2308 1521 2361 de
1533 2308 1648 2360 militari
1659 2309 1805 2376 disciplina
1817 2315 2000 2360 commentan-

123 2450 128 2461 .
168 2414 197 2459 r»
214 2395 233 2419 ι’
251 2382 265 2401 ’“
280 2377 291 2395 ”
350 2379 466 2432 roniana
488 2376 675 2445 simplicitate,
698 2375 871 2442 quiinlibris
883 2373 916 2425 de
927 2374 1078 2438 Republica
1088 2373 1149 2423 Plu·
1201 2377 1233 2437 ti,
1245 2377 1291 2443 qui
1302 2378 1353 2428 sub
1364 2377 1504 2441 Africano,
1523 2378 1681 2430 immovero
1693 2385 1721 2430 et
1731 2380 1781 2430 sub
1793 2377 1949 2429 Hannibale
1961 2375 2000 2427 di·

350 2447 427 2500 tonis
447 2462 478 2499 se
488 2447 616 2498 comitem
627 2445 774 2511 profitetur
790 2461 796 2493 :
817 2444 844 2495 in
856 2441 1054 2494 Consolatione
1065 2442 1150 2502 filiae,
1202 2444 1316 2492 uicisset
1336 2446 1469 2503 militare.
1492 2452 1521 2498 et
1530 2463 1565 2499 ne
1575 2445 1734 2499 Africanum
1747 2447 1856 2513 quidem
1868 2445 1940 2497 lerre
1951 2460 1999 2512 po·

351 2518 525 2577 crantorem,
536 2514 636 2580 inquit,
648 2527 763 2578 sequor:
784 2511 852 2563 itcm
863 2511 1026 2563 Panaetium
1039 2510 1073 2562 de
1085 2509 1149 2562 Olli-
1201 2510 1319 2577 tuisset,
1344 2513 1393 2577 qui
1403 2513 1558 2576 imperator
1567 2515 1736 2580 triumphum
1747 2521 1928 2581 reportasset,
1950 2529 1998 2581 pa·

352 2585 418 2636 ciis:
430 2598 500 2651 quae
512 2582 652 2634 volumina
664 2582 725 2632 eius
737 2580 893 2644 ediscenda,
904 2580 1046 2631 nonnrodo
1056 2581 1083 2630 in
1096 2595 1150 2630 ma·
1201 2586 1278 2629 ratos
1289 2577 1376 2629 luisse
1388 2580 1467 2640 istos,
1478 2582 1523 2646 qui
1535 2580 1738 2634 obtrectatione
1749 2582 1857 2633 alienae
1867 2584 1999 2636 scientiae

350 2653 432 2704 nibus
443 2650 565 2732 quotidie
576 2649 712 2711 habenda,
723 2649 806 2701 nosti.
829 2649 946 2701 Obnoxii
959 2648 1083 2715 prolecto
1093 2647 1150 2699 uni·
1201 2647 1302 2698 lamam
1333 2648 1580 2714 tibiancupantur.
1618 2650 1690 2714 Quid
1703 2653 1773 2703 enim
1785 2651 1826 2702 ait
1836 2651 1864 2702 in
1876 2665 1909 2703 co
1920 2652 1997 2704 rolu-

349 2722 397 2783 mi,
412 2725 442 2771 et
451 2719 572 2772 infelicis
582 2718 686 2787 ingenii
698 2725 749 2779 est,
770 2716 937 2784 deprehendi
948 2718 974 2768 in
987 2718 1062 2771 furto
1083 2717 1150 2769 usal·
1202 2716 1292 2768 minei
1305 2716 1368 2770 Seio
1379 2734 1437 2786 ego,
1448 2735 1516 2786 quac
1525 2720 1628 2787 scripta
1638 2729 1709 2784 nant,
1720 2721 1745 2773 εἰ
1753 2722 1844 2789 palem
1851 2721 1996 2792 proferas·

302 2818 308 2827 ·
349 2790 385 2852 le,
396 2802 477 2855 quam
486 2794 610 2838 mutuum
621 2787 748 2849 reddere,
759 2802 842 2853 quum
852 2787 1016 2853 praesertim
1028 2802 1090 2839 sors
1099 2789 1150 2838 liat
1184 2786 1265 2847 ltur,
1286 2788 1456 2858 muitcssore
1467 2788 1514 2856 qui
1522 2793 1700 2857 sssststsgent:
1719 2792 1768 2843 scd
1784 2790 1808 2842 s's'
1818 2789 1998 2858 potissimum,

350 2871 488 2911 exusurs.
516 2855 708 2922 inscriptionis
719 2855 791 2921 apud
803 2855 924 2908 Graecos
935 2855 1005 2907 mira
1014 2856 1149 2908 felicitas:
1200 2855 1339 2922 quiverat
1350 2858 1438 2908 laudis
1449 2866 1571 2923 rspertes
1582 2868 1653 2911 sunt.
1686 2856 1790 2911 Eorum
1802 2876 1851 2929 ego
1861 2859 1997 2913 cratinum

348 2927 438 2992 κηρίον
457 2925 637 2991 inscripsere,
663 2924 736 2992 quod
758 2924 889 2977 nolebant
909 2925 1148 2992 intelligifavum:
1200 2923 1471 2990 sinoprneterfluere.
1484 2924 1997 2992 NecPlancusillepideqnumdicere-

348 2989 657 3060 aliistpecsipulostuc,
688 2993 983 3058 quodCopiaccornu:
1013 2997 1045 3042 ut
1056 2990 1099 3044 nel
1110 2991 1148 3042 la·
1200 3005 1247 3039 tur
1258 2990 1365 3039 Asinius
1377 2990 1468 3041 l’nllio
1481 2990 1622 3042 orationes
1632 2993 1661 3041 in
1673 3007 1734 3042 eum
1747 3008 1859 3058 parare,
1880 3008 1950 3058 quae
1962 2993 1997 3044 ub

258 3102 264 3117 r
348 3063 400 3113 ctis
420 3059 569 3127 gallinacei
588 3074 699 3125 sperare
719 3060 808 3125 possis
819 3062 846 3110 in
861 3059 1000 3111 volumine
1011 3057 1147 3111 haustum.
1200 3057 1260 3122 ipso
1273 3065 1321 3107 aut
1332 3057 1428 3108 liberis
1441 3065 1502 3124 post
1513 3064 1630 3109 mortem
1640 3058 1732 3111 Planci
1745 3061 1902 3123 ederentur,
1912 3076 1946 3111 ne
1955 3075 1997 3113 rc·

347 3131 405 3182 lam
416 3129 528 3189 Musae,
539 3126 684 3185 nundinas,
706 3126 865 3192 ιγχιιρίδιον,
875 3123 979 3189 λειμὼν,
999 3126 1082 3184 πίναξ,
1094 3127 1149 3187 sxt-
1200 3124 1335 3191 spondere
1353 3134 1463 3190 posset:
1477 3124 1545 3176 Cum
1556 3126 1668 3179 mortuis
1678 3145 1729 3182 non
1739 3129 1792 3183 nisi
1806 3132 1897 3182 larvas
1907 3131 1994 3182 lucta·

348 3197 413 3257 dios,
431 3196 635 3262 inscriptiones,
655 3200 770 3261 propter
800 3208 850 3244 uas
860 3192 1044 3245 vadimonium
1057 3192 1148 3244 deseri
1199 3193 1235 3247 ri,
1256 3194 1317 3254 Quin
1330 3194 1406 3245 dicto
1418 3196 1459 3244 sic
1470 3197 1637 3261 repercussit
1647 3196 1725 3259 illas,
1746 3206 1777 3250 ut
1788 3198 1860 3265 apud
1871 3199 1995 3250 cruditos

368 3267 444 3317 ussit.
475 3268 510 3316 At
521 3277 603 3331 quum
615 3209 828 3323 intraverimdii
838 3262 972 3328 deaeque,
984 3276 1064 3343 qnam
1077 3261 1147 3313 nihil
1199 3260 1269 3313 nihil
1282 3262 1470 3328 impudentius
1480 3264 1625 3315 iudicetur.
1648 3265 1723 3334 Ergo
1734 3269 1823 3320 securi
1833 3268 1917 3320 etiam
1929 3282 1994 3319 con·

346 3281 377 3385 fn
388 3332 480 3386 medio
491 3331 627 3384 invenies!
641 3331 737 3383 Nostri
751 3331 917 3393 crassiores,
937 3331 1147 3396 Antiquitatum,
1199 3337 1243 3382 tra
1252 3331 1623 3400 sitilitigatorcs,quosCato
1634 3334 1779 3403 eleganter
1789 3352 1823 3389 ex
1832 3338 1909 3389 vitiis
1920 3343 1949 3389 et
1960 3337 1995 3388 li·

350 3402 556 3469 Exemplorum,
574 3400 750 3468 Artiumquez
774 3400 943 3460 facetissimi,
964 3400 1147 3450 Lucubratio-
1199 3400 1367 3467 tigatoribus
1390 3403 1560 3468 composuit,
1583 3404 1801 3470 (quidcnimilli
1821 3405 1898 3458 alind
1914 3421 1995 3473 qnam

347 3486 419 3533 nem,
440 3479 470 3521 ut
482 3472 529 3535 qui
541 3469 689 3518 Bibaculus
701 3474 761 3519 erat
773 3477 801 3518 et
813 3470 978 3520 vocabatur:
1002 3469 1087 3535 paulo
1099 3468 1148 3519 mi·
1199 3469 1321 3537 litigant,
1342 3475 1391 3522 aut
1403 3470 1480 3522 litem
1499 3481 1636 3538 quaerunt
1643 3472 1666 3537 l)
1686 3490 1867 3542 exsequemur
1886 3476 1996 3541 reliqua

347 3534 588 3598 nnsserio,Varro
601 3534 745 3601 inSatyris
757 3537 815 3586 suis
827 3536 1015 3603 Sesculyssem
1028 3537 1147 3589 etFlex·
1198 3539 1345 3605 propositi.
1375 3538 1448 3601 Quia
1469 3541 1696 3607 occupationibus
1716 3546 1771 3595 tuis
1792 3543 1901 3610 publico
1922 3545 1995 3596 bono

345 3605 449 3659 tabula.
480 3600 703 3683 ApudtGraecos
721 3602 803 3654 desiit
823 3606 923 3671 nugari
943 3605 1098 3668 Diodorus,
1118 3614 1146 3657 et
1197 3606 1363 3727 parcendum
1384 3613 1463 3672 erat,
1485 3610 1551 3677 quid
1571 3610 1689 3679 singulis
1715 3612 1889 3665 contineatur
1907 3613 1994 3675 libris,

344 3671 522 3739 βιβλιοθήκης
542 3668 686 3723 historiam
709 3686 787 3723 snam
808 3673 957 3742 inscripsit.
989 3676 1075 3741 Apion
1088 3677 1147 3741 qui·
1217 3679 1261 3728 uic
1272 3664 1407 3743 epistolae
1423 3678 1567 3731 subiunxi:
1588 3694 1749 3749 summaque
1760 3697 1839 3744 cura,
1859 3698 1894 3734 ne
1924 3681 1994 3734 erle·

345 3740 409 3792 dem
432 3738 653 3801 Grammaticus,
673 3738 807 3808 hicquem
820 3743 1146 3810 TiberiusCoesarcym·
1196 3746 1302 3813 gendos
1323 3761 1371 3798 eos
1393 3745 1531 3811 haberes,
1550 3750 1747 3816 operamdcdi.
1789 3753 1833 3803 'l'u
1845 3766 1894 3817 per
1904 3697 1956 3803 doc
1966 3758 1995 3803 et

344 3808 440 3861 balum
453 3808 547 3859 mundi
562 3808 693 3872 vocabat,
705 3824 787 3876 quum
797 3810 925 3877 publicae
935 3810 1025 3865 iamne
1037 3819 1146 3880 tympa·
1196 3814 1259 3866 aliis
1278 3815 1433 3880 praestabis
1449 3833 1483 3869 ne
1492 3817 1650 3887 perlegant:
1669 3817 1729 3883 sed,
1751 3821 1909 3888 utquisque
1921 3819 1992 3870 desi·

345 3892 410 3957 num
432 3878 524 3958 potins
535 3876 622 3928 videri
634 3884 738 3944 posset,
759 3880 967 3932 immortalitate
979 3880 1076 3932 donari
1089 3897 1145 3935 asc
1197 3884 1340 3936 deraserit
1359 3885 1479 3953 aliquid,
1502 3886 1531 3938 id
1542 3895 1649 3939 tantum
1660 3896 1793 3955 quaerat,
1806 3897 1835 3941 et
1844 3891 1926 3949 sciat,
1937 3903 1992 3954 quo

344 3952 466 4011 scripsit,
476 3944 511 3995 ad
525 3947 887 4017 quosaliquacomponebat.
904 3951 1010 4001 Menon
1018 3953 1145 4016 poenitet
1196 3952 1259 4003 loco
1280 3953 1410 4006 inveniat.
1442 3955 1504 4007 lioc
1527 3963 1591 4007 ante
1612 3972 1655 4009 rne
1669 3957 1738 4010 fecit
1747 3962 1775 4011 in
1785 3957 1874 4010 literis
1891 3956 1993 4007 nostris

344 4014 450 4066 nullum
473 4012 645 4067 festiviorem
667 4017 841 4082 excogitasse
861 4017 984 4070 titulum.
1019 4020 1056 4070 Et
1071 4036 1104 4071 ne
1116 4021 1143 4073 in
1196 4021 1326 4077 Valerius
1337 4021 1473 4087 Soranus,
1484 4024 1602 4079 inlibris
1613 4041 1682 4094 quos
1692 4026 1834 4078 insertion
1844 4025 1992 4091 inscripsit.

344 4089 433 4137 totum
444 4081 540 4137 ridear
550 4082 673 4138 Graecos
683 4085 824 4150 insectari,
834 4100 869 4141 ex
878 4087 935 4139 illis
946 4101 997 4140 nos
1009 4088 1090 4141 velim
1102 4091 1142 4142 in·
