<?xml version="1.0" encoding="UTF-8"?>
<!DOCTYPE html PUBLIC "-//W3C//DTD XHTML 1.0 Transitional//EN"
    "http://www.w3.org/TR/xhtml1/DTD/xhtml1-transitional.dtd">
<html xmlns="http://www.w3.org/1999/xhtml" xml:lang="en" lang="en">
 <head>
  <title>
</title>
<meta http-equiv="Content-Type" content="text/html;charset=utf-8" />
  <meta name='ocr-system' content='tesseract 3.04.00' />
  <meta name='ocr-capabilities' content='ocr_page ocr_carea ocr_par ocr_line ocrx_word'/>
</head>
<body>
  <div class='ocr_page' id='page_1' title='image "./historiaenatura00plingoog_0247.png"; bbox 0 0 4356 6014; ppageno 0'>
   <div class='ocr_carea' id='block_1_1' title="bbox 318 248 400 315">
    <p class='ocr_par' dir='ltr' id='par_1_1' title="bbox 318 248 400 315">
     <span class='ocr_line' id='line_1_1' title="bbox 318 248 400 315; baseline 0 0"><span class='ocrx_word' id='word_1_1' title='bbox 318 248 326 269; x_wconf 81' lang='grc'><strong><em>’</em></strong></span> <span class='ocrx_word' id='word_1_2' title='bbox 336 254 400 315; x_wconf 78' lang='grc'><strong>236</strong></span> 
     </span>
    </p>
   </div>
   <div class='ocr_carea' id='block_1_2' title="bbox 283 389 1154 4745">
    <p class='ocr_par' dir='ltr' id='par_1_2' title="bbox 339 389 1146 1421">
     <span class='ocr_line' id='line_1_2' title="bbox 339 389 1141 471; baseline -0.019 -15"><span class='ocrx_word' id='word_1_3' title='bbox 339 400 391 456; x_wconf 86' lang='lat' dir='ltr'><strong>sed</strong></span> <span class='ocrx_word' id='word_1_4' title='bbox 400 400 512 471; x_wconf 88' lang='lat' dir='ltr'><strong>singula</strong></span> <span class='ocrx_word' id='word_1_5' title='bbox 520 412 614 453; x_wconf 88' lang='lat' dir='ltr'><strong>earum</strong></span> <span class='ocrx_word' id='word_1_6' title='bbox 624 393 746 449; x_wconf 84' lang='lat' dir='ltr'><strong>stamius</strong></span> <span class='ocrx_word' id='word_1_7' title='bbox 757 394 874 445; x_wconf 78' lang='lat' dir='ltr'><strong>centem</strong></span> <span class='ocrx_word' id='word_1_8' title='bbox 884 389 1078 460; x_wconf 89' lang='lat' dir='ltr'><strong>quinquageno</strong></span> <span class='ocrx_word' id='word_1_9' title='bbox 1093 389 1141 441; x_wconf 82' lang='lat' dir='ltr'><strong>ilo</strong></span> 
     </span>
     <span class='ocr_line' id='line_1_3' title="bbox 343 460 1144 533; baseline -0.017 -9"><span class='ocrx_word' id='word_1_10' title='bbox 343 475 499 530; x_wconf 77' lang='grc' dir='ltr'>ιοιιιιιιιε)</span> <span class='ocrx_word' id='word_1_11' title='bbox 517 472 589 522; x_wconf 89' lang='lat' dir='ltr'><strong>sicut</strong></span> <span class='ocrx_word' id='word_1_12' title='bbox 599 465 759 533; x_wconf 75' lang='lat' dir='ltr'><strong>paniosate</strong></span> <span class='ocrx_word' id='word_1_13' title='bbox 767 462 839 513; x_wconf 88' lang='lat' dir='ltr'><strong>lulio</strong></span> <span class='ocrx_word' id='word_1_14' title='bbox 852 460 941 527; x_wconf 87' lang='lat' dir='ltr'><strong>Lupo,</strong></span> <span class='ocrx_word' id='word_1_15' title='bbox 965 462 1015 527; x_wconf 92' lang='lat' dir='ltr'><strong>qui</strong></span> <span class='ocrx_word' id='word_1_16' title='bbox 1024 461 1053 512; x_wconf 92' lang='lat' dir='ltr'><strong>in</strong></span> <span class='ocrx_word' id='word_1_17' title='bbox 1062 468 1144 526; x_wconf 85' lang='lat' dir='ltr'><strong>prse-</strong></span> 
     </span>
     <span class='ocr_line' id='line_1_4' title="bbox 343 529 1142 606; baseline -0.018 -13"><span class='ocrx_word' id='word_1_18' title='bbox 343 540 453 595; x_wconf 85' lang='lat' dir='ltr'><strong>iectura</strong></span> <span class='ocrx_word' id='word_1_19' title='bbox 465 537 583 606; x_wconf 85' lang='lat' dir='ltr'><strong>Aegypti</strong></span> <span class='ocrx_word' id='word_1_20' title='bbox 600 534 679 586; x_wconf 89' lang='lat' dir='ltr'><strong>obiit.</strong></span> <span class='ocrx_word' id='word_1_21' title='bbox 715 532 857 583; x_wconf 76' lang='lat' dir='ltr'>Miremur</span> <span class='ocrx_word' id='word_1_22' title='bbox 873 530 926 582; x_wconf 92' lang='lat' dir='ltr'><strong>boc</strong></span> <span class='ocrx_word' id='word_1_23' title='bbox 941 533 1102 598; x_wconf 72' lang='lat' dir='ltr'>ignorantes</span> <span class='ocrx_word' id='word_1_24' title='bbox 1112 529 1142 580; x_wconf 91' lang='lat' dir='ltr'><strong>in</strong></span> 
     </span>
     <span class='ocr_line' id='line_1_5' title="bbox 342 596 1141 679; baseline -0.014 -19"><span class='ocrx_word' id='word_1_25' title='bbox 342 610 473 679; x_wconf 75' lang='lat' dir='ltr'>Aegyptii</span> <span class='ocrx_word' id='word_1_26' title='bbox 485 604 620 675; x_wconf 88' lang='lat' dir='ltr'><strong>quondam</strong></span> <span class='ocrx_word' id='word_1_27' title='bbox 633 600 717 666; x_wconf 91' lang='lat' dir='ltr'><strong>regis,</strong></span> <span class='ocrx_word' id='word_1_28' title='bbox 731 616 812 667; x_wconf 87' lang='lat' dir='ltr'><strong>quoru</strong></span> <span class='ocrx_word' id='word_1_29' title='bbox 821 600 944 653; x_wconf 87' lang='lat' dir='ltr'><strong>Amasim</strong></span> <span class='ocrx_word' id='word_1_30' title='bbox 957 605 1067 660; x_wconf 84' lang='lat' dir='ltr'><strong>vocant,</strong></span> <span class='ocrx_word' id='word_1_31' title='bbox 1080 596 1141 649; x_wconf 87' lang='lat' dir='ltr'><strong>tho·</strong></span> 
     </span>
     <span class='ocr_line' id='line_1_6' title="bbox 343 668 1142 741; baseline -0.016 -10"><span class='ocrx_word' id='word_1_32' title='bbox 343 695 417 741; x_wconf 84' lang='lat' dir='ltr'><strong>racc,</strong></span> <span class='ocrx_word' id='word_1_33' title='bbox 438 679 467 729; x_wconf 90' lang='lat' dir='ltr'><strong>iu</strong></span> <span class='ocrx_word' id='word_1_34' title='bbox 478 674 646 727; x_wconf 87' lang='lat' dir='ltr'><strong>Rhodiorum</strong></span> <span class='ocrx_word' id='word_1_35' title='bbox 657 669 750 721; x_wconf 90' lang='lat' dir='ltr'><strong>insuia</strong></span> <span class='ocrx_word' id='word_1_36' title='bbox 762 669 872 722; x_wconf 90' lang='lat' dir='ltr'><strong>ostendi</strong></span> <span class='ocrx_word' id='word_1_37' title='bbox 884 669 912 720; x_wconf 93' lang='lat' dir='ltr'><strong>in</strong></span> <span class='ocrx_word' id='word_1_38' title='bbox 924 668 1030 736; x_wconf 89' lang='lat' dir='ltr'><strong>templo</strong></span> <span class='ocrx_word' id='word_1_39' title='bbox 1040 669 1142 721; x_wconf 83' lang='lat' dir='ltr'><strong>Miner·</strong></span> 
     </span>
     <span class='ocr_line' id='line_1_7' title="bbox 344 738 1143 809; baseline -0.016 -8"><span class='ocrx_word' id='word_1_40' title='bbox 344 764 403 809; x_wconf 84' lang='lat' dir='ltr'><strong>rae,</strong></span> <span class='ocrx_word' id='word_1_41' title='bbox 414 739 556 798; x_wconf 80' lang='lat' dir='ltr'>CCCLXV</span> <span class='ocrx_word' id='word_1_42' title='bbox 578 740 634 791; x_wconf 89' lang='lat' dir='ltr'><strong>iiiia</strong></span> <span class='ocrx_word' id='word_1_43' title='bbox 654 739 764 807; x_wconf 86' lang='lat' dir='ltr'><strong>singula</strong></span> <span class='ocrx_word' id='word_1_44' title='bbox 786 739 835 790; x_wconf 91' lang='lat' dir='ltr'><strong>iiia</strong></span> <span class='ocrx_word' id='word_1_45' title='bbox 854 746 996 791; x_wconf 75' lang='lat' dir='ltr'><strong>constare:</strong></span> <span class='ocrx_word' id='word_1_46' title='bbox 1018 738 1092 803; x_wconf 90' lang='lat' dir='ltr'><strong>quod</strong></span> <span class='ocrx_word' id='word_1_47' title='bbox 1113 752 1143 788; x_wconf 91' lang='lat' dir='ltr'><strong>se</strong></span> 
     </span>
     <span class='ocr_line' id='line_1_8' title="bbox 343 809 1144 882; baseline -0.015 -14"><span class='ocrx_word' id='word_1_48' title='bbox 343 824 487 882; x_wconf 78' lang='lat' dir='ltr'><strong>expertum</strong></span> <span class='ocrx_word' id='word_1_49' title='bbox 504 820 591 875; x_wconf 80' lang='lat' dir='ltr'>nuper</span> <span class='ocrx_word' id='word_1_50' title='bbox 602 812 706 861; x_wconf 83' lang='lat' dir='ltr'><strong>Romae</strong></span> <span class='ocrx_word' id='word_1_51' title='bbox 718 809 998 876; x_wconf 85' lang='lat' dir='ltr'><strong>prodidithlucianus</strong></span> <span class='ocrx_word' id='word_1_52' title='bbox 1016 814 1061 859; x_wconf 88' lang='lat' dir='ltr'><strong>ter</strong></span> <span class='ocrx_word' id='word_1_53' title='bbox 1081 821 1144 858; x_wconf 89' lang='lat' dir='ltr'><strong>con·</strong></span> 
     </span>
     <span class='ocr_line' id='line_1_9' title="bbox 343 874 1144 948; baseline -0.015 -11"><span class='ocrx_word' id='word_1_54' title='bbox 343 879 625 948; x_wconf 85' lang='lat' dir='ltr'><strong>sui,parrasqueiam</strong></span> <span class='ocrx_word' id='word_1_55' title='bbox 641 879 773 946; x_wconf 78' lang='lat' dir='ltr'>reliquias</span> <span class='ocrx_word' id='word_1_56' title='bbox 790 878 850 930; x_wconf 88' lang='lat' dir='ltr'><strong>eius</strong></span> <span class='ocrx_word' id='word_1_57' title='bbox 862 891 1007 944; x_wconf 76' lang='lat' dir='ltr'>superesse</span> <span class='ocrx_word' id='word_1_58' title='bbox 1028 874 1080 927; x_wconf 91' lang='lat' dir='ltr'><strong>bac</strong></span> <span class='ocrx_word' id='word_1_59' title='bbox 1100 890 1144 927; x_wconf 81' lang='lat' dir='ltr'><strong>es·</strong></span> 
     </span>
     <span class='ocr_line' id='line_1_10' title="bbox 344 944 1143 1021; baseline -0.014 -16"><span class='ocrx_word' id='word_1_60' title='bbox 344 950 508 1021; x_wconf 80' lang='lat' dir='ltr'><strong>parientium</strong></span> <span class='ocrx_word' id='word_1_61' title='bbox 521 947 631 1000; x_wconf 86' lang='lat' dir='ltr'><strong>iniuria.</strong></span> <span class='ocrx_word' id='word_1_62' title='bbox 667 948 749 999; x_wconf 89' lang='lat' dir='ltr'><strong>ltalia</strong></span> <span class='ocrx_word' id='word_1_63' title='bbox 764 956 793 999; x_wconf 92' lang='lat' dir='ltr'><strong>et</strong></span> <span class='ocrx_word' id='word_1_64' title='bbox 804 947 927 1015; x_wconf 87' lang='lat' dir='ltr'><strong>Pelignis</strong></span> <span class='ocrx_word' id='word_1_65' title='bbox 938 947 1089 998; x_wconf 88' lang='lat' dir='ltr'><strong>etiamnum</strong></span> <span class='ocrx_word' id='word_1_66' title='bbox 1108 944 1143 995; x_wconf 91' lang='lat' dir='ltr'><strong>li·</strong></span> 
     </span>
     <span class='ocr_line' id='line_1_11' title="bbox 344 1016 1143 1081; baseline -0.014 -8"><span class='ocrx_word' id='word_1_67' title='bbox 344 1022 386 1073; x_wconf 93' lang='lat' dir='ltr'><strong>nia</strong></span> <span class='ocrx_word' id='word_1_68' title='bbox 409 1018 542 1071; x_wconf 90' lang='lat' dir='ltr'><strong>honorem</strong></span> <span class='ocrx_word' id='word_1_69' title='bbox 564 1016 657 1079; x_wconf 85' lang='lat' dir='ltr'><strong>habet,</strong></span> <span class='ocrx_word' id='word_1_70' title='bbox 678 1017 727 1069; x_wconf 90' lang='lat' dir='ltr'><strong>sed</strong></span> <span class='ocrx_word' id='word_1_71' title='bbox 747 1016 886 1069; x_wconf 83' lang='lat' dir='ltr'><strong>fullonum</strong></span> <span class='ocrx_word' id='word_1_72' title='bbox 907 1022 1016 1066; x_wconf 88' lang='lat' dir='ltr'><strong>tantum</strong></span> <span class='ocrx_word' id='word_1_73' title='bbox 1034 1016 1063 1064; x_wconf 93' lang='lat' dir='ltr'><strong>in</strong></span> <span class='ocrx_word' id='word_1_74' title='bbox 1084 1027 1143 1081; x_wconf 82' lang='lat' dir='ltr'><strong>usu.</strong></span> 
     </span>
     <span class='ocr_line' id='line_1_12' title="bbox 343 1081 1145 1147; baseline -0.015 -4"><span class='ocrx_word' id='word_1_75' title='bbox 343 1089 457 1144; x_wconf 89' lang='lat' dir='ltr'><strong>Nullum</strong></span> <span class='ocrx_word' id='word_1_76' title='bbox 479 1094 521 1139; x_wconf 91' lang='lat' dir='ltr'><strong>est</strong></span> <span class='ocrx_word' id='word_1_77' title='bbox 545 1085 703 1147; x_wconf 89' lang='lat' dir='ltr'><strong>candidius,</strong></span> <span class='ocrx_word' id='word_1_78' title='bbox 726 1087 841 1138; x_wconf 77' lang='lat' dir='ltr'>lanaeve</span> <span class='ocrx_word' id='word_1_79' title='bbox 862 1085 995 1137; x_wconf 87' lang='lat' dir='ltr'><strong>similius:</strong></span> <span class='ocrx_word' id='word_1_80' title='bbox 1023 1086 1095 1134; x_wconf 92' lang='lat' dir='ltr'><strong>sicut</strong></span> <span class='ocrx_word' id='word_1_81' title='bbox 1115 1081 1145 1131; x_wconf 90' lang='lat' dir='ltr'><strong>in</strong></span> 
     </span>
     <span class='ocr_line' id='line_1_13' title="bbox 345 1150 1146 1235; baseline -0.012 -24"><span class='ocrx_word' id='word_1_82' title='bbox 345 1159 454 1212; x_wconf 89' lang='lat' dir='ltr'><strong>culcitis</strong></span> <span class='ocrx_word' id='word_1_83' title='bbox 465 1156 641 1235; x_wconf 69' lang='lat' dir='ltr'><strong>prpccipuam</strong></span> <span class='ocrx_word' id='word_1_84' title='bbox 652 1156 771 1224; x_wconf 86' lang='lat' dir='ltr'><strong>gloriam</strong></span> <span class='ocrx_word' id='word_1_85' title='bbox 783 1154 905 1207; x_wconf 82' lang='lat' dir='ltr'><strong>Cadurci</strong></span> <span class='ocrx_word' id='word_1_86' title='bbox 913 1154 1048 1206; x_wconf 78' lang='lat' dir='ltr'><strong>obtinent.</strong></span> <span class='ocrx_word' id='word_1_87' title='bbox 1080 1150 1146 1203; x_wconf 89' lang='lat' dir='ltr'><strong>Gal·</strong></span> 
     </span>
     <span class='ocr_line' id='line_1_14' title="bbox 346 1221 1145 1293; baseline -0.013 -12"><span class='ocrx_word' id='word_1_88' title='bbox 346 1230 445 1281; x_wconf 91' lang='lat' dir='ltr'><strong>liarum</strong></span> <span class='ocrx_word' id='word_1_89' title='bbox 472 1226 533 1293; x_wconf 87' lang='lat' dir='ltr'><strong>hoc,</strong></span> <span class='ocrx_word' id='word_1_90' title='bbox 564 1233 593 1279; x_wconf 89' lang='lat' dir='ltr'><strong>et</strong></span> <span class='ocrx_word' id='word_1_91' title='bbox 613 1230 740 1277; x_wconf 88' lang='lat' dir='ltr'><strong>tomenta</strong></span> <span class='ocrx_word' id='word_1_92' title='bbox 762 1225 877 1291; x_wconf 91' lang='lat' dir='ltr'><strong>pariter,</strong></span> <span class='ocrx_word' id='word_1_93' title='bbox 898 1224 1049 1276; x_wconf 77' lang='lat' dir='ltr'><strong>inventum,</strong></span> <span class='ocrx_word' id='word_1_94' title='bbox 1091 1221 1145 1271; x_wconf 91' lang='lat' dir='ltr'><strong>lta·</strong></span> 
     </span>
     <span class='ocr_line' id='line_1_15' title="bbox 344 1289 1145 1365; baseline -0.01 -15"><span class='ocrx_word' id='word_1_95' title='bbox 344 1299 398 1350; x_wconf 89' lang='lat' dir='ltr'><strong>liae</strong></span> <span class='ocrx_word' id='word_1_96' title='bbox 410 1297 521 1365; x_wconf 89' lang='lat' dir='ltr'><strong>quidem</strong></span> <span class='ocrx_word' id='word_1_97' title='bbox 540 1295 706 1350; x_wconf 81' lang='lat' dir='ltr'><strong>mesariam</strong></span> <span class='ocrx_word' id='word_1_98' title='bbox 726 1309 798 1347; x_wconf 89' lang='lat' dir='ltr'><strong>nunc</strong></span> <span class='ocrx_word' id='word_1_99' title='bbox 820 1294 901 1345; x_wconf 91' lang='lat' dir='ltr'><strong>durat</strong></span> <span class='ocrx_word' id='word_1_100' title='bbox 911 1291 939 1344; x_wconf 90' lang='lat' dir='ltr'><strong>iu</strong></span> <span class='ocrx_word' id='word_1_101' title='bbox 957 1289 1145 1360; x_wconf 77' lang='lat' dir='ltr'><strong>appellatione</strong></span> 
     </span>
     <span class='ocr_line' id='line_1_16' title="bbox 343 1368 501 1421; baseline -0.006 -2"><span class='ocrx_word' id='word_1_102' title='bbox 343 1368 501 1421; x_wconf 86' lang='lat' dir='ltr'><strong>atramenti.</strong></span> 
     </span>
    </p>

    <p class='ocr_par' dir='ltr' id='par_1_3' title="bbox 344 1428 1149 2535">
     <span class='ocr_line' id='line_1_17' title="bbox 379 1428 1146 1506; baseline -0.014 -17"><span class='ocrx_word' id='word_1_103' title='bbox 379 1437 404 1491; x_wconf 82' lang='grc'><strong>3.</strong></span> <span class='ocrx_word' id='word_1_104' title='bbox 423 1436 561 1506; x_wconf 88' lang='lat' dir='ltr'><strong>Aegyptio</strong></span> <span class='ocrx_word' id='word_1_105' title='bbox 582 1436 641 1487; x_wconf 93' lang='lat' dir='ltr'><strong>lino</strong></span> <span class='ocrx_word' id='word_1_106' title='bbox 662 1433 804 1485; x_wconf 89' lang='lat' dir='ltr'><strong>minimum</strong></span> <span class='ocrx_word' id='word_1_107' title='bbox 825 1429 974 1492; x_wconf 81' lang='lat' dir='ltr'><strong>firmitatis,</strong></span> <span class='ocrx_word' id='word_1_108' title='bbox 995 1428 1146 1496; x_wconf 78' lang='lat' dir='ltr'><strong>plurimum</strong></span> 
     </span>
     <span class='ocr_line' id='line_1_18' title="bbox 344 1498 1147 1572; baseline -0.014 -14"><span class='ocrx_word' id='word_1_109' title='bbox 344 1506 422 1559; x_wconf 88' lang='lat' dir='ltr'><strong>lucri.</strong></span> <span class='ocrx_word' id='word_1_110' title='bbox 460 1507 587 1568; x_wconf 73' lang='lat' dir='ltr'><strong>Quatuor</strong></span> <span class='ocrx_word' id='word_1_111' title='bbox 602 1505 640 1556; x_wconf 92' lang='lat' dir='ltr'><strong>ibi</strong></span> <span class='ocrx_word' id='word_1_112' title='bbox 655 1517 772 1572; x_wconf 88' lang='lat' dir='ltr'><strong>genera:</strong></span> <span class='ocrx_word' id='word_1_113' title='bbox 791 1501 960 1560; x_wconf 87' lang='lat' dir='ltr'><strong>Taniticum,</strong></span> <span class='ocrx_word' id='word_1_114' title='bbox 979 1498 1147 1549; x_wconf 91' lang='lat' dir='ltr'><strong>acPelusia·</strong></span> 
     </span>
     <span class='ocr_line' id='line_1_19' title="bbox 345 1570 1145 1640; baseline -0.014 -12"><span class='ocrx_word' id='word_1_115' title='bbox 345 1592 422 1638; x_wconf 92' lang='lat' dir='ltr'><strong>cum,</strong></span> <span class='ocrx_word' id='word_1_116' title='bbox 441 1576 585 1636; x_wconf 89' lang='lat' dir='ltr'><strong>Buticum,</strong></span> <span class='ocrx_word' id='word_1_117' title='bbox 605 1572 825 1640; x_wconf 79' lang='lat' dir='ltr'><strong>Tentyriticum,</strong></span> <span class='ocrx_word' id='word_1_118' title='bbox 845 1584 907 1621; x_wconf 90' lang='lat' dir='ltr'><strong>curn</strong></span> <span class='ocrx_word' id='word_1_119' title='bbox 931 1570 1075 1636; x_wconf 89' lang='lat' dir='ltr'><strong>regionum</strong></span> <span class='ocrx_word' id='word_1_120' title='bbox 1095 1581 1145 1617; x_wconf 93' lang='lat' dir='ltr'><strong>no·</strong></span> 
     </span>
     <span class='ocr_line' id='line_1_20' title="bbox 346 1637 1146 1710; baseline -0.014 -13"><span class='ocrx_word' id='word_1_121' title='bbox 346 1646 473 1706; x_wconf 78' lang='lat' dir='ltr'><strong>minibus,</strong></span> <span class='ocrx_word' id='word_1_122' title='bbox 485 1647 513 1696; x_wconf 94' lang='lat' dir='ltr'><strong>in</strong></span> <span class='ocrx_word' id='word_1_123' title='bbox 526 1645 625 1710; x_wconf 90' lang='lat' dir='ltr'><strong>quibus</strong></span> <span class='ocrx_word' id='word_1_124' title='bbox 637 1646 799 1694; x_wconf 87' lang='lat' dir='ltr'><strong>nascuntur.</strong></span> <span class='ocrx_word' id='word_1_125' title='bbox 835 1637 968 1705; x_wconf 80' lang='lat' dir='ltr'><strong>Superior</strong></span> <span class='ocrx_word' id='word_1_126' title='bbox 979 1652 1042 1704; x_wconf 89' lang='lat' dir='ltr'><strong>pars</strong></span> <span class='ocrx_word' id='word_1_127' title='bbox 1053 1638 1146 1702; x_wconf 83' lang='lat' dir='ltr'><strong>Aegy-</strong></span> 
     </span>
     <span class='ocr_line' id='line_1_21' title="bbox 345 1704 1146 1784; baseline -0.015 -18"><span class='ocrx_word' id='word_1_128' title='bbox 345 1715 385 1784; x_wconf 93' lang='lat' dir='ltr'><strong>pti</strong></span> <span class='ocrx_word' id='word_1_129' title='bbox 406 1715 436 1765; x_wconf 91' lang='lat' dir='ltr'><strong>in</strong></span> <span class='ocrx_word' id='word_1_130' title='bbox 455 1714 585 1765; x_wconf 90' lang='lat' dir='ltr'><strong>Arabiam</strong></span> <span class='ocrx_word' id='word_1_131' title='bbox 604 1726 721 1779; x_wconf 81' lang='lat' dir='ltr'><strong>vergens</strong></span> <span class='ocrx_word' id='word_1_132' title='bbox 742 1708 832 1778; x_wconf 89' lang='lat' dir='ltr'><strong>gignit</strong></span> <span class='ocrx_word' id='word_1_133' title='bbox 842 1707 979 1769; x_wconf 81' lang='lat' dir='ltr'><strong>fruticem,</strong></span> <span class='ocrx_word' id='word_1_134' title='bbox 1000 1720 1080 1772; x_wconf 90' lang='lat' dir='ltr'><strong>quem</strong></span> <span class='ocrx_word' id='word_1_135' title='bbox 1093 1704 1146 1755; x_wconf 89' lang='lat' dir='ltr'><strong>aii·</strong></span> 
     </span>
     <span class='ocr_line' id='line_1_22' title="bbox 346 1772 1147 1851; baseline -0.009 -18"><span class='ocrx_word' id='word_1_136' title='bbox 346 1784 394 1851; x_wconf 91' lang='lat' dir='ltr'><strong>qui</strong></span> <span class='ocrx_word' id='word_1_137' title='bbox 405 1782 549 1849; x_wconf 86' lang='lat' dir='ltr'><strong>gossipion</strong></span> <span class='ocrx_word' id='word_1_138' title='bbox 557 1788 666 1842; x_wconf 78' lang='lat' dir='ltr'><strong>vocant,</strong></span> <span class='ocrx_word' id='word_1_139' title='bbox 687 1780 782 1847; x_wconf 87' lang='lat' dir='ltr'><strong>plures</strong></span> <span class='ocrx_word' id='word_1_140' title='bbox 793 1778 887 1844; x_wconf 82' lang='lat' dir='ltr'><strong>xylon,</strong></span> <span class='ocrx_word' id='word_1_141' title='bbox 899 1783 928 1830; x_wconf 87' lang='lat' dir='ltr'><strong>et</strong></span> <span class='ocrx_word' id='word_1_142' title='bbox 939 1776 1004 1828; x_wconf 88' lang='lat' dir='ltr'><strong>ideo</strong></span> <span class='ocrx_word' id='word_1_143' title='bbox 1015 1775 1074 1826; x_wconf 93' lang='lat' dir='ltr'><strong>lina</strong></span> <span class='ocrx_word' id='word_1_144' title='bbox 1082 1772 1147 1826; x_wconf 91' lang='lat' dir='ltr'><strong>inde</strong></span> 
     </span>
     <span class='ocr_line' id='line_1_23' title="bbox 345 1844 1147 1918; baseline -0.011 -15"><span class='ocrx_word' id='word_1_145' title='bbox 345 1851 423 1903; x_wconf 87' lang='lat' dir='ltr'><strong>iacta</strong></span> <span class='ocrx_word' id='word_1_146' title='bbox 434 1852 538 1918; x_wconf 84' lang='lat' dir='ltr'><strong>xyliua.</strong></span> <span class='ocrx_word' id='word_1_147' title='bbox 561 1848 664 1901; x_wconf 84' lang='lat' dir='ltr'><strong>Parvus</strong></span> <span class='ocrx_word' id='word_1_148' title='bbox 676 1854 731 1910; x_wconf 89' lang='lat' dir='ltr'><strong>est,</strong></span> <span class='ocrx_word' id='word_1_149' title='bbox 741 1847 916 1912; x_wconf 82' lang='lat' dir='ltr'>similemque</span> <span class='ocrx_word' id='word_1_150' title='bbox 926 1845 1059 1898; x_wconf 88' lang='lat' dir='ltr'><strong>barbatae</strong></span> <span class='ocrx_word' id='word_1_151' title='bbox 1071 1844 1147 1895; x_wconf 90' lang='lat' dir='ltr'><strong>nucis</strong></span> 
     </span>
     <span class='ocr_line' id='line_1_24' title="bbox 345 1914 1144 2032; baseline -0.008 -62"><span class='ocrx_word' id='word_1_152' title='bbox 345 1919 438 1973; x_wconf 83' lang='lat' dir='ltr'><strong>deferr</strong></span> <span class='ocrx_word' id='word_1_153' title='bbox 451 1918 584 1979; x_wconf 76' lang='lat' dir='ltr'><strong>fructum,</strong></span> <span class='ocrx_word' id='word_1_154' title='bbox 605 1919 682 1969; x_wconf 91' lang='lat' dir='ltr'><strong>cuius</strong></span> <span class='ocrx_word' id='word_1_155' title='bbox 695 1931 729 1968; x_wconf 86' lang='lat' dir='ltr'><strong>ex</strong></span> <span class='ocrx_word' id='word_1_156' title='bbox 744 1915 880 1967; x_wconf 89' lang='lat' dir='ltr'><strong>interiore</strong></span> <span class='ocrx_word' id='word_1_157' title='bbox 889 1916 1030 1981; x_wconf 72' lang='lat' dir='ltr'><strong>bombyce</strong></span> <span class='ocrx_word' id='word_1_158' title='bbox 1041 1914 1144 2032; x_wconf 69' lang='lat' dir='ltr'><strong>lanugo</strong></span> 
     </span>
     <span class='ocr_line' id='line_1_25' title="bbox 345 1978 1145 2050; baseline -0.008 -9"><span class='ocrx_word' id='word_1_159' title='bbox 345 1996 436 2041; x_wconf 91' lang='lat' dir='ltr'><strong>netur.</strong></span> <span class='ocrx_word' id='word_1_160' title='bbox 470 1987 530 2040; x_wconf 88' lang='lat' dir='ltr'><strong>Nec</strong></span> <span class='ocrx_word' id='word_1_161' title='bbox 540 1987 598 2038; x_wconf 89' lang='lat' dir='ltr'><strong>ulla</strong></span> <span class='ocrx_word' id='word_1_162' title='bbox 608 1994 672 2038; x_wconf 90' lang='lat' dir='ltr'><strong>sunt</strong></span> <span class='ocrx_word' id='word_1_163' title='bbox 683 1986 722 2037; x_wconf 90' lang='lat' dir='ltr'><strong>eis</strong></span> <span class='ocrx_word' id='word_1_164' title='bbox 739 1980 859 2034; x_wconf 86' lang='lat' dir='ltr'><strong>candore</strong></span> <span class='ocrx_word' id='word_1_165' title='bbox 871 1978 1024 2034; x_wconf 79' lang='lat' dir='ltr'><strong>mollitiave</strong></span> <span class='ocrx_word' id='word_1_166' title='bbox 1036 1998 1102 2050; x_wconf 90' lang='lat' dir='ltr'><strong>prae</strong></span> <span class='ocrx_word' id='word_1_167' title='bbox 1118 1998 1145 2035; x_wconf 85' lang='lat' dir='ltr'><strong>e·</strong></span> 
     </span>
     <span class='ocr_line' id='line_1_26' title="bbox 346 2052 1148 2121; baseline -0.009 -12"><span class='ocrx_word' id='word_1_168' title='bbox 346 2057 440 2110; x_wconf 88' lang='lat' dir='ltr'><strong>rendu.</strong></span> <span class='ocrx_word' id='word_1_169' title='bbox 476 2058 577 2109; x_wconf 88' lang='lat' dir='ltr'><strong>Vestes</strong></span> <span class='ocrx_word' id='word_1_170' title='bbox 593 2054 657 2121; x_wconf 67' lang='lat' dir='ltr'><strong>inde</strong></span> <span class='ocrx_word' id='word_1_171' title='bbox 673 2052 864 2104; x_wconf 88' lang='lat' dir='ltr'><strong>sacerdotibus</strong></span> <span class='ocrx_word' id='word_1_172' title='bbox 880 2052 1001 2119; x_wconf 78' lang='lat' dir='ltr'><strong>Aegypti</strong></span> <span class='ocrx_word' id='word_1_173' title='bbox 1042 2052 1148 2104; x_wconf 82' lang='lat' dir='ltr'><strong>ratissi-</strong></span> 
     </span>
     <span class='ocr_line' id='line_1_27' title="bbox 347 2121 1148 2188; baseline -0.009 -10"><span class='ocrx_word' id='word_1_174' title='bbox 347 2141 417 2178; x_wconf 88' lang='lat' dir='ltr'><strong>mae.</strong></span> <span class='ocrx_word' id='word_1_175' title='bbox 453 2125 588 2186; x_wconf 65' lang='lat' dir='ltr'><strong>Quartum</strong></span> <span class='ocrx_word' id='word_1_176' title='bbox 601 2137 687 2188; x_wconf 86' lang='lat' dir='ltr'><strong>genus</strong></span> <span class='ocrx_word' id='word_1_177' title='bbox 699 2121 914 2173; x_wconf 79' lang='lat' dir='ltr'><strong>Orchomenium</strong></span> <span class='ocrx_word' id='word_1_178' title='bbox 926 2136 996 2188; x_wconf 88' lang='lat' dir='ltr'><strong>appe</strong></span> <span class='ocrx_word' id='word_1_179' title='bbox 1039 2129 1077 2173; x_wconf 90' lang='lat' dir='ltr'><strong>ut.</strong></span> <span class='ocrx_word' id='word_1_180' title='bbox 1101 2121 1148 2172; x_wconf 88' lang='lat' dir='ltr'><strong>Fit</strong></span> 
     </span>
     <span class='ocr_line' id='line_1_28' title="bbox 348 2189 1147 2261; baseline -0.006 -14"><span class='ocrx_word' id='word_1_181' title='bbox 348 2211 364 2247; x_wconf 91' lang='grc' dir='ltr'><strong>ι</strong></span> <span class='ocrx_word' id='word_1_182' title='bbox 380 2192 496 2261; x_wconf 89' lang='lat' dir='ltr'><strong>palustri</strong></span> <span class='ocrx_word' id='word_1_183' title='bbox 511 2191 589 2245; x_wconf 88' lang='lat' dir='ltr'><strong>reiut</strong></span> <span class='ocrx_word' id='word_1_184' title='bbox 604 2189 749 2251; x_wconf 88' lang='lat' dir='ltr'><strong>arundine,</strong></span> <span class='ocrx_word' id='word_1_185' title='bbox 772 2189 919 2243; x_wconf 81' lang='lat' dir='ltr'><strong>dumtaxat</strong></span> <span class='ocrx_word' id='word_1_186' title='bbox 934 2191 1063 2257; x_wconf 82' lang='lat' dir='ltr'><strong>panicula</strong></span> <span class='ocrx_word' id='word_1_187' title='bbox 1080 2191 1147 2242; x_wconf 91' lang='lat' dir='ltr'><strong>eius.</strong></span> 
     </span>
     <span class='ocr_line' id='line_1_29' title="bbox 346 2259 1147 2328; baseline -0.005 -14"><span class='ocrx_word' id='word_1_188' title='bbox 346 2264 413 2315; x_wconf 92' lang='lat' dir='ltr'><strong>Asia</strong></span> <span class='ocrx_word' id='word_1_189' title='bbox 424 2277 439 2313; x_wconf 90' lang='lat' dir='ltr'><strong>e</strong></span> <span class='ocrx_word' id='word_1_190' title='bbox 449 2260 560 2328; x_wconf 86' lang='lat' dir='ltr'><strong>genista</strong></span> <span class='ocrx_word' id='word_1_191' title='bbox 570 2259 636 2310; x_wconf 87' lang='lat' dir='ltr'><strong>iacit</strong></span> <span class='ocrx_word' id='word_1_192' title='bbox 647 2259 987 2327; x_wconf 87' lang='lat' dir='ltr'><strong>linaadretiapraecipua,</strong></span> <span class='ocrx_word' id='word_1_193' title='bbox 998 2259 1026 2311; x_wconf 94' lang='lat' dir='ltr'><strong>in</strong></span> <span class='ocrx_word' id='word_1_194' title='bbox 1038 2259 1147 2327; x_wconf 88' lang='lat' dir='ltr'><strong>piscan-</strong></span> 
     </span>
     <span class='ocr_line' id='line_1_30' title="bbox 347 2327 1149 2391; baseline -0.004 -9"><span class='ocrx_word' id='word_1_195' title='bbox 347 2331 384 2383; x_wconf 87' lang='lat' dir='ltr'><strong>do</strong></span> <span class='ocrx_word' id='word_1_196' title='bbox 395 2330 534 2391; x_wconf 88' lang='lat' dir='ltr'><strong>durantia,</strong></span> <span class='ocrx_word' id='word_1_197' title='bbox 541 2329 643 2381; x_wconf 81' lang='lat' dir='ltr'><strong>frutice</strong></span> <span class='ocrx_word' id='word_1_198' title='bbox 656 2327 814 2380; x_wconf 80' lang='lat' dir='ltr'><strong>madefacto</strong></span> <span class='ocrx_word' id='word_1_199' title='bbox 824 2329 901 2382; x_wconf 91' lang='lat' dir='ltr'><strong>denis</strong></span> <span class='ocrx_word' id='word_1_200' title='bbox 911 2329 1015 2380; x_wconf 86' lang='lat' dir='ltr'><strong>diebus.</strong></span> <span class='ocrx_word' id='word_1_201' title='bbox 1035 2328 1149 2382; x_wconf 87' lang='lat' dir='ltr'><strong>Aethio-</strong></span> 
     </span>
     <span class='ocr_line' id='line_1_31' title="bbox 347 2397 1149 2467; baseline -0.006 -14"><span class='ocrx_word' id='word_1_202' title='bbox 347 2416 397 2467; x_wconf 86' lang='lat' dir='ltr'><strong>pes</strong></span> <span class='ocrx_word' id='word_1_203' title='bbox 414 2399 529 2465; x_wconf 89' lang='lat' dir='ltr'><strong>indique</strong></span> <span class='ocrx_word' id='word_1_204' title='bbox 546 2414 561 2451; x_wconf 90' lang='lat' dir='ltr'><strong>e</strong></span> <span class='ocrx_word' id='word_1_205' title='bbox 580 2398 672 2460; x_wconf 88' lang='lat' dir='ltr'><strong>malis,</strong></span> <span class='ocrx_word' id='word_1_206' title='bbox 692 2397 798 2451; x_wconf 89' lang='lat' dir='ltr'><strong>Arabes</strong></span> <span class='ocrx_word' id='word_1_207' title='bbox 813 2399 975 2462; x_wconf 88' lang='lat' dir='ltr'><strong>cucurbitis,</strong></span> <span class='ocrx_word' id='word_1_208' title='bbox 996 2399 1026 2450; x_wconf 92' lang='lat' dir='ltr'><strong>iu</strong></span> <span class='ocrx_word' id='word_1_209' title='bbox 1043 2398 1149 2450; x_wconf 90' lang='lat' dir='ltr'><strong>arbori·</strong></span> 
     </span>
     <span class='ocr_line' id='line_1_32' title="bbox 347 2467 717 2535; baseline -0.014 -13"><span class='ocrx_word' id='word_1_210' title='bbox 347 2471 408 2530; x_wconf 92' lang='lat' dir='ltr'><strong>bus,</strong></span> <span class='ocrx_word' id='word_1_211' title='bbox 419 2475 450 2518; x_wconf 90' lang='lat' dir='ltr'><strong>ut</strong></span> <span class='ocrx_word' id='word_1_212' title='bbox 461 2467 591 2529; x_wconf 82' lang='lat' dir='ltr'>diximus,</span> <span class='ocrx_word' id='word_1_213' title='bbox 605 2467 717 2535; x_wconf 88' lang='lat' dir='ltr'><strong>genitis.</strong></span> 
     </span>
    </p>

    <p class='ocr_par' dir='ltr' id='par_1_4' title="bbox 348 2534 1149 2883">
     <span class='ocr_line' id='line_1_33' title="bbox 383 2534 1148 2604; baseline -0.004 -15"><span class='ocrx_word' id='word_1_214' title='bbox 383 2538 432 2590; x_wconf 93' lang='lat' dir='ltr'><strong>lll.</strong></span> <span class='ocrx_word' id='word_1_215' title='bbox 452 2534 529 2602; x_wconf 92' lang='lat' dir='ltr'><strong>Apud</strong></span> <span class='ocrx_word' id='word_1_216' title='bbox 545 2551 596 2587; x_wconf 90' lang='lat' dir='ltr'><strong>nos</strong></span> <span class='ocrx_word' id='word_1_217' title='bbox 611 2536 759 2590; x_wconf 79' lang='lat' dir='ltr'><strong>maturitas</strong></span> <span class='ocrx_word' id='word_1_218' title='bbox 776 2536 836 2588; x_wconf 88' lang='lat' dir='ltr'><strong>eius</strong></span> <span class='ocrx_word' id='word_1_219' title='bbox 853 2536 962 2588; x_wconf 90' lang='lat' dir='ltr'><strong>duobus</strong></span> <span class='ocrx_word' id='word_1_220' title='bbox 977 2537 1148 2604; x_wconf 77' lang='lat' dir='ltr'><strong>argumentis</strong></span> 
     </span>
     <span class='ocr_line' id='line_1_34' title="bbox 348 2605 1147 2673; baseline -0.001 -14"><span class='ocrx_word' id='word_1_221' title='bbox 348 2605 529 2673; x_wconf 75' lang='lat' dir='ltr'><strong>intelligitur,</strong></span> <span class='ocrx_word' id='word_1_222' title='bbox 549 2607 748 2659; x_wconf 84' lang='lat' dir='ltr'><strong>intumescente</strong></span> <span class='ocrx_word' id='word_1_223' title='bbox 759 2605 875 2667; x_wconf 87' lang='lat' dir='ltr'><strong>semine,</strong></span> <span class='ocrx_word' id='word_1_224' title='bbox 896 2613 945 2656; x_wconf 92' lang='lat' dir='ltr'><strong>aut</strong></span> <span class='ocrx_word' id='word_1_225' title='bbox 958 2607 1052 2658; x_wconf 91' lang='lat' dir='ltr'><strong>colore</strong></span> <span class='ocrx_word' id='word_1_226' title='bbox 1064 2606 1147 2658; x_wconf 85' lang='lat' dir='ltr'><strong>liare·</strong></span> 
     </span>
     <span class='ocr_line' id='line_1_35' title="bbox 349 2673 1149 2737; baseline -0.004 -8"><span class='ocrx_word' id='word_1_227' title='bbox 349 2682 451 2729; x_wconf 85' lang='lat' dir='ltr'><strong>scente.</strong></span> <span class='ocrx_word' id='word_1_228' title='bbox 487 2676 560 2727; x_wconf 82' lang='lat' dir='ltr'><strong>Tum</strong></span> <span class='ocrx_word' id='word_1_229' title='bbox 580 2676 714 2737; x_wconf 80' lang='lat' dir='ltr'><strong>evulsum,</strong></span> <span class='ocrx_word' id='word_1_230' title='bbox 733 2681 762 2726; x_wconf 88' lang='lat' dir='ltr'><strong>et</strong></span> <span class='ocrx_word' id='word_1_231' title='bbox 781 2675 810 2727; x_wconf 91' lang='lat' dir='ltr'><strong>in</strong></span> <span class='ocrx_word' id='word_1_232' title='bbox 830 2673 982 2727; x_wconf 83' lang='lat' dir='ltr'><strong>fasciculos</strong></span> <span class='ocrx_word' id='word_1_233' title='bbox 1003 2676 1149 2727; x_wconf 88' lang='lat' dir='ltr'><strong>manuales</strong></span> 
     </span>
     <span class='ocr_line' id='line_1_36' title="bbox 350 2744 1149 2814; baseline -0.005 -14"><span class='ocrx_word' id='word_1_234' title='bbox 350 2746 524 2814; x_wconf 86' lang='lat' dir='ltr'><strong>colligatum,</strong></span> <span class='ocrx_word' id='word_1_235' title='bbox 541 2747 662 2797; x_wconf 88' lang='lat' dir='ltr'><strong>siccatur</strong></span> <span class='ocrx_word' id='word_1_236' title='bbox 672 2748 700 2796; x_wconf 94' lang='lat' dir='ltr'><strong>in</strong></span> <span class='ocrx_word' id='word_1_237' title='bbox 712 2744 778 2796; x_wconf 86' lang='lat' dir='ltr'><strong>Sole</strong></span> <span class='ocrx_word' id='word_1_238' title='bbox 789 2779 797 2806; x_wconf 97' lang='lat'><strong>,</strong></span> <span class='ocrx_word' id='word_1_239' title='bbox 819 2744 942 2812; x_wconf 91' lang='lat' dir='ltr'><strong>pendens</strong></span> <span class='ocrx_word' id='word_1_240' title='bbox 953 2744 1094 2797; x_wconf 76' lang='lat' dir='ltr'><strong>conversis</strong></span> <span class='ocrx_word' id='word_1_241' title='bbox 1105 2760 1149 2796; x_wconf 89' lang='lat' dir='ltr'><strong>su·</strong></span> 
     </span>
     <span class='ocr_line' id='line_1_37' title="bbox 350 2812 1148 2883; baseline -0.005 -15"><span class='ocrx_word' id='word_1_242' title='bbox 350 2830 435 2883; x_wconf 86' lang='lat' dir='ltr'><strong>perne</strong></span> <span class='ocrx_word' id='word_1_243' title='bbox 447 2812 586 2866; x_wconf 82' lang='lat' dir='ltr'><strong>radicibus</strong></span> <span class='ocrx_word' id='word_1_244' title='bbox 597 2830 652 2867; x_wconf 91' lang='lat' dir='ltr'><strong>uno</strong></span> <span class='ocrx_word' id='word_1_245' title='bbox 665 2814 719 2877; x_wconf 91' lang='lat' dir='ltr'><strong>die,</strong></span> <span class='ocrx_word' id='word_1_246' title='bbox 740 2827 805 2864; x_wconf 83' lang='lat' dir='ltr'><strong>mor</strong></span> <span class='ocrx_word' id='word_1_247' title='bbox 822 2813 942 2881; x_wconf 89' lang='lat' dir='ltr'><strong>quinqua</strong></span> <span class='ocrx_word' id='word_1_248' title='bbox 952 2815 1025 2876; x_wconf 92' lang='lat' dir='ltr'><strong>aliis,</strong></span> <span class='ocrx_word' id='word_1_249' title='bbox 1044 2815 1072 2866; x_wconf 94' lang='lat' dir='ltr'><strong>in</strong></span> <span class='ocrx_word' id='word_1_250' title='bbox 1084 2829 1148 2865; x_wconf 89' lang='lat' dir='ltr'><strong>cun·</strong></span> 
     </span>
    </p>

    <p class='ocr_par' dir='ltr' id='par_1_5' title="bbox 323 2882 1152 4130">
     <span class='ocr_line' id='line_1_38' title="bbox 323 2882 1149 2954; baseline -0.002 -17"><span class='ocrx_word' id='word_1_251' title='bbox 323 2948 329 2954; x_wconf 44' lang='grc'>,</span> <span class='ocrx_word' id='word_1_252' title='bbox 349 2885 466 2937; x_wconf 80' lang='lat' dir='ltr'><strong>tracium</strong></span> <span class='ocrx_word' id='word_1_253' title='bbox 479 2883 595 2936; x_wconf 82' lang='lat' dir='ltr'><strong>interae</strong></span> <span class='ocrx_word' id='word_1_254' title='bbox 611 2885 701 2935; x_wconf 85' lang='lat' dir='ltr'><strong>versis</strong></span> <span class='ocrx_word' id='word_1_255' title='bbox 716 2882 832 2934; x_wconf 81' lang='lat' dir='ltr'><strong>fascium</strong></span> <span class='ocrx_word' id='word_1_256' title='bbox 849 2883 1046 2946; x_wconf 85' lang='lat' dir='ltr'><strong>cacuminibus,</strong></span> <span class='ocrx_word' id='word_1_257' title='bbox 1066 2890 1097 2935; x_wconf 92' lang='lat' dir='ltr'><strong>ut</strong></span> <span class='ocrx_word' id='word_1_258' title='bbox 1107 2899 1149 2935; x_wconf 91' lang='lat' dir='ltr'><strong>se·</strong></span> 
     </span>
     <span class='ocr_line' id='line_1_39' title="bbox 349 2951 1148 3015; baseline 0 -11"><span class='ocrx_word' id='word_1_259' title='bbox 349 2969 413 3005; x_wconf 88' lang='lat' dir='ltr'><strong>mea</strong></span> <span class='ocrx_word' id='word_1_260' title='bbox 424 2955 454 3004; x_wconf 88' lang='lat' dir='ltr'><strong>in</strong></span> <span class='ocrx_word' id='word_1_261' title='bbox 464 2953 586 3005; x_wconf 87' lang='lat' dir='ltr'><strong>medium</strong></span> <span class='ocrx_word' id='word_1_262' title='bbox 604 2952 693 3004; x_wconf 90' lang='lat' dir='ltr'><strong>cadat.</strong></span> <span class='ocrx_word' id='word_1_263' title='bbox 729 2954 806 3004; x_wconf 89' lang='lat' dir='ltr'><strong>luter</strong></span> <span class='ocrx_word' id='word_1_264' title='bbox 822 2951 1005 3004; x_wconf 87' lang='lat' dir='ltr'><strong>medicamina</strong></span> <span class='ocrx_word' id='word_1_265' title='bbox 1020 2952 1086 3004; x_wconf 88' lang='lat' dir='ltr'><strong>huic</strong></span> <span class='ocrx_word' id='word_1_266' title='bbox 1096 2952 1148 3015; x_wconf 85' lang='lat' dir='ltr'><strong>ria,</strong></span> 
     </span>
     <span class='ocr_line' id='line_1_40' title="bbox 351 3020 1147 3088; baseline -0.003 -12"><span class='ocrx_word' id='word_1_267' title='bbox 351 3031 381 3076; x_wconf 88' lang='lat' dir='ltr'><strong>et</strong></span> <span class='ocrx_word' id='word_1_268' title='bbox 390 3023 418 3073; x_wconf 91' lang='lat' dir='ltr'><strong>in</strong></span> <span class='ocrx_word' id='word_1_269' title='bbox 429 3020 550 3086; x_wconf 89' lang='lat' dir='ltr'><strong>quodam</strong></span> <span class='ocrx_word' id='word_1_270' title='bbox 564 3023 671 3073; x_wconf 88' lang='lat' dir='ltr'><strong>rustico</strong></span> <span class='ocrx_word' id='word_1_271' title='bbox 688 3035 720 3071; x_wconf 88' lang='lat' dir='ltr'><strong>ac</strong></span> <span class='ocrx_word' id='word_1_272' title='bbox 735 3020 878 3087; x_wconf 87' lang='lat' dir='ltr'><strong>praedulci</strong></span> <span class='ocrx_word' id='word_1_273' title='bbox 892 3022 994 3074; x_wconf 90' lang='lat' dir='ltr'><strong>ltaliae</strong></span> <span class='ocrx_word' id='word_1_274' title='bbox 1008 3023 1147 3088; x_wconf 89' lang='lat' dir='ltr'><strong>Transpa-</strong></span> 
     </span>
     <span class='ocr_line' id='line_1_41' title="bbox 350 3088 1149 3160; baseline 0.003 -19"><span class='ocrx_word' id='word_1_275' title='bbox 350 3089 440 3143; x_wconf 89' lang='lat' dir='ltr'><strong>dauae</strong></span> <span class='ocrx_word' id='word_1_276' title='bbox 451 3089 524 3152; x_wconf 84' lang='lat' dir='ltr'><strong>cibo,</strong></span> <span class='ocrx_word' id='word_1_277' title='bbox 534 3088 583 3142; x_wconf 91' lang='lat' dir='ltr'><strong>sed</strong></span> <span class='ocrx_word' id='word_1_278' title='bbox 594 3091 648 3142; x_wconf 90' lang='lat' dir='ltr'><strong>iam</strong></span> <span class='ocrx_word' id='word_1_279' title='bbox 661 3088 766 3156; x_wconf 90' lang='lat' dir='ltr'><strong>pridem</strong></span> <span class='ocrx_word' id='word_1_280' title='bbox 777 3102 918 3141; x_wconf 88' lang='lat' dir='ltr'><strong>sacrorum</strong></span> <span class='ocrx_word' id='word_1_281' title='bbox 930 3097 1037 3143; x_wconf 89' lang='lat' dir='ltr'><strong>tantum</strong></span> <span class='ocrx_word' id='word_1_282' title='bbox 1049 3092 1149 3160; x_wconf 89' lang='lat' dir='ltr'><strong>gratia.</strong></span> 
     </span>
     <span class='ocr_line' id='line_1_42' title="bbox 350 3157 1148 3230; baseline 0.001 -20"><span class='ocrx_word' id='word_1_283' title='bbox 350 3158 458 3213; x_wconf 86' lang='lat' dir='ltr'><strong>Deinde</strong></span> <span class='ocrx_word' id='word_1_284' title='bbox 468 3166 535 3226; x_wconf 89' lang='lat' dir='ltr'><strong>post</strong></span> <span class='ocrx_word' id='word_1_285' title='bbox 545 3174 661 3211; x_wconf 85' lang='lat' dir='ltr'><strong>messem</strong></span> <span class='ocrx_word' id='word_1_286' title='bbox 674 3157 813 3211; x_wconf 88' lang='lat' dir='ltr'><strong>triticeam</strong></span> <span class='ocrx_word' id='word_1_287' title='bbox 824 3159 920 3227; x_wconf 81' lang='lat' dir='ltr'><strong>virgae</strong></span> <span class='ocrx_word' id='word_1_288' title='bbox 933 3161 1008 3227; x_wconf 91' lang='lat' dir='ltr'><strong>ipsae</strong></span> <span class='ocrx_word' id='word_1_289' title='bbox 1020 3176 1148 3230; x_wconf 87' lang='lat' dir='ltr'><strong>morgun-</strong></span> 
     </span>
     <span class='ocr_line' id='line_1_43' title="bbox 351 3226 1149 3298; baseline 0.001 -17"><span class='ocrx_word' id='word_1_290' title='bbox 351 3236 397 3282; x_wconf 91' lang='lat' dir='ltr'><strong>tur</strong></span> <span class='ocrx_word' id='word_1_291' title='bbox 416 3230 445 3280; x_wconf 90' lang='lat' dir='ltr'><strong>in</strong></span> <span class='ocrx_word' id='word_1_292' title='bbox 467 3243 567 3294; x_wconf 88' lang='lat' dir='ltr'><strong>aquam</strong></span> <span class='ocrx_word' id='word_1_293' title='bbox 581 3226 692 3281; x_wconf 90' lang='lat' dir='ltr'><strong>Solibus</strong></span> <span class='ocrx_word' id='word_1_294' title='bbox 711 3228 889 3295; x_wconf 79' lang='lat' dir='ltr'><strong>tepefactam,</strong></span> <span class='ocrx_word' id='word_1_295' title='bbox 911 3230 1035 3298; x_wconf 87' lang='lat' dir='ltr'><strong>pondere</strong></span> <span class='ocrx_word' id='word_1_296' title='bbox 1055 3231 1149 3297; x_wconf 89' lang='lat' dir='ltr'><strong>aliquo</strong></span> 
     </span>
     <span class='ocr_line' id='line_1_44' title="bbox 350 3298 1150 3367; baseline -0.001 -15"><span class='ocrx_word' id='word_1_297' title='bbox 350 3300 514 3367; x_wconf 87' lang='lat' dir='ltr'><strong>depressae:</strong></span> <span class='ocrx_word' id='word_1_298' title='bbox 533 3298 602 3350; x_wconf 91' lang='lat' dir='ltr'><strong>nulii</strong></span> <span class='ocrx_word' id='word_1_299' title='bbox 612 3299 685 3351; x_wconf 83' lang='lat' dir='ltr'><strong>eninr</strong></span> <span class='ocrx_word' id='word_1_300' title='bbox 697 3298 799 3351; x_wconf 76' lang='lat' dir='ltr'><strong>levitas</strong></span> <span class='ocrx_word' id='word_1_301' title='bbox 808 3298 906 3351; x_wconf 87' lang='lat' dir='ltr'><strong>maior.</strong></span> <span class='ocrx_word' id='word_1_302' title='bbox 942 3301 1099 3353; x_wconf 89' lang='lat' dir='ltr'><strong>lliaceratas</strong></span> <span class='ocrx_word' id='word_1_303' title='bbox 1110 3301 1150 3351; x_wconf 91' lang='lat' dir='ltr'><strong>in·</strong></span> 
     </span>
     <span class='ocr_line' id='line_1_45' title="bbox 350 3368 1149 3440; baseline 0 -19"><span class='ocrx_word' id='word_1_304' title='bbox 350 3368 423 3421; x_wconf 92' lang='lat' dir='ltr'><strong>dicio</strong></span> <span class='ocrx_word' id='word_1_305' title='bbox 436 3373 481 3420; x_wconf 88' lang='lat' dir='ltr'><strong>est</strong></span> <span class='ocrx_word' id='word_1_306' title='bbox 495 3371 655 3419; x_wconf 86' lang='lat' dir='ltr'><strong>membrana</strong></span> <span class='ocrx_word' id='word_1_307' title='bbox 670 3368 801 3421; x_wconf 83' lang='lat' dir='ltr'><strong>laxatior.</strong></span> <span class='ocrx_word' id='word_1_308' title='bbox 838 3369 997 3440; x_wconf 86' lang='lat' dir='ltr'><strong>iterumque</strong></span> <span class='ocrx_word' id='word_1_309' title='bbox 1012 3369 1149 3433; x_wconf 82' lang='lat' dir='ltr'><strong>inversae,</strong></span> 
     </span>
     <span class='ocr_line' id='line_1_46' title="bbox 350 3436 1149 3504; baseline 0.001 -16"><span class='ocrx_word' id='word_1_310' title='bbox 350 3444 382 3488; x_wconf 91' lang='lat' dir='ltr'><strong>ut</strong></span> <span class='ocrx_word' id='word_1_311' title='bbox 392 3437 479 3504; x_wconf 88' lang='lat' dir='ltr'><strong>prius,</strong></span> <span class='ocrx_word' id='word_1_312' title='bbox 491 3436 556 3488; x_wconf 89' lang='lat' dir='ltr'><strong>Sole</strong></span> <span class='ocrx_word' id='word_1_313' title='bbox 566 3438 718 3490; x_wconf 79' lang='lat' dir='ltr'><strong>siccantur:</strong></span> <span class='ocrx_word' id='word_1_314' title='bbox 738 3452 805 3495; x_wconf 84' lang='lat' dir='ltr'><strong>mox</strong></span> <span class='ocrx_word' id='word_1_315' title='bbox 815 3437 957 3493; x_wconf 80' lang='lat' dir='ltr'><strong>arefactae</strong></span> <span class='ocrx_word' id='word_1_316' title='bbox 967 3441 995 3495; x_wconf 92' lang='lat' dir='ltr'><strong>in</strong></span> <span class='ocrx_word' id='word_1_317' title='bbox 1006 3455 1074 3492; x_wconf 86' lang='lat' dir='ltr'><strong>saxo</strong></span> <span class='ocrx_word' id='word_1_318' title='bbox 1087 3446 1149 3490; x_wconf 89' lang='lat' dir='ltr'><strong>tun·</strong></span> 
     </span>
     <span class='ocr_line' id='line_1_47' title="bbox 351 3503 1151 3575; baseline 0.003 -20"><span class='ocrx_word' id='word_1_319' title='bbox 351 3503 453 3557; x_wconf 91' lang='lat' dir='ltr'><strong>duntur</strong></span> <span class='ocrx_word' id='word_1_320' title='bbox 472 3505 597 3571; x_wconf 90' lang='lat' dir='ltr'><strong>stupario</strong></span> <span class='ocrx_word' id='word_1_321' title='bbox 618 3507 729 3560; x_wconf 88' lang='lat' dir='ltr'><strong>malleo.</strong></span> <span class='ocrx_word' id='word_1_322' title='bbox 772 3508 853 3571; x_wconf 81' lang='lat' dir='ltr'><strong>Quod</strong></span> <span class='ocrx_word' id='word_1_323' title='bbox 874 3511 1030 3575; x_wconf 83' lang='lat' dir='ltr'><strong>proximum</strong></span> <span class='ocrx_word' id='word_1_324' title='bbox 1051 3506 1151 3562; x_wconf 88' lang='lat' dir='ltr'><strong>cortici</strong></span> 
     </span>
     <span class='ocr_line' id='line_1_48' title="bbox 349 3573 1149 3641; baseline 0.003 -16"><span class='ocrx_word' id='word_1_325' title='bbox 349 3573 414 3634; x_wconf 85' lang='lat' dir='ltr'><strong>luit,</strong></span> <span class='ocrx_word' id='word_1_326' title='bbox 435 3578 518 3636; x_wconf 86' lang='lat' dir='ltr'><strong>stupa</strong></span> <span class='ocrx_word' id='word_1_327' title='bbox 537 3574 705 3638; x_wconf 90' lang='lat' dir='ltr'><strong>appellatur,</strong></span> <span class='ocrx_word' id='word_1_328' title='bbox 726 3574 873 3629; x_wconf 89' lang='lat' dir='ltr'><strong>deterioris</strong></span> <span class='ocrx_word' id='word_1_329' title='bbox 894 3579 954 3641; x_wconf 91' lang='lat' dir='ltr'><strong>lini,</strong></span> <span class='ocrx_word' id='word_1_330' title='bbox 974 3579 1149 3631; x_wconf 87' lang='lat' dir='ltr'><strong>lucernarum</strong></span> 
     </span>
     <span class='ocr_line' id='line_1_49' title="bbox 351 3639 1147 3712; baseline 0.006 -20"><span class='ocrx_word' id='word_1_331' title='bbox 351 3640 412 3692; x_wconf 83' lang='lat' dir='ltr'><strong>iere</strong></span> <span class='ocrx_word' id='word_1_332' title='bbox 424 3639 576 3691; x_wconf 90' lang='lat' dir='ltr'><strong>luminibus</strong></span> <span class='ocrx_word' id='word_1_333' title='bbox 583 3643 684 3710; x_wconf 88' lang='lat' dir='ltr'><strong>aptior.</strong></span> <span class='ocrx_word' id='word_1_334' title='bbox 706 3644 1036 3712; x_wconf 86' lang='lat' dir='ltr'><strong>Etipsatameupectitur</strong></span> <span class='ocrx_word' id='word_1_335' title='bbox 1047 3645 1147 3697; x_wconf 80' lang='lat' dir='ltr'><strong>ferreis</strong></span> 
     </span>
     <span class='ocr_line' id='line_1_50' title="bbox 352 3706 1150 3769; baseline 0.008 -10"><span class='ocrx_word' id='word_1_336' title='bbox 352 3706 541 3769; x_wconf 89' lang='lat' dir='ltr'><strong>hamis,dunec</strong></span> <span class='ocrx_word' id='word_1_337' title='bbox 552 3712 643 3763; x_wconf 89' lang='lat' dir='ltr'><strong>omnis</strong></span> <span class='ocrx_word' id='word_1_338' title='bbox 656 3710 816 3764; x_wconf 84' lang='lat' dir='ltr'><strong>membrana</strong></span> <span class='ocrx_word' id='word_1_339' title='bbox 826 3713 1020 3769; x_wconf 83' lang='lat' dir='ltr'><strong>decorticatos.</strong></span> <span class='ocrx_word' id='word_1_340' title='bbox 1038 3714 1150 3768; x_wconf 88' lang='lat' dir='ltr'><strong>Medul-</strong></span> 
     </span>
     <span class='ocr_line' id='line_1_51' title="bbox 351 3778 1150 3845; baseline 0.006 -16"><span class='ocrx_word' id='word_1_341' title='bbox 351 3778 397 3829; x_wconf 85' lang='grc' dir='ltr'><strong>ιιι</strong></span> <span class='ocrx_word' id='word_1_342' title='bbox 417 3778 591 3830; x_wconf 87' lang='lat' dir='ltr'><strong>numerosior</strong></span> <span class='ocrx_word' id='word_1_343' title='bbox 612 3780 766 3844; x_wconf 88' lang='lat' dir='ltr'><strong>distinctio,</strong></span> <span class='ocrx_word' id='word_1_344' title='bbox 788 3781 917 3845; x_wconf 92' lang='lat' dir='ltr'><strong>candore,</strong></span> <span class='ocrx_word' id='word_1_345' title='bbox 937 3784 1067 3835; x_wconf 72' lang='lat' dir='ltr'><strong>mollitia.</strong></span> <span class='ocrx_word' id='word_1_346' title='bbox 1104 3783 1150 3834; x_wconf 61' lang='lat' dir='ltr'><strong>iai·</strong></span> 
     </span>
     <span class='ocr_line' id='line_1_52' title="bbox 352 3848 1148 3920; baseline 0.009 -22"><span class='ocrx_word' id='word_1_347' title='bbox 352 3860 471 3912; x_wconf 90' lang='lat' dir='ltr'><strong>nurnque</strong></span> <span class='ocrx_word' id='word_1_348' title='bbox 481 3861 547 3898; x_wconf 91' lang='lat' dir='ltr'><strong>nere</strong></span> <span class='ocrx_word' id='word_1_349' title='bbox 559 3854 587 3899; x_wconf 91' lang='grc' dir='ltr'><strong>ιι</strong></span> <span class='ocrx_word' id='word_1_350' title='bbox 596 3849 662 3899; x_wconf 87' lang='lat' dir='ltr'><strong>riria</strong></span> <span class='ocrx_word' id='word_1_351' title='bbox 674 3848 804 3901; x_wconf 88' lang='lat' dir='ltr'><strong>decorum</strong></span> <span class='ocrx_word' id='word_1_352' title='bbox 816 3855 868 3901; x_wconf 96' lang='grc' dir='ltr'>ιιι.</span> <span class='ocrx_word' id='word_1_353' title='bbox 904 3853 1028 3906; x_wconf 80' lang='lat' dir='ltr'><strong>cortices</strong></span> <span class='ocrx_word' id='word_1_354' title='bbox 1039 3867 1148 3920; x_wconf 88' lang='lat' dir='ltr'><strong>quoque</strong></span> 
     </span>
     <span class='ocr_line' id='line_1_53' title="bbox 352 3915 1152 3990; baseline 0.009 -22"><span class='ocrx_word' id='word_1_355' title='bbox 352 3915 461 3968; x_wconf 88' lang='lat' dir='ltr'><strong>decussi</strong></span> <span class='ocrx_word' id='word_1_356' title='bbox 473 3915 589 3968; x_wconf 89' lang='lat' dir='ltr'><strong>clibanis</strong></span> <span class='ocrx_word' id='word_1_357' title='bbox 601 3924 630 3968; x_wconf 88' lang='lat' dir='ltr'><strong>et</strong></span> <span class='ocrx_word' id='word_1_358' title='bbox 640 3916 728 3968; x_wconf 80' lang='lat' dir='ltr'><strong>furnis</strong></span> <span class='ocrx_word' id='word_1_359' title='bbox 740 3920 874 3983; x_wconf 90' lang='lat' dir='ltr'><strong>praebent</strong></span> <span class='ocrx_word' id='word_1_360' title='bbox 884 3935 972 3972; x_wconf 83' lang='lat' dir='ltr'><strong>usum.</strong></span> <span class='ocrx_word' id='word_1_361' title='bbox 1007 3926 1058 3974; x_wconf 91' lang='lat' dir='ltr'><strong>Ars</strong></span> <span class='ocrx_word' id='word_1_362' title='bbox 1070 3922 1152 3990; x_wconf 88' lang='lat' dir='ltr'><strong>depe·</strong></span> 
     </span>
     <span class='ocr_line' id='line_1_54' title="bbox 351 3982 1152 4058; baseline 0.005 -19"><span class='ocrx_word' id='word_1_363' title='bbox 351 3985 444 4039; x_wconf 85' lang='lat' dir='ltr'><strong>ciendi</strong></span> <span class='ocrx_word' id='word_1_364' title='bbox 456 3982 668 4053; x_wconf 82' lang='lat' dir='ltr'><strong>digerendique:</strong></span> <span class='ocrx_word' id='word_1_365' title='bbox 687 3989 791 4039; x_wconf 91' lang='lat' dir='ltr'><strong>iustum</strong></span> <span class='ocrx_word' id='word_1_366' title='bbox 802 3989 1022 4058; x_wconf 87' lang='lat' dir='ltr'><strong>equisquagenis</strong></span> <span class='ocrx_word' id='word_1_367' title='bbox 1033 3990 1152 4043; x_wconf 83' lang='lat' dir='ltr'><strong>fascium</strong></span> 
     </span>
     <span class='ocr_line' id='line_1_55' title="bbox 349 4055 1151 4130; baseline 0.002 -20"><span class='ocrx_word' id='word_1_368' title='bbox 349 4056 429 4130; x_wconf 76' lang='lat' dir='ltr'><strong>libris</strong></span> <span class='ocrx_word' id='word_1_369' title='bbox 441 4057 540 4124; x_wconf 91' lang='lat' dir='ltr'><strong>quinas</strong></span> <span class='ocrx_word' id='word_1_370' title='bbox 550 4055 637 4108; x_wconf 90' lang='lat' dir='ltr'><strong>denas</strong></span> <span class='ocrx_word' id='word_1_371' title='bbox 649 4056 805 4110; x_wconf 87' lang='lat' dir='ltr'><strong>carminari.</strong></span> <span class='ocrx_word' id='word_1_372' title='bbox 842 4057 945 4110; x_wconf 90' lang='lat' dir='ltr'><strong>lterum</strong></span> <span class='ocrx_word' id='word_1_373' title='bbox 957 4058 1056 4112; x_wconf 89' lang='lat' dir='ltr'><strong>deinde</strong></span> <span class='ocrx_word' id='word_1_374' title='bbox 1064 4062 1091 4111; x_wconf 90' lang='lat' dir='ltr'><strong>in</strong></span> <span class='ocrx_word' id='word_1_375' title='bbox 1103 4061 1151 4112; x_wconf 89' lang='lat' dir='ltr'><strong>iiio</strong></span> 
     </span>
    </p>

    <p class='ocr_par' dir='ltr' id='par_1_6' title="bbox 283 4124 1153 4197">
     <span class='ocr_line' id='line_1_56' title="bbox 283 4124 1153 4197; baseline 0.007 -21"><span class='ocrx_word' id='word_1_376' title='bbox 283 4124 286 4133; x_wconf 82' lang='grc'><em>’</em></span> <span class='ocrx_word' id='word_1_377' title='bbox 350 4125 466 4193; x_wconf 87' lang='lat' dir='ltr'><strong>politur,</strong></span> <span class='ocrx_word' id='word_1_378' title='bbox 488 4125 591 4178; x_wconf 86' lang='lat' dir='ltr'><strong>illisum</strong></span> <span class='ocrx_word' id='word_1_379' title='bbox 603 4126 700 4178; x_wconf 91' lang='lat' dir='ltr'><strong>crebro</strong></span> <span class='ocrx_word' id='word_1_380' title='bbox 710 4125 740 4181; x_wconf 90' lang='lat' dir='ltr'><strong>in</strong></span> <span class='ocrx_word' id='word_1_381' title='bbox 750 4127 828 4178; x_wconf 87' lang='lat' dir='ltr'><strong>silice</strong></span> <span class='ocrx_word' id='word_1_382' title='bbox 839 4141 874 4178; x_wconf 83' lang='lat' dir='ltr'><strong>es</strong></span> <span class='ocrx_word' id='word_1_383' title='bbox 886 4142 970 4195; x_wconf 84' lang='lat' dir='ltr'><strong>aqua:</strong></span> <span class='ocrx_word' id='word_1_384' title='bbox 992 4135 1153 4197; x_wconf 80' lang='lat' dir='ltr'><strong>textumque</strong></span> 
     </span>
    </p>

    <p class='ocr_par' dir='ltr' id='par_1_7' title="bbox 350 4194 1040 4264">
     <span class='ocr_line' id='line_1_57' title="bbox 350 4194 1040 4264; baseline 0.004 -17"><span class='ocrx_word' id='word_1_385' title='bbox 350 4210 446 4247; x_wconf 89' lang='lat' dir='ltr'><strong>rursus</strong></span> <span class='ocrx_word' id='word_1_386' title='bbox 458 4194 585 4246; x_wconf 91' lang='lat' dir='ltr'><strong>tunditur</strong></span> <span class='ocrx_word' id='word_1_387' title='bbox 595 4195 689 4258; x_wconf 86' lang='lat' dir='ltr'><strong>claris,</strong></span> <span class='ocrx_word' id='word_1_388' title='bbox 700 4210 809 4264; x_wconf 87' lang='lat' dir='ltr'><strong>semper</strong></span> <span class='ocrx_word' id='word_1_389' title='bbox 818 4195 922 4248; x_wconf 90' lang='lat' dir='ltr'><strong>iniuria</strong></span> <span class='ocrx_word' id='word_1_390' title='bbox 933 4200 1040 4251; x_wconf 91' lang='lat' dir='ltr'><strong>meiius.</strong></span> 
     </span>
    </p>

    <p class='ocr_par' dir='ltr' id='par_1_8' title="bbox 352 4263 1153 4539">
     <span class='ocr_line' id='line_1_58' title="bbox 387 4263 1152 4331; baseline 0.007 -17"><span class='ocrx_word' id='word_1_391' title='bbox 387 4264 434 4316; x_wconf 82' lang='lat' dir='ltr'><strong>tv.</strong></span> <span class='ocrx_word' id='word_1_392' title='bbox 453 4264 595 4315; x_wconf 83' lang='lat' dir='ltr'><strong>inventum</strong></span> <span class='ocrx_word' id='word_1_393' title='bbox 618 4263 672 4315; x_wconf 83' lang='lat' dir='ltr'><strong>ianr</strong></span> <span class='ocrx_word' id='word_1_394' title='bbox 695 4272 738 4316; x_wconf 85' lang='lat' dir='ltr'><strong>est</strong></span> <span class='ocrx_word' id='word_1_395' title='bbox 758 4267 854 4329; x_wconf 88' lang='lat' dir='ltr'><strong>etiam,</strong></span> <span class='ocrx_word' id='word_1_396' title='bbox 875 4265 948 4330; x_wconf 89' lang='lat' dir='ltr'><strong>quod</strong></span> <span class='ocrx_word' id='word_1_397' title='bbox 969 4268 1082 4331; x_wconf 84' lang='lat' dir='ltr'><strong>ignibus</strong></span> <span class='ocrx_word' id='word_1_398' title='bbox 1098 4281 1152 4319; x_wconf 89' lang='lat' dir='ltr'><strong>non</strong></span> 
     </span>
     <span class='ocr_line' id='line_1_59' title="bbox 353 4330 1153 4400; baseline 0.004 -19"><span class='ocrx_word' id='word_1_399' title='bbox 353 4331 554 4385; x_wconf 85' lang='lat' dir='ltr'><strong>absumeretur.</strong></span> <span class='ocrx_word' id='word_1_400' title='bbox 588 4331 689 4385; x_wconf 83' lang='lat' dir='ltr'><strong>Virum</strong></span> <span class='ocrx_word' id='word_1_401' title='bbox 699 4330 728 4383; x_wconf 93' lang='lat' dir='ltr'><strong>id</strong></span> <span class='ocrx_word' id='word_1_402' title='bbox 740 4337 854 4392; x_wconf 81' lang='lat' dir='ltr'><strong>vocant,</strong></span> <span class='ocrx_word' id='word_1_403' title='bbox 874 4331 1058 4400; x_wconf 86' lang='lat' dir='ltr'><strong>ardentesque</strong></span> <span class='ocrx_word' id='word_1_404' title='bbox 1070 4334 1096 4385; x_wconf 90' lang='lat' dir='ltr'><strong>in</strong></span> <span class='ocrx_word' id='word_1_405' title='bbox 1109 4332 1153 4384; x_wconf 84' lang='lat' dir='ltr'><strong>io·</strong></span> 
     </span>
     <span class='ocr_line' id='line_1_60' title="bbox 353 4399 1153 4468; baseline 0.004 -18"><span class='ocrx_word' id='word_1_406' title='bbox 353 4399 393 4450; x_wconf 89' lang='grc' dir='ltr'><strong>ιιι</strong></span> <span class='ocrx_word' id='word_1_407' title='bbox 404 4401 591 4452; x_wconf 79' lang='lat' dir='ltr'><strong>consitiorum</strong></span> <span class='ocrx_word' id='word_1_408' title='bbox 604 4416 639 4453; x_wconf 84' lang='lat' dir='ltr'><strong>ex</strong></span> <span class='ocrx_word' id='word_1_409' title='bbox 650 4416 684 4454; x_wconf 88' lang='lat' dir='ltr'><strong>eo</strong></span> <span class='ocrx_word' id='word_1_410' title='bbox 696 4401 816 4452; x_wconf 84' lang='lat' dir='ltr'><strong>vidimus</strong></span> <span class='ocrx_word' id='word_1_411' title='bbox 828 4416 951 4468; x_wconf 86' lang='lat' dir='ltr'><strong>mappas,</strong></span> <span class='ocrx_word' id='word_1_412' title='bbox 967 4404 1096 4455; x_wconf 89' lang='lat' dir='ltr'><strong>sordibus</strong></span> <span class='ocrx_word' id='word_1_413' title='bbox 1107 4416 1153 4454; x_wconf 84' lang='lat' dir='ltr'><strong>ex-</strong></span> 
     </span>
     <span class='ocr_line' id='line_1_61' title="bbox 352 4466 1153 4539; baseline 0.004 -21"><span class='ocrx_word' id='word_1_414' title='bbox 352 4466 423 4518; x_wconf 91' lang='lat' dir='ltr'><strong>ustis</strong></span> <span class='ocrx_word' id='word_1_415' title='bbox 433 4468 659 4531; x_wconf 86' lang='lat' dir='ltr'><strong>splendescentes</strong></span> <span class='ocrx_word' id='word_1_416' title='bbox 671 4471 728 4537; x_wconf 89' lang='lat' dir='ltr'><strong>igni</strong></span> <span class='ocrx_word' id='word_1_417' title='bbox 740 4473 838 4539; x_wconf 89' lang='lat' dir='ltr'><strong>magis,</strong></span> <span class='ocrx_word' id='word_1_418' title='bbox 850 4485 930 4537; x_wconf 89' lang='lat' dir='ltr'><strong>quam</strong></span> <span class='ocrx_word' id='word_1_419' title='bbox 943 4479 1056 4537; x_wconf 89' lang='lat' dir='ltr'><strong>possent</strong></span> <span class='ocrx_word' id='word_1_420' title='bbox 1065 4471 1153 4538; x_wconf 89' lang='lat' dir='ltr'><strong>aquis.</strong></span> 
     </span>
    </p>

    <p class='ocr_par' dir='ltr' id='par_1_9' title="bbox 353 4535 1152 4606">
     <span class='ocr_line' id='line_1_62' title="bbox 353 4535 1152 4606; baseline 0.008 -20"><span class='ocrx_word' id='word_1_421' title='bbox 353 4535 458 4601; x_wconf 85' lang='lat' dir='ltr'><strong>Regum</strong></span> <span class='ocrx_word' id='word_1_422' title='bbox 471 4536 536 4588; x_wconf 91' lang='lat' dir='ltr'><strong>inde</strong></span> <span class='ocrx_word' id='word_1_423' title='bbox 552 4536 681 4591; x_wconf 76' lang='lat' dir='ltr'><strong>funebres</strong></span> <span class='ocrx_word' id='word_1_424' title='bbox 697 4540 816 4601; x_wconf 91' lang='lat' dir='ltr'><strong>tunicae,</strong></span> <span class='ocrx_word' id='word_1_425' title='bbox 839 4542 965 4606; x_wconf 90' lang='lat' dir='ltr'><strong>corporis</strong></span> <span class='ocrx_word' id='word_1_426' title='bbox 981 4540 1105 4593; x_wconf 81' lang='lat' dir='ltr'><strong>favillam</strong></span> <span class='ocrx_word' id='word_1_427' title='bbox 1118 4542 1152 4592; x_wconf 91' lang='lat' dir='ltr'><strong>ab</strong></span> 
     </span>
    </p>

    <p class='ocr_par' dir='ltr' id='par_1_10' title="bbox 353 4603 1154 4668">
     <span class='ocr_line' id='line_1_63' title="bbox 353 4603 1154 4668; baseline 0.004 -12"><span class='ocrx_word' id='word_1_428' title='bbox 353 4603 462 4668; x_wconf 86' lang='lat' dir='ltr'><strong>reliquo</strong></span> <span class='ocrx_word' id='word_1_429' title='bbox 473 4619 503 4655; x_wconf 89' lang='lat' dir='ltr'><strong>se</strong></span> <span class='ocrx_word' id='word_1_430' title='bbox 524 4613 604 4656; x_wconf 87' lang='lat' dir='ltr'><strong>arant</strong></span> <span class='ocrx_word' id='word_1_431' title='bbox 623 4609 726 4659; x_wconf 71' lang='lat' dir='ltr'><strong>unere.</strong></span> <span class='ocrx_word' id='word_1_432' title='bbox 762 4607 895 4660; x_wconf 88' lang='lat' dir='ltr'><strong>Nascitur</strong></span> <span class='ocrx_word' id='word_1_433' title='bbox 911 4612 939 4660; x_wconf 90' lang='lat' dir='ltr'><strong>in</strong></span> <span class='ocrx_word' id='word_1_434' title='bbox 955 4609 1071 4662; x_wconf 87' lang='lat' dir='ltr'><strong>desertis</strong></span> <span class='ocrx_word' id='word_1_435' title='bbox 1089 4609 1154 4661; x_wconf 87' lang='lat' dir='ltr'><strong>adu·</strong></span> 
     </span>
    </p>

    <p class='ocr_par' dir='ltr' id='par_1_11' title="bbox 354 4619 1153 4745">
     <span class='ocr_line' id='line_1_64' title="bbox 354 4619 1153 4745; baseline 0.009 -24"><span class='ocrx_word' id='word_1_436' title='bbox 354 4671 460 4738; x_wconf 90' lang='lat' dir='ltr'><strong>stisquc</strong></span> <span class='ocrx_word' id='word_1_437' title='bbox 471 4619 536 4725; x_wconf 53' lang='lat' dir='ltr'><strong>Soio</strong></span> <span class='ocrx_word' id='word_1_438' title='bbox 547 4673 651 4737; x_wconf 88' lang='lat' dir='ltr'><strong>indiae,</strong></span> <span class='ocrx_word' id='word_1_439' title='bbox 662 4677 709 4727; x_wconf 93' lang='lat' dir='ltr'><strong>ubi</strong></span> <span class='ocrx_word' id='word_1_440' title='bbox 721 4692 776 4728; x_wconf 92' lang='lat' dir='ltr'><strong>nun</strong></span> <span class='ocrx_word' id='word_1_441' title='bbox 788 4677 890 4729; x_wconf 85' lang='lat' dir='ltr'><strong>cadunt</strong></span> <span class='ocrx_word' id='word_1_442' title='bbox 901 4678 1011 4740; x_wconf 88' lang='lat' dir='ltr'><strong>imbres,</strong></span> <span class='ocrx_word' id='word_1_443' title='bbox 1028 4681 1102 4745; x_wconf 81' lang='lat' dir='ltr'><strong>inter</strong></span> <span class='ocrx_word' id='word_1_444' title='bbox 1114 4677 1153 4728; x_wconf 92' lang='lat' dir='ltr'><strong>di·</strong></span> 
     </span>
    </p>
   </div>
   <div class='ocr_carea' id='block_1_3' title="bbox 246 4742 1152 4812">
    <p class='ocr_par' dir='ltr' id='par_1_12' title="bbox 246 4742 1152 4812">
     <span class='ocr_line' id='line_1_65' title="bbox 246 4742 1152 4812; baseline 0.007 -21"><span class='ocrx_word' id='word_1_445' title='bbox 246 4742 254 4753; x_wconf 86' lang='grc'><strong>“</strong></span> <span class='ocrx_word' id='word_1_446' title='bbox 354 4755 400 4792; x_wconf 83' lang='grc' dir='ltr'><strong>ιιι</strong></span> <span class='ocrx_word' id='word_1_447' title='bbox 411 4748 571 4807; x_wconf 89' lang='lat' dir='ltr'><strong>serpentes:</strong></span> <span class='ocrx_word' id='word_1_448' title='bbox 591 4746 778 4812; x_wconf 83' lang='lat' dir='ltr'><strong>assuescitque</strong></span> <span class='ocrx_word' id='word_1_449' title='bbox 791 4748 884 4799; x_wconf 83' lang='lat' dir='ltr'><strong>virere</strong></span> <span class='ocrx_word' id='word_1_450' title='bbox 897 4747 1040 4812; x_wconf 88' lang='lat' dir='ltr'><strong>ardendo,</strong></span> <span class='ocrx_word' id='word_1_451' title='bbox 1059 4761 1152 4799; x_wconf 88' lang='lat' dir='ltr'><strong>rarum</strong></span> 
     </span>
    </p>
   </div>
   <div class='ocr_carea' id='block_1_4' title="bbox 352 4809 1156 5575">
    <p class='ocr_par' dir='ltr' id='par_1_13' title="bbox 352 4809 1156 5575">
     <span class='ocr_line' id='line_1_66' title="bbox 353 4809 1154 4880; baseline 0.005 -19"><span class='ocrx_word' id='word_1_452' title='bbox 353 4811 477 4870; x_wconf 82' lang='lat' dir='ltr'><strong>inventu,</strong></span> <span class='ocrx_word' id='word_1_453' title='bbox 497 4809 608 4863; x_wconf 84' lang='lat' dir='ltr'><strong>difficile</strong></span> <span class='ocrx_word' id='word_1_454' title='bbox 622 4819 703 4865; x_wconf 81' lang='lat' dir='ltr'><strong>textu</strong></span> <span class='ocrx_word' id='word_1_455' title='bbox 721 4820 836 4880; x_wconf 88' lang='lat' dir='ltr'><strong>propter</strong></span> <span class='ocrx_word' id='word_1_456' title='bbox 854 4816 1031 4869; x_wconf 84' lang='lat' dir='ltr'><strong>brevitatem.</strong></span> <span class='ocrx_word' id='word_1_457' title='bbox 1068 4814 1154 4868; x_wconf 81' lang='lat' dir='ltr'><strong>liuius</strong></span> 
     </span>
     <span class='ocr_line' id='line_1_67' title="bbox 355 4878 1152 4951; baseline 0.004 -21"><span class='ocrx_word' id='word_1_458' title='bbox 355 4878 390 4930; x_wconf 88' lang='lat' dir='ltr'><strong>de</strong></span> <span class='ocrx_word' id='word_1_459' title='bbox 407 4884 500 4929; x_wconf 89' lang='lat' dir='ltr'><strong>cetero</strong></span> <span class='ocrx_word' id='word_1_460' title='bbox 524 4878 611 4942; x_wconf 91' lang='lat' dir='ltr'><strong>colos,</strong></span> <span class='ocrx_word' id='word_1_461' title='bbox 631 4881 803 4947; x_wconf 89' lang='lat' dir='ltr'><strong>splendescit</strong></span> <span class='ocrx_word' id='word_1_462' title='bbox 822 4883 890 4951; x_wconf 89' lang='lat' dir='ltr'><strong>igni.</strong></span> <span class='ocrx_word' id='word_1_463' title='bbox 928 4886 996 4936; x_wconf 86' lang='lat' dir='ltr'><strong>Cum</strong></span> <span class='ocrx_word' id='word_1_464' title='bbox 1011 4885 1152 4938; x_wconf 83' lang='lat' dir='ltr'><strong>inventurn</strong></span> 
     </span>
     <span class='ocr_line' id='line_1_68' title="bbox 355 4949 1154 5021; baseline 0.006 -21"><span class='ocrx_word' id='word_1_465' title='bbox 355 4952 407 5008; x_wconf 87' lang='grc' dir='ltr'>ιιι,</span> <span class='ocrx_word' id='word_1_466' title='bbox 418 4953 518 5013; x_wconf 86' lang='lat' dir='ltr'><strong>aequat</strong></span> <span class='ocrx_word' id='word_1_467' title='bbox 529 4949 619 5014; x_wconf 85' lang='lat' dir='ltr'><strong>pretia</strong></span> <span class='ocrx_word' id='word_1_468' title='bbox 630 4950 825 5002; x_wconf 83' lang='lat' dir='ltr'><strong>excellentium</strong></span> <span class='ocrx_word' id='word_1_469' title='bbox 841 4955 1064 5021; x_wconf 82' lang='lat' dir='ltr'><strong>margaritarum.</strong></span> <span class='ocrx_word' id='word_1_470' title='bbox 1100 4951 1154 5004; x_wconf 90' lang='lat' dir='ltr'><strong>Vu·</strong></span> 
     </span>
     <span class='ocr_line' id='line_1_69' title="bbox 354 5017 1155 5089; baseline 0.004 -19"><span class='ocrx_word' id='word_1_471' title='bbox 354 5022 536 5070; x_wconf 74' lang='lat' dir='ltr'><strong>manantem</strong></span> <span class='ocrx_word' id='word_1_472' title='bbox 555 5031 573 5067; x_wconf 83' lang='lat' dir='ltr'><strong>a</strong></span> <span class='ocrx_word' id='word_1_473' title='bbox 583 5017 698 5070; x_wconf 82' lang='lat' dir='ltr'><strong>Graecis</strong></span> <span class='ocrx_word' id='word_1_474' title='bbox 709 5019 877 5079; x_wconf 81' lang='lat' dir='ltr'><strong>asbestinurn</strong></span> <span class='ocrx_word' id='word_1_475' title='bbox 889 5038 923 5074; x_wconf 87' lang='lat' dir='ltr'><strong>ex</strong></span> <span class='ocrx_word' id='word_1_476' title='bbox 934 5029 1098 5089; x_wconf 88' lang='lat' dir='ltr'><strong>argumento</strong></span> <span class='ocrx_word' id='word_1_477' title='bbox 1109 5037 1155 5073; x_wconf 90' lang='lat' dir='ltr'><strong>na·</strong></span> 
     </span>
     <span class='ocr_line' id='line_1_70' title="bbox 352 5085 1153 5148; baseline 0.004 -8"><span class='ocrx_word' id='word_1_478' title='bbox 352 5092 443 5140; x_wconf 80' lang='lat' dir='ltr'><strong>curae.</strong></span> <span class='ocrx_word' id='word_1_479' title='bbox 478 5085 629 5139; x_wconf 76' lang='lat' dir='ltr'><strong>Anaxilaus</strong></span> <span class='ocrx_word' id='word_1_480' title='bbox 642 5094 801 5148; x_wconf 88' lang='lat' dir='ltr'><strong>auctorest,</strong></span> <span class='ocrx_word' id='word_1_481' title='bbox 817 5088 903 5142; x_wconf 90' lang='lat' dir='ltr'><strong>linteo</strong></span> <span class='ocrx_word' id='word_1_482' title='bbox 913 5108 947 5143; x_wconf 93' lang='lat' dir='ltr'><strong>eo</strong></span> <span class='ocrx_word' id='word_1_483' title='bbox 958 5092 1153 5145; x_wconf 82' lang='lat' dir='ltr'><strong>circumdatam</strong></span> 
     </span>
     <span class='ocr_line' id='line_1_71' title="bbox 352 5151 1153 5227; baseline 0.006 -17"><span class='ocrx_word' id='word_1_484' title='bbox 352 5156 491 5217; x_wconf 87' lang='lat' dir='ltr'><strong>arborem,</strong></span> <span class='ocrx_word' id='word_1_485' title='bbox 501 5151 592 5206; x_wconf 91' lang='lat' dir='ltr'><strong>surdis</strong></span> <span class='ocrx_word' id='word_1_486' title='bbox 604 5155 714 5217; x_wconf 88' lang='lat' dir='ltr'><strong>ictibus,</strong></span> <span class='ocrx_word' id='word_1_487' title='bbox 726 5163 755 5208; x_wconf 96' lang='grc' dir='ltr'><strong>ιι</strong></span> <span class='ocrx_word' id='word_1_488' title='bbox 765 5156 811 5223; x_wconf 93' lang='lat' dir='ltr'><strong>qui</strong></span> <span class='ocrx_word' id='word_1_489' title='bbox 821 5174 876 5210; x_wconf 94' lang='lat' dir='ltr'><strong>non</strong></span> <span class='ocrx_word' id='word_1_490' title='bbox 887 5162 1081 5227; x_wconf 86' lang='lat' dir='ltr'><strong>exaudiantur,</strong></span> <span class='ocrx_word' id='word_1_491' title='bbox 1092 5176 1153 5214; x_wconf 86' lang='lat' dir='ltr'><strong>cae·</strong></span> 
     </span>
     <span class='ocr_line' id='line_1_72' title="bbox 355 5225 1032 5292; baseline 0.003 -12"><span class='ocrx_word' id='word_1_492' title='bbox 355 5227 394 5280; x_wconf 88' lang='lat' dir='ltr'><strong>di.</strong></span> <span class='ocrx_word' id='word_1_493' title='bbox 429 5227 505 5292; x_wconf 85' lang='lat' dir='ltr'><strong>Ergo</strong></span> <span class='ocrx_word' id='word_1_494' title='bbox 516 5225 580 5277; x_wconf 90' lang='lat' dir='ltr'><strong>buic</strong></span> <span class='ocrx_word' id='word_1_495' title='bbox 589 5225 647 5278; x_wconf 93' lang='lat' dir='ltr'><strong>lino</strong></span> <span class='ocrx_word' id='word_1_496' title='bbox 660 5225 830 5292; x_wconf 86' lang='lat' dir='ltr'><strong>principatus</strong></span> <span class='ocrx_word' id='word_1_497' title='bbox 841 5228 870 5279; x_wconf 92' lang='lat' dir='ltr'><strong>in</strong></span> <span class='ocrx_word' id='word_1_498' title='bbox 883 5235 943 5281; x_wconf 89' lang='lat' dir='ltr'><strong>tuto</strong></span> <span class='ocrx_word' id='word_1_499' title='bbox 956 5232 1032 5284; x_wconf 90' lang='lat' dir='ltr'><strong>orbe.</strong></span> 
     </span>
     <span class='ocr_line' id='line_1_73' title="bbox 389 5293 1155 5362; baseline 0.004 -16"><span class='ocrx_word' id='word_1_500' title='bbox 389 5294 537 5348; x_wconf 85' lang='lat' dir='ltr'><strong>Proximus</strong></span> <span class='ocrx_word' id='word_1_501' title='bbox 547 5294 676 5362; x_wconf 86' lang='lat' dir='ltr'><strong>byssino,</strong></span> <span class='ocrx_word' id='word_1_502' title='bbox 695 5293 841 5346; x_wconf 86' lang='lat' dir='ltr'><strong>mulierum</strong></span> <span class='ocrx_word' id='word_1_503' title='bbox 853 5300 972 5351; x_wconf 80' lang='lat' dir='ltr'><strong>maxime</strong></span> <span class='ocrx_word' id='word_1_504' title='bbox 983 5299 1092 5352; x_wconf 92' lang='lat' dir='ltr'><strong>deliciis</strong></span> <span class='ocrx_word' id='word_1_505' title='bbox 1104 5298 1155 5351; x_wconf 88' lang='lat' dir='ltr'><strong>cir·</strong></span> 
     </span>
     <span class='ocr_line' id='line_1_74' title="bbox 356 5363 1155 5434; baseline 0.003 -18"><span class='ocrx_word' id='word_1_506' title='bbox 356 5380 388 5416; x_wconf 84' lang='lat' dir='ltr'><strong>cs</strong></span> <span class='ocrx_word' id='word_1_507' title='bbox 396 5364 472 5418; x_wconf 80' lang='lat' dir='ltr'><strong>lilim</strong></span> <span class='ocrx_word' id='word_1_508' title='bbox 483 5366 511 5417; x_wconf 89' lang='grc' dir='ltr'><strong>ιι</strong></span> <span class='ocrx_word' id='word_1_509' title='bbox 522 5363 627 5418; x_wconf 85' lang='lat' dir='ltr'><strong>Achaia</strong></span> <span class='ocrx_word' id='word_1_510' title='bbox 636 5364 746 5434; x_wconf 86' lang='lat' dir='ltr'><strong>genitu:</strong></span> <span class='ocrx_word' id='word_1_511' title='bbox 764 5366 908 5429; x_wconf 83' lang='lat' dir='ltr'><strong>quaternis</strong></span> <span class='ocrx_word' id='word_1_512' title='bbox 918 5367 1040 5423; x_wconf 90' lang='lat' dir='ltr'><strong>denariis</strong></span> <span class='ocrx_word' id='word_1_513' title='bbox 1051 5369 1155 5434; x_wconf 86' lang='lat' dir='ltr'><strong>scripu-</strong></span> 
     </span>
     <span class='ocr_line' id='line_1_75' title="bbox 353 5432 1155 5503; baseline 0.005 -19"><span class='ocrx_word' id='word_1_514' title='bbox 353 5432 382 5484; x_wconf 90' lang='lat' dir='ltr'><strong>la</strong></span> <span class='ocrx_word' id='word_1_515' title='bbox 394 5435 454 5486; x_wconf 90' lang='lat' dir='ltr'><strong>eius</strong></span> <span class='ocrx_word' id='word_1_516' title='bbox 465 5441 622 5502; x_wconf 88' lang='lat' dir='ltr'><strong>permutata</strong></span> <span class='ocrx_word' id='word_1_517' title='bbox 634 5433 784 5503; x_wconf 85' lang='lat' dir='ltr'><strong>quondam,</strong></span> <span class='ocrx_word' id='word_1_518' title='bbox 802 5437 834 5483; x_wconf 95' lang='lat' dir='ltr'><strong>ut</strong></span> <span class='ocrx_word' id='word_1_519' title='bbox 844 5435 913 5496; x_wconf 87' lang='lat' dir='ltr'><strong>auri,</strong></span> <span class='ocrx_word' id='word_1_520' title='bbox 935 5438 1051 5503; x_wconf 85' lang='lat' dir='ltr'><strong>reperio.</strong></span> <span class='ocrx_word' id='word_1_521' title='bbox 1087 5436 1155 5488; x_wconf 85' lang='lat' dir='ltr'><strong>Lin-</strong></span> 
     </span>
     <span class='ocr_line' id='line_1_76' title="bbox 355 5499 1156 5575; baseline 0 -18"><span class='ocrx_word' id='word_1_522' title='bbox 355 5508 465 5557; x_wconf 79' lang='lat' dir='ltr'><strong>isoruan</strong></span> <span class='ocrx_word' id='word_1_523' title='bbox 478 5506 591 5575; x_wconf 87' lang='lat' dir='ltr'><strong>lanugo,</strong></span> <span class='ocrx_word' id='word_1_524' title='bbox 612 5503 711 5558; x_wconf 84' lang='lat' dir='ltr'><strong>erclis</strong></span> <span class='ocrx_word' id='word_1_525' title='bbox 723 5499 834 5555; x_wconf 80' lang='lat' dir='ltr'><strong>navium</strong></span> <span class='ocrx_word' id='word_1_526' title='bbox 849 5503 1052 5557; x_wconf 86' lang='lat' dir='ltr'><strong>maritimarum</strong></span> <span class='ocrx_word' id='word_1_527' title='bbox 1069 5505 1156 5558; x_wconf 81' lang='lat' dir='ltr'><strong>maxi·</strong></span> 
     </span>
    </p>
   </div>
   <div class='ocr_carea' id='block_1_5' title="bbox 505 226 1869 312">
    <p class='ocr_par' dir='ltr' id='par_1_14' title="bbox 505 226 1869 312">
     <span class='ocr_line' id='line_1_77' title="bbox 505 226 1869 312; baseline -0.01 0"><span class='ocrx_word' id='word_1_528' title='bbox 505 252 537 312; x_wconf 85' lang='lat' dir='ltr'><strong>C.</strong></span> <span class='ocrx_word' id='word_1_529' title='bbox 563 246 711 309; x_wconf 73' lang='lat' dir='ltr'><strong>rutuli</strong></span> <span class='ocrx_word' id='word_1_530' title='bbox 749 239 955 304; x_wconf 73' lang='lat' dir='ltr'><strong>sacuam</strong></span> <span class='ocrx_word' id='word_1_531' title='bbox 991 237 1156 300; x_wconf 79' lang='lat' dir='ltr'><strong>Nd&#39;i&#39;Uii.</strong></span> <span class='ocrx_word' id='word_1_532' title='bbox 1192 235 1382 298; x_wconf 80' lang='lat' dir='ltr'><strong>HiSTOR.</strong></span> <span class='ocrx_word' id='word_1_533' title='bbox 1413 235 1494 297; x_wconf 82' lang='lat' dir='ltr'><strong>LIB.</strong></span> <span class='ocrx_word' id='word_1_534' title='bbox 1517 234 1614 295; x_wconf 80' lang='lat' dir='ltr'><strong>XIX.</strong></span> <span class='ocrx_word' id='word_1_535' title='bbox 1650 226 1869 297; x_wconf 67' lang='lat' dir='ltr'><strong>cama-ru.</strong></span> 
     </span>
    </p>
   </div>
   <div class='ocr_carea' id='block_1_6' title="bbox 1196 383 2044 1981">
    <p class='ocr_par' dir='ltr' id='par_1_15' title="bbox 1196 383 1997 593">
     <span class='ocr_line' id='line_1_78' title="bbox 1196 383 1995 509; baseline 0.001 -67"><span class='ocrx_word' id='word_1_536' title='bbox 1196 404 1250 452; x_wconf 86' lang='lat' dir='ltr'><strong>me,</strong></span> <span class='ocrx_word' id='word_1_537' title='bbox 1259 388 1289 442; x_wconf 89' lang='lat' dir='ltr'><strong>in</strong></span> <span class='ocrx_word' id='word_1_538' title='bbox 1299 401 1401 456; x_wconf 86' lang='lat' dir='ltr'><strong>magno</strong></span> <span class='ocrx_word' id='word_1_539' title='bbox 1410 401 1463 439; x_wconf 90' lang='lat' dir='ltr'><strong>usu</strong></span> <span class='ocrx_word' id='word_1_540' title='bbox 1474 385 1626 438; x_wconf 85' lang='lat' dir='ltr'><strong>medicinae</strong></span> <span class='ocrx_word' id='word_1_541' title='bbox 1638 390 1695 439; x_wconf 82' lang='lat' dir='ltr'><strong>est:</strong></span> <span class='ocrx_word' id='word_1_542' title='bbox 1715 390 1745 438; x_wconf 90' lang='lat' dir='ltr'><strong>et</strong></span> <span class='ocrx_word' id='word_1_543' title='bbox 1754 383 1825 438; x_wconf 89' lang='lat' dir='ltr'><strong>cinis</strong></span> <span class='ocrx_word' id='word_1_544' title='bbox 1837 387 1931 509; x_wconf 70' lang='lat' dir='ltr'><strong>sqodii</strong></span> <span class='ocrx_word' id='word_1_545' title='bbox 1941 391 1995 443; x_wconf 79' lang='lat' dir='ltr'><strong>virs</strong></span> 
     </span>
     <span class='ocr_line' id='line_1_79' title="bbox 1197 456 1997 527; baseline -0.001 -15"><span class='ocrx_word' id='word_1_546' title='bbox 1197 459 1289 512; x_wconf 90' lang='lat' dir='ltr'><strong>babet.</strong></span> <span class='ocrx_word' id='word_1_547' title='bbox 1325 461 1416 511; x_wconf 82' lang='lat' dir='ltr'><strong>listet</strong></span> <span class='ocrx_word' id='word_1_548' title='bbox 1431 458 1506 508; x_wconf 92' lang='lat' dir='ltr'><strong>inter</strong></span> <span class='ocrx_word' id='word_1_549' title='bbox 1519 469 1657 522; x_wconf 79' lang='lat' dir='ltr'><strong>papavera</strong></span> <span class='ocrx_word' id='word_1_550' title='bbox 1675 470 1762 522; x_wconf 86' lang='lat' dir='ltr'><strong>genus</strong></span> <span class='ocrx_word' id='word_1_551' title='bbox 1773 456 1848 524; x_wconf 92' lang='lat' dir='ltr'><strong>quod</strong></span> <span class='ocrx_word' id='word_1_552' title='bbox 1869 472 1924 524; x_wconf 86' lang='lat' dir='ltr'><strong>aar,</strong></span> <span class='ocrx_word' id='word_1_553' title='bbox 1943 474 1997 527; x_wconf 92' lang='lat' dir='ltr'><strong>quo</strong></span> 
     </span>
     <span class='ocr_line' id='line_1_80' title="bbox 1197 523 1771 593; baseline -0.012 -10"><span class='ocrx_word' id='word_1_554' title='bbox 1197 530 1346 583; x_wconf 88' lang='lat' dir='ltr'><strong>candorem</strong></span> <span class='ocrx_word' id='word_1_555' title='bbox 1357 528 1447 578; x_wconf 84' lang='lat' dir='ltr'><strong>lintea</strong></span> <span class='ocrx_word' id='word_1_556' title='bbox 1454 525 1635 593; x_wconf 59' lang='lat' dir='ltr'><strong>«praecipuum</strong></span> <span class='ocrx_word' id='word_1_557' title='bbox 1646 523 1771 576; x_wconf 88' lang='lat' dir='ltr'><strong>trahunt.</strong></span> 
     </span>
    </p>

    <p class='ocr_par' dir='ltr' id='par_1_16' title="bbox 1196 593 2044 1148">
     <span class='ocr_line' id='line_1_81' title="bbox 1231 593 1996 662; baseline -0.001 -12"><span class='ocrx_word' id='word_1_558' title='bbox 1231 597 1265 650; x_wconf 88' lang='lat' dir='ltr'><strong>V.</strong></span> <span class='ocrx_word' id='word_1_559' title='bbox 1284 599 1434 650; x_wconf 82' lang='lat' dir='ltr'><strong>&#39;l&#39;eutatum</strong></span> <span class='ocrx_word' id='word_1_560' title='bbox 1450 601 1493 646; x_wconf 87' lang='lat' dir='ltr'><strong>est</strong></span> <span class='ocrx_word' id='word_1_561' title='bbox 1509 593 1583 659; x_wconf 82' lang='lat' dir='ltr'><strong>tingi</strong></span> <span class='ocrx_word' id='word_1_562' title='bbox 1598 594 1687 644; x_wconf 90' lang='lat' dir='ltr'><strong>linum</strong></span> <span class='ocrx_word' id='word_1_563' title='bbox 1697 608 1816 662; x_wconf 91' lang='lat' dir='ltr'><strong>quoque,</strong></span> <span class='ocrx_word' id='word_1_564' title='bbox 1838 602 1867 647; x_wconf 84' lang='lat' dir='ltr'><strong>et</strong></span> <span class='ocrx_word' id='word_1_565' title='bbox 1877 598 1996 650; x_wconf 79' lang='grc' dir='ltr'>ιιιιιιιιιι</span> 
     </span>
     <span class='ocr_line' id='line_1_82' title="bbox 1196 662 1999 733; baseline 0.002 -15"><span class='ocrx_word' id='word_1_566' title='bbox 1196 669 1331 720; x_wconf 88' lang='lat' dir='ltr'><strong>insaniam</strong></span> <span class='ocrx_word' id='word_1_567' title='bbox 1346 668 1480 733; x_wconf 89' lang='lat' dir='ltr'><strong>accipere,</strong></span> <span class='ocrx_word' id='word_1_568' title='bbox 1494 664 1523 715; x_wconf 92' lang='lat' dir='ltr'><strong>in</strong></span> <span class='ocrx_word' id='word_1_569' title='bbox 1534 662 1684 714; x_wconf 77' lang='lat' dir='ltr'><strong>Alexandri</strong></span> <span class='ocrx_word' id='word_1_570' title='bbox 1694 663 1791 733; x_wconf 80' lang='lat' dir='ltr'><strong>Magni</strong></span> <span class='ocrx_word' id='word_1_571' title='bbox 1803 665 1919 731; x_wconf 86' lang='lat' dir='ltr'><strong>primurn</strong></span> <span class='ocrx_word' id='word_1_572' title='bbox 1930 667 1999 720; x_wconf 87' lang='lat' dir='ltr'><strong>cias·</strong></span> 
     </span>
     <span class='ocr_line' id='line_1_83' title="bbox 1197 726 1998 804; baseline 0.002 -16"><span class='ocrx_word' id='word_1_573' title='bbox 1197 738 1282 800; x_wconf 90' lang='lat' dir='ltr'><strong>sibus,</strong></span> <span class='ocrx_word' id='word_1_574' title='bbox 1293 737 1360 789; x_wconf 90' lang='lat' dir='ltr'><strong>indo</strong></span> <span class='ocrx_word' id='word_1_575' title='bbox 1370 750 1450 787; x_wconf 78' lang='lat' dir='ltr'><strong>anina</strong></span> <span class='ocrx_word' id='word_1_576' title='bbox 1460 726 1628 799; x_wconf 78' lang='lat' dir='ltr'><strong>navigantis,</strong></span> <span class='ocrx_word' id='word_1_577' title='bbox 1638 747 1702 785; x_wconf 88' lang='lat' dir='ltr'><strong>curn</strong></span> <span class='ocrx_word' id='word_1_578' title='bbox 1711 733 1796 785; x_wconf 87' lang='lat' dir='ltr'><strong>duces</strong></span> <span class='ocrx_word' id='word_1_579' title='bbox 1807 735 1866 787; x_wconf 92' lang='lat' dir='ltr'><strong>eius</strong></span> <span class='ocrx_word' id='word_1_580' title='bbox 1876 750 1910 788; x_wconf 88' lang='lat' dir='ltr'><strong>ac</strong></span> <span class='ocrx_word' id='word_1_581' title='bbox 1918 751 1998 804; x_wconf 87' lang='lat' dir='ltr'><strong>prae·</strong></span> 
     </span>
     <span class='ocr_line' id='line_1_84' title="bbox 1197 801 1998 872; baseline -0.001 -13"><span class='ocrx_word' id='word_1_582' title='bbox 1197 807 1267 859; x_wconf 82' lang='lat' dir='ltr'><strong>fecti</strong></span> <span class='ocrx_word' id='word_1_583' title='bbox 1285 806 1314 856; x_wconf 91' lang='lat' dir='ltr'><strong>in</strong></span> <span class='ocrx_word' id='word_1_584' title='bbox 1337 805 1488 856; x_wconf 87' lang='lat' dir='ltr'><strong>certamine</strong></span> <span class='ocrx_word' id='word_1_585' title='bbox 1503 801 1623 870; x_wconf 86' lang='lat' dir='ltr'><strong>quodam</strong></span> <span class='ocrx_word' id='word_1_586' title='bbox 1633 803 1787 855; x_wconf 75' lang='lat' dir='ltr'><strong>variassent</strong></span> <span class='ocrx_word' id='word_1_587' title='bbox 1808 805 1929 872; x_wconf 88' lang='lat' dir='ltr'><strong>insignis</strong></span> <span class='ocrx_word' id='word_1_588' title='bbox 1949 820 1998 859; x_wconf 90' lang='lat' dir='ltr'><strong>na·</strong></span> 
     </span>
     <span class='ocr_line' id='line_1_85' title="bbox 1196 870 1997 940; baseline -0.002 -13"><span class='ocrx_word' id='word_1_589' title='bbox 1196 877 1287 927; x_wconf 84' lang='lat' dir='ltr'><strong>rium:</strong></span> <span class='ocrx_word' id='word_1_590' title='bbox 1307 879 1528 940; x_wconf 86' lang='lat' dir='ltr'><strong>stupueruntque</strong></span> <span class='ocrx_word' id='word_1_591' title='bbox 1548 871 1645 933; x_wconf 89' lang='lat' dir='ltr'><strong>litora,</strong></span> <span class='ocrx_word' id='word_1_592' title='bbox 1665 870 1734 924; x_wconf 89' lang='lat' dir='ltr'><strong>iiatu</strong></span> <span class='ocrx_word' id='word_1_593' title='bbox 1748 875 1929 926; x_wconf 80' lang='lat' dir='ltr'><strong>versicoloria</strong></span> <span class='ocrx_word' id='word_1_594' title='bbox 1945 875 1997 927; x_wconf 90' lang='lat' dir='ltr'><strong>im·</strong></span> 
     </span>
     <span class='ocr_line' id='line_1_86' title="bbox 1197 939 2044 1012; baseline -0.001 -16"><span class='ocrx_word' id='word_1_595' title='bbox 1197 945 1300 1012; x_wconf 80' lang='lat' dir='ltr'><strong>plenta.</strong></span> <span class='ocrx_word' id='word_1_596' title='bbox 1336 941 1409 994; x_wconf 87' lang='lat' dir='ltr'><strong>Veio</strong></span> <span class='ocrx_word' id='word_1_597' title='bbox 1424 954 1563 1008; x_wconf 89' lang='lat' dir='ltr'><strong>purpureo</strong></span> <span class='ocrx_word' id='word_1_598' title='bbox 1577 939 1734 993; x_wconf 87' lang='lat' dir='ltr'><strong>adActium</strong></span> <span class='ocrx_word' id='word_1_599' title='bbox 1751 956 1811 995; x_wconf 90' lang='lat' dir='ltr'><strong>cnm</strong></span> <span class='ocrx_word' id='word_1_600' title='bbox 1827 943 1999 996; x_wconf 85' lang='lat' dir='ltr'><strong>M.Antonio</strong></span> <span class='ocrx_word' id='word_1_601' title='bbox 2036 972 2044 997; x_wconf 64' lang='grc' dir='ltr'><strong>,ι</strong></span> 
     </span>
     <span class='ocr_line' id='line_1_87' title="bbox 1199 1009 2000 1082; baseline 0 -16"><span class='ocrx_word' id='word_1_602' title='bbox 1199 1011 1443 1081; x_wconf 78' lang='lat' dir='ltr'><strong>Cleopatrarenit,</strong></span> <span class='ocrx_word' id='word_1_603' title='bbox 1464 1009 1618 1077; x_wconf 82' lang='lat' dir='ltr'><strong>eodemque</strong></span> <span class='ocrx_word' id='word_1_604' title='bbox 1633 1011 1742 1081; x_wconf 79' lang='lat' dir='ltr'><strong>effugit.</strong></span> <span class='ocrx_word' id='word_1_605' title='bbox 1777 1013 1839 1065; x_wconf 86' lang='lat' dir='ltr'><strong>Huc</strong></span> <span class='ocrx_word' id='word_1_606' title='bbox 1850 1011 1905 1065; x_wconf 87' lang='lat' dir='ltr'><strong>iuit</strong></span> <span class='ocrx_word' id='word_1_607' title='bbox 1914 1014 2000 1082; x_wconf 88' lang='lat' dir='ltr'><strong>impe·</strong></span> 
     </span>
     <span class='ocr_line' id='line_1_88' title="bbox 1200 1082 1538 1148; baseline -0.009 -14"><span class='ocrx_word' id='word_1_608' title='bbox 1200 1082 1323 1135; x_wconf 87' lang='lat' dir='ltr'><strong>ratariae</strong></span> <span class='ocrx_word' id='word_1_609' title='bbox 1333 1082 1411 1132; x_wconf 85' lang='lat' dir='ltr'><strong>naris</strong></span> <span class='ocrx_word' id='word_1_610' title='bbox 1422 1083 1538 1148; x_wconf 85' lang='lat' dir='ltr'><strong>insigne.</strong></span> 
     </span>
    </p>

    <p class='ocr_par' dir='ltr' id='par_1_17' title="bbox 1198 1149 2000 1981">
     <span class='ocr_line' id='line_1_89' title="bbox 1243 1149 1997 1205; baseline 0 -2"><span class='ocrx_word' id='word_1_611' title='bbox 1243 1150 1290 1203; x_wconf 87' lang='lat' dir='ltr'><strong>Vl.</strong></span> <span class='ocrx_word' id='word_1_612' title='bbox 1309 1150 1456 1204; x_wconf 77' lang='lat' dir='ltr'><strong>Posteris</strong></span> <span class='ocrx_word' id='word_1_613' title='bbox 1476 1149 1595 1203; x_wconf 84' lang='lat' dir='ltr'><strong>theatris</strong></span> <span class='ocrx_word' id='word_1_614' title='bbox 1614 1153 1723 1201; x_wconf 89' lang='lat' dir='ltr'><strong>tantum</strong></span> <span class='ocrx_word' id='word_1_615' title='bbox 1743 1151 1868 1203; x_wconf 89' lang='lat' dir='ltr'><strong>umbram</strong></span> <span class='ocrx_word' id='word_1_616' title='bbox 1890 1151 1997 1205; x_wconf 77' lang='lat' dir='ltr'><strong>iecere:</strong></span> 
     </span>
     <span class='ocr_line' id='line_1_90' title="bbox 1198 1218 1997 1290; baseline 0.001 -19"><span class='ocrx_word' id='word_1_617' title='bbox 1198 1218 1272 1290; x_wconf 86' lang='lat' dir='ltr'><strong>quod</strong></span> <span class='ocrx_word' id='word_1_618' title='bbox 1282 1220 1387 1287; x_wconf 89' lang='lat' dir='ltr'><strong>primus</strong></span> <span class='ocrx_word' id='word_1_619' title='bbox 1398 1220 1521 1272; x_wconf 89' lang='lat' dir='ltr'><strong>omnium</strong></span> <span class='ocrx_word' id='word_1_620' title='bbox 1532 1221 1639 1271; x_wconf 79' lang='lat' dir='ltr'><strong>invenit</strong></span> <span class='ocrx_word' id='word_1_621' title='bbox 1649 1220 1682 1282; x_wconf 75' lang='lat' dir='ltr'><strong>Q.</strong></span> <span class='ocrx_word' id='word_1_622' title='bbox 1698 1221 1822 1283; x_wconf 80' lang='lat' dir='ltr'><strong>Catulus,</strong></span> <span class='ocrx_word' id='word_1_623' title='bbox 1842 1236 1903 1272; x_wconf 88' lang='lat' dir='ltr'><strong>cunr</strong></span> <span class='ocrx_word' id='word_1_624' title='bbox 1916 1221 1997 1288; x_wconf 80' lang='lat' dir='ltr'><strong>Capi-</strong></span> 
     </span>
     <span class='ocr_line' id='line_1_91' title="bbox 1198 1289 1997 1358; baseline 0 -15"><span class='ocrx_word' id='word_1_625' title='bbox 1198 1290 1298 1343; x_wconf 89' lang='lat' dir='ltr'><strong>tolium</strong></span> <span class='ocrx_word' id='word_1_626' title='bbox 1312 1291 1464 1343; x_wconf 88' lang='lat' dir='ltr'><strong>dedicaret.</strong></span> <span class='ocrx_word' id='word_1_627' title='bbox 1501 1289 1655 1342; x_wconf 84' lang='lat' dir='ltr'><strong>Carbasina</strong></span> <span class='ocrx_word' id='word_1_628' title='bbox 1672 1289 1770 1344; x_wconf 90' lang='lat' dir='ltr'><strong>deinde</strong></span> <span class='ocrx_word' id='word_1_629' title='bbox 1780 1292 1843 1342; x_wconf 85' lang='lat' dir='ltr'><strong>reis</strong></span> <span class='ocrx_word' id='word_1_630' title='bbox 1853 1291 1957 1358; x_wconf 84' lang='lat' dir='ltr'><strong>prirnm</strong></span> <span class='ocrx_word' id='word_1_631' title='bbox 1968 1292 1997 1343; x_wconf 86' lang='lat' dir='ltr'><strong>in</strong></span> 
     </span>
     <span class='ocr_line' id='line_1_92' title="bbox 1199 1359 1995 1429; baseline 0 -17"><span class='ocrx_word' id='word_1_632' title='bbox 1199 1360 1311 1429; x_wconf 84' lang='lat' dir='ltr'><strong>thentrp</strong></span> <span class='ocrx_word' id='word_1_633' title='bbox 1324 1359 1436 1411; x_wconf 86' lang='lat' dir='ltr'><strong>duxisse</strong></span> <span class='ocrx_word' id='word_1_634' title='bbox 1450 1359 1572 1411; x_wconf 88' lang='lat' dir='ltr'><strong>traditur</strong></span> <span class='ocrx_word' id='word_1_635' title='bbox 1587 1359 1722 1411; x_wconf 76' lang='lat' dir='ltr'><strong>Lentulus</strong></span> <span class='ocrx_word' id='word_1_636' title='bbox 1734 1359 1846 1427; x_wconf 85' lang='lat' dir='ltr'><strong>Spinter</strong></span> <span class='ocrx_word' id='word_1_637' title='bbox 1857 1361 1995 1428; x_wconf 88' lang='lat' dir='ltr'><strong>Apollina-</strong></span> 
     </span>
     <span class='ocr_line' id='line_1_93' title="bbox 1199 1427 1997 1482; baseline -0.001 -1"><span class='ocrx_word' id='word_1_638' title='bbox 1199 1431 1278 1482; x_wconf 88' lang='lat' dir='ltr'><strong>ribus</strong></span> <span class='ocrx_word' id='word_1_639' title='bbox 1289 1429 1373 1480; x_wconf 90' lang='lat' dir='ltr'><strong>ludis.</strong></span> <span class='ocrx_word' id='word_1_640' title='bbox 1409 1427 1722 1481; x_wconf 82' lang='lat' dir='ltr'><strong>M01Caesardictator</strong></span> <span class='ocrx_word' id='word_1_641' title='bbox 1736 1435 1825 1481; x_wconf 87' lang='lat' dir='ltr'><strong>toturn</strong></span> <span class='ocrx_word' id='word_1_642' title='bbox 1839 1429 1928 1481; x_wconf 85' lang='lat' dir='ltr'><strong>iorum</strong></span> <span class='ocrx_word' id='word_1_643' title='bbox 1940 1430 1997 1480; x_wconf 83' lang='lat' dir='ltr'><strong>lio·</strong></span> 
     </span>
     <span class='ocr_line' id='line_1_94' title="bbox 1200 1497 1999 1564; baseline -0.001 -14"><span class='ocrx_word' id='word_1_644' title='bbox 1200 1513 1310 1551; x_wconf 88' lang='lat' dir='ltr'><strong>manum</strong></span> <span class='ocrx_word' id='word_1_645' title='bbox 1322 1497 1431 1562; x_wconf 84' lang='lat' dir='ltr'><strong>interit,</strong></span> <span class='ocrx_word' id='word_1_646' title='bbox 1440 1501 1568 1564; x_wconf 76' lang='lat' dir='ltr'><strong>riuosque</strong></span> <span class='ocrx_word' id='word_1_647' title='bbox 1580 1512 1688 1551; x_wconf 88' lang='lat' dir='ltr'><strong>sacram</strong></span> <span class='ocrx_word' id='word_1_648' title='bbox 1702 1499 1737 1551; x_wconf 90' lang='lat' dir='ltr'><strong>ab</strong></span> <span class='ocrx_word' id='word_1_649' title='bbox 1749 1498 1833 1551; x_wconf 90' lang='lat' dir='ltr'><strong>domo</strong></span> <span class='ocrx_word' id='word_1_650' title='bbox 1844 1514 1895 1551; x_wconf 88' lang='lat' dir='ltr'><strong>sua</strong></span> <span class='ocrx_word' id='word_1_651' title='bbox 1906 1498 1940 1550; x_wconf 90' lang='lat' dir='ltr'><strong>ad</strong></span> <span class='ocrx_word' id='word_1_652' title='bbox 1951 1499 1999 1549; x_wconf 91' lang='lat' dir='ltr'><strong>cli·</strong></span> 
     </span>
     <span class='ocr_line' id='line_1_95' title="bbox 1199 1567 1999 1636; baseline -0.001 -16"><span class='ocrx_word' id='word_1_653' title='bbox 1199 1582 1263 1620; x_wconf 83' lang='lat' dir='ltr'><strong>vum</strong></span> <span class='ocrx_word' id='word_1_654' title='bbox 1274 1583 1361 1636; x_wconf 87' lang='lat' dir='ltr'><strong>usque</strong></span> <span class='ocrx_word' id='word_1_655' title='bbox 1372 1568 1567 1635; x_wconf 82' lang='lat' dir='ltr'><strong>Capitolinum,</strong></span> <span class='ocrx_word' id='word_1_656' title='bbox 1578 1567 1654 1635; x_wconf 90' lang='lat' dir='ltr'><strong>quud</strong></span> <span class='ocrx_word' id='word_1_657' title='bbox 1665 1583 1777 1619; x_wconf 87' lang='lat' dir='ltr'><strong>munere</strong></span> <span class='ocrx_word' id='word_1_658' title='bbox 1788 1569 1850 1635; x_wconf 90' lang='lat' dir='ltr'><strong>ipso</strong></span> <span class='ocrx_word' id='word_1_659' title='bbox 1862 1567 1999 1634; x_wconf 88' lang='lat' dir='ltr'><strong>gladiato·</strong></span> 
     </span>
     <span class='ocr_line' id='line_1_96' title="bbox 1200 1636 1998 1690; baseline -0.003 -1"><span class='ocrx_word' id='word_1_660' title='bbox 1200 1639 1243 1689; x_wconf 92' lang='lat' dir='ltr'><strong>riu</strong></span> <span class='ocrx_word' id='word_1_661' title='bbox 1254 1638 1409 1689; x_wconf 92' lang='lat' dir='ltr'><strong>mirabilius</strong></span> <span class='ocrx_word' id='word_1_662' title='bbox 1423 1638 1511 1689; x_wconf 84' lang='lat' dir='ltr'><strong>risum</strong></span> <span class='ocrx_word' id='word_1_663' title='bbox 1527 1636 1650 1688; x_wconf 88' lang='lat' dir='ltr'><strong>tradunt.</strong></span> <span class='ocrx_word' id='word_1_664' title='bbox 1686 1637 1792 1690; x_wconf 88' lang='lat' dir='ltr'><strong>Deinde</strong></span> <span class='ocrx_word' id='word_1_665' title='bbox 1807 1644 1835 1688; x_wconf 91' lang='lat' dir='ltr'><strong>et</strong></span> <span class='ocrx_word' id='word_1_666' title='bbox 1850 1638 1911 1689; x_wconf 92' lang='lat' dir='ltr'><strong>sine</strong></span> <span class='ocrx_word' id='word_1_667' title='bbox 1926 1636 1998 1688; x_wconf 90' lang='lat' dir='ltr'><strong>ludis</strong></span> 
     </span>
     <span class='ocr_line' id='line_1_97' title="bbox 1199 1706 1998 1775; baseline -0.001 -16"><span class='ocrx_word' id='word_1_668' title='bbox 1199 1707 1351 1759; x_wconf 81' lang='lat' dir='ltr'><strong>Marcellus</strong></span> <span class='ocrx_word' id='word_1_669' title='bbox 1363 1706 1477 1758; x_wconf 77' lang='lat' dir='ltr'><strong>Octavia</strong></span> <span class='ocrx_word' id='word_1_670' title='bbox 1487 1720 1582 1757; x_wconf 91' lang='lat' dir='ltr'><strong>sorore</strong></span> <span class='ocrx_word' id='word_1_671' title='bbox 1593 1706 1710 1774; x_wconf 79' lang='lat' dir='ltr'><strong>Augusti</strong></span> <span class='ocrx_word' id='word_1_672' title='bbox 1720 1707 1839 1775; x_wconf 85' lang='lat' dir='ltr'><strong>genitus,</strong></span> <span class='ocrx_word' id='word_1_673' title='bbox 1852 1708 1881 1757; x_wconf 92' lang='lat' dir='ltr'><strong>in</strong></span> <span class='ocrx_word' id='word_1_674' title='bbox 1902 1706 1998 1758; x_wconf 89' lang='lat' dir='ltr'><strong>aedili·</strong></span> 
     </span>
     <span class='ocr_line' id='line_1_98' title="bbox 1200 1774 2000 1843; baseline -0.003 -15"><span class='ocrx_word' id='word_1_675' title='bbox 1200 1784 1260 1829; x_wconf 89' lang='lat' dir='ltr'><strong>tate</strong></span> <span class='ocrx_word' id='word_1_676' title='bbox 1271 1792 1330 1838; x_wconf 91' lang='lat' dir='ltr'><strong>sua,</strong></span> <span class='ocrx_word' id='word_1_677' title='bbox 1341 1777 1476 1828; x_wconf 79' lang='lat' dir='ltr'><strong>avunculo</strong></span> <span class='ocrx_word' id='word_1_678' title='bbox 1487 1775 1526 1826; x_wconf 83' lang='lat' dir='ltr'><strong>Xl</strong></span> <span class='ocrx_word' id='word_1_679' title='bbox 1535 1777 1660 1838; x_wconf 89' lang='lat' dir='ltr'><strong>consule,</strong></span> <span class='ocrx_word' id='word_1_680' title='bbox 1683 1792 1707 1827; x_wconf 89' lang='lat' dir='ltr'><strong>a.</strong></span> <span class='ocrx_word' id='word_1_681' title='bbox 1720 1776 1746 1826; x_wconf 93' lang='lat' dir='ltr'><strong>d.</strong></span> <span class='ocrx_word' id='word_1_682' title='bbox 1758 1774 1899 1831; x_wconf 87' lang='lat' dir='ltr'><strong>Kalendas</strong></span> <span class='ocrx_word' id='word_1_683' title='bbox 1909 1778 2000 1843; x_wconf 91' lang='lat' dir='ltr'><strong>Augu·</strong></span> 
     </span>
     <span class='ocr_line' id='line_1_99' title="bbox 1200 1841 1998 1912; baseline -0.001 -14"><span class='ocrx_word' id='word_1_684' title='bbox 1200 1846 1248 1909; x_wconf 90' lang='lat' dir='ltr'><strong>sti,</strong></span> <span class='ocrx_word' id='word_1_685' title='bbox 1267 1845 1336 1898; x_wconf 89' lang='lat' dir='ltr'><strong>reiis</strong></span> <span class='ocrx_word' id='word_1_686' title='bbox 1347 1844 1439 1896; x_wconf 86' lang='lat' dir='ltr'><strong>lorum</strong></span> <span class='ocrx_word' id='word_1_687' title='bbox 1455 1841 1636 1906; x_wconf 82' lang='lat' dir='ltr'><strong>inumbrarit,</strong></span> <span class='ocrx_word' id='word_1_688' title='bbox 1658 1851 1689 1897; x_wconf 93' lang='lat' dir='ltr'><strong>ut</strong></span> <span class='ocrx_word' id='word_1_689' title='bbox 1700 1845 1839 1896; x_wconf 80' lang='lat' dir='ltr'><strong>sairrbrlus</strong></span> <span class='ocrx_word' id='word_1_690' title='bbox 1855 1845 1998 1912; x_wconf 88' lang='lat' dir='ltr'><strong>litigantes</strong></span> 
     </span>
     <span class='ocr_line' id='line_1_100' title="bbox 1201 1915 1999 1981; baseline -0.004 -12"><span class='ocrx_word' id='word_1_691' title='bbox 1201 1918 1400 1969; x_wconf 87' lang='lat' dir='ltr'><strong>consisterent:</strong></span> <span class='ocrx_word' id='word_1_692' title='bbox 1413 1921 1543 1981; x_wconf 89' lang='lat' dir='ltr'><strong>quantum</strong></span> <span class='ocrx_word' id='word_1_693' title='bbox 1554 1916 1669 1965; x_wconf 84' lang='lat' dir='ltr'><strong>mutetis</strong></span> <span class='ocrx_word' id='word_1_694' title='bbox 1680 1915 1920 1966; x_wconf 76' lang='lat' dir='ltr'><strong>moribuscatenis</strong></span> <span class='ocrx_word' id='word_1_695' title='bbox 1932 1916 1999 1966; x_wconf 82' lang='lat' dir='ltr'><strong>Cen·</strong></span> 
     </span>
    </p>
   </div>
   <div class='ocr_carea' id='block_1_7' title="bbox 1200 1981 2099 2053">
    <p class='ocr_par' dir='ltr' id='par_1_18' title="bbox 1200 1981 2099 2053">
     <span class='ocr_line' id='line_1_101' title="bbox 1200 1981 2099 2053; baseline -0.001 -16"><span class='ocrx_word' id='word_1_696' title='bbox 1200 1986 1279 2048; x_wconf 88' lang='lat' dir='ltr'><strong>surii,</strong></span> <span class='ocrx_word' id='word_1_697' title='bbox 1297 1985 1347 2053; x_wconf 91' lang='lat' dir='ltr'><strong>qui</strong></span> <span class='ocrx_word' id='word_1_698' title='bbox 1358 1983 1538 2036; x_wconf 88' lang='lat' dir='ltr'><strong>sternendum</strong></span> <span class='ocrx_word' id='word_1_699' title='bbox 1548 1997 1658 2050; x_wconf 87' lang='lat' dir='ltr'><strong>quoque</strong></span> <span class='ocrx_word' id='word_1_700' title='bbox 1676 1981 1765 2036; x_wconf 86' lang='lat' dir='ltr'><strong>iorum</strong></span> <span class='ocrx_word' id='word_1_701' title='bbox 1778 1984 1929 2035; x_wconf 87' lang='lat' dir='ltr'><strong>muricibus</strong></span> <span class='ocrx_word' id='word_1_702' title='bbox 1939 1999 2000 2036; x_wconf 90' lang='lat' dir='ltr'><strong>cen·</strong></span> <span class='ocrx_word' id='word_1_703' title='bbox 2094 1989 2099 1997; x_wconf 93' lang='grc'><em>“</em></span> 
     </span>
    </p>
   </div>
   <div class='ocr_carea' id='block_1_8' title="bbox 1200 2052 1999 2190">
    <p class='ocr_par' dir='ltr' id='par_1_19' title="bbox 1200 2052 1999 2190">
     <span class='ocr_line' id='line_1_102' title="bbox 1200 2052 1997 2120; baseline -0.001 -14"><span class='ocrx_word' id='word_1_704' title='bbox 1200 2061 1303 2108; x_wconf 86' lang='lat' dir='ltr'><strong>suerat.</strong></span> <span class='ocrx_word' id='word_1_705' title='bbox 1333 2052 1404 2105; x_wconf 89' lang='lat' dir='ltr'><strong>Vela</strong></span> <span class='ocrx_word' id='word_1_706' title='bbox 1414 2067 1502 2120; x_wconf 88' lang='lat' dir='ltr'><strong>nuper</strong></span> <span class='ocrx_word' id='word_1_707' title='bbox 1513 2053 1607 2103; x_wconf 88' lang='lat' dir='ltr'><strong>colore</strong></span> <span class='ocrx_word' id='word_1_708' title='bbox 1617 2052 1697 2114; x_wconf 87' lang='lat' dir='ltr'><strong>caeli,</strong></span> <span class='ocrx_word' id='word_1_709' title='bbox 1708 2054 1830 2114; x_wconf 83' lang='lat' dir='ltr'><strong>stellata,</strong></span> <span class='ocrx_word' id='word_1_710' title='bbox 1840 2068 1890 2119; x_wconf 88' lang='lat' dir='ltr'><strong>per</strong></span> <span class='ocrx_word' id='word_1_711' title='bbox 1900 2054 1997 2105; x_wconf 87' lang='lat' dir='ltr'><strong>ruden-</strong></span> 
     </span>
     <span class='ocr_line' id='line_1_103' title="bbox 1201 2119 1999 2190; baseline 0 -14"><span class='ocrx_word' id='word_1_712' title='bbox 1201 2132 1244 2176; x_wconf 91' lang='lat' dir='ltr'><strong>tes</strong></span> <span class='ocrx_word' id='word_1_713' title='bbox 1263 2125 1322 2176; x_wconf 88' lang='lat' dir='ltr'><strong>iere</strong></span> <span class='ocrx_word' id='word_1_714' title='bbox 1343 2124 1429 2175; x_wconf 89' lang='lat' dir='ltr'><strong>etiam</strong></span> <span class='ocrx_word' id='word_1_715' title='bbox 1448 2123 1478 2172; x_wconf 91' lang='lat' dir='ltr'><strong>in</strong></span> <span class='ocrx_word' id='word_1_716' title='bbox 1501 2119 1706 2189; x_wconf 89' lang='lat' dir='ltr'><strong>amphitheatro</strong></span> <span class='ocrx_word' id='word_1_717' title='bbox 1728 2124 1860 2190; x_wconf 88' lang='lat' dir='ltr'><strong>principis</strong></span> <span class='ocrx_word' id='word_1_718' title='bbox 1873 2122 1999 2176; x_wconf 89' lang='lat' dir='ltr'><strong>Neronis.</strong></span> 
     </span>
    </p>
   </div>
   <div class='ocr_carea' id='block_1_9' title="bbox 1200 2190 2093 2259">
    <p class='ocr_par' dir='ltr' id='par_1_20' title="bbox 1200 2190 2093 2259">
     <span class='ocr_line' id='line_1_104' title="bbox 1200 2190 2093 2259; baseline -0.003 -14"><span class='ocrx_word' id='word_1_719' title='bbox 1200 2193 1311 2245; x_wconf 82' lang='lat' dir='ltr'><strong>liabent</strong></span> <span class='ocrx_word' id='word_1_720' title='bbox 1327 2193 1355 2243; x_wconf 92' lang='lat' dir='ltr'><strong>in</strong></span> <span class='ocrx_word' id='word_1_721' title='bbox 1373 2194 1448 2244; x_wconf 87' lang='lat' dir='ltr'><strong>caris</strong></span> <span class='ocrx_word' id='word_1_722' title='bbox 1464 2191 1591 2252; x_wconf 83' lang='lat' dir='ltr'><strong>aedium,</strong></span> <span class='ocrx_word' id='word_1_723' title='bbox 1614 2198 1641 2244; x_wconf 87' lang='lat' dir='ltr'><strong>et</strong></span> <span class='ocrx_word' id='word_1_724' title='bbox 1658 2206 1781 2244; x_wconf 89' lang='lat' dir='ltr'><strong>muscum</strong></span> <span class='ocrx_word' id='word_1_725' title='bbox 1796 2208 1813 2243; x_wconf 91' lang='lat' dir='ltr'><strong>a</strong></span> <span class='ocrx_word' id='word_1_726' title='bbox 1828 2192 1893 2244; x_wconf 86' lang='lat' dir='ltr'><strong>Sole</strong></span> <span class='ocrx_word' id='word_1_727' title='bbox 1908 2190 2000 2244; x_wconf 79' lang='lat' dir='ltr'><strong>deles·</strong></span> <span class='ocrx_word' id='word_1_728' title='bbox 2088 2252 2093 2259; x_wconf 43' lang='lat'>‚</span> 
     </span>
    </p>
   </div>
   <div class='ocr_carea' id='block_1_10' title="bbox 1201 2260 2038 5573">
    <p class='ocr_par' dir='ltr' id='par_1_21' title="bbox 1201 2260 2000 2730">
     <span class='ocr_line' id='line_1_105' title="bbox 1201 2260 2000 2330; baseline -0.001 -16"><span class='ocrx_word' id='word_1_729' title='bbox 1201 2263 1293 2325; x_wconf 73' lang='lat' dir='ltr'><strong>dunt,</strong></span> <span class='ocrx_word' id='word_1_730' title='bbox 1314 2262 1414 2313; x_wconf 85' lang='lat' dir='ltr'><strong>Cetera</strong></span> <span class='ocrx_word' id='word_1_731' title='bbox 1426 2261 1526 2311; x_wconf 90' lang='lat' dir='ltr'><strong>mansit</strong></span> <span class='ocrx_word' id='word_1_732' title='bbox 1538 2260 1652 2312; x_wconf 88' lang='lat' dir='ltr'><strong>candori</strong></span> <span class='ocrx_word' id='word_1_733' title='bbox 1668 2262 1907 2330; x_wconf 80' lang='lat' dir='ltr'><strong>pertinaxgratia.</strong></span> <span class='ocrx_word' id='word_1_734' title='bbox 1942 2262 2000 2313; x_wconf 83' lang='lat' dir='ltr'><strong>ilo·</strong></span> 
     </span>
     <span class='ocr_line' id='line_1_106' title="bbox 1201 2329 1998 2397; baseline 0 -15"><span class='ocrx_word' id='word_1_735' title='bbox 1201 2345 1255 2384; x_wconf 90' lang='lat' dir='ltr'><strong>nor</strong></span> <span class='ocrx_word' id='word_1_736' title='bbox 1265 2331 1348 2383; x_wconf 92' lang='lat' dir='ltr'><strong>etiam</strong></span> <span class='ocrx_word' id='word_1_737' title='bbox 1360 2337 1388 2383; x_wconf 93' lang='lat' dir='ltr'><strong>et</strong></span> <span class='ocrx_word' id='word_1_738' title='bbox 1401 2331 1526 2382; x_wconf 86' lang='lat' dir='ltr'><strong>Troiano</strong></span> <span class='ocrx_word' id='word_1_739' title='bbox 1536 2329 1622 2380; x_wconf 92' lang='lat' dir='ltr'><strong>bello.</strong></span> <span class='ocrx_word' id='word_1_740' title='bbox 1661 2333 1716 2381; x_wconf 80' lang='lat' dir='ltr'><strong>Cur</strong></span> <span class='ocrx_word' id='word_1_741' title='bbox 1727 2332 1800 2383; x_wconf 84' lang='lat' dir='ltr'><strong>eninr</strong></span> <span class='ocrx_word' id='word_1_742' title='bbox 1811 2347 1865 2382; x_wconf 90' lang='lat' dir='ltr'><strong>non</strong></span> <span class='ocrx_word' id='word_1_743' title='bbox 1876 2337 1904 2381; x_wconf 90' lang='lat' dir='ltr'><strong>et</strong></span> <span class='ocrx_word' id='word_1_744' title='bbox 1918 2344 1998 2397; x_wconf 88' lang='lat' dir='ltr'><strong>proe-</strong></span> 
     </span>
     <span class='ocr_line' id='line_1_107' title="bbox 1201 2397 1999 2467; baseline -0.003 -16"><span class='ocrx_word' id='word_1_745' title='bbox 1201 2401 1248 2452; x_wconf 92' lang='lat' dir='ltr'><strong>liis</strong></span> <span class='ocrx_word' id='word_1_746' title='bbox 1258 2399 1380 2462; x_wconf 84' lang='lat' dir='ltr'><strong>intersit,</strong></span> <span class='ocrx_word' id='word_1_747' title='bbox 1400 2408 1432 2450; x_wconf 94' lang='lat' dir='ltr'><strong>ut</strong></span> <span class='ocrx_word' id='word_1_748' title='bbox 1448 2397 1618 2467; x_wconf 68' lang='lat' dir='ltr'><strong>naufragiis?</strong></span> <span class='ocrx_word' id='word_1_749' title='bbox 1654 2397 1827 2452; x_wconf 80' lang='lat' dir='ltr'><strong>Thoracibus</strong></span> <span class='ocrx_word' id='word_1_750' title='bbox 1842 2401 1923 2452; x_wconf 90' lang='lat' dir='ltr'><strong>lineis</strong></span> <span class='ocrx_word' id='word_1_751' title='bbox 1934 2413 1999 2467; x_wconf 89' lang='lat' dir='ltr'><strong>pau·</strong></span> 
     </span>
     <span class='ocr_line' id='line_1_108' title="bbox 1202 2468 2000 2536; baseline -0.004 -15"><span class='ocrx_word' id='word_1_752' title='bbox 1202 2483 1250 2521; x_wconf 90' lang='lat' dir='ltr'><strong>cos</strong></span> <span class='ocrx_word' id='word_1_753' title='bbox 1260 2476 1352 2521; x_wconf 87' lang='lat' dir='ltr'><strong>tamen</strong></span> <span class='ocrx_word' id='word_1_754' title='bbox 1362 2484 1510 2536; x_wconf 85' lang='lat' dir='ltr'><strong>pugnasse,</strong></span> <span class='ocrx_word' id='word_1_755' title='bbox 1520 2468 1601 2520; x_wconf 90' lang='lat' dir='ltr'><strong>testis</strong></span> <span class='ocrx_word' id='word_1_756' title='bbox 1613 2474 1656 2521; x_wconf 88' lang='lat' dir='ltr'><strong>est</strong></span> <span class='ocrx_word' id='word_1_757' title='bbox 1666 2470 1812 2521; x_wconf 86' lang='lat' dir='ltr'><strong>Homerus.</strong></span> <span class='ocrx_word' id='word_1_758' title='bbox 1849 2468 2000 2519; x_wconf 81' lang='lat' dir='ltr'><strong>ilinciuis·</strong></span> 
     </span>
     <span class='ocr_line' id='line_1_109' title="bbox 1201 2539 2000 2605; baseline 0 -16"><span class='ocrx_word' id='word_1_759' title='bbox 1201 2539 1393 2591; x_wconf 85' lang='lat' dir='ltr'><strong>aestuarium</strong></span> <span class='ocrx_word' id='word_1_760' title='bbox 1410 2543 1582 2589; x_wconf 85' lang='lat' dir='ltr'><strong>armamenta</strong></span> <span class='ocrx_word' id='word_1_761' title='bbox 1597 2539 1671 2605; x_wconf 91' lang='lat' dir='ltr'><strong>apud</strong></span> <span class='ocrx_word' id='word_1_762' title='bbox 1688 2539 1803 2591; x_wconf 87' lang='lat' dir='ltr'><strong>eundem</strong></span> <span class='ocrx_word' id='word_1_763' title='bbox 1818 2539 2000 2604; x_wconf 88' lang='lat' dir='ltr'><strong>interpretau-</strong></span> 
     </span>
     <span class='ocr_line' id='line_1_110' title="bbox 1201 2606 1999 2676; baseline -0.001 -18"><span class='ocrx_word' id='word_1_764' title='bbox 1201 2614 1250 2659; x_wconf 92' lang='lat' dir='ltr'><strong>tur</strong></span> <span class='ocrx_word' id='word_1_765' title='bbox 1260 2607 1442 2659; x_wconf 82' lang='lat' dir='ltr'><strong>eruditiores:</strong></span> <span class='ocrx_word' id='word_1_766' title='bbox 1463 2608 1593 2674; x_wconf 88' lang='lat' dir='ltr'><strong>quoniam</strong></span> <span class='ocrx_word' id='word_1_767' title='bbox 1611 2622 1672 2660; x_wconf 90' lang='lat' dir='ltr'><strong>cum</strong></span> <span class='ocrx_word' id='word_1_768' title='bbox 1684 2615 1779 2676; x_wconf 88' lang='lat' dir='ltr'><strong>sparta</strong></span> <span class='ocrx_word' id='word_1_769' title='bbox 1798 2607 1876 2670; x_wconf 79' lang='lat' dir='ltr'><strong>dixit,</strong></span> <span class='ocrx_word' id='word_1_770' title='bbox 1897 2606 1999 2674; x_wconf 82' lang='lat' dir='ltr'><strong>signill-</strong></span> 
     </span>
     <span class='ocr_line' id='line_1_111' title="bbox 1202 2676 1538 2730; baseline -0.009 0"><span class='ocrx_word' id='word_1_771' title='bbox 1202 2676 1390 2730; x_wconf 85' lang='lat' dir='ltr'><strong>caveritsata.</strong></span> <span class='ocrx_word' id='word_1_772' title='bbox 1534 2698 1538 2703; x_wconf 49' lang='grc'>’</span> 
     </span>
    </p>

    <p class='ocr_par' dir='ltr' id='par_1_22' title="bbox 1201 2744 2038 3846">
     <span class='ocr_line' id='line_1_112' title="bbox 1235 2744 2000 2814; baseline -0.004 -17"><span class='ocrx_word' id='word_1_773' title='bbox 1235 2745 1297 2798; x_wconf 76' lang='lat' dir='ltr'><strong>Vll.</strong></span> <span class='ocrx_word' id='word_1_774' title='bbox 1315 2744 1410 2814; x_wconf 80' lang='lat' dir='ltr'><strong>Sparti</strong></span> <span class='ocrx_word' id='word_1_775' title='bbox 1422 2744 1533 2811; x_wconf 90' lang='lat' dir='ltr'><strong>quidem</strong></span> <span class='ocrx_word' id='word_1_776' title='bbox 1539 2760 1604 2796; x_wconf 92' lang='lat' dir='ltr'><strong>usus</strong></span> <span class='ocrx_word' id='word_1_777' title='bbox 1615 2745 1703 2797; x_wconf 88' lang='lat' dir='ltr'><strong>multa</strong></span> <span class='ocrx_word' id='word_1_778' title='bbox 1714 2752 1778 2812; x_wconf 92' lang='lat' dir='ltr'><strong>post</strong></span> <span class='ocrx_word' id='word_1_779' title='bbox 1787 2744 2000 2811; x_wconf 82' lang='lat' dir='ltr'><strong>seruiacueptus</strong></span> 
     </span>
     <span class='ocr_line' id='line_1_113' title="bbox 1202 2814 1996 2881; baseline -0.003 -14"><span class='ocrx_word' id='word_1_780' title='bbox 1202 2821 1258 2867; x_wconf 86' lang='lat' dir='ltr'><strong>est:</strong></span> <span class='ocrx_word' id='word_1_781' title='bbox 1277 2830 1327 2868; x_wconf 92' lang='lat' dir='ltr'><strong>nec</strong></span> <span class='ocrx_word' id='word_1_782' title='bbox 1338 2821 1403 2867; x_wconf 90' lang='lat' dir='ltr'><strong>ante</strong></span> <span class='ocrx_word' id='word_1_783' title='bbox 1412 2814 1569 2867; x_wconf 89' lang='lat' dir='ltr'><strong>Poenorum</strong></span> <span class='ocrx_word' id='word_1_784' title='bbox 1581 2827 1668 2873; x_wconf 90' lang='lat' dir='ltr'><strong>arma,</strong></span> <span class='ocrx_word' id='word_1_785' title='bbox 1690 2828 1760 2878; x_wconf 89' lang='lat' dir='ltr'><strong>quae</strong></span> <span class='ocrx_word' id='word_1_786' title='bbox 1774 2818 1891 2881; x_wconf 90' lang='lat' dir='ltr'><strong>primurn</strong></span> <span class='ocrx_word' id='word_1_787' title='bbox 1904 2814 1996 2881; x_wconf 81' lang='lat' dir='ltr'><strong>llispa</strong></span> 
     </span>
     <span class='ocr_line' id='line_1_114' title="bbox 1201 2881 2001 2947; baseline 0 -12"><span class='ocrx_word' id='word_1_788' title='bbox 1201 2887 1266 2937; x_wconf 91' lang='lat' dir='ltr'><strong>niae</strong></span> <span class='ocrx_word' id='word_1_789' title='bbox 1276 2883 1439 2936; x_wconf 88' lang='lat' dir='ltr'><strong>intulerunt.</strong></span> <span class='ocrx_word' id='word_1_790' title='bbox 1476 2883 1572 2934; x_wconf 85' lang='lat' dir='ltr'><strong>lietba</strong></span> <span class='ocrx_word' id='word_1_791' title='bbox 1588 2888 1618 2934; x_wconf 93' lang='lat' dir='ltr'><strong>et</strong></span> <span class='ocrx_word' id='word_1_792' title='bbox 1633 2881 1701 2933; x_wconf 87' lang='lat' dir='ltr'><strong>haec</strong></span> <span class='ocrx_word' id='word_1_793' title='bbox 1713 2891 1813 2947; x_wconf 91' lang='lat' dir='ltr'><strong>sponte</strong></span> <span class='ocrx_word' id='word_1_794' title='bbox 1826 2899 1950 2946; x_wconf 86' lang='lat' dir='ltr'><strong>nascens,</strong></span> <span class='ocrx_word' id='word_1_795' title='bbox 1972 2888 2001 2935; x_wconf 86' lang='grc' dir='ltr'><strong>ιι</strong></span> 
     </span>
     <span class='ocr_line' id='line_1_115' title="bbox 1202 2951 2002 3022; baseline -0.001 -17"><span class='ocrx_word' id='word_1_796' title='bbox 1202 2968 1272 3022; x_wconf 90' lang='lat' dir='ltr'><strong>quae</strong></span> <span class='ocrx_word' id='word_1_797' title='bbox 1280 2967 1335 3003; x_wconf 92' lang='lat' dir='ltr'><strong>nun</strong></span> <span class='ocrx_word' id='word_1_798' title='bbox 1346 2956 1429 3020; x_wconf 90' lang='lat' dir='ltr'><strong>queat</strong></span> <span class='ocrx_word' id='word_1_799' title='bbox 1438 2953 1502 3014; x_wconf 89' lang='lat' dir='ltr'><strong>seri,</strong></span> <span class='ocrx_word' id='word_1_800' title='bbox 1514 2951 1666 3017; x_wconf 90' lang='lat' dir='ltr'><strong>iuncusque</strong></span> <span class='ocrx_word' id='word_1_801' title='bbox 1677 2952 1869 3016; x_wconf 88' lang='lat' dir='ltr'><strong>propriearidi</strong></span> <span class='ocrx_word' id='word_1_802' title='bbox 1880 2953 1945 3014; x_wconf 90' lang='lat' dir='ltr'><strong>soli,</strong></span> <span class='ocrx_word' id='word_1_803' title='bbox 1954 2953 2002 3004; x_wconf 89' lang='lat' dir='ltr'><strong>uni</strong></span> 
     </span>
     <span class='ocr_line' id='line_1_116' title="bbox 1201 3018 2002 3084; baseline -0.005 -9"><span class='ocrx_word' id='word_1_804' title='bbox 1201 3020 1371 3075; x_wconf 88' lang='lat' dir='ltr'><strong>terraedato</strong></span> <span class='ocrx_word' id='word_1_805' title='bbox 1392 3021 1470 3070; x_wconf 81' lang='lat' dir='ltr'><strong>vitio.</strong></span> <span class='ocrx_word' id='word_1_806' title='bbox 1507 3019 1633 3084; x_wconf 82' lang='lat' dir='ltr'><strong>Namque</strong></span> <span class='ocrx_word' id='word_1_807' title='bbox 1652 3018 1678 3069; x_wconf 89' lang='lat' dir='ltr'><strong>id</strong></span> <span class='ocrx_word' id='word_1_808' title='bbox 1699 3019 1799 3070; x_wconf 89' lang='lat' dir='ltr'><strong>maium</strong></span> <span class='ocrx_word' id='word_1_809' title='bbox 1818 3021 1932 3072; x_wconf 89' lang='lat' dir='ltr'><strong>telluris</strong></span> <span class='ocrx_word' id='word_1_810' title='bbox 1944 3027 2002 3073; x_wconf 81' lang='lat' dir='ltr'><strong>ast:</strong></span> 
     </span>
     <span class='ocr_line' id='line_1_117' title="bbox 1202 3087 2003 3153; baseline -0.005 -9"><span class='ocrx_word' id='word_1_811' title='bbox 1202 3107 1253 3145; x_wconf 89' lang='lat' dir='ltr'><strong>nec</strong></span> <span class='ocrx_word' id='word_1_812' title='bbox 1264 3089 1341 3143; x_wconf 90' lang='lat' dir='ltr'><strong>aliud</strong></span> <span class='ocrx_word' id='word_1_813' title='bbox 1352 3090 1390 3141; x_wconf 94' lang='lat' dir='ltr'><strong>ibi</strong></span> <span class='ocrx_word' id='word_1_814' title='bbox 1412 3090 1467 3141; x_wconf 90' lang='lat' dir='ltr'><strong>seri</strong></span> <span class='ocrx_word' id='word_1_815' title='bbox 1489 3095 1538 3139; x_wconf 86' lang='lat' dir='ltr'><strong>aut</strong></span> <span class='ocrx_word' id='word_1_816' title='bbox 1557 3088 1634 3139; x_wconf 88' lang='lat' dir='ltr'><strong>nasci</strong></span> <span class='ocrx_word' id='word_1_817' title='bbox 1656 3094 1758 3153; x_wconf 91' lang='lat' dir='ltr'><strong>potest.</strong></span> <span class='ocrx_word' id='word_1_818' title='bbox 1793 3089 1823 3138; x_wconf 91' lang='lat' dir='ltr'><strong>ln</strong></span> <span class='ocrx_word' id='word_1_819' title='bbox 1833 3087 1929 3140; x_wconf 83' lang='lat' dir='ltr'><strong>Africa</strong></span> <span class='ocrx_word' id='word_1_820' title='bbox 1940 3091 2003 3142; x_wconf 83' lang='lat' dir='ltr'><strong>eai-</strong></span> 
     </span>
     <span class='ocr_line' id='line_1_118' title="bbox 1203 3154 2002 3230; baseline -0.005 -17"><span class='ocrx_word' id='word_1_821' title='bbox 1203 3176 1287 3230; x_wconf 86' lang='lat' dir='ltr'><strong>guum</strong></span> <span class='ocrx_word' id='word_1_822' title='bbox 1308 3166 1336 3211; x_wconf 86' lang='lat' dir='ltr'><strong>et</strong></span> <span class='ocrx_word' id='word_1_823' title='bbox 1355 3157 1456 3210; x_wconf 88' lang='lat' dir='ltr'><strong>inutile</strong></span> <span class='ocrx_word' id='word_1_824' title='bbox 1478 3157 1609 3225; x_wconf 88' lang='lat' dir='ltr'><strong>gignitur.</strong></span> <span class='ocrx_word' id='word_1_825' title='bbox 1645 3154 1882 3223; x_wconf 78' lang='lat' dir='ltr'><strong>carthaginiensis</strong></span> <span class='ocrx_word' id='word_1_826' title='bbox 1902 3158 2002 3224; x_wconf 85' lang='lat' dir='ltr'><strong>Hispa·</strong></span> 
     </span>
     <span class='ocr_line' id='line_1_119' title="bbox 1203 3224 2001 3294; baseline -0.008 -11"><span class='ocrx_word' id='word_1_827' title='bbox 1203 3226 1267 3283; x_wconf 76' lang='lat' dir='ltr'><strong>niae</strong></span> <span class='ocrx_word' id='word_1_828' title='bbox 1283 3228 1421 3283; x_wconf 87' lang='lat' dir='ltr'><strong>citerioris</strong></span> <span class='ocrx_word' id='word_1_829' title='bbox 1437 3229 1542 3294; x_wconf 91' lang='lat' dir='ltr'><strong>portio,</strong></span> <span class='ocrx_word' id='word_1_830' title='bbox 1561 3242 1615 3279; x_wconf 87' lang='lat' dir='ltr'><strong>nee</strong></span> <span class='ocrx_word' id='word_1_831' title='bbox 1629 3224 1697 3278; x_wconf 86' lang='lat' dir='ltr'><strong>baec</strong></span> <span class='ocrx_word' id='word_1_832' title='bbox 1711 3233 1782 3288; x_wconf 90' lang='lat' dir='ltr'><strong>tota,</strong></span> <span class='ocrx_word' id='word_1_833' title='bbox 1802 3226 1851 3278; x_wconf 91' lang='lat' dir='ltr'><strong>scd</strong></span> <span class='ocrx_word' id='word_1_834' title='bbox 1867 3234 2001 3292; x_wconf 86' lang='lat' dir='ltr'><strong>quatenus</strong></span> 
     </span>
     <span class='ocr_line' id='line_1_120' title="bbox 1202 3296 2003 3370; baseline -0.01 -18"><span class='ocrx_word' id='word_1_835' title='bbox 1202 3304 1285 3370; x_wconf 89' lang='lat' dir='ltr'><strong>parit,</strong></span> <span class='ocrx_word' id='word_1_836' title='bbox 1306 3304 1416 3352; x_wconf 86' lang='lat' dir='ltr'><strong>montes</strong></span> <span class='ocrx_word' id='word_1_837' title='bbox 1436 3310 1544 3364; x_wconf 91' lang='lat' dir='ltr'><strong>quoque</strong></span> <span class='ocrx_word' id='word_1_838' title='bbox 1563 3302 1660 3362; x_wconf 88' lang='lat' dir='ltr'><strong>sparto</strong></span> <span class='ocrx_word' id='word_1_839' title='bbox 1681 3296 1781 3362; x_wconf 89' lang='lat' dir='ltr'><strong>operit.</strong></span> <span class='ocrx_word' id='word_1_840' title='bbox 1818 3296 1894 3347; x_wconf 86' lang='lat' dir='ltr'><strong>ilinc</strong></span> <span class='ocrx_word' id='word_1_841' title='bbox 1912 3302 2003 3347; x_wconf 87' lang='lat' dir='ltr'><strong>atrata</strong></span> 
     </span>
     <span class='ocr_line' id='line_1_121' title="bbox 1203 3362 2004 3433; baseline -0.007 -11"><span class='ocrx_word' id='word_1_842' title='bbox 1203 3368 1317 3423; x_wconf 89' lang='lat' dir='ltr'><strong>rusticis</strong></span> <span class='ocrx_word' id='word_1_843' title='bbox 1328 3382 1434 3428; x_wconf 87' lang='lat' dir='ltr'><strong>eorum,</strong></span> <span class='ocrx_word' id='word_1_844' title='bbox 1451 3365 1606 3433; x_wconf 89' lang='lat' dir='ltr'><strong>bincignes</strong></span> <span class='ocrx_word' id='word_1_845' title='bbox 1627 3363 1768 3431; x_wconf 83' lang='lat' dir='ltr'><strong>facesque,</strong></span> <span class='ocrx_word' id='word_1_846' title='bbox 1786 3362 2004 3416; x_wconf 81' lang='lat' dir='ltr'><strong>hincmlcearui-</strong></span> 
     </span>
     <span class='ocr_line' id='line_1_122' title="bbox 1203 3433 2002 3505; baseline -0.01 -14"><span class='ocrx_word' id='word_1_847' title='bbox 1203 3455 1250 3503; x_wconf 89' lang='lat' dir='ltr'><strong>na,</strong></span> <span class='ocrx_word' id='word_1_848' title='bbox 1260 3445 1290 3491; x_wconf 91' lang='lat' dir='ltr'><strong>et</strong></span> <span class='ocrx_word' id='word_1_849' title='bbox 1301 3444 1444 3505; x_wconf 88' lang='lat' dir='ltr'><strong>pasturum</strong></span> <span class='ocrx_word' id='word_1_850' title='bbox 1454 3436 1554 3488; x_wconf 84' lang='lat' dir='ltr'><strong>restis:</strong></span> <span class='ocrx_word' id='word_1_851' title='bbox 1573 3433 1739 3485; x_wconf 89' lang='lat' dir='ltr'><strong>animalibus</strong></span> <span class='ocrx_word' id='word_1_852' title='bbox 1748 3435 1868 3494; x_wconf 83' lang='lat' dir='ltr'><strong>noxium,</strong></span> <span class='ocrx_word' id='word_1_853' title='bbox 1881 3438 2002 3501; x_wconf 82' lang='lat' dir='ltr'><strong>praeter-</strong></span> 
     </span>
     <span class='ocr_line' id='line_1_123' title="bbox 1204 3500 2038 3576; baseline -0.008 -16"><span class='ocrx_word' id='word_1_854' title='bbox 1204 3523 1287 3576; x_wconf 88' lang='lat' dir='ltr'><strong>quam</strong></span> <span class='ocrx_word' id='word_1_855' title='bbox 1303 3506 1475 3560; x_wconf 86' lang='lat' dir='ltr'><strong>cacuminum</strong></span> <span class='ocrx_word' id='word_1_856' title='bbox 1492 3503 1651 3557; x_wconf 88' lang='lat' dir='ltr'><strong>teneritate.</strong></span> <span class='ocrx_word' id='word_1_857' title='bbox 1686 3503 1725 3554; x_wconf 93' lang='lat' dir='ltr'><strong>Ad</strong></span> <span class='ocrx_word' id='word_1_858' title='bbox 1741 3503 1865 3570; x_wconf 90' lang='lat' dir='ltr'><strong>reliquos</strong></span> <span class='ocrx_word' id='word_1_859' title='bbox 1881 3516 1950 3552; x_wconf 86' lang='lat' dir='ltr'><strong>usus</strong></span> <span class='ocrx_word' id='word_1_860' title='bbox 1964 3500 2003 3553; x_wconf 86' lang='lat' dir='ltr'><strong>la·</strong></span> <span class='ocrx_word' id='word_1_861' title='bbox 2025 3544 2038 3565; x_wconf 71' lang='grc'>,</span> 
     </span>
     <span class='ocr_line' id='line_1_124' title="bbox 1203 3571 2002 3637; baseline -0.01 -7"><span class='ocrx_word' id='word_1_862' title='bbox 1203 3579 1315 3630; x_wconf 90' lang='lat' dir='ltr'><strong>boriuse</strong></span> <span class='ocrx_word' id='word_1_863' title='bbox 1327 3574 1465 3635; x_wconf 85' lang='lat' dir='ltr'><strong>evellitur,</strong></span> <span class='ocrx_word' id='word_1_864' title='bbox 1477 3574 1596 3625; x_wconf 89' lang='lat' dir='ltr'><strong>ocreatis</strong></span> <span class='ocrx_word' id='word_1_865' title='bbox 1608 3571 1742 3634; x_wconf 92' lang='lat' dir='ltr'><strong>cruribus,</strong></span> <span class='ocrx_word' id='word_1_866' title='bbox 1763 3586 1853 3633; x_wconf 90' lang='lat' dir='ltr'><strong>manu,</strong></span> <span class='ocrx_word' id='word_1_867' title='bbox 1865 3571 2002 3637; x_wconf 82' lang='lat' dir='ltr'><strong>testisque</strong></span> 
     </span>
     <span class='ocr_line' id='line_1_125' title="bbox 1204 3640 2001 3709; baseline -0.013 -10"><span class='ocrx_word' id='word_1_868' title='bbox 1204 3645 1330 3708; x_wconf 85' lang='lat' dir='ltr'><strong>uranicis,</strong></span> <span class='ocrx_word' id='word_1_869' title='bbox 1348 3643 1526 3695; x_wconf 76' lang='lat' dir='ltr'><strong>convolutum</strong></span> <span class='ocrx_word' id='word_1_870' title='bbox 1549 3641 1635 3693; x_wconf 91' lang='lat' dir='ltr'><strong>osseis</strong></span> <span class='ocrx_word' id='word_1_871' title='bbox 1653 3641 1799 3709; x_wconf 86' lang='lat' dir='ltr'><strong>iligneisre</strong></span> <span class='ocrx_word' id='word_1_872' title='bbox 1819 3640 2001 3693; x_wconf 72' lang='lat' dir='ltr'><strong>conserentis,</strong></span> 
     </span>
     <span class='ocr_line' id='line_1_126' title="bbox 1204 3708 2002 3770; baseline -0.014 0"><span class='ocrx_word' id='word_1_873' title='bbox 1204 3717 1283 3770; x_wconf 90' lang='lat' dir='ltr'><strong>Nunc</strong></span> <span class='ocrx_word' id='word_1_874' title='bbox 1293 3715 1348 3765; x_wconf 92' lang='lat' dir='ltr'><strong>iam</strong></span> <span class='ocrx_word' id='word_1_875' title='bbox 1359 3714 1388 3763; x_wconf 89' lang='lat' dir='ltr'><strong>in</strong></span> <span class='ocrx_word' id='word_1_876' title='bbox 1400 3710 1517 3762; x_wconf 90' lang='lat' dir='ltr'><strong>biemem</strong></span> <span class='ocrx_word' id='word_1_877' title='bbox 1527 3710 1614 3762; x_wconf 83' lang='lat' dir='ltr'><strong>iusta.</strong></span> <span class='ocrx_word' id='word_1_878' title='bbox 1649 3710 1793 3762; x_wconf 83' lang='lat' dir='ltr'><strong>Facillime</strong></span> <span class='ocrx_word' id='word_1_879' title='bbox 1804 3716 1897 3762; x_wconf 88' lang='lat' dir='ltr'><strong>tamen</strong></span> <span class='ocrx_word' id='word_1_880' title='bbox 1908 3708 2002 3761; x_wconf 88' lang='lat' dir='ltr'><strong>abidi·</strong></span> 
     </span>
     <span class='ocr_line' id='line_1_127' title="bbox 1204 3777 1891 3846; baseline -0.012 -7"><span class='ocrx_word' id='word_1_881' title='bbox 1204 3789 1255 3839; x_wconf 91' lang='lat' dir='ltr'><strong>bus</strong></span> <span class='ocrx_word' id='word_1_882' title='bbox 1264 3783 1351 3835; x_wconf 86' lang='lat' dir='ltr'><strong>Maiis</strong></span> <span class='ocrx_word' id='word_1_883' title='bbox 1365 3783 1393 3831; x_wconf 92' lang='lat' dir='ltr'><strong>in</strong></span> <span class='ocrx_word' id='word_1_884' title='bbox 1403 3779 1511 3833; x_wconf 81' lang='lat' dir='ltr'><strong>lunias:</strong></span> <span class='ocrx_word' id='word_1_885' title='bbox 1531 3777 1583 3831; x_wconf 87' lang='lat' dir='ltr'><strong>hoc</strong></span> <span class='ocrx_word' id='word_1_886' title='bbox 1594 3782 1765 3831; x_wconf 84' lang='lat' dir='ltr'><strong>maturitatis</strong></span> <span class='ocrx_word' id='word_1_887' title='bbox 1775 3788 1891 3846; x_wconf 86' lang='lat' dir='ltr'><strong>tempus.</strong></span> 
     </span>
    </p>

    <p class='ocr_par' dir='ltr' id='par_1_23' title="bbox 1204 3847 2006 5158">
     <span class='ocr_line' id='line_1_128' title="bbox 1239 3847 2001 3909; baseline -0.012 -2"><span class='ocrx_word' id='word_1_888' title='bbox 1239 3853 1314 3907; x_wconf 82' lang='lat' dir='ltr'><strong>Vlll.</strong></span> <span class='ocrx_word' id='word_1_889' title='bbox 1330 3850 1443 3901; x_wconf 87' lang='lat' dir='ltr'><strong>Vulsurn</strong></span> <span class='ocrx_word' id='word_1_890' title='bbox 1457 3847 1579 3900; x_wconf 89' lang='lat' dir='ltr'><strong>lascibus</strong></span> <span class='ocrx_word' id='word_1_891' title='bbox 1590 3848 1619 3899; x_wconf 90' lang='lat' dir='ltr'><strong>ia</strong></span> <span class='ocrx_word' id='word_1_892' title='bbox 1631 3864 1729 3901; x_wconf 79' lang='lat' dir='ltr'><strong>acervo</strong></span> <span class='ocrx_word' id='word_1_893' title='bbox 1744 3850 1897 3901; x_wconf 82' lang='lat' dir='ltr'><strong>animatum</strong></span> <span class='ocrx_word' id='word_1_894' title='bbox 1908 3847 2001 3909; x_wconf 92' lang='lat' dir='ltr'><strong>biduo,</strong></span> 
     </span>
     <span class='ocr_line' id='line_1_129' title="bbox 1204 3917 2003 3986; baseline -0.011 -10"><span class='ocrx_word' id='word_1_895' title='bbox 1204 3925 1291 3976; x_wconf 90' lang='lat' dir='ltr'><strong>tertio</strong></span> <span class='ocrx_word' id='word_1_896' title='bbox 1302 3919 1466 3979; x_wconf 89' lang='lat' dir='ltr'><strong>resolutum,</strong></span> <span class='ocrx_word' id='word_1_897' title='bbox 1488 3917 1629 3986; x_wconf 88' lang='lat' dir='ltr'><strong>spargitur</strong></span> <span class='ocrx_word' id='word_1_898' title='bbox 1644 3918 1672 3969; x_wconf 93' lang='lat' dir='ltr'><strong>in</strong></span> <span class='ocrx_word' id='word_1_899' title='bbox 1688 3917 1753 3970; x_wconf 87' lang='lat' dir='ltr'><strong>Sole</strong></span> <span class='ocrx_word' id='word_1_900' title='bbox 1769 3920 1954 3986; x_wconf 87' lang='lat' dir='ltr'><strong>siccaturque,</strong></span> <span class='ocrx_word' id='word_1_901' title='bbox 1974 3921 2003 3968; x_wconf 89' lang='lat' dir='ltr'><strong>et</strong></span> 
     </span>
     <span class='ocr_line' id='line_1_130' title="bbox 1204 3987 2003 4045; baseline -0.01 0"><span class='ocrx_word' id='word_1_902' title='bbox 1204 4007 1301 4045; x_wconf 90' lang='lat' dir='ltr'><strong>rursus</strong></span> <span class='ocrx_word' id='word_1_903' title='bbox 1311 3990 1340 4041; x_wconf 92' lang='lat' dir='ltr'><strong>in</strong></span> <span class='ocrx_word' id='word_1_904' title='bbox 1353 3987 1476 4040; x_wconf 81' lang='lat' dir='ltr'><strong>fascibus</strong></span> <span class='ocrx_word' id='word_1_905' title='bbox 1487 3987 1560 4040; x_wconf 88' lang='lat' dir='ltr'><strong>redit</strong></span> <span class='ocrx_word' id='word_1_906' title='bbox 1573 3987 1623 4038; x_wconf 91' lang='lat' dir='ltr'><strong>sub</strong></span> <span class='ocrx_word' id='word_1_907' title='bbox 1635 3994 1717 4040; x_wconf 87' lang='lat' dir='ltr'><strong>tecta.</strong></span> <span class='ocrx_word' id='word_1_908' title='bbox 1737 3987 1840 4039; x_wconf 88' lang='lat' dir='ltr'><strong>Postea</strong></span> <span class='ocrx_word' id='word_1_909' title='bbox 1850 3993 2003 4038; x_wconf 86' lang='lat' dir='ltr'><strong>maceratur</strong></span> 
     </span>
     <span class='ocr_line' id='line_1_131' title="bbox 1206 4055 2001 4130; baseline -0.015 -15"><span class='ocrx_word' id='word_1_910' title='bbox 1206 4057 1394 4130; x_wconf 87' lang='lat' dir='ltr'><strong>aquamarina</strong></span> <span class='ocrx_word' id='word_1_911' title='bbox 1408 4057 1533 4124; x_wconf 91' lang='lat' dir='ltr'><strong>optime,</strong></span> <span class='ocrx_word' id='word_1_912' title='bbox 1550 4057 1600 4109; x_wconf 89' lang='lat' dir='ltr'><strong>aed</strong></span> <span class='ocrx_word' id='word_1_913' title='bbox 1616 4063 1644 4109; x_wconf 93' lang='lat' dir='ltr'><strong>et</strong></span> <span class='ocrx_word' id='word_1_914' title='bbox 1655 4055 1747 4115; x_wconf 92' lang='lat' dir='ltr'><strong>dulci,</strong></span> <span class='ocrx_word' id='word_1_915' title='bbox 1768 4056 1792 4106; x_wconf 88' lang='lat' dir='ltr'><strong>si</strong></span> <span class='ocrx_word' id='word_1_916' title='bbox 1804 4058 1910 4107; x_wconf 87' lang='lat' dir='ltr'><strong>marina</strong></span> <span class='ocrx_word' id='word_1_917' title='bbox 1919 4055 2001 4107; x_wconf 81' lang='lat' dir='ltr'><strong>desitr</strong></span> 
     </span>
     <span class='ocr_line' id='line_1_132' title="bbox 1205 4124 2002 4197; baseline -0.014 -14"><span class='ocrx_word' id='word_1_918' title='bbox 1205 4133 1394 4197; x_wconf 87' lang='lat' dir='ltr'><strong>siccatumque</strong></span> <span class='ocrx_word' id='word_1_919' title='bbox 1403 4126 1479 4189; x_wconf 85' lang='lat' dir='ltr'><strong>Sole,</strong></span> <span class='ocrx_word' id='word_1_920' title='bbox 1489 4126 1591 4178; x_wconf 87' lang='lat' dir='ltr'><strong>iterum</strong></span> <span class='ocrx_word' id='word_1_921' title='bbox 1601 4126 1718 4190; x_wconf 85' lang='lat' dir='ltr'><strong>rigatur.</strong></span> <span class='ocrx_word' id='word_1_922' title='bbox 1742 4124 1772 4177; x_wconf 85' lang='lat' dir='ltr'><strong>Si</strong></span> <span class='ocrx_word' id='word_1_923' title='bbox 1783 4129 1894 4192; x_wconf 87' lang='lat' dir='ltr'><strong>repente</strong></span> <span class='ocrx_word' id='word_1_924' title='bbox 1905 4128 2002 4190; x_wconf 87' lang='lat' dir='ltr'><strong>urgeat</strong></span> 
     </span>
     <span class='ocr_line' id='line_1_133' title="bbox 1206 4192 2002 4260; baseline -0.013 -8"><span class='ocrx_word' id='word_1_925' title='bbox 1206 4198 1385 4255; x_wconf 90' lang='lat' dir='ltr'><strong>desiderium,</strong></span> <span class='ocrx_word' id='word_1_926' title='bbox 1405 4195 1545 4260; x_wconf 65' lang='lat' dir='ltr'><strong>perfusum</strong></span> <span class='ocrx_word' id='word_1_927' title='bbox 1562 4192 1653 4244; x_wconf 89' lang='lat' dir='ltr'><strong>calida</strong></span> <span class='ocrx_word' id='word_1_928' title='bbox 1667 4193 1696 4244; x_wconf 91' lang='lat' dir='ltr'><strong>iu</strong></span> <span class='ocrx_word' id='word_1_929' title='bbox 1717 4195 1799 4257; x_wconf 91' lang='lat' dir='ltr'><strong>solio,</strong></span> <span class='ocrx_word' id='word_1_930' title='bbox 1820 4210 1852 4245; x_wconf 91' lang='lat' dir='ltr'><strong>ac</strong></span> <span class='ocrx_word' id='word_1_931' title='bbox 1872 4193 2002 4245; x_wconf 84' lang='lat' dir='ltr'><strong>siccatum</strong></span> 
     </span>
     <span class='ocr_line' id='line_1_134' title="bbox 1206 4261 2003 4329; baseline -0.008 -12"><span class='ocrx_word' id='word_1_932' title='bbox 1206 4263 1493 4328; x_wconf 85' lang='lat' dir='ltr'><strong>stans,compendium</strong></span> <span class='ocrx_word' id='word_1_933' title='bbox 1506 4277 1608 4329; x_wconf 88' lang='lat' dir='ltr'><strong>operae</strong></span> <span class='ocrx_word' id='word_1_934' title='bbox 1618 4261 1733 4314; x_wconf 83' lang='lat' dir='ltr'><strong>latetur.</strong></span> <span class='ocrx_word' id='word_1_935' title='bbox 1769 4265 1832 4316; x_wconf 88' lang='lat' dir='ltr'><strong>Hoc</strong></span> <span class='ocrx_word' id='word_1_936' title='bbox 1842 4268 1933 4314; x_wconf 87' lang='lat' dir='ltr'><strong>autem</strong></span> <span class='ocrx_word' id='word_1_937' title='bbox 1944 4267 2003 4312; x_wconf 78' lang='lat' dir='ltr'><strong>tun-</strong></span> 
     </span>
     <span class='ocr_line' id='line_1_135' title="bbox 1207 4329 2004 4401; baseline -0.009 -15"><span class='ocrx_word' id='word_1_938' title='bbox 1207 4334 1291 4398; x_wconf 91' lang='lat' dir='ltr'><strong>ditur,</strong></span> <span class='ocrx_word' id='word_1_939' title='bbox 1310 4338 1342 4384; x_wconf 93' lang='lat' dir='ltr'><strong>ut</strong></span> <span class='ocrx_word' id='word_1_940' title='bbox 1354 4333 1403 4384; x_wconf 89' lang='lat' dir='ltr'><strong>liat</strong></span> <span class='ocrx_word' id='word_1_941' title='bbox 1413 4332 1491 4395; x_wconf 90' lang='lat' dir='ltr'><strong>utile,</strong></span> <span class='ocrx_word' id='word_1_942' title='bbox 1514 4332 1660 4399; x_wconf 90' lang='lat' dir='ltr'><strong>praecipue</strong></span> <span class='ocrx_word' id='word_1_943' title='bbox 1674 4333 1702 4383; x_wconf 93' lang='lat' dir='ltr'><strong>in</strong></span> <span class='ocrx_word' id='word_1_944' title='bbox 1714 4331 1792 4401; x_wconf 90' lang='lat' dir='ltr'><strong>aquis</strong></span> <span class='ocrx_word' id='word_1_945' title='bbox 1802 4332 1928 4399; x_wconf 86' lang='lat' dir='ltr'><strong>marique</strong></span> <span class='ocrx_word' id='word_1_946' title='bbox 1937 4329 2004 4382; x_wconf 80' lang='lat' dir='ltr'><strong>insi·</strong></span> 
     </span>
     <span class='ocr_line' id='line_1_136' title="bbox 1206 4399 2004 4467; baseline -0.006 -12"><span class='ocrx_word' id='word_1_947' title='bbox 1206 4411 1291 4455; x_wconf 90' lang='lat' dir='ltr'><strong>ctum.</strong></span> <span class='ocrx_word' id='word_1_948' title='bbox 1336 4402 1367 4452; x_wconf 89' lang='lat' dir='ltr'><strong>ln</strong></span> <span class='ocrx_word' id='word_1_949' title='bbox 1386 4402 1459 4454; x_wconf 90' lang='lat' dir='ltr'><strong>sicco</strong></span> <span class='ocrx_word' id='word_1_950' title='bbox 1482 4401 1643 4467; x_wconf 86' lang='lat' dir='ltr'><strong>praeierunt</strong></span> <span class='ocrx_word' id='word_1_951' title='bbox 1662 4417 1678 4452; x_wconf 91' lang='lat' dir='ltr'><strong>e</strong></span> <span class='ocrx_word' id='word_1_952' title='bbox 1699 4402 1814 4453; x_wconf 90' lang='lat' dir='ltr'><strong>cannabi</strong></span> <span class='ocrx_word' id='word_1_953' title='bbox 1834 4399 1925 4453; x_wconf 80' lang='lat' dir='ltr'><strong>funes.</strong></span> <span class='ocrx_word' id='word_1_954' title='bbox 1969 4399 2004 4451; x_wconf 91' lang='lat' dir='ltr'><strong>At</strong></span> 
     </span>
     <span class='ocr_line' id='line_1_137' title="bbox 1205 4467 2005 4541; baseline -0.006 -17"><span class='ocrx_word' id='word_1_955' title='bbox 1205 4479 1327 4541; x_wconf 82' lang='lat' dir='ltr'><strong>spartum</strong></span> <span class='ocrx_word' id='word_1_956' title='bbox 1338 4470 1424 4521; x_wconf 86' lang='lat' dir='ltr'><strong>alitur</strong></span> <span class='ocrx_word' id='word_1_957' title='bbox 1440 4470 1524 4521; x_wconf 90' lang='lat' dir='ltr'><strong>etiam</strong></span> <span class='ocrx_word' id='word_1_958' title='bbox 1540 4469 1709 4531; x_wconf 89' lang='lat' dir='ltr'><strong>demersum,</strong></span> <span class='ocrx_word' id='word_1_959' title='bbox 1729 4471 1816 4522; x_wconf 76' lang='lat' dir='ltr'><strong>veluti</strong></span> <span class='ocrx_word' id='word_1_960' title='bbox 1827 4469 1960 4520; x_wconf 89' lang='lat' dir='ltr'><strong>natalium</strong></span> <span class='ocrx_word' id='word_1_961' title='bbox 1971 4467 2005 4519; x_wconf 91' lang='lat' dir='ltr'><strong>si·</strong></span> 
     </span>
     <span class='ocr_line' id='line_1_138' title="bbox 1206 4537 2004 4606; baseline -0.008 -14"><span class='ocrx_word' id='word_1_962' title='bbox 1206 4542 1256 4592; x_wconf 88' lang='lat' dir='ltr'><strong>tim</strong></span> <span class='ocrx_word' id='word_1_963' title='bbox 1275 4554 1403 4606; x_wconf 85' lang='lat' dir='ltr'><strong>pensans.</strong></span> <span class='ocrx_word' id='word_1_964' title='bbox 1446 4539 1498 4591; x_wconf 86' lang='lat' dir='ltr'><strong>Est</strong></span> <span class='ocrx_word' id='word_1_965' title='bbox 1518 4538 1627 4606; x_wconf 89' lang='lat' dir='ltr'><strong>quidem</strong></span> <span class='ocrx_word' id='word_1_966' title='bbox 1649 4540 1707 4590; x_wconf 89' lang='lat' dir='ltr'><strong>eius</strong></span> <span class='ocrx_word' id='word_1_967' title='bbox 1727 4545 1827 4589; x_wconf 87' lang='lat' dir='ltr'><strong>natura</strong></span> <span class='ocrx_word' id='word_1_968' title='bbox 1846 4537 2004 4601; x_wconf 88' lang='lat' dir='ltr'><strong>interpolis:</strong></span> 
     </span>
     <span class='ocr_line' id='line_1_139' title="bbox 1205 4605 2006 4675; baseline -0.016 -13"><span class='ocrx_word' id='word_1_969' title='bbox 1205 4623 1355 4675; x_wconf 86' lang='lat' dir='ltr'><strong>rursusque</strong></span> <span class='ocrx_word' id='word_1_970' title='bbox 1366 4612 1446 4674; x_wconf 83' lang='lat' dir='ltr'><strong>quam</strong></span> <span class='ocrx_word' id='word_1_971' title='bbox 1458 4607 1546 4660; x_wconf 91' lang='lat' dir='ltr'><strong>libeat</strong></span> <span class='ocrx_word' id='word_1_972' title='bbox 1556 4613 1694 4659; x_wconf 76' lang='lat' dir='ltr'><strong>vetustum</strong></span> <span class='ocrx_word' id='word_1_973' title='bbox 1707 4620 1777 4655; x_wconf 85' lang='lat' dir='ltr'><strong>noro</strong></span> <span class='ocrx_word' id='word_1_974' title='bbox 1789 4605 1927 4654; x_wconf 88' lang='lat' dir='ltr'><strong>miscetur.</strong></span> <span class='ocrx_word' id='word_1_975' title='bbox 1953 4607 2006 4659; x_wconf 62' lang='lat' dir='ltr'><strong>Va·</strong></span> 
     </span>
     <span class='ocr_line' id='line_1_140' title="bbox 1207 4670 2005 4741; baseline -0.003 -12"><span class='ocrx_word' id='word_1_976' title='bbox 1207 4685 1362 4730; x_wconf 89' lang='lat' dir='ltr'><strong>rumtamen</strong></span> <span class='ocrx_word' id='word_1_977' title='bbox 1373 4675 1577 4741; x_wconf 89' lang='lat' dir='ltr'><strong>complectatur</strong></span> <span class='ocrx_word' id='word_1_978' title='bbox 1586 4674 1687 4733; x_wconf 90' lang='lat' dir='ltr'><strong>animo,</strong></span> <span class='ocrx_word' id='word_1_979' title='bbox 1698 4673 1743 4739; x_wconf 93' lang='lat' dir='ltr'><strong>qui</strong></span> <span class='ocrx_word' id='word_1_980' title='bbox 1754 4672 1829 4721; x_wconf 87' lang='lat' dir='ltr'><strong>rulet</strong></span> <span class='ocrx_word' id='word_1_981' title='bbox 1842 4670 2005 4727; x_wconf 87' lang='lat' dir='ltr'><strong>miraculum</strong></span> 
     </span>
     <span class='ocr_line' id='line_1_141' title="bbox 1205 4737 2004 4810; baseline -0.01 -11"><span class='ocrx_word' id='word_1_982' title='bbox 1205 4748 1364 4805; x_wconf 88' lang='lat' dir='ltr'><strong>aestimare,</strong></span> <span class='ocrx_word' id='word_1_983' title='bbox 1376 4750 1479 4810; x_wconf 87' lang='lat' dir='ltr'><strong>quanto</strong></span> <span class='ocrx_word' id='word_1_984' title='bbox 1489 4743 1526 4794; x_wconf 86' lang='lat' dir='ltr'><strong>ait</strong></span> <span class='ocrx_word' id='word_1_985' title='bbox 1537 4743 1563 4792; x_wconf 93' lang='lat' dir='ltr'><strong>in</strong></span> <span class='ocrx_word' id='word_1_986' title='bbox 1573 4757 1633 4803; x_wconf 90' lang='lat' dir='ltr'><strong>usu,</strong></span> <span class='ocrx_word' id='word_1_987' title='bbox 1645 4741 1771 4797; x_wconf 82' lang='lat' dir='ltr'><strong>erunibus</strong></span> <span class='ocrx_word' id='word_1_988' title='bbox 1781 4737 1875 4801; x_wconf 89' lang='lat' dir='ltr'><strong>terris,</strong></span> <span class='ocrx_word' id='word_1_989' title='bbox 1892 4745 2004 4793; x_wconf 86' lang='lat' dir='ltr'><strong>narium</strong></span> 
     </span>
     <span class='ocr_line' id='line_1_142' title="bbox 1206 4807 2005 4877; baseline -0.008 -9"><span class='ocrx_word' id='word_1_990' title='bbox 1206 4813 1400 4874; x_wconf 88' lang='lat' dir='ltr'><strong>armamentis,</strong></span> <span class='ocrx_word' id='word_1_991' title='bbox 1422 4811 1558 4863; x_wconf 87' lang='lat' dir='ltr'><strong>machinis</strong></span> <span class='ocrx_word' id='word_1_992' title='bbox 1574 4808 1812 4870; x_wconf 81' lang='lat' dir='ltr'><strong>aedificationum,</strong></span> <span class='ocrx_word' id='word_1_993' title='bbox 1830 4807 1950 4877; x_wconf 88' lang='lat' dir='ltr'><strong>aliisque</strong></span> <span class='ocrx_word' id='word_1_994' title='bbox 1961 4812 2005 4867; x_wconf 84' lang='lat' dir='ltr'><strong>de·</strong></span> 
     </span>
     <span class='ocr_line' id='line_1_143' title="bbox 1205 4878 2003 4944; baseline -0.004 -8"><span class='ocrx_word' id='word_1_995' title='bbox 1205 4884 1318 4937; x_wconf 90' lang='lat' dir='ltr'><strong>sideriis</strong></span> <span class='ocrx_word' id='word_1_996' title='bbox 1332 4881 1419 4933; x_wconf 86' lang='lat' dir='ltr'><strong>ritae.</strong></span> <span class='ocrx_word' id='word_1_997' title='bbox 1452 4879 1562 4932; x_wconf 78' lang='lat' dir='ltr'><strong>Aditus</strong></span> <span class='ocrx_word' id='word_1_998' title='bbox 1578 4893 1673 4930; x_wconf 86' lang='lat' dir='ltr'><strong>earnes</strong></span> <span class='ocrx_word' id='word_1_999' title='bbox 1689 4892 1756 4929; x_wconf 92' lang='lat' dir='ltr'><strong>usus</strong></span> <span class='ocrx_word' id='word_1_1000' title='bbox 1770 4891 1841 4944; x_wconf 88' lang='lat' dir='ltr'><strong>quae</strong></span> <span class='ocrx_word' id='word_1_1001' title='bbox 1856 4878 2003 4943; x_wconf 84' lang='lat' dir='ltr'><strong>sufficiant,</strong></span> 
     </span>
     <span class='ocr_line' id='line_1_144' title="bbox 1205 4946 2003 5016; baseline -0.006 -11"><span class='ocrx_word' id='word_1_1002' title='bbox 1205 4954 1297 5005; x_wconf 85' lang='lat' dir='ltr'><strong>miuus</strong></span> <span class='ocrx_word' id='word_1_1003' title='bbox 1306 4949 1423 5016; x_wconf 87' lang='lat' dir='ltr'><strong>triginta</strong></span> <span class='ocrx_word' id='word_1_1004' title='bbox 1431 4949 1521 5000; x_wconf 89' lang='lat' dir='ltr'><strong>miliia</strong></span> <span class='ocrx_word' id='word_1_1005' title='bbox 1530 4962 1658 5015; x_wconf 89' lang='lat' dir='ltr'><strong>passuum</strong></span> <span class='ocrx_word' id='word_1_1006' title='bbox 1670 4948 1698 4999; x_wconf 93' lang='lat' dir='ltr'><strong>in</strong></span> <span class='ocrx_word' id='word_1_1007' title='bbox 1710 4946 1884 5000; x_wconf 86' lang='lat' dir='ltr'><strong>latitudinem</strong></span> <span class='ocrx_word' id='word_1_1008' title='bbox 1896 4963 1913 4999; x_wconf 92' lang='lat' dir='ltr'><strong>a</strong></span> <span class='ocrx_word' id='word_1_1009' title='bbox 1923 4950 2003 5001; x_wconf 92' lang='lat' dir='ltr'><strong>litore</strong></span> 
     </span>
     <span class='ocr_line' id='line_1_145' title="bbox 1206 5016 2004 5087; baseline -0.006 -12"><span class='ocrx_word' id='word_1_1010' title='bbox 1206 5019 1383 5087; x_wconf 84' lang='lat' dir='ltr'><strong>Carthaginis</strong></span> <span class='ocrx_word' id='word_1_1011' title='bbox 1394 5032 1489 5080; x_wconf 81' lang='lat' dir='ltr'><strong>sorae,</strong></span> <span class='ocrx_word' id='word_1_1012' title='bbox 1500 5019 1641 5082; x_wconf 87' lang='lat' dir='ltr'><strong>urinusque</strong></span> <span class='ocrx_word' id='word_1_1013' title='bbox 1655 5018 1676 5068; x_wconf 84' lang='lat' dir='ltr'>C</span> <span class='ocrx_word' id='word_1_1014' title='bbox 1690 5017 1719 5068; x_wconf 92' lang='lat' dir='ltr'><strong>in</strong></span> <span class='ocrx_word' id='word_1_1015' title='bbox 1730 5016 1934 5085; x_wconf 83' lang='lat' dir='ltr'><strong>longitudinem</strong></span> <span class='ocrx_word' id='word_1_1016' title='bbox 1944 5032 2004 5071; x_wconf 88' lang='lat' dir='ltr'><strong>esse</strong></span> 
     </span>
     <span class='ocr_line' id='line_1_146' title="bbox 1206 5085 1943 5158; baseline -0.011 -14"><span class='ocrx_word' id='word_1_1017' title='bbox 1206 5090 1389 5158; x_wconf 89' lang='lat' dir='ltr'><strong>reperientur.</strong></span> <span class='ocrx_word' id='word_1_1018' title='bbox 1424 5087 1549 5152; x_wconf 88' lang='lat' dir='ltr'><strong>Longius</strong></span> <span class='ocrx_word' id='word_1_1019' title='bbox 1559 5086 1621 5138; x_wconf 79' lang='lat' dir='ltr'><strong>vehi</strong></span> <span class='ocrx_word' id='word_1_1020' title='bbox 1638 5085 1777 5153; x_wconf 90' lang='lat' dir='ltr'><strong>impendia</strong></span> <span class='ocrx_word' id='word_1_1021' title='bbox 1787 5085 1943 5153; x_wconf 89' lang='lat' dir='ltr'><strong>prohibeat.</strong></span> 
     </span>
    </p>

    <p class='ocr_par' dir='ltr' id='par_1_24' title="bbox 1205 5153 2003 5434">
     <span class='ocr_line' id='line_1_147' title="bbox 1240 5153 1999 5211; baseline -0.003 0"><span class='ocrx_word' id='word_1_1022' title='bbox 1240 5159 1288 5211; x_wconf 80' lang='lat' dir='ltr'><strong>lli.</strong></span> <span class='ocrx_word' id='word_1_1023' title='bbox 1314 5158 1399 5209; x_wconf 91' lang='lat' dir='ltr'><strong>iunco</strong></span> <span class='ocrx_word' id='word_1_1024' title='bbox 1417 5156 1540 5208; x_wconf 83' lang='lat' dir='ltr'><strong>Graecos</strong></span> <span class='ocrx_word' id='word_1_1025' title='bbox 1556 5154 1592 5207; x_wconf 90' lang='lat' dir='ltr'><strong>ad</strong></span> <span class='ocrx_word' id='word_1_1026' title='bbox 1607 5153 1688 5209; x_wconf 86' lang='lat' dir='ltr'><strong>iunes</strong></span> <span class='ocrx_word' id='word_1_1027' title='bbox 1702 5171 1768 5208; x_wconf 91' lang='lat' dir='ltr'><strong>usos</strong></span> <span class='ocrx_word' id='word_1_1028' title='bbox 1784 5155 1891 5208; x_wconf 89' lang='lat' dir='ltr'><strong>nomini</strong></span> <span class='ocrx_word' id='word_1_1029' title='bbox 1905 5155 1999 5209; x_wconf 88' lang='lat' dir='ltr'><strong>creda·</strong></span> 
     </span>
     <span class='ocr_line' id='line_1_148' title="bbox 1205 5224 2002 5295; baseline -0.006 -14"><span class='ocrx_word' id='word_1_1030' title='bbox 1205 5245 1277 5291; x_wconf 89' lang='lat' dir='ltr'><strong>mus,</strong></span> <span class='ocrx_word' id='word_1_1031' title='bbox 1295 5241 1349 5295; x_wconf 89' lang='lat' dir='ltr'><strong>quo</strong></span> <span class='ocrx_word' id='word_1_1032' title='bbox 1360 5224 1473 5277; x_wconf 83' lang='lat' dir='ltr'><strong>herbam</strong></span> <span class='ocrx_word' id='word_1_1033' title='bbox 1489 5239 1581 5277; x_wconf 88' lang='lat' dir='ltr'><strong>cama</strong></span> <span class='ocrx_word' id='word_1_1034' title='bbox 1604 5227 1720 5291; x_wconf 84' lang='lat' dir='ltr'><strong>peliants</strong></span> <span class='ocrx_word' id='word_1_1035' title='bbox 1740 5232 1840 5293; x_wconf 86' lang='lat' dir='ltr'><strong>postea</strong></span> <span class='ocrx_word' id='word_1_1036' title='bbox 1851 5225 2002 5292; x_wconf 88' lang='lat' dir='ltr'><strong>palmarum</strong></span> 
     </span>
     <span class='ocr_line' id='line_1_149' title="bbox 1207 5239 2003 5362; baseline -0.004 -11"><span class='ocrx_word' id='word_1_1037' title='bbox 1207 5299 1291 5360; x_wconf 88' lang='lat' dir='ltr'><strong>iuliis,</strong></span> <span class='ocrx_word' id='word_1_1038' title='bbox 1311 5294 1483 5362; x_wconf 86' lang='lat' dir='ltr'><strong>philuraque,</strong></span> <span class='ocrx_word' id='word_1_1039' title='bbox 1503 5239 1681 5347; x_wconf 49' lang='lat' dir='ltr'><strong>maniastum</strong></span> <span class='ocrx_word' id='word_1_1040' title='bbox 1697 5302 1753 5348; x_wconf 82' lang='lat' dir='ltr'><strong>est:</strong></span> <span class='ocrx_word' id='word_1_1041' title='bbox 1773 5305 1802 5348; x_wconf 89' lang='lat' dir='ltr'><strong>et</strong></span> <span class='ocrx_word' id='word_1_1042' title='bbox 1813 5296 1877 5348; x_wconf 92' lang='lat' dir='ltr'><strong>inde</strong></span> <span class='ocrx_word' id='word_1_1043' title='bbox 1887 5286 2003 5348; x_wconf 83' lang='lat' dir='ltr'><strong>tramis·</strong></span> 
     </span>
     <span class='ocr_line' id='line_1_150' title="bbox 1207 5363 1987 5434; baseline -0.008 -15"><span class='ocrx_word' id='word_1_1044' title='bbox 1207 5376 1266 5420; x_wconf 89' lang='lat' dir='ltr'><strong>tum</strong></span> <span class='ocrx_word' id='word_1_1045' title='bbox 1278 5383 1295 5419; x_wconf 90' lang='lat' dir='ltr'><strong>a</strong></span> <span class='ocrx_word' id='word_1_1046' title='bbox 1305 5364 1405 5417; x_wconf 90' lang='lat' dir='ltr'><strong>Poenis</strong></span> <span class='ocrx_word' id='word_1_1047' title='bbox 1415 5363 1502 5430; x_wconf 89' lang='lat' dir='ltr'><strong>sparti</strong></span> <span class='ocrx_word' id='word_1_1048' title='bbox 1513 5378 1603 5426; x_wconf 89' lang='lat' dir='ltr'><strong>usum,</strong></span> <span class='ocrx_word' id='word_1_1049' title='bbox 1614 5378 1746 5434; x_wconf 89' lang='lat' dir='ltr'><strong>perquam</strong></span> <span class='ocrx_word' id='word_1_1050' title='bbox 1758 5365 1851 5418; x_wconf 86' lang='lat' dir='ltr'><strong>simile</strong></span> <span class='ocrx_word' id='word_1_1051' title='bbox 1859 5366 1919 5417; x_wconf 82' lang='lat' dir='ltr'><strong>veri</strong></span> <span class='ocrx_word' id='word_1_1052' title='bbox 1936 5371 1987 5417; x_wconf 89' lang='lat' dir='ltr'><strong>cst.</strong></span> 
     </span>
    </p>

    <p class='ocr_par' dir='ltr' id='par_1_25' title="bbox 1207 5431 2005 5573">
     <span class='ocr_line' id='line_1_151' title="bbox 1213 5431 2004 5501; baseline -0.006 -13"><span class='ocrx_word' id='word_1_1053' title='bbox 1213 5460 1218 5473; x_wconf 93' lang='lat'><strong>·</strong></span> <span class='ocrx_word' id='word_1_1054' title='bbox 1241 5438 1275 5489; x_wconf 86' lang='lat' dir='ltr'><strong>X.</strong></span> <span class='ocrx_word' id='word_1_1055' title='bbox 1293 5431 1503 5500; x_wconf 80' lang='lat' dir='ltr'><strong>Theophrastus</strong></span> <span class='ocrx_word' id='word_1_1056' title='bbox 1514 5439 1676 5497; x_wconf 86' lang='lat' dir='ltr'><strong>auctorest,</strong></span> <span class='ocrx_word' id='word_1_1057' title='bbox 1696 5451 1758 5488; x_wconf 89' lang='lat' dir='ltr'><strong>essa</strong></span> <span class='ocrx_word' id='word_1_1058' title='bbox 1767 5435 1843 5488; x_wconf 91' lang='lat' dir='ltr'><strong>bulbi</strong></span> <span class='ocrx_word' id='word_1_1059' title='bbox 1855 5448 1943 5501; x_wconf 91' lang='lat' dir='ltr'><strong>genus</strong></span> <span class='ocrx_word' id='word_1_1060' title='bbox 1954 5432 2004 5484; x_wconf 82' lang='lat' dir='ltr'><strong>rir-</strong></span> 
     </span>
     <span class='ocr_line' id='line_1_152' title="bbox 1207 5501 2005 5573; baseline -0.01 -14"><span class='ocrx_word' id='word_1_1061' title='bbox 1207 5522 1240 5559; x_wconf 84' lang='grc' dir='ltr'><strong>ιι</strong></span> <span class='ocrx_word' id='word_1_1062' title='bbox 1250 5506 1325 5573; x_wconf 90' lang='lat' dir='ltr'><strong>ripas</strong></span> <span class='ocrx_word' id='word_1_1063' title='bbox 1336 5501 1456 5554; x_wconf 81' lang='lat' dir='ltr'><strong>ninnium</strong></span> <span class='ocrx_word' id='word_1_1064' title='bbox 1470 5516 1585 5557; x_wconf 86' lang='lat' dir='ltr'><strong>nascens</strong></span> <span class='ocrx_word' id='word_1_1065' title='bbox 1593 5539 1604 5569; x_wconf 88' lang='lat'><strong>,</strong></span> <span class='ocrx_word' id='word_1_1066' title='bbox 1623 5504 1702 5557; x_wconf 88' lang='lat' dir='ltr'><strong>cuius</strong></span> <span class='ocrx_word' id='word_1_1067' title='bbox 1715 5504 1790 5557; x_wconf 87' lang='lat' dir='ltr'><strong>inter</strong></span> <span class='ocrx_word' id='word_1_1068' title='bbox 1799 5517 1935 5557; x_wconf 85' lang='lat' dir='ltr'><strong>summum</strong></span> <span class='ocrx_word' id='word_1_1069' title='bbox 1946 5516 2005 5554; x_wconf 87' lang='lat' dir='ltr'><strong>our-</strong></span> 
     </span>
    </p>
   </div>
   <div class='ocr_carea' id='block_1_11' title="bbox 0 0 2195 6004">
    <p class='ocr_par' dir='ltr' id='par_1_26' title="bbox 0 0 2195 6004">
     <span class='ocr_line' id='line_1_153' title="bbox 0 0 2195 6004; baseline 0 0"><span class='ocrx_word' id='word_1_1070' title='bbox 0 0 2195 6004; x_wconf 95' lang='lat' dir='ltr'><strong> </strong></span> 
     </span>
    </p>
   </div>
  </div>
 </body>
</html>
