4368 6008
178 306 186 311 ’
266 345 298 405 c.
329 339 478 403 rainu
502 337 717 425 sacouor
743 337 912 401 aaron
940 334 1133 438 acaron.
1160 339 1242 402 mn
1268 338 1424 402 xxvu.
1451 342 1544 403 car.
1570 340 1670 408 s-1o.
1767 348 1832 411 sn

182 508 284 551 manae
294 490 530 551 salutisrerttrc:
550 489 729 557 scorpionum
745 489 848 544 ictibus
858 490 985 544 adverse·
1037 496 1124 546 tatem
1137 491 1251 546 seminis
1262 488 1388 544 incidunt
1403 491 1478 544 suecl
1516 492 1597 557 rada,
1618 494 1704 565 aliqui
1718 500 1745 549 ct
1757 495 1834 549 tolia.

183 565 220 629 ri,
233 560 403 631 experiendo
414 562 511 612 datum
524 559 552 613 in
562 563 628 613 vino
641 559 741 612 calido.
777 563 820 614 Es
831 568 874 613 est
885 569 986 614 natura
1036 562 1450 627 invenitnrotperselacrinra
1469 563 1505 613 ud
1526 578 1633 615 serens.
1671 569 1745 634 Ergo
1758 568 1835 632 pavi·

185 641 218 689 nt
229 632 368 686 hominem
390 631 511 695 occidat,
530 630 586 683 nisi
606 630 746 682 invenerit
755 631 828 698 quod
837 632 866 681 in
875 628 986 684 homine
1035 630 1224 692 mentandum,
1236 630 1283 682 ubi
1294 637 1355 683 sata
1366 632 1412 693 sit,
1423 638 1547 693 censent,
1558 641 1588 683 ut
1600 632 1712 686 lucrium
1720 650 1775 687 nnn
1786 636 1834 688 ab·

207 704 315 757 erimat.
351 702 417 752 Cum
431 699 539 754 eosolo
554 698 733 764 colluctatur,
751 699 985 767 relotpariintus
1035 702 1193 752 sorbeatur.
1229 697 1329 762 Fuere,
1349 704 1396 768 qui
1418 699 1563 752 traderent
1582 702 1611 751 in
1627 702 1730 756 ludaea
1750 720 1834 771 super

170 778 306 826 ‘invento
343 770 413 824 Sola
422 769 491 823 haec
507 784 601 837 pugna
616 777 669 833 cst,
689 784 751 821 cum
762 784 894 823 uenenum
906 771 933 821 in
945 772 984 822 ri·
1037 769 1235 836 Hierosolyma
1254 770 1423 821 metallicam
1444 772 1504 821 eius
1527 778 1665 821 naturam:
1686 773 1734 824 sed
1756 774 1835 825 nulla

187 842 312 896 secribus
330 856 361 892 rc
381 841 449 893 eritr
472 839 571 891 mirum
593 854 635 903 ue,
655 836 783 891 exitialia
803 853 894 906 perse
904 838 985 893 ambo
1036 838 1124 908 magis
1134 839 1262 906 improba
1273 846 1326 902 est,
1337 854 1426 906 neque
1438 839 1495 891 alia
1507 840 1615 907 nigrior
1625 846 1676 902 est,
1688 849 1737 893 aot
1747 841 1835 895 humi·

187 927 249 965 cum
269 910 336 972 sint,
356 856 411 962 Xon
432 911 575 961 renenain
606 907 933 972 omiueeommoriuntor‚
953 916 986 960 ut
1036 910 1107 962 dior.
1144 910 1205 981 Erit
1215 923 1283 975 crgo
1294 908 1400 975 optima
1413 910 1522 976 pinguis
1533 924 1566 959 ac
1576 908 1675 972 nitida,
1695 910 1748 960 rod
1759 913 1834 964 eolo·

187 981 270 1035 homo
287 979 418 1047 supersit.
453 979 542 1030 lmmo
559 993 625 1031 vero
637 980 720 1030 etiam
731 978 852 1032 ferarum
864 977 987 1032 remedia
1037 980 1084 1041 ris,
1095 976 1222 1041 friabilis,
1243 993 1275 1029 ac
1285 977 1414 1029 iocineris
1426 976 1508 1028 modo
1522 984 1628 1040 coacta,
1650 979 1834 1046 iacilelique·

188 1049 297 1118 antiqui
311 1044 503 1117 prodiderunt,
524 1047 741 1100 demonstrando
754 1047 894 1114 quomodo
908 1063 987 1101 rene·
1037 1063 1125 1101 scens.
1160 1046 1347 1114 lmprobanda
1357 1048 1438 1114 nigra
1449 1053 1477 1099 et
1491 1045 1569 1108 dura,
1589 1062 1836 1118 arenosaquoque,

110 1170 114 1175 .
188 1125 255 1174 nata
265 1133 375 1186 quoque
385 1119 448 1185 ipsa
458 1123 633 1168 sanarentur.
669 1118 984 1184 'l'orpescontseorpin-
1037 1134 1108 1185 quae
1120 1123 1148 1168 et
1159 1124 1242 1184 gustu
1261 1116 1438 1183 intelligitur.
1474 1116 1586 1167 Gummi
1602 1115 1784 1180 adulteratur,
1804 1125 1835 1170 et

187 1205 238 1244 nes
248 1188 354 1241 aconiti
375 1194 461 1251 tactu,
481 1193 647 1254 stupentque
666 1186 812 1254 pallentes,
832 1196 861 1240 et
873 1188 987 1239 vinciae
1038 1187 1143 1239 acacia.
1178 1186 1286 1237 Natura
1304 1186 1364 1238 cios
1381 1186 1513 1251 spissare,
1535 1186 1663 1250 densare,
1685 1195 1714 1239 et
1733 1186 1835 1238 leniter

188 1259 365 1311 cantitentur.
400 1255 557 1308 auxiliatur
571 1255 616 1307 bis
627 1255 780 1307 elleborum
794 1257 897 1320 album,
909 1263 986 1308 tactu
1038 1244 1191 1309 calfacere:
1208 1270 1276 1307 usus
1286 1258 1313 1307 in
1325 1255 1431 1316 multis,
1440 1254 1490 1306 sed
1501 1255 1662 1323 principalis
1673 1256 1764 1308 ulrum
1777 1256 1833 1314 sol·

188 1326 360 1381 resolvente:
382 1324 509 1393 ceditque
520 1324 658 1376 aconitum
669 1326 775 1377 duobos
787 1327 876 1390 malis,
896 1341 947 1378 suo
960 1330 988 1377 et
1039 1341 1114 1387 rere,
1120 1339 1181 1377 cum
1193 1339 1280 1391 paene
1291 1325 1352 1375 sola
1362 1325 1709 1391 nredicamentorunqquae
1719 1324 1749 1376 id
1759 1339 1836 1391 prae·

190 1398 322 1450 omnium.
359 1395 436 1458 Quae
448 1395 471 1445 si
482 1397 544 1462 quis
557 1394 615 1446 ullo
626 1394 744 1447 fortean
755 1394 866 1449 homine
878 1396 988 1463 excogi-
1017 1412 1018 1415 ¹
1038 1401 1124 1457 stant,
1135 1396 1279 1446 conlirnret
1290 1395 1374 1446 etiam
1385 1393 1568 1455 stomachum,
1576 1392 1647 1447 adeo
1658 1409 1712 1446 non
1719 1394 1837 1447 infestet

190 1465 248 1518 tari
258 1464 384 1534 potuisse
396 1464 493 1527 credit,
514 1465 623 1533 ingrate
634 1464 748 1517 deorum
760 1481 873 1517 munera
884 1465 988 1517 intelli·
1039 1465 1098 1519 ulla
1119 1464 1144 1514 vi
1164 1465 1312 1515 contraria.
1348 1464 1460 1515 Bibitur
1481 1461 1624 1515 drachma:
1644 1462 1680 1514 ad
1699 1462 1835 1516 stomachi

190 1537 242 1604 git.
270 1536 402 1601 Tangunt
413 1549 510 1587 carnes
521 1538 641 1598 aconito,
652 1542 805 1603 necantque
815 1541 929 1603 gustatu
940 1549 989 1587 ea·
1038 1548 1105 1586 vero
1117 1532 1336 1594 dissolutionem,
1348 1533 1377 1585 in
1389 1533 1496 1585 duobus
1507 1530 1615 1600 cyathis
1625 1547 1713 1600 aquae
1723 1533 1836 1599 tepidae

189 1620 251 1657 rum
264 1601 424 1671 pantheras:
437 1604 490 1655 nisi
502 1601 555 1655 hoc
566 1603 654 1666 lieret,
665 1604 820 1671 repleturas
831 1604 897 1656 illos
907 1604 987 1656 situs
1026 1604 1084 1657 ‘vel
1097 1601 1227 1670 frigidae,
1244 1603 1399 1655 cochlearis
1410 1617 1550 1665 mura,
1564 1601 1609 1654 bis
1620 1603 1734 1654 terrain
1745 1603 1790 1656 die
1801 1617 1835 1656 ex

190 1676 233 1726 Ob
252 1674 280 1725 id
300 1674 412 1740 quidam
425 1672 635 1741 pardalianches
657 1673 839 1743 appellatore.
875 1673 988 1725 atilius
1038 1673 1210 1736 intervallis,
1233 1678 1320 1725 utres
1332 1672 1428 1740 exigit.
1463 1671 1837 1739 Purgationisetianrcauss

189 1744 284 1795 statim
302 1743 416 1794 liberari
432 1750 530 1804 morte,
551 1752 789 1795 excrementorum
806 1741 925 1795 heminis
935 1757 990 1809 gu·
1040 1743 1187 1810 plurimum
1208 1742 1298 1794 tribus
1319 1741 1468 1795 drachmis.
1504 1742 1667 1802 Efficacior,
1689 1744 1712 1793 si
1726 1748 1838 1808 potaea

190 1811 486 1873 studennnstratnm.
515 1810 594 1874 nand
608 1819 683 1864 certe
694 1825 761 1863 casu
772 1818 913 1877 repertum
925 1813 988 1877 quis
1038 1811 1263 1864 annuaturcibus.
1300 1812 1437 1876 Capillum
1448 1810 1578 1864 fluentem
1590 1811 1715 1863 continet
1724 1825 1785 1862 cum
1797 1810 1837 1862 vi·

191 1879 319 1933 ‹lubitetl
337 1887 365 1932 et
374 1882 484 1946 quoties
495 1880 545 1931 liat
561 1880 645 1932 etiam
658 1895 728 1930 nunc
737 1886 769 1929 ut
781 1895 880 1931 norum
894 1878 987 1930 nescii
1039 1895 1074 1930 no
1086 1886 1212 1942 nummo,
1221 1879 1313 1944 capite
1325 1882 1352 1929 in
1364 1878 1430 1931 Sole
1442 1883 1540 1931 contm
1550 1878 1682 1945 capillum
1694 1885 1836 1946 peruncto.

191 1950 321 2017 quoniam
334 1947 402 2000 feris
411 1951 485 2000 ratio
497 1955 525 2001 et
537 1964 601 1999 usus
611 1950 684 1999 inter
694 1964 725 1999 se
737 1948 810 1999 tradi
822 1962 877 1999 non
888 1948 985 2014 possit.
1039 1947 1173 2000 Dolorem
1182 1948 1283 2014 capitis
1294 1947 1374 1999 sedat
1384 1948 1555 2015 temporibus
1567 1956 1596 1999 et
1608 1946 1694 1999 fronti
1705 1948 1838 2015 imposita

191 2020 245 2071 liic
257 2032 322 2087 ergo
335 2032 425 2078 casus,
437 2015 481 2068 bic
492 2024 533 2069 est
545 2016 606 2079 ille,
618 2019 665 2087 qni
677 2017 797 2083 plurima
808 2019 835 2068 in
848 2017 905 2067 rita
913 2017 988 2068 inre·
1039 2024 1202 2069 exacerbet
1214 2031 1344 2078 rosaceo,
1364 2017 1535 2084 dilutiorque
1546 2015 1650 2069 infusa.
1686 2018 1838 2069 Oculorum

190 2089 233 2140 nit
245 2087 319 2140 deus
356 2086 418 2139 llnc
427 2084 513 2139 habet
532 2102 641 2148 nomen,
661 2101 801 2153 perquem
813 2086 989 2153 intelligitur
1038 2086 1110 2137 vitia
1122 2086 1215 2136 omnin
1225 2086 1321 2137 sanari
1332 2101 1367 2137 ca
1376 2090 1518 2138 convenit:
1536 2086 1667 2152 priuatim
1680 2087 1838 2154 prurigines

190 2157 286 2210 eadem
298 2162 326 2209 et
338 2170 438 2222 peroras
450 2171 542 2208 rerum
553 2157 676 2206 oninium
688 2164 717 2208 et
732 2156 867 2223 magistra
879 2163 991 2217 natura,
1040 2164 1067 2209 et
1077 2155 1198 2207 scabiem
1210 2170 1356 2224 genarum:
1376 2156 1443 2207 item
1463 2155 1598 2221 insignite
1608 2169 1642 2206 no
1651 2155 1745 2218 liridn,
1764 2155 1839 2207 illita

191 2235 307 2294 utraque
319 2228 478 2276 coniectura
489 2226 558 2292 pari,
577 2226 634 2275 sire
653 2226 708 2276 ista
720 2224 845 2292 quotidie
855 2224 930 2276 ieras
948 2226 989 2276 in·
1039 2240 1099 2277 eune
1121 2225 1213 2291 melle,
1234 2225 1353 2277 maxime
1364 2225 1489 2277 Pontico.
1525 2224 1678 2287 Tonsillas,
1699 2225 1839 2292 gingivas,

191 2297 297 2359 seruire,
309 2295 367 2346 sire
377 2309 488 2361 seraper
498 2294 570 2347 seire
582 2295 744 2346 iudicemus.
773 2292 989 2361 Pudendumqoe
1039 2294 1375 2346 etnmninorisbulccra.
1411 2292 1560 2361 Sanguinis
1576 2297 1793 2356 exscreationes,
1813 2296 1839 2346 si

191 2380 296 2428 rursus,
315 2363 409 2417 onrnia
429 2364 570 2425 anirnalia,
592 2378 661 2430 quae
682 2364 738 2414 sint
759 2362 894 2414 salutaria
912 2362 990 2428 ipsis,
1040 2364 1169 2416 modicae
1179 2364 1244 2425 sint,
1256 2362 1388 2416 drachma
1399 2377 1433 2414 ex
1444 2378 1528 2430 aqua:
1551 2364 1690 2426 siminus,
1712 2378 1746 2415 cx
1758 2370 1838 2416 aceto

191 2451 289 2497 nosse,
312 2440 423 2500 praeter
443 2431 592 2484 hominem.
630 2432 685 2485 Sed
706 2432 827 2483 maiores
845 2430 988 2484 oculorum
1040 2439 1116 2497 puta.
1152 2431 1305 2483 vulnerum
1316 2447 1425 2501 qunque
1435 2431 1647 2500 sanguinenr,et
1658 2432 1839 2499 undecunque

192 2520 301 2572 quoque
314 2502 524 2554 medicamentis
536 2502 678 2553 aconitum
688 2499 799 2552 misceri
807 2499 990 2552 saluberrime
1040 2500 1173 2551 liuentem
1183 2501 1257 2550 sistit
1268 2516 1318 2566 per
1329 2516 1369 2564 se,
1385 2501 1429 2551 rel
1441 2514 1475 2552 ex
1486 2507 1574 2553 aceto.
1610 2499 1687 2551 Alias
1699 2502 1782 2551 etiam
1795 2508 1839 2552 est

192 2572 419 2642 promulgaveras
441 2577 540 2634 aperta
559 2569 747 2635 professione,
766 2568 867 2621 maium
880 2567 991 2634 quidem
1040 2566 1201 2620 vulneribus
1212 2569 1369 2629 utilissima,
1381 2567 1416 2620 ad
1425 2568 1585 2622 cicatricem
1598 2568 1763 2633 perdoceas.
1782 2569 1838 2619 lla·

133 2634 155 2653 '¹
192 2636 645 2703 trullumessesineuliquobono.
682 2636 816 2706 Fasergo
831 2637 911 2689 nobis
927 2636 994 2701 erit,
1041 2638 1102 2690 ᾱιιιι
1124 2639 1296 2705 inspergitur
1318 2635 1502 2689 exhulceratis
1514 2636 1685 2704 genitalibus
1706 2637 1839 2700 virorum,

193 2709 243 2778 qui
255 2708 333 2759 nulla
343 2706 464 2757 diximus
477 2722 595 2768 venena,
618 2712 775 2759 monstrare
785 2707 867 2772 quale
877 2706 914 2757 sit
923 2720 991 2758 aco-
1041 2705 1255 2773 condylomatis,
1269 2706 1402 2773 rimhque
1411 2706 1486 2758 sedis
1496 2706 1566 2758 alias
1578 2720 1612 2758 ex
1623 2705 1698 2769 rino,
1720 2706 1791 2758 alias
1802 2720 1838 2759 ex

193 2779 292 2838 tritum,
309 2777 353 2829 rel
370 2773 595 2840 deprehendendi
609 2777 710 2843 gratia.
746 2775 827 2828 Folia
842 2775 925 2828 babet
946 2792 991 2843 cy·
1043 2792 1134 2845 passo,
1143 2775 1213 2827 alias
1223 2776 1299 2829 sicca
1309 2790 1357 2842 per
1366 2790 1405 2837 sc,
1415 2781 1446 2825 nt
1456 2776 1546 2842 erigit
1556 2775 1712 2843 mitiganda
1720 2776 1839 2833 curatio.

193 2848 304 2901 clamini
315 2852 363 2897 aut
375 2845 540 2907 cucumeris,
555 2862 609 2899 non
621 2846 702 2914 plura
712 2854 838 2912 quatuor,
849 2846 884 2896 ab
897 2846 990 2897 radice
1041 2853 1090 2898 aut
1100 2844 1265 2897 coercenda.
1300 2842 1551 2896 Haemorrhnidum
1571 2859 1680 2911 qunque
1695 2844 1837 2897 abundan-

194 2917 296 2970 leniter
316 2914 432 2967 hirsuta.
470 2913 601 2967 liadicem
624 2915 762 2968 modicam
788 2929 927 2967 canrmaro
953 2915 991 2965 sir
1040 2917 1109 2968 nam
1121 2914 1223 2967 leniter
1233 2911 1317 2965 sistit.
1355 2914 1540 2981 Dysentenae
1561 2913 1727 2968 infunditur.
1763 2913 1839 2967 Etsi

193 2987 287 3039 milem
300 2984 417 3036 nrarino.
454 2984 548 3045 Quare
559 2984 673 3052 quidam
693 2997 852 3036 cammaron
865 2983 989 3051 appella·
1041 2984 1183 3037 difficilius
1192 2988 1401 3049 concoquantur
1411 2982 1716 3044 cibi,bibiturneoena
1726 2984 1838 3036 modico

191 3072 266 3117 vere,
281 3054 331 3107 alii
347 3052 549 3122 thelyphonon,
570 3069 604 3107 ex
615 3070 670 3123 qua
682 3052 800 3106 diximus
811 3068 904 3107 eausa.
939 3053 991 3117 ila·
1040 3053 1199 3109 intervallo.
1227 3051 1838 3120 litinreginmorbotribusoboltsexaqou.

192 3125 239 3178 dix
252 3125 412 3176 incurratur
423 3124 535 3189 paulum
546 3124 723 3192 scorpionum
736 3123 837 3186 moda,
855 3138 943 3190 quare
962 3130 991 3176 et
1040 3124 1257 3176 Derornnturet
1268 3121 1372 3189 pilulae
1383 3135 1443 3172 eum
1458 3122 1540 3173 melle
1552 3120 1676 3183 decocto,
1686 3128 1736 3172 aut
1746 3120 1839 3174 resina

191 3194 322 3263 scorpion
332 3194 419 3260 aliqui
432 3193 617 3260 appellavere.
655 3192 991 3261 Necdeioerequimyo·
1041 3190 1239 3253 terebinthina,
1250 3192 1285 3243 ad
1295 3189 1592 3260 purgandainteriora.
1611 3189 1771 3256 Digitorum
1782 3197 1841 3258 pte·

192 3272 295 3317 ctonon
307 3262 450 3329 appellare
465 3262 592 3325 mallent,
606 3265 738 3330 qnoniam
750 3263 846 3329 procul
856 3269 887 3314 et
900 3278 915 3313 e
927 3262 990 3313 lon·
1042 3261 1216 3331 rygiatollit.
1227 3259 1378 3312 Oculorum
1387 3258 1839 3326 medicanrentislaratunutquod

192 3331 595 3401 ginquoodoremuresnecat.
632 3331 895 3384 Nasciturinnudis
905 3331 992 3383 cauti·
1041 3333 1079 3383 sit
1102 3332 1338 3391 arennsissimonr,
1358 3328 1493 3381 subsidet.
1528 3331 1584 3382 llut
1605 3335 1729 3380 torretur
1748 3329 1777 3379 in
1797 3336 1838 3381 te·

191 3405 253 3466 bos,
272 3417 341 3471 ques
361 3415 462 3453 aconas
473 3403 625 3453 nnnrinnnt.
663 3403 698 3453 [lt
709 3401 773 3453 idco
785 3403 926 3453 aconitum
937 3400 990 3451 ali·
1042 3407 1096 3464 sta,
1108 3414 1251 3467 pennaque
1261 3399 1381 3452 subinde
1390 3405 1530 3459 versatur,
1538 3405 1571 3449 nt
1581 3397 1673 3464 possit
1685 3399 1840 3466 aequaliter

192 3475 238 3539 qni
250 3471 355 3531 dixere,
364 3469 440 3520 nnlln
452 3470 538 3531 iuxta,
548 3486 581 3522 nc
592 3469 706 3535 pulvere
717 3471 828 3537 quidem
841 3470 991 3523 nutriente.
1042 3469 1153 3522 torreri.
1806 3502 1820 3530 s

191 3539 273 3592 Hanc
292 3540 379 3606 aliqui
393 3539 530 3590 rationem
546 3539 666 3591 nonrinis
682 3540 812 3593 attulere.
848 3539 906 3592 Alii
925 3554 992 3607 qno·
1076 3537 1124 3589 vt.
1143 3537 1227 3592 Aloea
1247 3535 1318 3589 lolia
1338 3533 1548 3589 habet.similia
1567 3534 1749 3596 verbenacae,
1769 3549 1876 3601 quase

190 3610 265 3661 niam
276 3609 318 3659 ris
330 3607 427 3661 eadem
440 3608 467 3659 in
479 3616 568 3660 morte
577 3615 662 3671 essct,
691 3624 743 3661 une
754 3611 865 3662 cotibus
875 3608 911 3661 ad
924 3610 990 3660 ferri
1042 3609 1198 3659 aristereon
1209 3602 1531 3675 cognominatur,caules
1542 3609 1598 3670 tres
1611 3601 1841 3671 autqnatuor,io·
1946 3646 1950 3655 .

192 3679 280 3730 aciem
291 3678 479 3742 deterendam,
491 3681 642 3745 statimque
653 3624 768 3732 cineta
783 3680 916 3731 uelocitas
927 3693 989 3729 sen·
1040 3679 1141 3730 lim-om
1154 3678 1259 3745 plenos,
1269 3668 1365 3727 liorem
1379 3689 1469 3740 ronne,
1482 3672 1590 3747 radices
1602 3673 1690 3735 albas,
1707 3688 1768 3724 com
1782 3672 1844 3740 plu·

162 3793 167 3801 .
191 3748 300 3801 tiretur.
1042 3748 1140 3801 rimum
1151 3762 1210 3809 sex,
1222 3745 1367 3805 cubitales,
1387 3743 1524 3809 obliquas.
1560 3743 1696 3795 Nascitur
1705 3742 1733 3795 in
1748 3743 1841 3810 pingul

138 3832 159 3895 q
225 3817 272 3869 lll.
291 3814 436 3936 Aethiolpis
449 3814 519 3883 lolia
532 3813 616 3867 habet
631 3812 745 3885 phlomo
756 3816 871 3878 similia,
889 3829 993 3882 magne
1041 3816 1113 3879 solo,
1133 3832 1184 3869 nce
1202 3815 1284 3867 sicco.
1321 3814 1392 3864 Usus
1416 3811 1517 3863 radicis
1538 3826 1572 3862 ex
1592 3812 1842 3880 vinnrelexaqua

194 3892 222 3939 et
233 3887 328 3947 multa,
346 3893 375 3937 et
397 3882 495 3938 nirenta
505 3887 539 3937 ab
551 3886 654 3937 radice.
691 3887 804 3939 Caulem
817 3885 992 3953 quadrangu·
1042 3884 1238 3954 dysentericis,
1257 3883 1320 3936 alvo
1333 3883 1413 3946 citae,
1425 3891 1452 3935 et
1466 3882 1553 3951 ruptis
1565 3882 1711 3933 convulsis.

192 3954 259 4019 lom,
269 3955 407 4017 scabrum,
417 3956 535 4007 similem
546 3956 644 4019 aretio,
654 3957 750 4009 multis
762 3971 912 4008 concavum
924 3956 990 4007 alis:
1021 3992 1022 3995 ,
1076 3948 1146 4007 vlt⁴
1154 3955 1263 4023 Alypon
1275 3951 1428 4004 cauliculus
1439 3959 1482 4002 est
1493 3950 1572 4002 molli
1583 3952 1682 4017 capite,
1693 3965 1745 4000 non
1757 3948 1840 4001 dissi·
1862 3972 1870 3985 ·
1882 3958 1889 3991 t

191 4040 284 4077 semen
295 4039 361 4076 erro
372 4026 471 4085 simile,
483 4025 642 4089 candidum,
652 4027 805 4091 geminum:
826 4025 935 4076 radices
946 4040 992 4074 nu·
1042 4025 1116 4077 milis
1127 4025 1217 4087 betae,
1230 4038 1295 4074 acre
1305 4030 1416 4091 gerstete
1429 4037 1462 4073 ac
1473 4018 1588 4080 lentum,
1599 4018 1783 4084 mordensque
1793 4033 1840 4070 ve·

190 4093 925 4160 merenas,lnnganplenas,molles,glutinosasgustu.
934 4092 993 4145 Sic·
1041 4092 1186 4146 hementer
1196 4101 1224 4146 et
1234 4094 1399 4144 accendens.
1433 4090 1531 4142 Alvum
1548 4088 1631 4138 solvit
1642 4087 1670 4137 in
1683 4101 1755 4153 aqua
1767 4085 1840 4136 rnul-

192 4179 242 4216 cae
253 4163 433 4231 nigrescunt,
450 4163 649 4230 ducanturque,
670 4170 701 4214 ut
711 4177 817 4214 cornua
827 4162 918 4213 videri
927 4176 993 4227 pos·
1042 4178 1082 4223 sa,
1103 4161 1200 4213 addite
1211 4162 1270 4213 sale
1280 4161 1399 4212 modica.
1435 4157 1552 4209 Minima
1562 4158 1640 4222 potin
1652 4153 1768 4204 duarum
1780 4153 1841 4205 dra·

192 4234 259 4284 sint.
296 4231 411 4281 Praeter
422 4229 593 4295 Aethiopiam
607 4238 766 4294 naseuntur,
779 4236 806 4282 et
817 4229 846 4280 in
858 4229 906 4281 leia
916 4244 993 4280 mnn-
1043 4229 1194 4293 chmarum,
1217 4230 1451 4295 mediaqnatuor,
1471 4225 1674 4275 maximasexr
1694 4236 1840 4291 espurge·

190 4306 221 4354 tc
233 4299 362 4361 Troadis,
384 4307 413 4349 et
431 4299 458 4349 in
476 4299 625 4350 Messenia.
662 4300 840 4365 colliguntur
849 4305 996 4360 aummno,
1042 4299 1120 4349 tinne
1132 4299 1232 4365 quibus
1244 4295 1518 4363 daturegallinacco
1530 4292 1600 4343 inre.

191 4367 447 4423 siccanturinSole
464 4366 573 4435 aliquot
588 4367 699 4428 diebus,
720 4366 847 4419 nasitum
860 4366 992 4417 sentiant.
1012 4404 1013 4407 ,
1076 4366 1152 4418 vul.
1170 4366 1279 4427 hlaine,
1294 4378 1374 4431 quam
1396 4361 1509 4429 quidum
1528 4365 1677 4426 myosoton
1690 4359 1853 4426 appellant,=
1870 4354 1943 4403 ..nl

190 4440 343 4492 Medcntur
352 4435 440 4487 ruinis
450 4443 533 4502 potae
543 4437 572 4486 in
583 4437 646 4487 rino
658 4437 731 4499 albo,
739 4435 908 4496 ischiadicis,
917 4435 989 4502 pleu·
1041 4436 1206 4489 meritoria
1219 4434 1300 4493 lucis,
1319 4433 1429 4486 undeet
1442 4431 1530 4482 alsine
1541 4429 1616 4482 dicta
1628 4435 1678 4480 est.
1715 4428 1813 4496 lucipit
1824 4445 1842 4481 a

190 4508 292 4569 riticis,
302 4504 429 4558 lancibus
441 4506 554 4566 scabris,
574 4504 709 4558 decoctae
720 4513 788 4573 potu
799 4505 908 4557 dantur.
937 4503 991 4556 Sed
1043 4503 1247 4567 mediantem,
1266 4503 1368 4557 arescit
1378 4508 1487 4554 aestate
1497 4499 1604 4552 media:
1625 4512 1685 4552 curn
1706 4501 1840 4565 prorepit,

192 4592 264 4645 quae
285 4591 319 4629 ex
336 4573 487 4642 Aethiopia
503 4577 592 4639 venit,
610 4575 714 4629 eximia
732 4581 791 4639 est,
811 4583 895 4644 atque
913 4574 991 4627 illico
1043 4576 1230 4627 musculorum
1242 4573 1462 4626 auresimitatnr
1474 4568 1559 4622 soliis.
1597 4567 1651 4621 Sed
1663 4567 1745 4619 aliam
1758 4567 1840 4620 decc·

191 4645 313 4713 prodest·
1041 4645 1132 4697 bimus
1148 4660 1219 4707 esse,
1239 4657 1310 4712 quae
1331 4643 1431 4693 iustius
1449 4639 1585 4708 myosotis
1604 4643 1728 4690 socetsr.
1763 4638 1843 4691 llaec

177 4734 199 4755 ...
226 4713 273 4769 lv.
292 4716 431 4783 Ageratos
443 4711 648 4776 ternlaoeaest,
658 4713 776 4765 duorum
787 4714 942 4782 palmorum
954 4714 992 4764 al·
1042 4716 1138 4769 eadem
1150 4722 1212 4768 erat
1222 4728 1293 4781 quae
1305 4712 1425 4773 helxine,
1436 4711 1490 4761 nisi
1499 4710 1590 4761 mirer
1599 4709 1743 4774 minusque
1754 4705 1843 4758 hirsrr·

191 4784 321 4847 titudine,
332 4787 450 4852 origano
464 4783 575 4845 similis,
588 4782 657 4835 llere
668 4783 864 4835 bullisaureis.
900 4782 992 4834 llnius
1041 4791 1166 4838 merset.
1202 4782 1371 4835 Nascitnrin
1382 4779 1484 4840 hortis,
1506 4785 1536 4831 et
1553 4778 1674 4830 maxime
1685 4777 1714 4827 in
1727 4777 1840 4843 purleti-

191 4861 274 4907 ustae
284 4853 365 4905 nidor
375 4855 483 4905 urinam
495 4854 560 4916 ciet,
571 4853 724 4920 vulvasque
734 4859 992 4920 porgattantoma·
1040 4853 1102 4906 hus.
1138 4856 1206 4906 cum
1218 4854 1331 4915 teritur,
1342 4851 1456 4903 odorem
1469 4849 1625 4900 cucumeris
1636 4845 1739 4898 reddit.
1771 4846 1842 4898 Usus

191 4926 235 4993 gis
245 4923 441 4976 insidentibus.
478 4921 991 4989 Gausanominis,queniamdiutissi·
1042 4915 1841 4985 eiusadcollectioneslnhammationesqueretincadem

191 5009 236 5047 me
247 5008 301 5044 noa
312 4992 468 5045 marcescit.
1043 4995 1137 5045 omnia
1146 5007 1219 5059 qltlte
1229 4991 1348 5053 helxine,
1358 4990 1409 5043 sed
1419 4988 1564 5039 intimius.
1601 4985 1751 5053 Epiphorls
1761 5000 1842 5054 pecu·

3 5060 5 5123 l
181 5066 209 5113 ·t·
227 5061 262 5114 V.
280 5062 348 5114 Aloe
358 5062 456 5113 scillae
466 5059 677 5113 shnilitudinem
688 5056 925 5123 habet,maior,et
933 5059 993 5128 pin·
1043 5062 1327 5127 liariterimponitnr:
1338 5056 1841 5123 itemvcrendis,bnleeribusqueeum

193 5132 336 5200 galeribus
345 5131 431 5192 foliis,
451 5144 486 5182 cx
498 5131 613 5198 obliquo
623 5130 733 5183 striata.
770 5131 991 5182 Cauliseiuste·
1042 5130 1309 5184 iarinallordescea.
1346 5130 1451 5182 Succusa
1470 5128 1531 5179 eius
1552 5124 1665 5178 auribus
1677 5124 1841 5202 inhrndltnr.

191 5217 242 5254 ner
252 5208 304 5262 est,
313 5201 416 5253 rubens
426 5199 544 5261 medius,
555 5215 611 5251 non
621 5199 767 5251 dissimilis
778 5200 938 5252 antherico:
949 5214 992 5251 ra·
1076 5200 1124 5252 ΙΧ.
1142 5199 1315 5253 Androsaces
1325 5197 1412 5251 herba
1421 5204 1466 5250 est
1476 5197 1550 5258 alba,
1569 5210 1673 5255 amara,
1683 5194 1743 5244 sine
1756 5191 1842 5272 foliis,

192 5270 253 5325 dice
264 5285 327 5331 ιιιιιι,
338 5285 387 5323 ceu
399 5268 474 5334 palo,
494 5269 523 5320 in
535 5276 637 5322 terram
649 5268 785 5321 demissa:
806 5270 885 5338 gravi
897 5269 992 5330 odore,
1042 5269 1188 5322 folliculus
1197 5268 1316 5322 incirris
1327 5266 1440 5328 habens,
1460 5273 1491 5320 et
1500 5266 1530 5317 in
1540 5266 1582 5319 his
1592 5279 1698 5318 semen:
1718 5265 1843 5311 nusctwr

189 5348 275 5409 gustu
291 5354 394 5391 amara
430 5336 776 5391 Landntissinmeslndia
797 5339 921 5400 affertur,
943 5337 991 5391 scd
1042 5341 1071 5391 in
1084 5339 1234 5391 maritimis
1245 5338 1345 5406 Syriae
1357 5338 1487 5390 maxime.
1505 5334 1597 5386 Datm
1607 5329 1769 5400 hydropicis
1780 5326 1843 5379 dre·

191 5413 317 5465 meiius
336 5415 365 5461 et
381 5410 410 5460 in
425 5408 505 5461 Asia:
528 5424 581 5460 non
593 5416 688 5461 tamen
698 5416 870 5471 eautuntor,
890 5408 945 5459 nisi
956 5407 991 5459 ad
1042 5407 1130 5461 charis
1149 5408 1258 5461 duabus
1274 5414 1339 5460 tusa
1358 5414 1408 5461 aut
1424 5407 1543 5458 decocta
1555 5406 1584 5454 in
1594 5415 1676 5466 aqua,
1697 5397 1741 5448 vel
1752 5404 1843 5457 wetti·

189 5472 577 5584 *wollin
593 5478 992 5546 miribceeaimconglutinat,
1042 5478 1171 5530 cetrina.
1208 5476 1394 5532 Vehementer
1414 5475 1487 5529 euim
1506 5469 1676 5523 nmnaseiet
1713 5464 1844 5547 Deteret

500 5546 661 5600 turbinibus
670 5549 804 5601 cadorum
815 5564 876 5601 eam
889 5554 991 5609 serunt,
1042 5548 1206 5618 podagricis
1216 5548 1403 5616 illiniturque.
1440 5544 1516 5596 ldens
1527 5539 1644 5591 allectus
1654 5539 1684 5584 et
1694 5531 1817 5587 semim

572 5615 627 5669 'am
638 5619 786 5673 etcaelem
800 5619 990 5672 cuemund·
1078 5618 1113 5672 X.
1130 5617 1350 5683 hisamnon,
1371 5602 1745 5677 siremtsliieppellavere)
1760 5617 1842 5673 ascy-
1858 5624 1871 5638 ψ
