4352 6012
321 247 387 313 ano
429 244 465 313 c.
485 242 635 307 rainu
663 238 869 305 secunus
896 235 1062 301 sarua.
1089 235 1290 299 uranon·
1313 216 1397 292 nra.
1420 228 1616 292 xxxvii.
1647 232 1741 297 ose.
1762 235 1882 297 aser.
1918 296 1925 309 ,
2004 260 2014 273 =

323 398 377 454 aas
387 395 671 451 hebetioreslnaceto
681 394 835 442 maceratos
846 386 1059 457 quatuordeeim
1070 386 1131 440 die·
1184 385 1364 453 aiisgeasna
1384 384 1458 453 apud
1480 382 1612 452 antiquos
1630 398 1683 436 um
1703 383 1895 454 treqsssmor.
1930 386 1993 439 lise

235 510 243 527 .
324 468 379 521 bas
397 469 545 525 nitescere,
565 459 683 512 totidem
706 459 849 510 mensibus
869 457 987 512 duanae
1009 457 1132 525 fulgore.
1185 464 1262 509 certe
1272 456 1346 523 apud
1357 454 1544 507 Menandrum
1565 461 1594 507 et
1607 452 1799 508 Philemonem
1812 457 1928 509 tabulae
1945 470 1991 505 su·

326 537 529 591 Adulterantur
538 532 614 583 vitro
625 529 775 589 simillime,
786 524 836 580 sed
848 535 911 580 cote
923 524 1132 595 deprebeudua·
1184 526 1326 594 perbiuat.
1350 523 1409 576 Nec
1418 524 1480 576 alla
1489 531 1533 575 est
1543 524 1786 587 transimennum,
1797 540 1870 591 quae
1880 523 1994 577 tardius

327 613 383 670 tur,
404 606 476 659 sicut
487 603 560 656 aliae
569 613 695 668 gemmae
706 598 846 650 laetitiam
865 597 978 650 mollior
990 599 1063 650 euius
1072 611 1130 649 ma·
1184 594 1290 646 setium
1300 592 1419 645 humone
1428 591 1586 652 hebetetur,
1598 593 1717 658 oleoque
1727 592 1826 660 naama,
1837 607 1921 660 quens
1934 593 1993 643 allo

329 678 414 739 teria,
424 681 452 729 et
463 671 587 739 fragilis:
604 674 634 720 et
644 674 774 720 centrosa
783 670 867 720 scobe
878 665 1131 730 deprehenduntur,
1185 663 1306 727 liquore.
1341 662 1521 712 Damnantur
1534 674 1569 711 ex
1580 658 1614 710 iis
1626 660 1753 724 melleae,
1775 667 1804 713 et
1813 662 1937 715 validius
1948 670 1992 714 te·

329 752 359 799 et
367 743 498 812 pondere,
510 740 583 806 quod
595 739 686 789 minua
697 744 741 789 est
751 738 861 789 vitreis:
885 730 1035 800 aliquando
1046 739 1074 784 et
1084 746 1132 799 pu·
1183 737 1307 783 staceac.

328 815 411 867 stulis
422 811 532 878 argenti
543 807 626 859 modo
638 804 834 859 relucentibus.
941 818 943 825 ’
1219 797 1335 851 xxxii.
1365 796 1490 865 Egregia
1510 797 1671 849 etiamnunc
1691 799 1806 865 topazio
1825 797 1916 867 gloria
1938 807 1994 862 est,

363 881 476 934 xxvii.
496 880 548 931 Est
560 884 588 929 ct
599 874 762 927 anthracitis
774 871 917 938 appellata
927 871 955 922 in
963 869 1133 938 Thesprotia
1184 883 1236 921 suo
1258 866 1363 920 virenti
1383 881 1495 934 genere,
1515 873 1544 920 et
1565 882 1628 918 eum
1640 873 1754 935 reperta
1774 873 1827 930 est,
1847 868 1994 935 praelatae

328 951 443 1010 fossilis,
463 944 628 999 carbonibus
640 943 746 994 similia.
782 941 897 994 Falsum
909 943 1041 1004 arbitror,
1058 940 1131 1007 quod
1186 937 1324 990 omnibus.
1360 936 1391 987 ld
1409 937 1688 989 acciditinllrabiae
1703 936 1804 999 insuia,
1826 950 1896 1004 quac
1914 939 1993 1006 Cytis
2049 977 2063 995 .

329 1027 358 1073 et
368 1018 520 1087 inLiguria
530 1015 609 1067 nesci
620 1010 864 1073 tradiderunt,niai
877 1011 951 1063 torte
962 1016 1028 1062 tunc
1038 1024 1134 1061 nasce
1186 1013 1315 1060 voceturr
1327 1006 1355 1057 in
1368 1021 1423 1072 qua
1432 1006 1629 1074 Troglodytae
1641 1005 1814 1073 praedones,
1835 1006 1939 1058 diutim
1950 1007 1991 1060 m·

327 1090 437 1143 bantur.
473 1087 544 1137 Esse
555 1085 583 1135 in
594 1085 631 1135 iis
642 1090 671 1133 et
682 1084 858 1149 praecinctae
869 1079 989 1132 madida
999 1094 1070 1132 resa
1079 1087 1134 1145 tras
1185 1092 1231 1130 me
1243 1084 1272 1129 et
1283 1081 1451 1143 tempestate
1462 1075 1565 1143 pressi,
1587 1090 1649 1127 oum
1662 1074 1764 1130 herbas
1774 1078 1939 1146 radicesque
1951 1077 1992 1129 el·

329 1157 451 1219 duntur:
471 1155 569 1207 harum
581 1155 681 1221 igneus
691 1153 778 1213 color,
790 1158 821 1202 ut
831 1149 1009 1216 superiorum
1020 1155 1074 1202 est:
1087 1163 1134 1216 pe·
1186 1145 1325 1210 lederent,
1350 1153 1483 1198 eruerunt
1501 1146 1646 1212 topazion.
1683 1148 1762 1200 llaec
1782 1145 1913 1199 Archelai
1933 1162 1993 1199 sen·

329 1227 436 1281 culiare
446 1224 579 1292 quidem,
596 1221 669 1290 quod
682 1222 803 1273 iactatae
813 1222 841 1271 in
853 1223 946 1287 ignens
958 1221 1035 1271 velut
1045 1221 1133 1271 inter·
1186 1219 1277 1270 tentia
1296 1221 1349 1269 est.
1385 1215 1454 1267 lube
1465 1216 1599 1283 'l'opazon
1615 1216 1738 1269 insulem
1758 1217 1788 1269 ln
1808 1216 1904 1270 Rubro
1923 1217 1991 1268 ssari

328 1301 457 1351 mortuae
469 1295 696 1362 exstinguuntur,
719 1298 815 1343 contra
826 1291 904 1357 aquia
916 1289 1044 1357 pertusae
1055 1302 1135 1342 eaes-
1187 1304 1205 1339 a
1214 1287 1374 1341 continente
1393 1286 1447 1337 diei
1462 1287 1644 1354 navigatione
1653 1287 1753 1339 abesse
1763 1285 1860 1349 tradit,
1882 1287 1992 1338 nebulo·

329 1365 454 1421 ducunt.
1187 1371 1257 1420 sam,
1278 1362 1308 1409 et
1325 1355 1390 1408 ideo
1405 1356 1559 1423 quaesitans
1579 1370 1663 1422 saepe
1682 1357 1887 1424 navigantibus,
1908 1371 1942 1408 er
1959 1371 1991 1408 es

363 1433 492 1489 xxviii.
510 1428 764 1500 cognatassshuic
775 1429 965 1492 sandaresus,
987 1442 1068 1495 quana
1082 1427 1134 1480 ali·
1188 1425 1549 1509 causa-nomenaccepissoe.
1585 1427 1791 1491 Topaninenim
1803 1425 1991 1494 Troglodyta-

329 1498 1135 1639 tl.insilit..ignit·sitllil'tll'nltll
1187 1495 1991 1633 dultinlmliltltldlltntlttzfflli.li

329 1659 420 1698 versa.
457 1639 668 1693 &murendetio
685 1653 810 1702 summa,
833 1638 908 1705 quod
920 1639 1136 1691 selutlntrasss·
1188 1638 1436 1703 matersequentia
1452 1634 1614 1697 Ptolemaei,
1635 1649 1653 1686 a
1669 1635 1831 1689 Philemone
1848 1632 1991 1703 praelecto

329 1711 423 1768 lucido
442 1712 514 1780 ignis
537 1712 679 1773 obtentus,
699 1709 878 1775 celantesque
898 1724 928 1761 se
949 1709 1136 1777 trausiulgent
1188 1708 1273 1774 regis,
1285 1721 1319 1758 eo
1328 1706 1397 1756 mire
1410 1705 1555 1773 placuisse,
1577 1711 1606 1755 et
1616 1706 1681 1756 inde
1693 1705 1797 1757 iactam
1810 1711 1931 1757 statuam
1942 1706 1992 1756 hr-

330 1797 434 1836 aureae
445 1786 550 1850 guttae,
567 1793 678 1846 semper
688 1780 717 1830 in
729 1793 855 1846 corpore,
870 1792 1009 1845 nunquam
1022 1781 1135 1830 incute.
1188 1778 1285 1829 sinoae
1296 1774 1451 1828 Ptolemaei
1467 1773 1643 1842 Philadelphi
1661 1776 1744 1828 uxori
1756 1781 1877 1843 quatuor
1887 1774 1992 1826 cubito·

330 1851 450 1906 Accedit
468 1850 572 1919 religio
588 1855 711 1911 narrata,
732 1864 749 1899 a
763 1848 886 1900 siderum
903 1848 1079 1916 cognatione,
1099 1848 1134 1899 ab
1188 1861 1261 1908 rurn,
1281 1852 1422 1899 sacratarn
1442 1844 1471 1895 in
1493 1844 1620 1907 delubro,
1640 1846 1837 1913 quodaureum
1852 1843 1994 1912 cognomi·

331 1921 558 1988 inspectoribus,
579 1919 711 1988 quoniam
727 1918 786 1969 iere
801 1917 946 1968 stellarum
962 1916 1137 1984 llyadumet
1190 1917 1318 1967 nabetur.
1354 1914 1549 1967 Recentiasimi
1562 1923 1691 1966 auctores
1709 1919 1738 1967 et
1753 1913 1827 1964 circa
1838 1911 1993 1965 Thebaidis

330 2005 450 2043 nunsero
472 1995 502 2042 et
522 1988 708 2055 dispositione
719 1986 878 2049 stellantur,
900 1988 935 2038 ob
946 1986 975 2037 id
987 1985 1136 2037 Chaldaeis
1189 1985 1366 2038 Alabastrum
1385 1983 1517 2050 oppidum
1536 1985 1611 2035 nasci
1629 1983 1741 2035 dicant:
1759 1989 1789 2034 et
1800 1981 1857 2033 duo
1871 1983 1988 2053 ciusge·

329 2061 362 2114 ia
372 2058 550 2113 caerimoniis
560 2055 682 2108 habitae.
729 2056 765 2106 Et
776 2056 822 2106 bic
833 2070 923 2107 orares
934 2056 1086 2108 austeritas
1096 2055 1137 2105 di·
1190 2069 1258 2107 nera
1268 2053 1387 2115 iaciunt,
1408 2052 1567 2119 prasoidesn
1580 2060 1661 2121 atque
1671 2053 1876 2122 chrysopteron
1890 2088 1898 2115 ,
1918 2052 1994 2105 simi·

331 2128 461 2196 stinguit,
483 2125 603 2193 quodam
614 2126 711 2193 rigore
726 2125 857 2191 apposita
868 2125 988 2192 tingens.
1023 2125 1137 2177 indicae
1190 2117 1244 2177 iem
1267 2122 1464 2192 chrysopraso.
1510 2124 1578 2174 Eius
1598 2124 1673 2175 enlm
1695 2129 1758 2176 tota
1779 2124 1937 2175 similitudo
1958 2122 1992 2175 ad

351 2198 444 2251 uidens
466 2196 551 2248 etlam
574 2194 706 2248 hebetare
727 2196 801 2245 risus
823 2194 963 2247 dicuntur.
998 2195 1137 2248 Blandior
1190 2196 1267 2262 porri
1279 2208 1390 2245 succum
1403 2192 1543 2260 dirigitur.
1572 2195 1622 2244 list
1635 2199 1728 2245 actem
1740 2193 1912 2261 amplissima
1922 2207 1993 2262 gem·

345 2265 578 2322 eministlaramns
612 2263 739 2316 alliciens
751 2264 858 2332 magis,
879 2279 962 2331 quam
974 2266 1136 2318 accendens.
1190 2276 1306 2316 merum.
1343 2262 1448 2314 Eadem
1473 2262 1535 2313 sola
1557 2262 1694 2314 nobilium
1714 2262 1808 2314 limam
1830 2265 1930 2314 sentit:
1950 2277 1992 2315 ce·

330 2336 405 2391 Sunt
446 2338 473 2387 ui
493 2335 655 2402 praeierant
677 2334 809 2386 Arabicas
831 2333 952 2399 iudicis,
975 2334 1137 2402 tumidoque
1189 2341 1267 2386 terae
1278 2332 1368 2386 Naxio
1379 2338 1408 2385 et
1419 2332 1527 2384 cotibus
1537 2333 1691 2400 poliuntur.
1731 2332 1992 2385 ilaecetusuatte·

332 2355 508 2487 mmstfiitho
523 2404 588 2457 illas
604 2403 711 2456 similes
726 2403 829 2455 dicant.
864 2404 998 2487 ismenias
1014 2419 1138 2457 verone·
1189 2404 1270 2456 ritur.
1450 2471 1458 2485 Ι
1672 2471 1678 2486 ⁵
1712 2472 1741 2486 ..
1939 2470 1946 2484 ι

333 2473 1083 2610 trittastimulatis.talliottam*
1097 2473 1139 2595 ll
1190 2471 1635 2609 ,titillationi
1648 2470 1995 2609 llllbllltl‘tllt

333 2620 380 2669 ter
390 2628 487 2666 ornnes
496 2618 616 2677 constat,
636 2618 765 2679 quantum
777 2626 893 2663 numero
904 2613 1049 2666 stellarum
1063 2626 1139 2664 acce·
1190 2619 1237 2663 tur
1247 2616 1311 2678 post
1321 2624 1418 2663 eversa
1428 2609 1540 2673 indiae,
1561 2610 1634 2681 apud
1646 2613 1753 2664 incolas
1764 2611 1880 2664 Caucasi
1893 2610 1994 2663 montis

334 2682 397 2746 dat,
417 2687 526 2734 tantum
536 2688 565 2735 et
575 2686 666 2749 pretio
678 2680 819 2734 accedere.
854 2680 1075 2735 Afferterrorem
1088 2682 1139 2733 all·
1190 2681 1344 2749 Phyearos,
1364 2679 1437 2745 apud
1457 2679 1542 2731 Sacas
1555 2686 1584 2732 et
1603 2679 1709 2744 Dehas,
1729 2681 1912 2750 amplitudine
1933 2695 1994 2733 con·

353 2752 444 2805 uando
465 2752 621 2805 similitudo
643 2751 772 2812 nominis,
795 2751 935 2815 sandasel,
954 2753 1028 2820 quod
1039 2752 1139 2804 Nicen·
1191 2753 1298 2818 spicue,
1318 2748 1368 2801 aed
1385 2749 1514 2802 tistuloaa
1533 2764 1567 2802 ac
1583 2750 1708 2802 sordium
1724 2751 1817 2820 plena.
1855 2751 1995 2804 sincerior

356 2837 387 2877 ar
406 2820 595 2875 sandereseon
615 2828 714 2883 vocat,
735 2820 784 2873 alii
805 2822 983 2874 sandaresus.
1019 2821 1138 2884 Quidam
1192 2822 1279 2871 multo
1291 2818 1533 2887 praestantiorque
1543 2819 1571 2871 ln
1585 2820 1744 2874 Carmania.
1779 2822 1936 2889 Utrobique
1947 2835 1993 2871 au·

332 2888 482 2946 verobaac
499 2889 665 2942 sandastros
679 2924 687 2952 ,
707 2889 784 2942 illam
803 2891 998 2944 sanderacam:
1018 2891 1047 2942 in
1061 2891 1140 2943 lndia
1192 2897 1246 2943 tem
1259 2889 1287 2941 in
1299 2887 1414 2954 rupibus
1424 2889 1508 2941 iuriis
1518 2897 1547 2942 et
1558 2888 1674 2958 gelidis,
1699 2891 1994 2962 oculitigureertube·

333 2965 494 3015 aucensem
515 2958 593 3011 illam
606 2973 726 3027 quoque,
747 2967 775 3011 et
795 2960 961 3012 lociaomen
984 2959 1140 3012 eustodien-
1192 2974 1267 3023 rans,
1286 2959 1442 3026 leviterque
1460 2959 1629 3023 adhaerens,
1650 2976 1702 3014 nec
1723 2969 1755 3012 ut
1778 2968 1879 3031 agnata
1899 2960 1994 3029 petris,

332 3036 411 3083 tem:
438 3027 623 3092 malleolum,
643 3028 878 3093 autoleisirldla,
898 3028 1140 3097 omnibuslmpro·
1191 3030 1239 3082 sed
1255 3036 1286 3080 ut
1304 3033 1442 3096 apposita.
1479 3030 1667 3094 Quamobrem
1683 3031 1819 3085 scandere
1835 3030 1867 3082 ad
1884 3028 1993 3099 censpi-

333 3099 439 3152 batarn.
1191 3099 1278 3167 gritle
1288 3099 1390 3165 perium
1402 3106 1547 3167 equestres
1559 3101 1678 3167 populos
1691 3102 1796 3164 taedet,
1817 3100 1898 3153 simui
1911 3106 1939 3152 et
1949 3115 1994 3167 pe·

370 3166 473 3220 XXIX.
491 3167 536 3220 lix
554 3164 652 3218 eudem
670 3180 772 3233 genere
788 3166 953 3229 ardentium,
973 3164 1140 3235 lychnisap-
1191 3168 1311 3221 riculum
1322 3173 1421 3222 terret.
1457 3170 1531 3236 Ergo
1543 3169 1665 3223 taadise
1682 3170 1835 3241 longinquo
1846 3172 1995 3229 lacessunt,

335 3237 444 3306 pellata
466 3251 486 3287 a
504 3235 680 3287 lucernarum
702 3250 840 3299 accensu,
857 3242 951 3288 tanen
974 3239 1140 3304 praecipuae
1192 3245 1292 3291 etcum
1304 3245 1366 3290 toto
1377 3252 1472 3290 musco
1484 3241 1638 3291 excutiunt.
1674 3241 1738 3293 lice
1749 3242 1880 3308 vectigal,
1891 3238 1994 3291 hocest

335 3308 457 3377 gratiae.
492 3304 628 3359 Nascitur
637 3307 712 3358 circa
722 3304 902 3369 Orthosiam,
922 3312 1039 3374 totaque
1049 3309 1139 3371 caria,
1192 3315 1340 3377 gestamen
1360 3307 1390 3359 in
1412 3308 1567 3360 cerviceac
1587 3309 1683 3376 digitis
1725 3313 1906 3363 ratissimum.
1942 3309 1994 3359 llic

336 3392 370 3432 ac
389 3374 489 3427 ricinis
509 3375 593 3427 locis:
614 3375 664 3427 sed
686 3374 884 3442 probatissima
905 3378 933 3427 in
955 3377 1038 3437 lodis,
1058 3392 1138 3444 quam
1193 3392 1309 3440 census,
1329 3326 1842 3447 haecgloriaapueritiadefectorum
1855 3392 1993 3433 numerum

356 3445 450 3497 uidam
476 3445 664 3497 remissiorem
691 3444 891 3496 carbunculum
919 3460 981 3499 esse
1001 3446 1139 3499 dixerunt.
1192 3445 1434 3515 praedicantium,
1457 3447 1774 3515 inquorariaiortuna.
1809 3450 1929 3511 Quidam
1941 3448 1994 3499 ictu

336 3459 715 3594 gerundabonitatesimilis
727 3514 868 3575 estlonia,
884 3515 1139 3598 appellataaprae·
1192 3520 1284 3585 primo
1305 3530 1404 3583 cepere
1419 3519 1689 3636 (praeclarenmulti
1709 3519 1875 3571 insectando
1896 3517 1993 3569 nullas.

335 3582 404 3635 latis
414 3581 540 3632 tlorsbus.
576 3583 614 3632 Et
637 3582 710 3635 inter
731 3581 781 3635 bas
802 3584 911 3636 invenio
933 3584 1139 3638 differentiam:
1193 3588 1231 3638 Et
1243 3592 1359 3639 renatus
1371 3588 1416 3652 qui
1438 3602 1480 3638 esu
1493 3586 1624 3639 callaidis
1637 3588 1711 3640 talis.
1746 3587 1996 3641 secturatormss·

336 3664 420 3772 golam
431 3652 758 3770 quuelpuppurerad‘pat:
781 3653 1094 3734 alteremquaecoeco:
1123 3670 1140 3706 a
1193 3663 1247 3719 tur,
1263 3655 1488 3738 aliasiragiles.⁴
1509 3656 1890 3725 Optimuscolorsmaragdl:
1912 3663 1996 3706 utta·

337 3721 965 3865 existimatistllll“mii
985 3726 1091 3791 Μ’
1111 3730 1141 3778 ²²
1193 3724 2001 3863 ititirell‘xliiiiliitllltlltlts.little

371 3853 465 3908 XXX.
483 3854 549 3907 lico
563 3853 645 3937 idem·
657 3863 686 3937 et
750 3855 903 3938 chadoniua
919 3857 1012 3911 tacere
1029 3859 1141 3926 dieitur,
1194 3865 1272 3926 Quae
1282 3869 1347 3914 sunt
1357 3878 1453 3916 earum
1466 3865 1644 3931 pulchriores,
1655 3863 1727 3927 oleo,
1737 3868 1888 3931 unguento,
1899 3868 1928 3913 et
1939 3876 1996 3914 me·

337 3923 703 4051 ¹qqutsnplposplu‘s'sipla:ltntlsoplstlispr
718 3925 879 4047 praterpsctis'.
915 3927 1140 4052 N³⁸t⁰it¹¹¹'.¹¹z¹¹d
1193 3948 1225 3987 ro
1239 3934 1360 3986 colorem
1373 3934 1555 4019 deperdunt..
1571 3932 1693 4019 viliores
1704 3931 1874 4017 constantius
1884 3946 1996 4014 reprae-

337 4010 442 4119 artibs.
477 4064 621 4118 invenitur
630 4063 665 4117 ad
679 4006 1142 4135 ilgq’setr'cuslbfrtmnbuliruaaeffinae
1194 4001 1997 4141 birtirttmqrtnlmine:ts2:312?{ligrdicliitlirse'bilircslgffi

336 4135 446 4205 planae.
481 4132 830 4205 canhsglsenqoondsn
847 4136 1058 4204 deportabatur.
1094 4145 1142 4195 Ar·
1195 4159 1264 4217 quas
1277 4142 1630 4210 melancoryphosvocant.

338 4204 530 4260 chelausetln
540 4206 669 4275 Aegypto
682 4207 758 4260 circa
769 4204 882 4260 Thebas
892 4210 970 4261 nasci
979 4209 1075 4275 tradit,
1086 4210 1142 4262 irs·
1229 4212 1358 4265 xxxiv.
1376 4210 1565 4263 viridantium
1586 4220 1616 4265 et
1633 4213 1689 4265 alia
1724 4205 1788 4265 lbra
1803 4216 1870 4264 sunt
1886 4224 1996 4280 genera

337 4274 420 4343 giles,
431 4290 560 4340 senous,
570 4277 756 4330 morientibus
768 4278 934 4331 carbonibus
946 4280 1061 4333 sisuiles.
1090 4279 1141 4332 Po·
1194 4282 1311 4335 Vilioria
1332 4289 1375 4333 est
1397 4282 1496 4334 turbae
1516 4283 1642 4347 prasius:
1670 4226 1748 4335 copus
1769 4281 1889 4335 alterans
1912 4295 1996 4348 genus

336 4345 501 4407 torlasass,
522 4352 595 4400 etex
606 4344 660 4399 hoc
672 4347 777 4415 lapide,
790 4354 820 4400 et
831 4363 864 4400 ea
876 4348 1000 4417 lychnite
1011 4349 1143 4403 lectitata
1194 4351 1356 4419 sanguineis
1375 4352 1485 4417 punctis
1507 4351 1655 4405 obhorret:
1682 4352 1797 4404 tertium
1819 4359 1862 4405 est
1883 4350 1996 4419 virgulis

337 4411 458 4492 invenio.
495 4415 596 4470 omnia
607 4425 700 4470 autem
713 4417 783 4470 haec
793 4433 898 4486 genera
908 4419 1068 4487 scalpturae
1079 4434 1142 4473 con·
1194 4420 1458 4475 tribusdistinctum
1476 4420 1611 4473 candidis.
1649 4420 1811 4474 Praefertur
1825 4422 1870 4475 his
1882 4418 1994 4489 chryso·

337 4485 490 4534 tuasacrter
510 4486 657 4553 resistunt,
677 4493 841 4557 partemque
862 4503 945 4543 cerae
960 4490 990 4542 iu
1003 4491 1085 4558 signo
1101 4497 1142 4545 te·
1193 4494 1313 4563 prasius,
1323 4491 1399 4558 porri
1411 4502 1521 4542 succum
1535 4490 1777 4558 etipsareleress,
1795 4493 1844 4544 sed
1855 4490 1923 4543 haec
1950 4503 1995 4539 aa·

338 4554 416 4601 Μή·
852 4624 853 4627 ¹
1193 4556 1710 4628 lumdeclinansstupacioinaurum.
1745 4505 1995 4626 nuicetsmpiita·

374 4616 477 4669 XXXl·
495 4618 519 4670 E
537 4621 649 4678 diverso
665 4625 702 4679 ad
717 4623 774 4679 hoc
787 4626 873 4680 sarda
889 4628 1050 4694 utilissima,
1071 4644 1141 4698 quae
1195 4632 1232 4684 do
1244 4646 1276 4683 ea
1287 4636 1337 4692 est,
1347 4636 1379 4681 ut
1389 4632 1502 4698 cymbia
1513 4634 1600 4687 etiam
1618 4644 1651 4683 ex
1664 4646 1698 4683 ee
1709 4630 1788 4683 dant:
1807 4628 1930 4699 cylindri
1941 4627 1996 4697 qui·

339 4698 440 4738 nmen
456 4701 517 4738 eum
533 4694 708 4762 sardonyche
724 4698 949 4750 communicavit.
985 4699 1049 4767 lpsa
1064 4713 1140 4768 gem·
1195 4701 1258 4755 dem
1274 4700 1428 4753 celerrime.

338 4755 531 4822 ardgario,
552 4765 707 4826 etprimum
724 4764 859 4819 Sardibus
875 4774 996 4834 reperte,
1017 4768 1066 4820 sed
1078 4769 1141 4821 lau·
1229 4768 1343 4823 XXXV.
1362 4769 1443 4821 india
1463 4777 1492 4821 et
1511 4767 1561 4820 has
1581 4772 1746 4837 generat,et
1764 4764 1869 4829 Nilion,
1888 4765 1998 4835 fulgore

340 4824 489 4879 datisslrna
504 4824 579 4878 circa
587 4828 782 4899 Babyloniam,
804 4850 867 4888 cum
877 4837 1044 4905 lapicidinae
1055 4852 1140 4905 quae·
1194 4839 1289 4893 hebeti
1300 4854 1332 4889 an
1346 4836 1431 4899 brevi,
1452 4844 1481 4893 et
1499 4853 1559 4889 cum
1579 4839 1716 4903 lntsseare,
1738 4833 1843 4887 teliaci.
1879 4833 1998 4887 Sudines

340 4895 403 4949 dam
415 4894 603 4962 aperirentur,
613 4896 728 4954 haerens
739 4906 768 4957 in
778 4920 847 4958 saro
859 4907 951 4958 cordis
962 4907 1054 4959 modo.
1077 4908 1142 4959 lloc
1194 4909 1265 4963 dicit
1276 4915 1305 4960 et
1314 4908 1342 4961 in
1355 4906 1462 4976 Seuero
1474 4908 1582 4962 tlttices
1593 4906 1708 4958 flunsine
1718 4904 1802 4956 nasci.
1841 4906 1893 4957 liat
1905 4912 1997 4957 autem

339 4965 483 5020 metallum
493 4964 568 5029 apud
578 4965 678 5020 Persas
689 4969 825 5029 deiecisse
836 4977 966 5030 traditur.
1003 4976 1144 5029 Sedinse·
1196 4981 1275 5032 color
1285 4974 1407 5029 tumidae
1418 4976 1536 5043 topazii,
1549 4985 1596 5027 aut
1608 4974 1757 5043 aliquando
1769 4972 1897 5027 melleae.
1932 4975 1998 5025 lube

340 5035 461 5089 ciuntur
478 5033 668 5119 comptioribus
687 5040 751 5093 alils
772 5044 853 5109 locis,
873 5047 947 5101 sicut
967 5045 1089 5109 inParo,
1113 5054 1142 5099 et
1194 5049 1222 5101 in
1234 5046 1383 5115 Aethiopia
1401 5047 1480 5115 gigni
1491 5045 1587 5107 trudit,
1606 5046 1634 5096 ln
1651 5043 1783 5096 litoribus
1799 5045 1896 5107 amnis,
1917 5056 1996 5113 quesn

340 5105 421 5157 Asso.
457 5103 488 5157 lc
499 5103 581 5155 indta
597 5111 679 5156 tuum
696 5122 847 5174 generasse
866 5118 999 5180 rubrum,
1022 5122 1052 5169 et
1067 5116 1141 5185 qaod
1195 5118 1289 5172 Nilum
1300 5130 1441 5178 vocamus,
1452 5121 1480 5167 et
1491 5115 1557 5166 inde
1566 5130 1665 5165 nomen
1678 5112 1799 5166 trahere.

341 5171 457 5226 dtosum
468 5180 570 5226 vocant
581 5188 599 5225 a
608 5179 810 5257 magnitudines
828 5187 943 5237 tertium
955 5186 1030 5254 quod
1041 5200 1142 5253 argen-
1230 5184 1357 5241 xxxvl.
1376 5185 1438 5238 Non
1450 5184 1605 5236 translucet
1620 5181 1803 5244 molochites,
1829 5180 1946 5250 spissius
1957 5181 1996 5230 si·

340 5242 396 5295 ²0¹⁸
416 5245 539 5298 bromii
561 5244 720 5327 wilwim-
756 5249 869 5305 ludices
885 5256 1050 5323 perlucent:
1070 5270 1142 5308 crus·
1195 5270 1268 5320 rens,
1290 5263 1318 5309 et
1329 5256 1450 5311 crassius
1460 5268 1541 5321 quem
1553 5252 1726 5324 susaragdns
1748 5270 1764 5296 a
1784 5249 1997 5303 colorenrelrae

340 5309 430 5365 slores
440 5315 659 5398 santhrabrcee.
695 5315 879 5371 issesduntur
886 5328 914 5373 et
926 5324 1001 5377 circa
1011 5324 1143 5381 henreda
1195 5327 1308 5379 nomine
1320 5332 1443 5394 accepto,
1465 5323 1613 5377 reddendis
1625 5327 1650 5376 le
1913 5316 1997 5370 *stan-

338 5377 428 5464 ΕΜ
451 5392 480 5437 ei
491 5400 566 5437 circa
576 5386 744 5454 Aegyptum,
757 5398 829 5450 quas
838 5389 951 5441 bractea
962 5408 1047 5446 aurea
1059 5396 1143 5449 subli-
1195 5396 1264 5448 tium
1277 5395 1406 5448 custodia
1414 5394 1544 5464 quadam,
1563 5396 1630 5448 ianr
1950 5392 1989 5408 “¹

488 5456 564 5508 iitln
583 5454 731 5509 bisantem
750 5469 840 5507 mares
853 5459 1002 5513 excitatius
1013 5464 1142 5533 tumente
1195 5480 1257 5519 rum
1273 5465 1464 5521 medicamine.
1500 5463 1614 5517 Naseltu

472 5524 608 5593 pigriores
618 5530 694 5591 sunt,
712 5532 741 5582 et
751 5526 870 5580 marsius
882 5528 982 5581 nitent.
1018 5532 1143 5589 Nectuit
1231 5532 1370 5591 xxxvii.
1389 5534 1481 5599 viret,
1493 5542 1610 5604 etsaep‘
