4340 6018
305 238 338 298 (ἲ.
381 235 530 299 ΗιΙΝΙΙ
573 236 785 301 securior
827 239 1003 305 NATUR.
1039 241 1236 308 uitauit
1279 242 1450 309 blavi.
1494 243 1653 310 GAMC.
1767 252 1808 314 93

147 390 251 448 nonsit
328 392 435 441 autum
461 386 553 441 liuius
563 388 696 442 ambitum
708 389 784 445 cxli
795 390 952 460 hithpae-

147 476 259 523 auum,a
287 457 380 512 erside
390 457 502 526 longius
512 457 698 521 abessendiri
708 476 765 512 uno
775 461 856 516 alveo
866 476 954 530 angu-

19 570 20 577 ,
148 541 201 587 sto.
218 528 315 585 insula
327 527 445 596 Argilia:
465 526 583 581 Gentem
604 527 952 596 Norbeti,Zuraehi,lior·

36 654 40 667 Ι
147 600 221 674 godi,
231 597 372 659 Cataraei,
381 595 533 650 Nomades.
559 596 789 667 Flumencynoa.
818 601 952 655 Ultrana·

147 673 320 811 {aganonem
337 667 539 735 incompertam
551 665 587 720 ab
603 682 637 720 eo
658 669 746 723 latere
760 678 877 739 propter
889 678 951 722 'sco-

195 756 227 793 oe
248 738 337 791 uadit
355 735 442 798 iuba,
472 737 671 802 praetermissa
691 741 833 793 mentione
854 739 951 807 oppidi

146 813 317 864 omanorum
339 804 542 869 batrasabbas,
561 814 590 857 et
601 808 739 871 Omanae,
757 811 831 879 quod
842 811 950 878 priores

147 878 285 935 celebrem
305 882 416 944 portum
430 875 594 927 Carmaniae
613 876 713 930 iecere.
750 879 822 932 item
843 880 949 932 Omnes

146 950 324 1008 ethtbanne,
345 959 417 1014 qnae
436 957 510 996 nunc
530 944 634 1013 oppida
651 947 771 1002 maxime
783 949 950 1003 celebraris

146 1022 259 1075 Persico
270 1018 340 1069 mari
349 1014 441 1068 nostrl
452 1015 643 1081 negotiatores
663 1016 769 1070 dicunt.
803 1020 824 1070 A
836 1017 948 1071 llumine

146 1090 240 1152 Canin
260 1093 294 1140 ut
304 1085 374 1137 iuba
383 1083 482 1146 tradit,
500 1098 579 1135 mons
589 1082 689 1138 adusto
700 1087 807 1142 similis.
843 1087 949 1141 Gentes

146 1156 364 1229 Epimaranitae.
393 1153 463 1205 biox
478 1150 695 1222 ichthyophagi:
712 1156 803 1209 insula
823 1158 946 1211 dasena:

180 1246 223 1292 ns,
241 1224 386 1294 Bathymi.
421 1221 544 1277 Ebiltaei
560 1230 676 1288 montes,
697 1227 788 1279 insuia
799 1229 947 1280 Omoenns.

167 1307 247 1354 ortua
266 1295 433 1349 blacherba:
457 1294 568 1348 insulae
587 1294 742 1359 Etaxalos,
762 1297 946 1350 Oncbobrica:

144 1384 222 1440 gens,
244 1364 378 1421 Chadaei.
413 1364 948 1420 lnsulaesinenominibusmultaa:ce·

144 1442 239 1493 lebree
249 1450 324 1499 reru,
335 1437 421 1497 isam,
431 1433 566 1497 Rhinnea,
581 1441 611 1486 et
622 1436 756 1502 proxima,
774 1436 805 1488 in
816 1451 872 1503 qua
881 1434 947 1488 scri·

146 1518 214 1578 ptae
224 1514 289 1560 sunt
298 1505 383 1557 stelae
395 1504 523 1571 lapideae
531 1505 625 1557 literis
635 1506 793 1572 incognitis.
830 1506 948 1558 Goboes

165 1586 254 1640 ortus,
274 1574 382 1643 Bragae
392 1574 503 1626 insulae
518 1574 654 1627 desertae.
690 1576 767 1628 Gens
778 1574 946 1628 ‘l'haludaei

172 1647 338 1715 abanegotis
350 1644 439 1711 regio.
475 1644 643 1696 Mensores
662 1658 723 1696 cum
734 1652 826 1714 portu.
862 1644 946 1698 Sinus

144 1718 264 1778 Duatus,
276 1713 385 1766 insulae
396 1713 508 1766 multae.
534 1713 616 1765 Mons
628 1713 828 1783 Tricoryphos.
859 1714 946 1782 hegio

145 1783 309 1845 Cardalena,
318 1783 425 1843 insulae
434 1782 593 1845 Solanidae,
604 1784 718 1850 Capina.
738 1787 806 1837 item
819 1783 947 1852 ichthyo-

144 1855 309 1925 phagorum.
347 1851 455 1905 Deinde
467 1851 556 1905 Glari.
592 1852 674 1905 Litus
686 1854 880 1917 Hanrmaeum,
899 1853 947 1904 ubi

144 1927 206 1980 auri
217 1924 340 1977 metalla.
377 1920 466 1990 Regio
476 1923 615 1985 Canauna,
630 1930 728 1991 gentes
737 1924 869 1993 Apitami,
891 1923 946 1976 Ga·

143 1996 213 2049 sani.
232 1994 326 2047 insula
335 1992 464 2045 [israeles
487 1990 550 2044 lons
561 1992 692 2045 Goralus.
719 1994 830 2048 insulae
841 1993 945 2046 Calaeu

145 2060 375 2119 etAmnamethu.
403 2060 608 2115 GensDarrue.
632 2063 756 2116 insulae:
773 2062 942 2116 Chelonitis:

144 2131 373 2202 ichthyophagon
396 2130 517 2194 multae,
539 2131 675 2185 Eodanda
696 2133 820 2196 deserta,
842 2133 942 2201 Basag,

145 2204 252 2257 multae
271 2201 451 2256 Sabaeorum.
496 2194 644 2255 Flumina:
666 2202 797 2267 'l'bamar‚
816 2204 943 2255 Amnon:

140 2273 250 2327 insulae
262 2272 386 2325 Dolicae.
408 2270 531 2324 Fontes:
547 2270 791 2336 Daulotcs,1)ora.
819 2272 943 2325 Insulae:

140 2342 250 2406 Pteros,
261 2339 424 2404 Labatanis,
440 2340 563 2403 Coboris,
573 2342 763 2403 Sambracate,
773 2348 802 2394 et
811 2343 943 2409 oppidum

139 2413 240 2468 eodem
252 2412 364 2464 nomine
374 2411 404 2463 iri
415 2410 579 2465 continenti.
599 2415 620 2465 A
632 2411 748 2465 meridie
757 2412 865 2464 insulae
875 2411 946 2463 onul-

138 2494 196 2547 tae,
206 2482 330 2536 maxima
340 2482 461 2535 Camari.
496 2480 624 2544 Flumen,
643 2482 798 2549 Mysecros.
834 2480 945 2542 Portus,

136 2553 263 2622 Laupas.
299 2551 429 2605 Scenitae
441 2549 550 2601 Sabaei.
582 2549 815 2602 insuiaemuitae.
843 2548 946 2614 Empo-

135 2624 212 2675 rium
227 2636 325 2675 eorum
336 2618 425 2681 Acila,
436 2632 471 2669 ex
482 2631 536 2685 qun
548 2616 577 2666 lu
589 2617 694 2669 Indiam
705 2617 863 2683 navigatur.
891 2618 943 2669 lie·

133 2693 198 2761 gio,
210 2687 418 2743 Amithoscutn:
440 2684 568 2738 Damnia.
603 2686 671 2738 illini
684 2689 847 2738 maiores'et
859 2685 946 2737 mino·

131 2776 197 2821 res,
209 2757 341 2809 Drimati
378 2752 635 2807 Naumaehaeorum
646 2754 867 2821 promontorium
884 2769 946 2806 con·

132 2839 184 2883 tra
198 2827 372 2879 Carmaniam
383 2830 435 2877 est.
471 2823 567 2875 Distat
581 2825 782 2892 quinquaginta
800 2824 869 2875 mill.
881 2838 944 2891 pas·

134 2910 232 2951 muni.
270 2894 344 2946 hiim
355 2906 400 2945 res
419 2893 461 2946 ibi
474 2891 606 2945 traditur:
628 2893 793 2946 Numenium
804 2894 944 2946 abAntio-

136 2967 193 3020 cbo
206 2962 412 3032 regeblesenae
421 2961 622 3029 praepositum,
632 2963 672 3014 ibi
684 2961 888 3014 vicissoeodem
900 2962 946 3015 die

137 3036 241 3098 classe,
256 3038 389 3099 aestuque
398 3045 509 3084 reverso
520 3030 621 3084 iterum
632 3031 759 3099 equitatu
770 3040 867 3083 contra
878 3032 943 3085 i’er·

138 3120 188 3157 sas
200 3102 384 3163 dimicantem,
404 3105 434 3153 et
453 3099 566 3170 gemina
580 3101 717 3170 trophaea
731 3100 828 3154 eodem
840 3101 869 3152 in
880 3100 944 3154 lnce

139 3175 199 3226 lori
209 3187 244 3225 uc
253 3170 384 3239 Neptuno
394 3170 535 3222 statuisse.

175 3274 272 3330 insula
283 3274 312 3326 in
324 3273 381 3326 alto
394 3272 506 3327 obiacet
518 3271 630 3342 Ogyris,
649 3270 727 3325 clara
738 3271 865 3341 Erythra
875 3288 942 3343 rege

141 3348 179 3400 ibi
189 3345 312 3412 sepulto.
349 3344 445 3397 Distat
454 3359 472 3396 a
482 3347 643 3396 continente
658 3341 759 3396 CXXV
770 3344 837 3394 mill.
849 3358 945 3410 passu·

142 3432 196 3477 uun,
206 3415 326 3469 circuitu
337 3413 411 3466 cxli
423 3429 562 3482 passuum.
599 3411 656 3464 Nee
666 3413 757 3465 minus
769 3414 858 3465 altera
868 3412 945 3465 clara

141 3487 168 3537 in
180 3484 285 3536 Azanio
297 3484 368 3535 mari
380 3483 558 3547 Dioscoridp,
575 3480 682 3535 distans
692 3497 711 3533 a
719 3480 829 3551 Syagro
840 3482 944 3536 extimo

142 3553 338 3621 promontorio
350 3542 499 3605 CCLXXX
510 3550 577 3603 miii.
589 3565 666 3619 pass.

173 3658 236 3712 Reii
257 3660 287 3711 ni
309 3659 336 3710 in
356 3656 517 3710 continente
534 3653 637 3707 aNoto
658 3653 812 3707 etiamnum
832 3654 945 3707 Ausari-

141 3738 197 3781 taet
210 3674 277 3781 inze
287 3729 316 3779 in
329 3733 436 3779 montes
448 3725 510 3777 Vill
522 3723 629 3778 dierum
642 3725 788 3777 transitus.
824 3725 943 3777 Gentes:

141 3797 457 3859 larendani,Catabani,
465 3794 619 3848 Gebanitae
626 3794 753 3863 pluribus
764 3794 884 3861 oppidis,
893 3794 943 3847 sed

142 3869 280 3929 maximis,
300 3866 400 3933 Nagia,
410 3873 440 3918 et
451 3866 559 3917 'semna
569 3866 737 3932 templorum
748 3863 835 3918 bxv.
863 3865 944 3917 llaec

141 3948 183 3992 est
193 3936 387 4006 amplitudinis
399 3934 578 4001 significatio.
613 3933 848 3997 Promontorium,
859 3948 877 3986 a
887 3948 943 4002 quo

140 4007 175 4060 ad
196 4008 386 4062 continentem
408 4003 649 4073 Troglodytarum
672 4003 942 4071 Llli.pass.Tonni,

141 4074 502 4139 meimecmtrnmotitae,
517 4073 664 4137 l'omabcl,
681 4074 831 4137 Antidalei,
842 4071 942 4126 Lexia-

140 4160 202 4206 nae,
215 4148 233 4197 A
257 4148 324 4207 mei,
337 4144 466 4205 Cerbani,
477 4143 577 4196 Sabaei
589 4144 717 4205 Arabum,
732 4151 850 4211 propter
859 4142 943 4195 thura

139 4160 303 4273 eternales,
315 4213 350 4264 ad
359 4220 475 4283 utraque
485 4214 575 4264 maria
586 4214 723 4281 porrectis
733 4215 872 4281 gentibus.
891 4214 945 4279 Op·

140 4282 210 4350 pida
221 4282 356 4333 commin
369 4282 458 4334 liubro
469 4285 566 4336 litore:
588 4282 716 4345 Marane,
725 4284 845 4342 Marma,
857 4282 943 4333 Coro·

138 4353 187 4415 lia,
198 4347 339 4403 Sabatha:
350 4349 421 4403 intus
434 4351 547 4419 oppida,
557 4350 674 4413 Nascus,
685 4350 818 4412 Cardava,
829 4351 944 4413 Carnus,

140 4430 169 4474 et
179 4436 238 4490 quo
250 4434 358 4472 merces
369 4420 482 4474 odorum
494 4419 640 4482 delerent,
663 4420 790 4472 'Camala
819 4418 887 4470 Pars
898 4432 944 4471 eo-

140 4507 200 4543 rum
216 4490 386 4552 Atramitae,
425 4505 521 4542 uorum
538 4487 753 4557 eaputSabota,
772 4487 822 4539 Lx
839 4488 945 4556 templa

141 4561 226 4613 muris
238 4558 393 4615 includens.
437 4563 502 4626 egis
511 4568 604 4617 tamen
617 4559 739 4610 omnium
747 4557 883 4610 Mariaba.
902 4558 944 4609 Si·

142 4647 203 4682 nuru
217 4629 326 4683 obtinet
340 4630 431 4685 XClV
442 4632 481 4681 Μ.
519 4644 574 4681 ass.
589 4628 724 4684 refertum
739 4627 838 4680 insulis
850 4628 944 4680 odom·

141 4699 215 4752 ieris.
252 4698 397 4751 Atramitis
408 4700 434 4750 in
446 4645 652 4753 nreXiterraneo
663 4699 816 4768 iunguntur
826 4697 945 4751 Minaei:

141 4783 217 4823 mare
228 4768 359 4822 accolunt
368 4776 398 4823 et
408 4770 556 4831 Elamitae,
567 4769 669 4838 oppida
679 4770 802 4823 eiusdem
815 4767 945 4822 nominis.

140 4838 178 4891 lis
186 4840 447 4908 iunctiCaguiatae.
458 4839 599 4907 Oppidum
610 4840 678 4901 Sibi,
690 4839 947 4907 quodGraeciApa·

140 4918 186 4962 tan
196 4916 308 4961 vocant.
332 4910 406 4973 Arsi,
416 4909 533 4973 Codani,
546 4909 642 4971 Vadaei,
653 4908 757 4975 oppido
767 4922 882 4976 magno:
895 4908 948 4960 Ba·

140 4978 277 5041 numer,
288 4978 436 5032 Lechlenie
457 4978 584 5048 Sygaros
594 4978 696 5041 insuia,
707 4992 789 5044 quam
801 4992 882 5031 canes
893 4994 948 5031 non

27 5090 32 5101 .
140 5047 260 5111 intrant,
283 5050 459 5120 expositique
470 5049 640 5102 circalitora
650 5049 770 5102 errando
782 5048 947 5103 moriuntur.

140 5118 221 5171 sinus
232 5120 361 5181 intimus,
370 5119 401 5171 in
412 5134 468 5189 quo
476 5119 621 5181 Leanitae,
632 5121 678 5187 qui
689 5132 789 5172 nomen
801 5120 828 5172 ei
838 5118 947 5173 dedere.

140 5187 229 5257 Regia
238 5203 336 5242 eorum
343 5193 426 5258 Agra,
437 5195 465 5242 et
476 5191 505 5241 in
515 5190 577 5241 sinu
588 5188 711 5251 Laeana,
722 5189 776 5251 vel,
785 5196 817 5241 ut
829 5190 888 5252 alii,
898 5191 949 5241 Ae·

139 5256 213 5311 lana.
249 5258 322 5311 Nam
335 5266 365 5311 et
376 5261 466 5326 ipsum
478 5260 568 5311 sinum
588 5259 679 5310 nostri
689 5258 871 5310 Aelaniticum
883 5258 949 5311 seri·

136 5326 893 5451 rutiliir‘iiiiriiiliiiiziiiiii
906 5328 948 5378 '⁰'

137 5436 791 5536 nacoliigereprotliturquadragiesseptiescer

136 5535 176 5592 Μ.
193 5537 264 5591 lube
280 5538 365 5605 penio
380 5540 474 5592 mnus
490 5536 657 5606 quadragies
672 5535 779 5590 center*

1004 388 1156 448 latissima
1171 402 1248 452 esta
1265 392 1467 466 septemtrione
1484 393 1559 450 inter
1569 395 1671 467 oppida
1681 398 1806 455 Heroum

1005 467 1035 516 et
1045 459 1204 517 Characem.

1038 529 1118 584 Nunc
1134 533 1280 603 etreliqua
1294 534 1499 589 mediterranea
1511 534 1571 590 eius
1582 535 1719 592 dicantur.
1756 541 1809 595 Νιτ-

1003 599 1111 653 bataeis
1122 598 1291 655 Thimaneos
1300 605 1451 657 iunxerunt
1462 616 1584 660 veteres:
1595 622 1667 661 nunc
1678 617 1744 662 sunt
1754 611 1809 665 Ta·

1002 670 1075 732 reni,
1096 668 1235 733 Suelleni,
1255 672 1400 737 Arraeeni,
1419 676 1520 729 Arenis
1541 675 1691 745 oppidum,
1713 681 1808 749 inquo

1002 738 1091 791 omnis
1100 738 1255 806 negotiatio
1268 744 1404 794 convenit.
1429 745 1594 810 Hemnatae,
1604 748 1748 802 Anaiitaa:
1761 766 1808 818 op·

1000 808 1075 877 pida,
1090 805 1350 875 nenoteneagis:
1372 809 1557 880 Thanrudeni,
1572 818 1703 884 oppidum
1715 819 1807 872 Bada-

1000 877 1096 930 natlra.
1117 879 1224 940 Carrei,
1235 877 1366 959 oppidum
1379 879 1520 936 Carrintat
1539 884 1665 951 Achoali,
1677 888 1806 956 oppidum
1853 886 1856 897 '

1000 946 1110 1000 Phoda:
1134 962 1166 999 ac
1176 947 1298 1009 Minaei,
1319 960 1336 999 a
1350 960 1417 1016 rege
1429 952 1528 1006 Cretae
1542 955 1637 1010 Minoe
1650 963 1693 1021 (ut
1712 961 1807 1013 existi·

1001 1020 1090 1081 mant)
1103 1015 1238 1086 originem
1250 1014 1405 1069 trahentes:
1424 1032 1540 1085 quorum
1551 1021 1710 1080 Charmaei:
1731 1032 1808 1097 oppl-

1001 1089 1066 1140 dum
1077 1085 1215 1139 XiVmill.
1227 1100 1300 1153 pass.
1307 1086 1435 1138 Mariaba
1446 1088 1668 1158 Baramalacum,
1679 1104 1707 1149 ot
1718 1097 1807 1166 'spanni

1002 1156 1265 1224 nonspernendum:
1276 1159 1343 1209 item
1352 1158 1471 1208 Carrion.
1484 1157 1660 1227 iihadanraei,
1674 1164 1806 1221 ethorum
1882 1210 1887 1217 .

1001 1226 1083 1294 origo
1094 1224 1320 1279 Rhadamanthus
1332 1232 1445 1295 putatur
1455 1225 1544 1279 irater
1555 1229 1665 1284 Minois.
1678 1236 1807 1291 ilonreri·
1829 1274 1833 1281 -

1000 1304 1056 1359 tae,
1065 1294 1191 1347 Messala
1201 1295 1312 1363 oppido.
1341 1296 1477 1359 Hamirei,
1489 1297 1666 1364 Gedranitae,
1677 1307 1796 1373 Amprae
1915 1306 1919 1319 '

999 1367 1155 1430 llisanitae,
1167 1365 1333 1427 bachilitae,
1344 1364 1474 1428 Sammei,
1485 1366 1613 1421 Amathai
1624 1385 1684 1422 cum
1696 1387 1731 1440 op
1752 1344 1806 1431 ldis,

1000 1436 1090 1489 Nessa
1101 1443 1131 1487 et
1143 1436 1318 1488 cennesseri.
1348 1436 1495 1488 Zamareni
1506 1453 1568 1488 cum
1580 1439 1689 1506 oppidis
1701 1390 1808 1507 Salate,

1000 1505 1141 1568 Scantate,
1152 1505 1322 1557 Bacaseami.
1354 1503 1524 1572 Riphearma
1536 1508 1679 1576 oppidum,
1690 1524 1745 1577 quo
1756 1528 1804 1566 ro-

1000 1575 1100 1628 cabulo
1113 1573 1247 1629 hordeum
1261 1574 1411 1642 appeliant.
1448 1578 1531 1629 Antei
1543 1578 1662 1641 ciliani,
1677 1577 1766 1647 Gyrei
1777 1590 1807 1636 et

999 1643 1167 1709 Matbataei,
1178 1642 1367 1698 Helmedenes
1378 1660 1441 1697 cum
1453 1646 1556 1714 oppido
1566 1647 1674 1701 Eboda.
1684 1650 1805 1717 Agactu·

999 1714 1024 1766 ri
1034 1715 1063 1766 in
1074 1715 1226 1779 montlbus,
1238 1713 1475 1781 oppidoxxmiil.
1488 1732 1628 1784 passuum,
1638 1718 1667 1770 in
1680 1734 1733 1787 qno
1742 1718 1806 1773 lons

1000 1782 1223 1848 Ensischabales,
1244 1783 1320 1853 quod
1331 1784 1471 1853 signifieat
1483 1787 1652 1840 cantelorum
1664 1789 1805 1856 oppidum.

999 1855 1154 1922 Ampelome
1172 1855 1284 1906 colonia
1305 1854 1490 1906 Milesiorum.
1527 1857 1641 1910 Aetrida
1660 1859 1807 1926 oppidum:

1000 1926 1131 1994 Calingii,
1153 1938 1269 1991 quorum
1282 1924 1410 1975 Mariaba
1422 1924 1557 1991 oppidum
1568 1926 1709 1996 signifieat
1719 1929 1807 1982 domi·

999 2010 1049 2047 nos
1062 1995 1193 2046 omnium.
1230 1992 1355 2061 Oppida:
1373 1992 1483 2057 Pallon,
1495 1995 1657 2048 Urnnnlmai
1669 1998 1749 2051 iuxta
1758 1997 1806 2052 ilu-

1000 2080 1070 2129 men,
1082 2078 1133 2131 per
1141 2063 1215 2131 quod
1227 2061 1399 2131 Euphratem
1410 2078 1553 2132 emergere
1562 2074 1674 2135 putant.
1686 2068 1805 2121 Gentes:

998 2135 1091 2203 Agrai,
1101 2132 1249 2186 Ammonii.
1276 2132 1413 2200 Oppidum
1426 2132 1542 2199 Athene,
1553 2137 1720 2202 Gauranum,
1732 2138 1806 2206 quod

998 2202 1807 2342 iiiiiiiiiiiitiieiiii„iiiitniiii’

1107 2311 1114 2324 e
1534 2310 1543 2338 y
1795 2307 1804 2318 ¹

997 2358 1038 2407 sa,
1050 2342 1173 2405 Chalcis,
1183 2342 1276 2395 deleta
1285 2340 1372 2394 variis
1381 2340 1472 2395 bellis.
1691 2314 1700 2343 '

1033 2410 1160 2464 Romana
1178 2425 1257 2464 arma
1273 2411 1351 2462 solua
1370 2412 1401 2463 in
1417 2426 1477 2463 nam
1494 2420 1596 2465 terram
1609 2414 1700 2467 adhuc
1712 2415 1807 2468 intulit

998 2481 1206 2543 AeliusGaiius,
1216 2494 1252 2532 ex
1262 2483 1385 2547 equestri
1398 2479 1504 2533 ordine.
1521 2481 1592 2535 Nam
1601 2486 1804 2537 C.CaesarAu·

1037 2552 1074 2601 sti
1085 2548 1157 2600 lilius
1168 2549 1314 2616 prospexit
1325 2554 1433 2599 tantum
1447 2551 1587 2602 Arabiam.
1618 2551 1718 2604 Gallus
1729 2554 1807 2621 oppi-

998 2565 1140 2681 gainart,
1161 2631 1217 2668 non
1228 2617 1372 2668 nominata
1383 2618 1418 2669 ab
1429 2618 1591 2670 auctoribus
1603 2623 1650 2688 qui
1662 2628 1729 2674 ante
1738 2622 1804 2674 scri·

999 2693 1125 2756 pserunt,
1144 2686 1278 2754 Negram,
1296 2686 1481 2749 Amnestrum,
1500 2685 1627 2751 Nasuam,
1648 2689 1697 2741 Ma
1735 2706 1805 2755 sam,

1001 2760 1191 2819 'l'amrnacum,
1210 2753 1369 2817 Labeciam,
1389 2762 1418 2807 et
1429 2770 1513 2821 supra
1524 2755 1628 2808 dictam
1639 2758 1805 2821 Mariabam,

998 2828 1118 2880 circuitu
1131 2824 1167 2877 Vl
1181 2825 1252 2909 mill..
1263 2839 1402 2894 passuum.
1440 2826 1508 2877 item
1522 2825 1663 2894 Caripeta,
1675 2844 1729 2895 quo
1741 2829 1806 2880 ion-

999 2893 1806 3030 iiiiiiiiii‘...iiiiiiiiitiiiiitiiiiitii:

998 3035 1058 3097 dos,
1074 3032 1175 3101 palmis
1185 3035 1350 3102 exprimere,
1360 3032 1454 3085 oleum
1465 3047 1600 3086 sesamae.
1624 3033 1803 3089 Numerosis·
1826 3066 1833 3093 ι

997 3106 1084 3157 simus
1095 3117 1157 3156 esse
1169 3102 1341 3155 Homeritas:
1351 3101 1472 3154 Minonis
1483 3099 1595 3157 fertiles
1606 3116 1623 3154 a
1660 3118 1692 3155 os
1701 3105 1804 3172 palme·

997 3174 1034 3225 tis
1054 3171 1248 3240 arbustisque,
1267 3173 1296 3224 in
1317 3185 1419 3238 pecore
1441 3170 1566 3224 divitias.
1633 3171 1754 3228 erbanos
1775 3182 1805 3230 ct

996 3247 1121 3311 Agraeos
1140 3240 1225 3294 armis
1246 3247 1406 3309 praestare,
1436 3241 1554 3293 maxime
1575 3238 1804 3298 Chatramotitas.

997 3313 1108 3366 Cari-eis
1118 3310 1271 3363 latissimos
1282 3317 1311 3364 et
1321 3309 1511 3362 fertilissimos
1523 3324 1615 3378 agros
1631 3310 1754 3367 Sabaeos
1765 3313 1806 3365 di·

996 3383 1122 3435 tissimus
1132 3380 1263 3462 silvarum
1276 3378 1426 3432 fertilitate
1437 3377 1590 3442 odorifera,
1600 3381 1662 3433 anri
1670 3381 1804 3443 metallis,

996 3448 1804 3591 tetiiiiiiiiiiiiiiilibitiniigii]

997 3599 1047 3643 aut
1058 3593 1169 3641 intonso
1181 3588 1270 3641 crine:
1293 3587 1380 3640 barba
1391 3587 1548 3653 abraditur,
1569 3597 1763 3659 praeterquam
1775 3595 1803 3644 ln
1907 3646 1911 3653 ,

996 3658 1139 3727 superiore
1149 3658 1240 3710 labro.
1260 3656 1330 3710 Allis
1340 3663 1369 3710 et
1382 3656 1452 3709 haec
1461 3657 1587 3711 intonsas
1598 3660 1753 3730 mirumque
1764 3661 1804 3712 di·

996 3735 1042 3782 ctu
1056 3744 1089 3782 ex
1104 3728 1259 3781 innumeris
1270 3727 1381 3795 populis
1397 3741 1462 3794 pars
1474 3743 1565 3799 nequa
1576 3729 1604 3782 in
1617 3731 1801 3793 commerciis,

996 3807 1046 3852 aut
1057 3797 1312 3864 latrociniisdegits
1324 3799 1351 3849 in
1361 3797 1523 3851 universum
1534 3806 1632 3869 gentes
1638 3800 1802 3861 ditissimae,

996 3878 1027 3921 ut
1038 3869 1112 3937 apud
1123 3882 1192 3935 quas
1203 3867 1341 3921 maximae
1352 3882 1419 3935 opes
1428 3867 1617 3922 Romanorum
1624 3869 1803 3923 Parthorum-

996 3952 1050 4007 que
1061 3939 1230 4020 subsistant,
1249 3938 1434 4019 pendentibus
1450 3952 1521 4005 quae
1540 3955 1555 3990 e
1572 3940 1644 3992 marl
1664 3937 1803 3990 nutsilris

996 4006 1802 4145 cappprppplqrhlipgpprrcplrpqppppnpppssbppabmcummium

994 4162 1201 4216 persequemur.
1238 4146 1434 4199 Timosthenes
1452 4152 1544 4197 totum
1555 4147 1644 4195 sinum
1658 4140 1803 4209 quatridui

995 4217 1175 4286 navigatione
1185 4216 1215 4267 in
1227 4215 1429 4283 longitudinem
1441 4212 1560 4272 taxavit,
1575 4209 1653 4264 bidui
1664 4211 1693 4263 in
1703 4211 1800 4264 latitu-

996 4285 1100 4348 dinem,
1120 4284 1264 4353 angustias
1273 4284 1324 4338 vil
1335 4282 1404 4333 mili.
1416 4283 1450 4332 D.
1462 4294 1569 4347 passus.
1599 4279 1801 4337 Eratosthenes

996 4352 1031 4407 ab
1043 4357 1117 4406 ostio
1127 4354 1219 4406 decies
1233 4360 1262 4406 et
1277 4360 1322 4404 ter
1337 4356 1453 4401 centena
1469 4347 1538 4400 mill.
1549 4349 1578 4400 in
1590 4364 1728 4423 quamque
1737 4367 1801 4422 pan.

995 4430 1062 4475 tem.
1088 4423 1283 4483 Artemidorus
1290 4418 1408 4472 Arabiae
1419 4418 1509 4470 latere
1519 4419 1612 4473 decies
1623 4426 1727 4491 septies
1738 4440 1798 4477 cen·

997 4499 1064 4545 tenu
1075 4493 1141 4558 quin
1160 4506 1195 4542 ua
1217 4491 1276 4541 'nta
1286 4487 1356 4539 mili.
1366 4487 1571 4557 Troglodytico
1581 4506 1657 4556 reru,
1669 4491 1800 4547 undecies

996 4562 1149 4616 centenax
1178 4560 1202 4611 X
1232 4559 1256 4609 ll
1268 4559 1308 4610 iii.
1317 4570 1392 4624 pass.
1404 4556 1579 4613 Ptolemaida
1589 4577 1684 4630 usque.
1705 4564 1801 4633 Agrip·

997 4626 1801 4700 pndeciesseptiescentanaXXllmlllpassuum,sinedil·

997 4702 1128 4755 lerentiis
1137 4699 1268 4751 laterum.
1281 4695 1354 4749 Pieri
1375 4712 1409 4749 ue
1421 4698 1597 4757 latitudinem
1608 4702 1801 4755 ccccbxxv

998 4771 1187 4892 prodiderunt,
1203 4714 1477 4835 nucesquelnberno
1488 4770 1589 4824 omenti
1599 4772 1741 4833 obversas,
1751 4772 1802 4825 alli

1025 4844 1035 4894 Ι
1047 4840 1115 4892 mill.
1126 4838 1173 4891 alii
1182 4839 1233 4892 Vll
1244 4836 1312 4889 mili.
1323 4837 1371 4890 alii
1383 4838 1435 4892 xri
1447 4839 1515 4892 mill.
1526 4854 1655 4908 passuum
1668 4852 1774 4908 patere.

1034 4909 1112 4962 Situs
1122 4914 1212 4961 autern
1226 4906 1268 4959 ita
1283 4907 1421 4962 sehabet.
1455 4909 1476 4960 A
1488 4909 1549 4962 sinu
1560 4909 1715 4962 Aelanitico
1729 4910 1802 4962 alter

998 4978 1090 5041 alnus,
1112 4992 1192 5045 quem
1203 4976 1309 5032 Arabes
1319 4980 1411 5032 Aeant
1425 4986 1543 5042 vocant,
1562 4980 1592 5031 in
1607 4994 1662 5046 quo
1673 4980 1802 5029 Heroum

999 5046 1804 5175 atriuinternitente“auree-

999 5153 1116 5241 Daneorl
1127 5194 1239 5254 portusz
1250 5201 1284 5239 ex
1294 5200 1349 5253 quo
1360 5131 1661 5256 offiigsbilemsteeum
1670 5148 1807 5243 perdum}

1000 5272 1032 5309 re
1041 5256 1069 5306 in
1082 5254 1186 5318 Nilum,
1206 5270 1262 5322 qua
1270 5263 1350 5323 parte
1360 5255 1396 5307 ad
1407 5255 1490 5308 Delta
1500 5254 1603 5306 dictum
1616 5238 1751 5353 deeprfgb
1765 5255 1816 5291 ἰ·-

999 5309 1828 5452 “ti-‘rstiztunrrienurnineaare.

1095 5442 1139 5488 ’-
1150 5467 1224 5519 ‘leet'
1245 5463 1267 5514 il
1279 5476 1330 5516 rex
1345 5460 1495 5532 eogltarlt:
1514 5466 1579 5505 mox
1590 5435 1836 5543 Ρῧήὲἑιὶξῗῆ·

1227 5478 1389 5587 liniensem
1405 5535 1537 5593 sequente
1558 5527 1605 5577 qus
1617 5511 1647 5557 at
1769 5510 1839 5549 ‘¹¹⁵-
