4374 6014
365 328 428 390 376
472 325 503 387 C.
531 322 680 385 retuli
706 316 910 380 SECUNDI
937 315 1106 376 NATUR.
1127 313 1314 376 ulsrolt.
1352 311 1437 374 ula.
1459 310 1640 372 xxxiii.
1672 312 1767 376 CAP.
1790 316 1910 379 2226.

402 477 465 530 illle
483 474 564 526 modo
580 476 725 539 puteorum
743 467 889 519 scrobibus
905 465 1048 528 effoditur,
1069 470 1119 518 aut
1133 465 1163 517 in
1216 465 1339 519 excussis
1349 463 1555 517 obtarameatin
1566 465 1687 534 erumpit
1707 471 1819 521 torrens
1831 470 1966 532 tantari,
1987 474 2046 547 ιιιἱ

367 544 605 600 ruinamontIum.
642 539 734 599 Quare
747 536 949 602 utraqueratio
960 536 1076 588 dicetur.
1111 537 1164 587 Au·
1215 535 1451 601 saraprorolrat.

371 632 430 669 rum
441 615 487 682 qni
497 612 642 679 quaerunt,
655 613 720 657 ante
730 606 825 658 omnia
835 605 973 671 segallum
985 605 1103 657 tollunt:
1121 605 1165 656 ita

369 691 484 736 vocatur
494 679 633 732 indicium.
669 674 769 726 Alveus
782 673 827 726 hic
837 683 893 727 estc
907 688 1062 741 arenaeque
1072 675 1165 725 laran-

370 763 436 815 tur,
454 758 537 816 atque
551 761 585 798 cx
597 758 630 797 eo
642 743 716 809 quod
731 744 855 806 resedit,
875 744 1037 796 coniectura
1047 743 1165 810 capitur.

369 820 510 873 Invenitur
520 812 669 882 aliquando
679 813 708 865 ia
720 829 827 864 summa
838 813 941 865 tellure
952 814 1089 879 protInus,
1099 827 1165 864 rara

371 890 519 942 felicitato:
539 892 571 935 ut
582 882 706 949 ruperia
716 882 859 934 Dalmatia
869 882 1026 948 principatu
1037 882 1165 944 Neronis,
1217 889 1367 947 praerupta
1378 880 1591 947 suspenduntur,
1600 880 1691 932 canali
1702 881 1744 932 ita
1753 881 1908 948 profluente
1920 885 2023 936 deter-

370 955 486 1023 ningulis
509 953 608 1006 diebus
619 952 705 1003 etiam
725 953 929 1019 quinquagenas
941 951 1026 1002 Ilbras
1038 950 1165 1003 lundens.

358 1022 633 1076 armoricanorum
646 1030 689 1074 est
706 1022 853 1073 insulamn
869 1020 990 1085 cespite,
1010 1021 1166 1082 uiuentium,

369 1097 393 1145 si
407 1100 437 1145 et
455 1107 524 1144 auro
539 1106 573 1145 ea
588 1092 673 1144 tellus
690 1091 794 1144 subest.
830 1091 929 1141 Cetera
945 1097 1055 1141 montes
1066 1089 1167 1155 llispn·

369 1164 431 1215 niae
443 1161 514 1212 aridi
525 1161 703 1227 sterilesque,
713 1167 744 1211 et
754 1162 783 1211 in
794 1160 891 1226 quibus
902 1157 969 1211 nihil
981 1159 1057 1210 aliud
1073 1161 1167 1225 gigna-

368 1238 423 1294 tur,
444 1229 508 1283 huic
519 1232 592 1283 bono
604 1235 741 1297 coguntur
752 1229 858 1281 fertiles
874 1244 943 1280 esse.
980 1227 1059 1290 Quod
1072 1228 1166 1294 puteis

369 1300 486 1362 inditur,
497 1300 662 1352 canalicium
674 1306 783 1360 vocant,
801 1297 849 1351 alii
860 1297 1031 1350 caualiense:
1050 1311 1168 1348 macmo-

370 1372 409 1420 ris
421 1370 535 1436 glareae
548 1368 701 1428 inhaerens,
714 1382 769 1418 nan
781 1367 830 1417 ilio
842 1366 933 1427 modo,
946 1382 1000 1434 quo
1010 1367 1040 1417 in
1052 1366 1167 1417 Oriente

1249 605 1327 656 iilius
1339 606 1491 656 etiamnum
1504 604 1531 654 ln
1544 602 1628 668 plano
1642 602 1732 657 labor.
1768 604 1875 660 Fossae
1885 622 2019 676 perquer

1217 674 2020 745 proiiuat,earantur:agogasrocnatzeaesternunturgra·

1217 744 1303 793 dntinr
1314 742 1400 805 alite,
1433 742 1536 793 Frater
1548 749 1591 793 est
1601 743 1674 792 roris
1684 747 1782 795 marini
1792 745 1905 808 simiIis,
1927 760 2020 815 asper,
2029 750 2043 799 ἐ
2050 778 2057 787 -
2142 786 2161 809 .,

1217 826 1369 878 aurumque
1380 813 1513 864 retinens.
1527 809 1631 862 Latera
1640 810 1788 864 cluduntur
1798 814 1911 878 tabuiis,
1923 831 1957 867 ac
1969 832 2022 883 per

1218 964 1250 1001 ra
1259 950 1287 1000 in
1297 964 1381 1000 mare.
1419 948 1521 1000 iliade
1538 949 1629 1000 causis
1648 950 1704 1002 iam
1722 954 2020 1020 promorltllispanla.

1218 1019 1248 1069 lu
1260 1022 1351 1085 priore
1363 1032 1479 1084 genere,
1500 1032 1570 1085 quae
1582 1018 1786 1071 exhauriuntur
1796 1020 1933 1074 immenso
1944 1023 2021 1075 labo·

1218 1103 1259 1149 ro,
1271 1102 1304 1138 ne
1316 1095 1449 1153 occupent
1460 1094 1570 1154 puteos,
1585 1087 1614 1138 ia
1626 1086 1678 1140 hoc
1689 1090 1825 1155 rigantur.
1862 1093 1966 1143 Aurum
1976 1107 2019 1144 ar·

1219 1157 1302 1222 rugia
1311 1156 1466 1221 quaesitum
1479 1156 1685 1223 concoquitur,
1706 1158 1756 1209 sed
1766 1160 1861 1209 statim
1874 1174 1953 1211 suum
1963 1169 2016 1214 est.

1219 1225 1400 1277 inveniuntur
1410 1226 1450 1275 ita
1460 1240 1576 1279 massae.
1594 1225 1718 1277 Necnon
1731 1228 1760 1278 ia
1771 1228 1864 1295 puteis
1875 1230 1960 1283 etism
1972 1229 2018 1282 de·

1220 1294 1443 1347 nascxcodentes
1454 1294 1548 1346 libras.
1585 1292 1859 1363 PaiacrnsIIIspani,
1882 1298 1930 1350 aiii
1942 1299 2017 1365 pala·

1219 1376 1334 1415 cranao:
1355 1362 1440 1415 iidem
1451 1363 1525 1430 qood
1542 1364 1677 1414 minutum
1696 1371 1752 1427 est,
1771 1366 1897 1418 balucem
1909 1375 2016 1419 vocant.

370 1436 502 1506 sapphiro
522 1445 606 1504 atque
619 1435 771 1497 ’I'hebaIem
793 1435 910 1502 aliisque
924 1437 953 1486 in
968 1436 1085 1503 gemmis
1094 1434 1166 1485 scia·
1220 1433 1424 1500 [Ἀρι-τωρωι
1435 1433 1535 1493 uritur,
1556 1438 1585 1482 et
1598 1434 1669 1484 cinis
1680 1436 1741 1486 eius
1751 1433 1864 1486 lavatur
1874 1437 2016 1489 substrato
2037 1457 2065 1495 v

370 1507 456 1568 tillat,
478 1507 526 1559 sed
549 1506 635 1557 micas
655 1504 810 1571 amplexum
833 1508 987 1556 marmoris.
1024 1503 1066 1555 Va
1086 1509 1169 1554 antur

370 1575 401 1627 hi
413 1591 542 1628 venarum
556 1574 664 1627 canales
685 1589 733 1640 per
749 1575 838 1624 latera
854 1580 1010 1640 puteorum,
1033 1519 1126 1625 ethna
1137 1574 1168 1623 il·

371 1644 499 1708 luc,inde
511 1645 622 1696 nominc
633 1644 742 1693 invento
753 1658 760 1691 r
771 1643 909 1710 tellusque
919 1643 1020 1709 ligneis
1032 1640 1169 1694 columnis

372 1714 560 1780 suspenditur.
597 1710 677 1773 Quod
687 1710 818 1763 effossura
829 1719 882 1773 est,
903 1712 1038 1776 tunditur,
1050 1712 1170 1771 Innatus,

370 1784 472 1841 uritur,
484 1781 599 1832 nroIItur
611 1784 638 1830 in
650 1780 777 1843 ianuam,
796 1795 829 1832 ac
839 1782 903 1847 pilis
914 1782 1025 1832 cudunt.
1060 1781 1170 1835 Vocant

371 1857 528 1918 argentum,
551 1849 625 1916 quod
638 1850 696 1901 exit
709 1866 725 1899 a
736 1849 867 1901 fornace:
898 1850 1072 1914 sudorisque,
1093 1849 1169 1917 quis

371 1920 480 1971 camino
495 1919 626 1979 iactatur,
647 1919 791 1984 spurcitia,
813 1919 841 1969 in
858 1921 932 1969 onrni
949 1917 1169 1969 metalloscoria

371 1989 534 2056 appellatur.
572 1988 649 2038 ilaec
670 1988 697 2038 in
717 2002 784 2037 auru
806 1987 939 2045 tunditur,
958 1987 1113 2053 iterumque
1125 2002 1169 2036 co·

371 2059 475 2126 quitur.
512 2056 603 2107 Cotini
616 2057 684 2123 hunt
697 2072 730 2108 ea
741 2057 876 2108 tasconia.
913 2057 976 2107 Iluc
988 2063 1031 2107 est
1040 2064 1116 2107 terra
1127 2054 1167 2106 al·

345 2176 352 2182 .
370 2128 407 2183 ha
416 2126 515 2178 simliis
526 2124 653 2193 argillae.
666 2124 763 2190 Neque
772 2125 844 2177 onim
856 2124 913 2175 alia
924 2124 1056 2188 afflatum,
1064 2127 1168 2193 ignem·

373 2211 437 2265 quc,
450 2201 479 2248 et
489 2193 631 2247 ardentem
643 2195 789 2245 materiam
801 2193 912 2245 tolerat.

407 2265 505 2315 Tertia
524 2263 596 2314 ratio
612 2277 698 2329 opera
714 2262 813 2313 vicerit
830 2261 988 2331 GIgantum.
1025 2260 1169 2314 Cuniculis

373 2349 424 2399 per
436 2347 535 2399 magna
545 2332 636 2398 spatia
648 2333 718 2383 actis
730 2338 864 2382 cavantur
881 2338 990 2383 montes
999 2330 1035 2383 ad
1045 2332 1170 2382 lucerna·

372 2416 433 2452 rum
447 2401 559 2451 Iuntina.
596 2400 701 2451 Eadem
712 2415 840 2451 mensura
849 2399 1009 2466 uigiliarum
1022 2406 1083 2450 est:
1100 2399 1171 2452 mul·

372 2472 465 2538 tisque
478 2470 616 2522 aiensibus
636 2483 689 2520 non
707 2469 830 2520 cernitur
841 2468 909 2521 dits.
943 2469 1076 2535 arrugias
1086 2468 1114 2518 id
1125 2481 1171 2533 ge·

371 2555 425 2590 nus
439 2546 554 2591 vocant:
572 2538 721 2606 siduntque
739 2539 825 2590 rimae
841 2540 943 2598 subito,
967 2544 995 2589 et
1011 2538 1170 2605 opprimunt

374 2615 520 2676 operatos:
539 2613 569 2658 ut
579 2608 634 2658 iam
655 2610 744 2658 asinus
756 2607 931 2658 temerarium
942 2607 1070 2658 videntur
1080 2622 1095 2658 e
1106 2619 1168 2671 pro·

373 2678 460 2730 hundo
483 2679 567 2728 maris
587 2673 681 2743 petere
699 2677 878 2742 nrargnritasr
897 2682 975 2727 tanto
992 2675 1170 2726 nocentiores

373 2747 489 2799 lecimus
510 2754 610 2797 terras.
646 2745 851 2809 Relinquuotur
864 2747 958 2810 itaque
976 2743 1096 2795 irrrnlces
1112 2757 1169 2792 cre·

372 2819 414 2867 hri
427 2816 566 2867 arantibus
576 2813 755 2863 sarstinoodis.
792 2815 944 2864 Occursant
960 2813 986 2862 ia
997 2821 1115 2878 utroque
1126 2824 1171 2876 ge·

372 2899 438 2936 nere
449 2883 551 2934 silices.
589 2882 649 2931 llos
665 2882 722 2946 igni
741 2888 769 2932 ct
788 2889 1017 2945 acetorumpuat.
1054 2882 1170 2943 Saepius

372 2968 449 3013 vero,
469 2950 596 3017 quoniam
609 2950 636 3000 io
653 2948 789 3000 cuniculis
804 2964 890 3015 vapor
900 2956 929 3000 et
940 2948 1033 2999 fumus
1043 2956 1169 3014 strangu·

371 3022 422 3081 lat,
443 3018 577 3079 caedunt,
598 3017 730 3069 fracturis
752 3018 796 3067 ct.
817 3018 903 3069 libras
925 3016 985 3070 iere
1004 3018 1169 3082 agentibus:

373 3095 541 3154 egeruntque
563 3085 685 3139 humenis
704 3085 832 3137 noctibus
849 3101 882 3137 ac
899 3085 1005 3146 diebus,
1027 3100 1075 3151 per
1094 3093 1170 3137 tene·

373 3158 437 3205 bros
460 3158 592 3221 praxinus
612 3156 766 3207 tradentes:
787 3154 876 3206 lucem
892 3155 1169 3205 norissimicernuut.

373 3225 404 3275 Si
417 3226 526 3291 longior
538 3224 647 3276 ridetur
657 3223 740 3285 silex,
762 3221 837 3274 latus
847 3224 975 3288 seqnitur
985 3222 1060 3274 iussa
1072 3223 1170 3275 ambit·

373 3308 436 3359 que.
477 3295 582 3346 ‘I'amen
602 3294 630 3343 in
651 3292 730 3346 sllice
752 3293 862 3345 facilior
883 3292 1056 3344 existimetur
1075 3308 1169 3359 opera.

372 3364 425 3414 list
436 3378 554 3431 namque
569 3370 646 3414 terra
662 3379 696 3415 ex
715 3362 833 3430 quodam
850 3362 969 3429 argillae
981 3377 1091 3431 genere,
1112 3363 1170 3431 gla-

373 3447 438 3484 reae
450 3434 539 3485 mixta
549 3434 707 3496 (candidam
719 3432 832 3498 vocant)
842 3447 928 3500 prope
938 3431 1169 3500 inexpugnabilis.

374 3500 475 3553 Caucis
486 3516 545 3553 eant
557 3501 657 3552 ferreis
670 3501 879 3569 aggrediuntur,
899 3509 927 3553 et
938 3500 1034 3555 iisdem
1045 3504 1150 3554 malleis
1162 3519 1169 3551 t

373 3568 497 3634 nihilque
519 3569 616 3621 durius
636 3576 744 3636 putant,
764 3572 816 3622 nisi
832 3570 905 3638 quod
922 3571 995 3623 inter
1006 3570 1169 3623 aasumensi

373 3636 464 3688 iancea
487 3637 636 3689 durissima
649 3645 699 3690 cst.
736 3639 852 3691 Peracto
864 3655 961 3706 opero,
981 3641 1103 3692 cervices
1116 3639 1171 3689 Ior-

373 3705 465 3755 nicam
476 3705 511 3757 ab
522 3707 619 3757 ultimo
632 3706 762 3759 caedunt.
802 3708 858 3759 Dat
869 3710 977 3773 signum
990 3711 1078 3769 ruina,
1096 3721 1170 3759 eanr-

374 3789 427 3840 que
437 3772 513 3824 solus
524 3774 658 3841 intelligit
669 3777 697 3825 in
708 3775 849 3828 cacumine
867 3775 1170 3843 montiseiusperrigil.

373 3841 430 3894 llic
441 3857 508 3896 voce
518 3843 610 3895 letare
619 3844 733 3895 evocari
743 3842 819 3894 iubet
826 3858 934 3909 operas,
942 3845 1101 3911 pariterque
1111 3845 1171 3910 lpse

375 3911 496 3965 deuolat.
533 3913 614 3966 Mons
627 3912 731 3966 itacius
742 3912 818 3963 cadit
830 3912 865 3963 ab
875 3929 937 3964 sese
949 3913 1039 3977 louge,
1059 3912 1171 3978 fragore

374 3985 421 4050 qui
433 3983 511 4035 conci
531 3983 540 4034 i
552 3981 671 4035 humana
682 3988 775 4035 mente
785 3996 839 4032 non
851 3981 948 4049 possit,
966 3988 994 4033 et
1006 3982 1072 4032 lietu
1082 3982 1172 4033 incre·

374 4053 466 4105 dibili.
503 4000 638 4121 sspectant
649 4053 768 4104 uictores
780 4052 884 4103 nulnum
898 4056 1021 4102 naturae.
1058 4051 1115 4104 Nec
1128 4059 1170 4102 tu·

373 4139 436 4176 rnen
448 4121 537 4176 adhue
548 4137 645 4175 aarum
657 4130 713 4176 est:
735 4136 786 4173 nec
795 4122 883 4172 sciere
899 4136 971 4182 esse,
993 4135 1055 4172 cum
1065 4119 1171 4173 fodere.

373 4193 519 4261 'I'antaque
531 4194 564 4245 ad
577 4192 702 4261 pericula
718 4198 746 4243 et
763 4188 903 4256 impendia
920 4190 988 4241 satis
999 4189 1053 4242 luit
1062 4206 1174 4254 causae,

374 4276 490 4329 sperare
500 4263 574 4331 quod
586 4267 726 4329 cuperent.

409 4333 486 4384 illius
497 4348 547 4400 par
559 4332 653 4395 labor,
677 4346 709 4383 nc
718 4329 762 4382 vel
774 4330 889 4381 maioris
899 4329 1041 4396 impendii,
1060 4328 1174 4381 humina

376 4396 412 4448 nd
424 4398 567 4453 lavandam
576 4401 646 4452 hanc
658 4401 763 4453 ruinam
775 4400 848 4467 iugis
858 4401 991 4451 montium
1004 4398 1104 4450 ducere
1115 4400 1174 4451 obi·

370 4472 444 4515 tera
454 4471 605 4521 centesima
614 4471 774 4537 plerumque
789 4469 890 4536 lapide.
910 4470 1050 4535 corrugos
1061 4474 1172 4529 vocant,

375 4547 393 4583 a
404 4536 701 4600 conrivationecredo:
714 4538 842 4589 nimirum
855 4545 882 4589 et
891 4536 1077 4589 hiclahurest.
1090 4537 1172 4588 Prae·

377 4601 486 4666 cepisse
497 4605 689 4658 libramentum
701 4612 824 4672 oportet,
833 4613 862 4657 ut
874 4606 950 4657 Iurat
961 4608 984 4656 is
995 4619 1049 4672 qun
1060 4603 1171 4657 iolluat:

1220 1502 1325 1567 cespite
1336 1498 1466 1563 herboso,
1476 1508 1507 1551 ut
1517 1500 1592 1551 sidat
1601 1516 1707 1553 aurum.
1732 1503 2014 1573 Vicennmlllinpon·

1221 1570 1258 1621 do
1277 1568 1313 1620 ad
1334 1569 1405 1621 hunc
1424 1569 1536 1620 modum
1558 1571 1637 1622 annis
1654 1571 1771 1638 singuiis
1786 1573 2016 1643 Asturiamatqus

1221 1639 1391 1693 Gallaeciaas
1409 1645 1437 1691 et
1449 1638 1624 1691 Lusitaniam
1639 1648 1782 1707 praestare
1803 1643 1914 1711 qnidam
1925 1644 2017 1712 prodi·

1221 1708 1339 1770 derunt,
1359 1709 1400 1760 ita
1411 1715 1441 1759 ut
1452 1708 1598 1775 plurimum
1609 1711 1723 1763 Asturia
1738 1712 1846 1779 gignat.
1883 1713 1975 1780 Neque
1986 1713 2015 1763 in

1221 1778 1278 1829 alia
1288 1784 1367 1844 parte
1377 1785 1512 1830 terrarum
1524 1785 1569 1829 tat
1580 1778 1683 1831 seculis
1699 1779 1769 1833 haec
1780 1780 1922 1834 fertilitas.
1957 1783 2013 1834 lta·

1221 1847 1278 1898 liae
1290 1848 1364 1914 parci
1375 1854 1469 1899 vetere
1480 1846 1628 1898 interdIcto
1640 1857 1748 1914 patrum
1761 1851 1895 1902 dixisooar
1911 1851 1967 1902 alio
1987 1851 2014 1901 ui

1222 1916 1299 1968 nulia
1310 1915 1473 1968 foecundior
1485 1917 1659 1968 metallorum
1670 1933 1780 1985 quoque
1792 1920 1950 1972 ernttellus.
1961 1867 2017 1970 ἔτ·

1221 1991 1278 2037 stat
1289 1985 1333 2036 lea
1346 1986 1479 2037 censoria
1495 1985 1682 2037 lctimularum
1700 1988 1882 2050 nurliodinae,
1902 1987 2016 2040 Vercel·

1221 2056 1289 2107 lensi
1300 2068 1378 2122 agro,
1398 2069 1452 2121 qua
1462 2054 1621 2116 cavebatur,
1641 2073 1675 2106 ne
1688 2056 1749 2122 plus
1762 2060 1881 2125 quinque
1890 2057 2015 2109 millibus

1222 2122 1361 2174 ironrinum
1373 2126 1399 2173 in
1411 2137 1496 2189 opere
1508 2123 1647 2188 publicani
1659 2123 1802 2176 haberent.

1257 2192 1343 2243 xxii.
1363 2192 1465 2242 Aurum
1478 2191 1599 2243 faciendi
1617 2198 1659 2242 est
1675 2194 1824 2244 etiamnum
1834 2196 1972 2245 unaratio
1982 2209 2016 2247 ex

1220 2267 1448 2389 :lutitiae
1459 2259 2023 2397 ili.illiti.transtulisset-

1221 2399 1356 2448 cularluaa
1375 2396 1470 2448 mado.
1506 2398 1726 2463 invitaveratque
1742 2412 1804 2464 spes
1821 2399 1918 2450 Caium
1937 2401 2017 2464 pria·

1220 2468 1307 2533 cipum
1320 2466 1508 2517 aridissimum
1521 2467 1598 2518 nuri:
1618 2467 1793 2531 quamobrem
1804 2467 1885 2517 iussIt
1896 2469 2017 2534 excoqui

1221 2549 1352 2602 nnagnunr
1365 2533 1485 2601 modus:
1498 2541 1526 2586 et
1536 2536 1617 2601 plane
1629 2534 1694 2586 iecit
1704 2549 1800 2586 aarum
1808 2536 1958 2597 excellens,
1964 2536 2017 2589 sed

1220 2606 1262 2656 ita
1283 2605 1363 2670 parri
1383 2603 1522 2671 ponderis,
1541 2613 1575 2656 ut
1591 2605 1786 2656 detrimentum
1797 2604 1927 2666 secaret,
1945 2604 2016 2656 illud

1221 2680 1333 2741 propter
1341 2672 1488 2724 avaritiam
1500 2680 1641 2739 expertus:
1653 2687 1809 2741 quanquam
1818 2674 2016 2740 auripigmenti

1221 2743 1310 2862 iiqrnc
1321 2743 1347 2795 x
1356 2743 1394 2795 IV
1406 2748 1643 2808 permutarentur:
1665 2758 1717 2795 nec
1727 2748 1827 2809 pastea
1836 2749 1973 2795 tentatura
1980 2744 2015 2795 ab

1221 2813 1248 2863 ul
1262 2818 1341 2864 uest.

1256 2879 1355 2931 xxiii.
1376 2879 1456 2930 Omni
1467 2894 1536 2932 auro
1549 2881 1621 2935 inest
1633 2876 1778 2950 argenium
1797 2881 1877 2931 varie
1888 2881 2016 2947 pondere,

1222 2949 1291 3001 alibi
1311 2948 1392 3008 dena,
1410 2947 1480 2999 alibi
1499 2962 1580 3011 noun,
1601 2950 1669 3003 aiibi
1685 2958 1783 3002 nemra
1795 2957 1884 3016 parte.
1920 2950 1949 3001 la
1961 2964 2016 3001 uno

1221 3024 1328 3070 tanturn
1341 3015 1450 3066 Galilae
1461 3016 1585 3078 aretullo,
1597 3018 1671 3083 quod
1691 3025 1791 3071 nocant
1818 3019 2015 3080 Albicratenae,

1221 3087 1363 3139 tricesima
1374 3087 1556 3154 sextaportio
1572 3086 1724 3138 invenitur:
1745 3089 1811 3141 ideo
1832 3090 1931 3142 ceteris
1940 3102 2016 3155 prae·

1223 3164 1275 3208 est.
1313 3156 1471 3221 Ubicunque
1483 3156 1579 3221 quinta
1587 3156 1697 3223 argenti
1709 3158 1801 3223 portia
1813 3166 1866 3221 est,
1882 3158 2015 3211 electrum

1221 3231 1346 3277 uocatur.
1376 3222 1493 3276 Scrobes
1504 3238 1554 3275 cae
1564 3227 1779 3291 reperiunturin
1790 3227 1950 3280 canalleasi.
1971 3226 2016 3277 Fit

1222 3301 1251 3346 et
1261 3307 1329 3345 cura
1339 3293 1471 3345 electrum
1492 3300 1606 3361 argenta
1622 3293 1729 3346 addito.
1765 3296 1846 3359 Quod
1858 3298 1882 3348 si
1893 3296 2015 3363 quintam

1222 3364 1380 3431 portionem
1391 3364 1520 3423 excessit,
1542 3363 1688 3414 incudibus
1699 3380 1753 3415 non
1763 3366 1880 3418 resistit.
1916 3367 1950 3416 itt
1960 3364 2016 3415 ele·

1222 3439 1283 3485 ctro
1294 3433 1459 3492 anactoritas,
1481 3433 1604 3483 ilomcro
1616 3439 1704 3494 tcste,
1723 3435 1767 3500 qui
1780 3434 1901 3487 Menelai
1911 3434 2016 3499 regiam

1223 3517 1301 3564 auro,
1315 3501 1428 3563 electro,
1439 3508 1563 3565 argento,
1574 3503 1657 3554 chare
1667 3502 1775 3570 fulgere
1787 3503 1881 3555 tradit.
1916 3503 2019 3553 Misso

1223 3586 1273 3622 rae
1291 3571 1422 3636 templum
1442 3568 1525 3620 hahet
1539 3570 1654 3633 Lindos,
1675 3572 1779 3623 Insulae
1791 3572 1966 3630 llhodiorum,
1988 3570 2018 3622 ia

1222 3656 1277 3708 quo
1289 3632 1529 3691 llclenassacrarit
1544 3638 1658 3691 callecm
1670 3655 1705 3691 en
1716 3640 1830 3691 electro.
1865 3639 1969 3692 adiicit
1977 3636 2017 3689 hi·

1223 3711 1319 3767 storin,
1340 3722 1476 3759 manrmnn
1486 3723 1553 3759 suae
1565 3722 1702 3761 niennura.
1739 3708 1842 3760 Electri
1853 3717 1954 3759 natura
1964 3714 2018 3769 est,

1223 3777 1257 3829 ad
1278 3778 1453 3828 lucernarum
1473 3776 1580 3828 lumina
1601 3778 1703 3830 clarius
1722 3791 1754 3827 ar
1772 3782 1837 3827 ento
1857 3774 2018 3843 splendere.

1224 3846 1304 3907 Quod
1316 3852 1359 3896 cst
1370 3848 1504 3904 nativum,
1517 3852 1545 3897 et
1555 3862 1661 3899 nenena
1673 3792 1862 3910 deprehendit.
1890 3842 2019 3910 Naarque

1224 3915 1382 3967 discurrunt
1403 3915 1431 3965 in
1453 3914 1587 3966 calicibus
1607 3931 1693 3977 arcus,
1715 3912 1881 3964 caelestibus
1902 3913 2018 3977 similes,

1224 3998 1284 4035 cunr
1297 3984 1379 4050 lgneo
1391 3982 1524 4034 stridore:
1535 3993 1564 4036 et
1574 3986 1683 4050 gemina
1693 3984 1803 4035 ratione
1813 3982 1988 4049 praedicunt.

1236 4051 1239 4060 '
1259 4050 1359 4105 XXIV.
1378 4053 1469 4103 Aurea
1484 4059 1580 4106 statua
1600 4056 1687 4120 priora
1706 4052 1828 4104 omnium
1840 4050 2018 4103 nuIIaInaol.

1223 4128 1291 4185 tate,
1312 4127 1341 4175 et
1361 4129 1507 4189 antequam
1526 4137 1561 4173 ex
1575 4138 1640 4175 nere
1660 4123 1754 4189 aliqua
1773 4122 1821 4173 illo
1835 4121 2018 4182 modoficret,

1224 4207 1304 4259 quam
1317 4197 1415 4243 nocant
1428 4189 1692 4257 holosphyrnton,in
1704 4193 1809 4257 templo
1819 4189 1956 4243 ausitidis
1967 4202 2016 4255 po·

1224 4265 1280 4315 sita
1290 4261 1401 4323 dicitur,
1420 4265 1486 4326 (quo
1498 4262 1537 4310 sit
1547 4262 1602 4311 situ
1614 4268 1751 4312 terrarum
1763 4275 1862 4313 nomen
1873 4255 2017 4325 hoasIgni·

1225 4332 1388 4391 nescimus.)
1399 4330 1509 4380 numius
1539 4329 1650 4380 entibus
1660 4330 1716 4380 illis
1726 4330 1924 4382 sacratisslnta.
1934 4327 2015 4378 Dirc·

1223 4409 1271 4469 pta
1282 4406 1325 4453 est
1334 4399 1445 4453 Antonii
1457 4345 1594 4449 Parthicis
1606 4399 1697 4449 rebus.
1718 4398 1881 4467 Scitumque
1891 4402 2017 4448 narratur

1223 4471 1326 4524 dietum
1338 4472 1420 4520 unius
1432 4476 1625 4519 veteranorum
1639 4468 1798 4530 Bononiae,
1819 4465 1948 4546 hospitali
1959 4462 2016 4514 diri

1223 4539 1339 4607 Augusti
1350 4553 1448 4598 coena,
1468 4552 1530 4587 curn
1542 4537 1777 4601 interrogaretur,
1797 4544 1905 4589 essetne
1915 4545 2018 4592 naman,

1224 4624 1285 4660 eum
1307 4610 1352 4676 qui
1375 4609 1479 4672 pansus
1496 4604 1628 4656 ululasset
1641 4603 1814 4665 hooaumea‚
1834 4605 1922 4656 oculis
1934 4615 2015 4653 mem·

375 4666 469 4734 itaque
480 4671 626 4726 altissimis
645 4674 770 4742 partibus
781 4675 900 4727 ducitur.
936 4674 1180 4753 &noalliset'irb
1223 4672 1952 4744 brisquecaptumeaspirasselResponditenim,tum
1963 4684 2018 4721 rna·

375 4736 494 4789 terralln
514 4742 677 4795 substructis
689 4743 832 4796 canalibus
852 4744 1012 4813 iunguntur.
1046 4742 1120 4793 Alibi
1131 4757 1173 4793 ru·
1222 4748 1297 4798 xime
1308 4748 1460 4812 Augustum
1473 4743 1507 4793 de
1519 4756 1599 4793 crure
1620 4743 1679 4793 eius
1689 4753 1822 4799 coenare,
1842 4752 1929 4804 seque
1941 4739 2017 4791 illum

378 4815 427 4866 pes
449 4805 538 4857 inviae
557 4810 724 4875 caeduntur,
744 4813 893 4879 sedeatque
913 4813 1036 4865 trabibus
1059 4820 1173 4863 cavatae

375 4870 509 4954 praebere
523 4886 666 4941 cognantur.
692 4881 719 4933 Is
729 4883 775 4949 qui
786 4882 889 4943 caedit,
898 4880 1011 4933 ionibus
1024 4880 1133 4947 pendet,
1143 4888 1174 4931 Μ

376 4938 474 5004 procul
493 4946 664 4997 intuentibus
679 4952 784 5016 species
802 4968 837 5004 ne
848 4951 968 5005 ferarum
981 4949 1102 5016 quidem,
1121 4950 1172 5002 scd

376 5006 475 5088 alitum
487 5010 546 5090 ilat.
582 5012 734 5069 Pendentes
746 5012 894 5073 malorena
912 5026 991 5088 parte
1004 5020 1122 5080 librant,
1143 5026 1172 5070 et

376 5075 464 5159 Irqeas
487 5080 581 5158 rtrneri
598 5083 777 5145 praeducant.
815 5092 911 5156 ltaque
921 5090 1075 5140 insistentis
1086 5088 1169 5139 resti·

375 5160 431 5213 gns
443 5144 560 5197 hamanis
573 5145 652 5198 Iocus
664 5162 780 5205 nonest.
800 5157 900 5208 Manus
912 5156 1028 5210 trabunt
1038 5170 1120 5208 omns
1128 5158 1169 5209 ri·

374 5215 444 5265 tium
458 5214 609 5280 inopertis.
629 5216 658 5268 Id
671 5233 757 5284 genus
769 5229 861 5278 terrae
871 5229 959 5278 umam
971 5232 1078 5289 vocant.
1096 5228 1170 5292 Ergo

375 5296 425 5348 per
436 5282 529 5335 silices
540 5282 696 5335 calculosve
707 5284 851 5353 ducuntur,
861 5302 889 5346 et
901 5296 991 5346 urium
1004 5296 1117 5347 evitant
1128 5293 1169 5346 aa

375 5351 467 5418 capita
486 5351 611 5404 deiectus
633 5353 661 5404 in
680 5355 837 5419 superciliis
850 5364 982 5414 montium
996 5363 1117 5429 piscinae
1127 5378 1170 5413 ca·

374 5427 482 5472 vantur:
497 5420 632 5474 dueenlos
643 5420 726 5488 pedes
738 5422 765 5473 in
779 5439 898 5492 quasque
911 5438 1014 5495 partes,
1028 5438 1056 5484 et
1067 5431 1095 5482 in
1107 5431 1170 5483 alti-

373 5484 499 5541 tudinem
512 5489 606 5542 denos.
644 5491 796 5545 Emissaria
807 5493 833 5544 in
845 5493 887 5546 his
899 5499 981 5563 quina
993 5498 1092 5563 pedum
1105 5515 1170 5566 qua·

373 5552 515 5608 elratorutn
528 5565 635 5613 ternum
648 5558 708 5613 iere
718 5560 889 5628 linquuntur,
911 5571 939 5615 et
950 5564 1058 5628 repleto
1068 5575 1169 5635 stagno

1224 4830 1293 4876 esse,
1303 4822 1448 4880 totumque
1458 4813 1511 4861 sihi
1521 4824 1632 4861 censum
1644 4824 1683 4861 ea
1691 4823 1725 4859 ea
1736 4809 1841 4873 rapina.
1866 4807 2018 4859 Hominum

1223 4883 1327 4950 primus
1338 4890 1366 4931 et
1376 4894 1487 4932 auream
1498 4884 1622 4929 statuam
1633 4885 1662 4929 et
1674 4875 1795 4927 solidani
1804 4875 2021 4943 GorginsLeon·

1222 4952 1296 5003 tians
1307 4948 1425 5016 Delphis
1445 4948 1473 4998 in
1496 4945 1599 5013 tenrplu
1619 4945 1672 4996 sibi
1695 4945 1797 5011 posuit,
1817 4945 1896 4997 LXX
1908 4944 2021 4995 circiter

1223 5017 1395 5088 Olympiade.
1431 5018 1539 5068 Tantus
1559 5022 1621 5069 erat
1641 5013 1785 5067 docendae
1798 5014 1939 5067 oratoriae
1949 5013 2021 5064 artis

1241 5094 1362 5139 uaestus.

1223 5105 1344 5209 qXXV.
1363 5151 1603 5220 turunprurtmts
1615 5151 1705 5204 modis
1724 5151 1815 5220 pollet
1834 5152 1863 5204 in
1880 5147 2020 5200 remediis.

1223 5226 1446 5291 vulneratisque,
1453 5230 1481 5274 et
1493 5220 1645 5273 infantibus
1658 5223 1822 5291 applicatur,
1829 5225 1860 5270 ut
1872 5219 1960 5268 minus
1971 5231 2022 5267 aa·

1223 5293 1488 5363 ceant,quaeinier=
1758 5286 2021 5353 Εηοτὶρςίωρω.

1223 5365 1280 5418 lato
1301 5364 1343 5416 sis
1365 5362 1465 5416 maletis
1745 5374 1823 5428 loqur·
1860 5364 2023 5403 “mmm

1222 5433 1348 5485 iacturis.
1373 5433 1456 5484 lionae
1772 5438 1792 5479 n

1224 5517 1281 5563 eon,
1295 5502 1394 5568 quibus
1405 5516 1452 5551 nse«

1222 5571 1297 5623 mino
1307 5569 1445 5637 pondere,

2067 5628 2175 5982 q
