4340 6018
340 301 399 363 158
463 298 494 359 C.
530 292 680 355 PLlNll
713 288 924 354 SECUNDI
959 283 1127 349 Neron.
1162 280 1357 343 tiisroa
1391 282 1479 344 biti.
1501 280 1565 341 XI.
1600 277 1696 340 CAP.
1722 280 1882 337 itit-itt.

341 449 410 503 baec
422 461 519 500 manus
531 442 794 506 traducebamus
806 437 1025 503 armatorum:
1041 436 1143 491 fortas·
1196 433 1298 504 pedum
1319 435 1412 504 impar
1432 433 1569 486 nulliest.
1604 427 1800 497 solidipedum
1811 442 1894 481 crura
1904 432 2003 485 statim

342 520 380 572 sis
403 519 470 587 quia
487 517 562 570 inest
580 516 616 567 iis
636 513 769 565 vitalitas.
805 508 932 576 Namque
952 508 981 560 in
996 509 1058 576 ipsa
1069 520 1142 575 genu
1196 506 1273 558 iusta
1292 510 1442 559 nascuntur
1460 515 1602 556 nvensura:
1623 507 1723 566 postca
1738 500 1952 567 exporrigentia
1972 516 2003 554 se
2043 520 2058 532 ·

343 587 488 655 utriusque
508 584 702 643 commissura,
723 578 824 629 dextra
843 581 989 645 laevaque,
1010 593 1028 629 a
1050 578 1143 644 priore
1197 575 1298 638 verius,
1313 591 1395 642 quam
1407 571 1569 626 crescentia.
1605 571 1702 636 ltaque
1713 568 1741 620 in
1753 567 1875 621 infantia
1885 568 2003 625 scabunt

342 667 423 727 parte
432 658 544 726 gemina
553 651 688 720 quaedam
699 649 848 701 buccarum
858 648 982 701 inanitas
992 648 1077 699 inest:
1088 660 1144 713 qua
1195 660 1277 699 aures
1288 642 1503 712 posterioribus:
1516 639 1590 708 quod
1600 638 1699 691 addita
1709 644 1806 691 aetate
1817 654 1872 690 non
1882 646 2004 706 queunt:

343 725 479 796 perfossa,
500 738 551 776 ceu
570 719 676 787 iugulo,
697 716 813 785 spiritus
834 718 917 788 sugit.
953 718 1067 769 ineatet
1079 716 1143 766 aliis
1199 715 1265 782 quia
1276 714 1423 783 longitudo
1435 709 1608 780 superficiem
1616 723 1763 777 corporum
1774 708 1864 760 solam
1876 708 2002 776 ampliat.

344 798 468 865 partibus
479 789 614 859 quaedam
625 788 743 856 religio:
754 787 827 841 sicut
838 789 939 842 dextra
949 786 1054 838 osculis
1065 798 1142 836 aver-
1198 785 1261 836 Hac
1273 784 1307 837 de
1315 798 1404 837 caasa
1420 783 1493 837 inter
1504 780 1587 833 initia
1598 782 1684 845 pasci,
1704 776 1759 830 nisi
1769 778 1915 830 submissis
1926 780 2003 847 geni·

343 882 376 918 su
387 864 535 931 appetitur,
544 858 574 911 in
584 858 639 910 lide
651 857 813 926 porrigitur.
830 854 1103 925 AntiquisGraeciac
1114 851 1143 903 in
1196 854 1256 918 bus,
1278 868 1332 906 non
1342 859 1474 921 possunt:
1487 864 1635 916 secusque
1646 848 1712 901 dum
1722 848 1816 901 cervix
1827 847 1862 900 ad
1873 848 1950 901 iusta
1961 851 2002 902 in.

343 930 524 1001 supplicando
536 934 660 982 mentum
671 930 810 996 attingere
821 943 882 981 mos
892 932 963 980 erat.
995 928 1047 978 Est
1057 924 1087 975 in
1097 938 1144 975 au·

343 1016 373 1055 re
385 1003 442 1052 ima
451 1000 603 1052 memoriae
614 998 704 1060 locus,
712 1013 791 1064 quem
804 1004 952 1065 tangentes
964 1000 1143 1048 obtestamur.

342 1071 394 1122 Est
404 1075 468 1135 post
478 1082 574 1121 aurem
587 1083 676 1136 aeque
687 1066 814 1119 dextram
826 1067 980 1127 Nemesion,
990 1069 1073 1131 (quae
1083 1063 1145 1115 Dea

341 1141 472 1193 Latinum
483 1153 583 1190 nomen
594 1153 629 1190 ne
640 1140 668 1189 in
677 1138 818 1204 Capitolio
826 1136 938 1205 quidem
949 1132 1082 1194 invenitc)
1090 1146 1143 1199 quo

343 1207 492 1260 referimus
512 1213 619 1259 tactum
631 1222 681 1259 ore
693 1209 848 1274 proximum
861 1204 1002 1257 aminimo
1015 1202 1144 1269 digitum,

342 1277 452 1330 veniam
464 1276 602 1330 sermonis
612 1291 630 1327 a
641 1277 696 1327 diis
707 1276 745 1326 ibi
756 1275 947 1327 recondentes.

378 1347 447 1399 etv.
466 1344 583 1397 varices
594 1345 622 1395 in
632 1344 759 1397 cruribus
770 1344 832 1395 viro
842 1349 967 1395 tantam:
979 1340 1089 1393 mulieri
1101 1354 1145 1391 ra·

342 1430 385 1467 ro.
402 1416 431 1467 C.
443 1415 574 1478 Marium,
594 1414 642 1480 qui
651 1415 757 1479 septies
768 1414 863 1465 consul
874 1412 936 1473 luit,
956 1418 1076 1463 stantem
1089 1408 1144 1459 sibi

342 1483 452 1537 extrahi
463 1499 574 1551 passum
584 1498 668 1535 unum
680 1481 834 1544 hominum,
846 1482 953 1549 Oppius
964 1484 1125 1533 auctorest.

378 1555 435 1607 CV.
454 1549 845 1605 Omninanimaliaadextris
857 1550 984 1616 partibus
1005 1546 1145 1608 incedunt,

342 1622 467 1674 sinistris
478 1622 620 1674 incubant.
639 1620 766 1687 Reliqua,
777 1626 808 1670 ut
820 1619 931 1672 libitum
945 1623 997 1679 est,
1010 1614 1143 1683 gradiun-

342 1698 398 1744 tur.
428 1691 488 1745 Leo
499 1697 608 1743 tantum
620 1695 649 1741 et
660 1689 782 1743 cautelas
793 1688 926 1756 pedatim,
936 1685 990 1738 hec
999 1693 1054 1748 est,
1066 1691 1097 1736 ut
1109 1685 1145 1734 sl·

342 1764 432 1814 nister
461 1777 491 1815 es
511 1775 567 1812 non
586 1765 713 1811 tremeat
734 1757 871 1821 dextrum,
892 1756 941 1809 sed
951 1755 1144 1822 subsequatur.

342 1830 432 1884 Pedes
442 1777 549 1883 Remini
560 1829 682 1891 marinii,
693 1827 803 1881 feminis
817 1827 961 1880 tenuiores
970 1826 999 1877 in
1012 1827 1086 1876 omni
1098 1838 1145 1892 ge·

343 1915 416 1953 nere.
452 1899 540 1951 Surae
550 1895 655 1949 homini
669 1902 787 1960 tantum,
799 1902 828 1948 et
839 1911 920 1949 crura
932 1908 1061 1947 carnosa.
1090 1893 1144 1944 lle-

343 1970 451 2037 peritur
464 1966 536 2036 apud
546 1973 692 2030 auctores,
703 1966 839 2033 quendam
851 1966 880 2017 in
889 1969 1016 2034 Aegypto
1028 1978 1081 2015 non
1094 1962 1144 2013 ha-

343 2039 436 2092 buisse
457 2053 547 2090 suras.
583 2034 659 2089 Vola
679 2034 783 2089 homini
805 2042 922 2098 tantum,
943 2034 1067 2101 exceptis
1088 2031 1146 2099 qui-

341 2107 470 2160 busdam.
498 2106 628 2173 Namque
636 2112 665 2160 et
674 2104 738 2157 hinc
751 2106 918 2174 cognomina
930 2104 1054 2164 inventa,
1065 2101 1147 2154 Plan·

343 2178 377 2240 ci,
391 2176 493 2240 Plauti,
503 2175 608 2237 Scauri,
620 2175 742 2227 Pansae:
754 2176 827 2227 sicut
836 2191 854 2226 a
864 2173 992 2227 cruribus
1004 2172 1081 2234 Vari,
1091 2172 1147 2224 Va·

342 2247 413 2309 ciac,
423 2244 551 2298 Vatinii:
573 2260 644 2313 quae
653 2245 724 2297 vitia
733 2251 762 2298 et
771 2245 799 2297 in
813 2242 1046 2312 quadrupedibus.
1073 2239 1146 2293 Soli·

345 2314 395 2375 das
407 2313 511 2370 habent
521 2315 647 2382 angulas,
661 2329 731 2382 quae
742 2330 798 2366 non
809 2321 875 2367 sunt
885 2314 1042 2381 cornigera:
1060 2311 1146 2378 igitur

340 2400 394 2453 pro
406 2383 449 2436 his
460 2386 547 2438 telum
559 2385 663 2452 ungula
678 2384 831 2436 inestillis.
869 2384 927 2437 Nec
946 2383 1020 2434 talos
1042 2378 1146 2434 hubent

342 2454 449 2509 eadem.
485 2456 522 2506 At
532 2469 602 2523 qnae
613 2454 808 2516 bisulcasunt,
824 2454 937 2506 habent.
974 2452 1059 2504 iidem
1072 2449 1144 2518 digi-

341 2530 387 2576 tos
397 2522 565 2577 habentibus
577 2539 632 2589 non
644 2530 725 2576 sunt:
735 2539 824 2591 neque
834 2524 863 2575 in
875 2522 1016 2590 prioribus
1027 2519 1144 2588 pedibus

342 2594 455 2646 omnino
466 2593 526 2646 ulli.
563 2594 676 2648 Camelo
687 2593 739 2646 tali
749 2594 854 2647 similes
864 2593 988 2657 bubulis,
999 2589 1048 2643 sed
1061 2590 1146 2642 mino·

342 2678 387 2715 res
399 2663 492 2730 paulo.
528 2663 579 2715 Est
591 2665 664 2716 enirn
675 2664 800 2717 bisulcus
811 2664 970 2717 discrimine
983 2663 1087 2728 exiguo
1098 2674 1146 2727 pes

341 2734 425 2796 imus,
436 2732 554 2800 vestigio
566 2749 694 2798 carnoso,
704 2741 738 2787 ut
747 2735 819 2786 ursi:
837 2748 892 2801 qua
903 2732 938 2787 de
948 2747 1033 2786 causa
1044 2731 1074 2782 in
1084 2729 1147 2783 lon·

341 2805 421 2870 glore
431 2803 530 2855 itinere
540 2805 601 2858 sine
614 2804 734 2857 calciatu
744 2804 891 2856 fatiscunt.

378 2870 446 2923 cvl.
470 2870 596 2937 Uogalac
616 2875 741 2924 veterino
761 2880 872 2924 tantam
892 2868 989 2939 generi
1000 2882 1146 2922 renascun-

342 2947 398 2994 tur.
417 2939 486 2993 Sues
497 2942 525 2991 in
535 2938 652 3007 illyrico
665 2938 831 3006 quibusdam
845 2940 916 2992 locis
926 2939 1032 2992 solidus
1043 2938 1146 2990 habent

342 3008 472 3078 ungulas.
508 3008 662 3075 cornigera
671 3007 730 3058 fere
740 3007 855 3059 bisulca.
885 3005 1146 3073 Solidaungula,et

341 3079 458 3131 bicorne
477 3076 593 3127 nullum.
632 3075 770 3127 Unicorne
785 3076 881 3126 asinus
899 3079 1006 3124 tantum
1020 3074 1145 3121 indicus:

341 3146 477 3199 unicorne
489 3142 678 3206 ethisulcum,
701 3157 779 3209 oryx.
815 3140 902 3192 Tales
922 3141 1015 3193 asinus
1034 3139 1145 3190 indicus

341 3230 414 3267 unus
429 3210 614 3278 solidipedum
629 3209 721 3262 habet.
756 3209 827 3260 Nem
839 3224 905 3261 sues
921 3223 957 3261 ex
965 3215 1087 3274 utroque
1097 3222 1146 3275 ge-

344 3299 413 3338 nere
424 3281 626 3342 existimantur,
635 3278 700 3333 ideo
712 3278 788 3332 foedi
799 3292 904 3332 earum.
939 3277 1088 3329 Hominem
1099 3276 1147 3343 qai

346 3349 665 3413 existimarunthabere,
684 3347 906 3402 iacileconvicti.
941 3347 1027 3416 Lynx
1038 3353 1118 3399 tantu

345 3423 373 3477 di
395 3426 450 3476 itos
473 3420 642 3483 habentium,
665 3419 755 3473 simile
768 3418 898 3489 quiddam
910 3417 969 3471 talo
982 3415 1078 3470 habet:
1101 3418 1127 3469 le

345 3483 498 3546 etramnmh
511 3490 674 3543 tortuosior.
699 3490 787 3542 Talus
798 3494 890 3543 autem
903 3497 996 3542 rectus
1007 3488 1089 3540 estin
1100 3501 1146 3539 ar·

344 3562 432 3614 ticuln
444 3559 523 3630 pedis
534 3565 630 3612 ventre
641 3560 765 3613 eminens
777 3574 911 3625 concavo,
932 3558 961 3610 in
971 3556 1101 3611 vertebra
1111 3556 1146 3608 li·

365 3637 437 3683 etvrs.

344 3648 691 3752 geviinviunaliaedi
713 3696 1146 3768 itatae,aliaepalmipedes,aliae

342 3770 417 3822 inter
427 3775 574 3836 utrumque
585 3767 682 3820 divisis
691 3715 786 3838 digitis
798 3770 911 3823 adiecta
920 3767 1080 3822 latitudine.
1092 3764 1146 3818 Sed

343 3837 471 3890 omnibus
482 3839 613 3906 quaterni
624 3837 716 3907 digiti,
735 3846 793 3892 tres
803 3840 832 3889 in
843 3840 938 3907 priore
949 3843 1039 3905 parte,
1048 3849 1119 3887 unus
1130 3850 1148 3886 a

343 3907 427 3961 calce.
463 3908 520 3961 liic
540 3909 620 3961 deest
639 3907 803 3976 quibusdam
823 3908 909 3977 longa
927 3922 1008 3959 crura
1019 3905 1146 3957 habenti·

341 3977 402 4030 bus.
438 3977 510 4046 lynx
531 3978 733 4044 solautrinque
749 3975 933 4031 binoshiabet.
970 3975 1074 4027 Eadem
1094 3975 1146 4025 lin-

1197 932 1338 977 crementa
1351 923 1505 991 perteniat.
1534 918 1721 973 Pumilionum
1734 924 1822 985 genus
1831 919 1861 971 in
1874 919 2002 973 omnibus

1197 994 1365 1047 animalibus
1378 998 1526 1060 astatque
1539 990 1624 1042 etiam
1635 989 1711 1042 inter
1721 989 1858 1042 volucres

1232 1064 1301 1115 ctx.
1321 1061 1465 1115 Genitalis
1476 1061 1600 1113 maribus
1612 1059 1715 1128 quibus
1728 1064 1821 1111 essent
1832 1065 1920 1121 retro,
1931 1059 2001 1112 satis

1198 1132 1328 1186 diximus.
1347 1134 1436 1184 Oenea
1446 1137 1511 1183 sunt
1521 1126 1605 1197 lupis,
1616 1127 1754 1195 vulpibus,
1766 1127 1902 1193 mustelis,
1910 1129 1999 1183 virer-

1196 1203 1250 1254 ris:
1269 1201 1343 1255 unde
1353 1203 1439 1255 etiam
1452 1200 1559 1252 calculo
1572 1198 1693 1250 humano
1705 1198 1831 1269 remedia
1844 1199 2000 1268 praecipua.

1197 1272 1270 1324 Urso
1288 1286 1397 1338 quoque
1416 1270 1500 1323 sinvul
1521 1279 1605 1336 atque
1623 1269 1817 1331 exspiraverit,
1837 1282 2000 1321 cornescere

1197 1344 1283 1392 aiunt.
1322 1340 1466 1391 camelino
1478 1353 1560 1389 nsciis
1572 1334 1731 1397 intendere,
1751 1336 1875 1387 Orientis
1887 1337 1999 1403 populis

1197 1409 1371 1460 tidissimum.
1406 1405 1532 1460 Necnon
1543 1403 1639 1472 aliqua
1648 1405 1772 1472 gentium
1785 1420 1893 1472 quoquc
1903 1407 1930 1457 in
1946 1405 1999 1459 hoc

1197 1477 1369 1540 discrimina,
1391 1482 1420 1529 et
1430 1489 1573 1529 sacr‘orurn
1585 1475 1680 1537 etiam,
1700 1475 1772 1525 citra
1782 1475 1932 1541 perniciem
1943 1490 2001 1527 am·

1198 1548 1363 1614 putantibus
1374 1546 1475 1597 Matris
1486 1543 1576 1597 Dedm
1593 1544 1691 1596 Gallis.
1727 1544 1833 1595 Contra
1854 1545 1999 1611 mulierum

1198 1618 1295 1684 paucis
1306 1615 1467 1684 prodigiosa
1477 1613 1661 1666 assimilatio:
1681 1613 1755 1665 sieut
1765 1611 2000 1680 hermaphroditis

1198 1688 1341 1755 utriusque
1353 1699 1452 1737 sexus:
1474 1683 1548 1751 quod
1569 1684 1653 1736 etiam
1674 1682 1882 1751 quadrupedum
1901 1684 2000 1751 generi

1198 1756 1332 1809 accidisse
1340 1753 1459 1808 Neronis
1468 1753 1624 1821 principatu
1632 1752 1749 1820 primum
1759 1751 1891 1819 arbitror.
1904 1755 2002 1806 Osten.

1198 1825 1279 1878 tabat
1291 1831 1366 1877 certe
1378 1822 1619 1891 hermaphroditas
1629 1822 1788 1875 subiunctas
1800 1829 1936 1888 carpento
1948 1836 2001 1875 sao

1199 1910 1294 1962 equas,
1310 1896 1338 1947 in
1351 1895 1502 1946 'l'rercrico
1513 1892 1625 1946 Galliae
1638 1906 1706 1960 agro
1716 1897 1857 1958 repertas:
1879 1892 2002 2012 ceupla·

1198 1980 1232 2018 ne
1253 1964 1368 2017 visenda
1383 1979 1428 2017 res
1450 1968 1533 2026 esset,
1553 1962 1710 2029 Principem
1729 1960 1931 2015 terraruminsi
1953 1974 2002 2016 cra

1219 2036 1345 2088 attentis.

1198 2048 1216 2102 P
1235 2106 1291 2157 CX.
1311 2106 1411 2157 Testes
1431 2105 1528 2173 pecori
1547 2106 1729 2169 armentoque
1740 2098 1776 2154 ad
1787 2115 1869 2154 crum
1880 2099 2001 2164 decidui,

1199 2173 1284 2225 subus
1296 2173 1411 2227 adnexi:
1434 2173 1566 2242 delphino
1578 2171 1724 2241 praelongi
1735 2171 1838 2224 ultima
1847 2171 2002 2224 conduntur

1200 2245 1272 2306 alvo,
1294 2250 1322 2295 et
1332 2241 1484 2311 elephanto
1498 2243 1611 2296 occulti
1647 2241 1708 2294 Ova
1718 2241 1884 2309 parientium
1898 2240 2001 2293 lumbis

1198 2314 1273 2365 intus
1284 2311 1448 2367 adbaerent:
1472 2313 1567 2380 qualia
1583 2312 1713 2366 ocissima
1725 2314 1753 2363 in
1764 2313 1882 2366 Venere.
1918 2310 2002 2363 Pisci-

1199 2384 1250 2435 bus
1261 2381 1492 2449 serpentibusque
1512 2383 1592 2445 nulli,
1614 2381 1665 2435 sed
1681 2395 1777 2434 eorum
1794 2381 1855 2433 vice
1870 2381 1951 2433 binae
1964 2378 2001 2431 ad

1199 2451 1594 2521 genitaliunrenibusvenae.
1629 2451 1804 2504 Buteonibns
1823 2454 1902 2503 terni.
1938 2450 1998 2501 iio·

1198 2522 1266 2573 mini
1277 2528 1386 2575 tantum
1398 2523 1510 2585 iniuria,
1522 2531 1571 2575 aut
1580 2528 1681 2589 sponte
1692 2528 1807 2573 naturae
1818 2518 2000 2584 frangunturp

1199 2592 1282 2660 idque
1304 2594 1418 2646 tertium
1434 2594 1469 2647 ab
1490 2590 1725 2658 hermaphroditis
1735 2597 1764 2643 et
1774 2589 1943 2657 spadonibus
1953 2602 1997 2641 se·

1199 2663 1291 2715 miviri
1304 2678 1390 2729 genus
1405 2660 1517 2716 habent.
1553 2663 1647 2714 Mares
1659 2660 1687 2712 ia
1699 2662 1774 2714 omni
1786 2673 1887 2726 genere
1897 2656 1998 2711 fortio·

1200 2748 1254 2794 res,
1265 2739 1460 2800 praeterquam
1469 2735 1499 2783 in
1510 2731 1660 2799 pantheris,
1671 2738 1701 2783 et
1709 2730 1790 2783 ursis.

1235 2802 1303 2853 cxl.
1324 2802 1443 2864 caudae,
1464 2808 1577 2870 praeter
1588 2800 1728 2855 hominem
1741 2799 1889 2860 scrinias,
1910 2793 1998 2848 omni·

1199 2872 1250 2923 bus
1261 2870 1320 2924 lere
1331 2872 1495 2925 animalium
1507 2878 1537 2924 et
1547 2885 1600 2923 ova
1608 2869 1794 2938 gignentibus,
1803 2862 2000 2935 prodesiderio

1199 2953 1360 3005 corporum:
1373 2941 1463 2992 nudae
1474 2939 1564 3001 hirtis,
1574 2946 1605 2990 ut
1616 2940 1706 3003 apris:
1728 2951 1830 3003 parrae
1841 2936 1958 2995 villosis,
1969 2939 2002 2986 ut

1198 3008 1286 3059 ursis:
1305 3008 1466 3072 praelongis
1480 3015 1606 3066 setosae,
1625 3012 1656 3055 ut
1667 3007 1755 3070 equis.
1782 3006 1950 3071 Amputatae
1961 3005 2003 3056 la·

1199 3077 1283 3125 certis
1296 3080 1324 3122 et
1334 3071 1510 3138 serpentibus
1520 3079 1712 3123 renascuntur.
1747 3071 1870 3123 Piscium
1891 3081 2001 3126 meatus

1199 3141 1378 3210 gubernaculi
1399 3140 1483 3192 modo
1499 3145 1617 3207 regant:
1638 3146 1722 3208 atque
1734 3142 1818 3192 etiarn
1829 3141 1857 3191 in
1870 3140 2001 3193 dextram

1200 3210 1401 3277 atquelaevam
1412 3215 1514 3272 motae,
1534 3216 1566 3261 ut
1575 3209 1692 3276 remigio
1712 3209 2001 3276 quodamimpellunt.

1198 3279 1327 3332 Lacertis
1338 3279 1517 3332 inveniuntur
1527 3285 1556 3333 et
1570 3279 1706 3347 geminae.
1732 3279 1822 3331 Boum
1832 3279 1930 3331 caudis
1941 3280 2001 3331 lon·

1198 3349 1328 3419 giarium
1339 3350 1436 3413 caulis,
1447 3359 1529 3418 atque
1539 3350 1569 3401 iu
1580 3349 1637 3401 ima
1649 3354 1728 3416 parte
1738 3347 1838 3400 hirtus.
1862 3346 1936 3401 idern
1947 3351 2001 3403 asi·

1199 3420 1241 3471 nis
1250 3420 1370 3487 longior,
1378 3435 1460 3488 quam
1472 3421 1560 3488 equis,
1570 3418 1619 3472 sed
1630 3424 1740 3471 setosus
1752 3416 1892 3469 veterinis.
1929 3417 1988 3471 Leo

1199 3490 1228 3541 ni
1246 3490 1343 3542 intima
1362 3496 1449 3557 parte,
1470 3496 1503 3541 ut
1519 3490 1607 3543 bubus
1627 3495 1656 3540 et
1669 3488 1768 3541 sorici:
1787 3485 1931 3553 pantheris
1941 3502 1996 3541 non

1198 3555 1998 3628 item:vaipibmetiupisvitlovas‚ut0vibm,qnibuspm

1199 3631 1299 3750 ce‘r'ior.
1310 3630 1379 3683 Sues
1390 3631 1561 3697 intorquent:
1572 3642 1671 3681 eanum
1683 3627 1835 3695 degeneres
1843 3627 1895 3679 sub
1907 3627 1996 3679 alvum

1198 3715 1229 3753 re
1250 3704 1355 3751 ectunt.

1235 3768 1318 3821 cxli.
1338 3767 1441 3822 Vocem
1453 3783 1507 3822 non
1517 3767 1629 3829 habere,
1649 3767 1704 3820 uisi
1717 3782 1790 3836 quae
1801 3767 1916 3835 spirent,
1936 3766 1996 3819 dri·

1198 3839 1317 3891 stoteles
1329 3844 1418 3904 putat.
1455 3839 1562 3891 idcirco
1574 3845 1602 3889 et
1612 3836 1727 3891 inseetis
1743 3853 1843 3889 sonum
1854 3853 1924 3900 esse,
1942 3851 1997 3887 non

1198 3923 1303 3969 vocem,
1313 3908 1388 3961 intus
1399 3914 1509 3959 meante
1520 3906 1630 3974 spiritu,
1641 3915 1669 3961 et
1679 3908 1788 3959 incluso
1798 3914 1922 3960 sonante.
1935 3906 1997 3958 Alia

1198 3992 1324 4030 murmur
1333 3976 1426 4041 edere,
1437 3984 1468 4028 ut
1479 3992 1557 4044 apes.
1585 3977 1649 4030 illia
1660 3992 1722 4031 cum
1732 3982 1826 4030 tractu
1838 3976 1997 4037 stridorem,

342 4062 427 4116 guam
438 4050 609 4116 serpentium
621 4048 741 4100 similem
762 4048 792 4099 in
802 4060 931 4115 magnam
941 4043 1147 4115 longitudinem

342 4116 472 4185 porrigit.
509 4118 619 4168 Collum
640 4117 807 4185 circumagit
823 4115 998 4169 inarersum.
1035 4114 1147 4179 Ungues

343 4189 368 4240 ei
379 4184 509 4254 grandes,
520 4200 571 4237 ceu
583 4186 730 4253 graeculis.
754 4187 852 4239 Avium
864 4184 1028 4252 quibusdam
1039 4182 1148 4303 gravio·

341 4258 428 4320 ribus,
448 4256 478 4308 in
497 4256 625 4309 cruribus
645 4253 734 4305 additi
750 4254 832 4306 radii
861 4254 940 4307 Nulli
951 4268 1037 4306 uncos
1066 4254 1146 4305 aben-

341 4325 460 4376 tiumun
483 4341 541 4378 ues.
576 4323 754 4393 Longipedes
764 4323 900 4392 porrectis
911 4323 946 4374 ad
959 4322 1074 4373 mudum
1085 4335 1145 4372 cru·
1200 4327 1269 4378 trita
1279 4325 1451 4378 etinteriore
1466 4340 1543 4391 sura,
1560 4341 1614 4378 non
1626 4327 1726 4387 anima,
1736 4324 1826 4377 reddi.
1859 4322 1998 4375 Locustas

342 4392 421 4444 ribus
432 4341 540 4446 volant:
564 4395 663 4462 quibus
673 4394 782 4457 breves,
803 4393 957 4445 contractis
968 4391 1004 4443 ad
1014 4390 1144 4443 medium.
1200 4410 1350 4461 pennarum
1362 4402 1390 4446 et
1402 4395 1534 4447 feminum
1547 4396 1646 4447 attritu
1657 4410 1766 4457 sonare,
1785 4392 1913 4446 creditur
1923 4407 1999 4445 sane.

343 4461 398 4523 itui
409 4470 510 4527 negant
520 4463 662 4519 volucrem
669 4464 755 4516 ullam
767 4463 828 4517 sine
840 4461 955 4531 pedibus
967 4477 1037 4525 esse,
1047 4459 1147 4512 confir·
1199 4465 1269 4516 item
1281 4464 1444 4531 nquntilium
1459 4468 1581 4532 pectines
1593 4465 1719 4525 stridere,
1730 4478 1791 4516 cum
1803 4462 1916 4514 volant:
1927 4462 1998 4514 mol·

305 4578 313 4595 ,
346 4536 463 4581 ntautet
474 4528 700 4598 apodashabere,
721 4531 944 4590 ethirundinem.
963 4538 991 4584 et
1002 4530 1146 4597 drepanio,
1198 4534 1254 4598 lia,
1275 4541 1409 4587 eterusta
1420 4535 1539 4596 intecta,
1553 4549 1606 4587 nec
1625 4548 1721 4587 rocem
1737 4546 1788 4584 nec
1798 4543 1899 4584 sonum
1910 4530 1999 4583 ullum

343 4599 374 4650 in
386 4598 426 4650 eis
436 4613 508 4665 quae
518 4600 661 4655 rarissime
672 4610 814 4671 appareat.
832 4603 917 4657 Visae
928 4602 984 4653 iam
995 4600 1080 4653 ctiam
1091 4614 1146 4652 ser·
1198 4601 1308 4656 habere.
1334 4601 1388 4655 Sed
1400 4611 1428 4655 ct
1439 4605 1524 4656 ceteri
1537 4603 1634 4669 pisces,
1642 4600 1764 4669 quamvis
1775 4599 1905 4665 pulmone
1917 4605 1946 4651 et
1957 4614 2001 4652 ar·

344 4675 441 4734 pentes
450 4668 588 4720 anserinis
599 4671 724 4736 pedibus.
1198 4675 1270 4725 teria
1280 4679 1401 4739 careant,
1413 4689 1467 4723 non
1477 4674 1504 4723 in
1515 4678 1604 4723 totum
1614 4672 1673 4721 sine
1682 4670 1740 4720 ullo
1751 4682 1819 4720 sono
1831 4673 1903 4720 sunt.
1931 4667 2000 4721 Stri·

381 4735 478 4790 cviii.
497 4736 670 4790 insectorum
683 4741 767 4807 pedes
785 4742 868 4808 primi
888 4741 1039 4810 longiores,
1060 4737 1144 4790 duros
1199 4740 1294 4795 dorem
1307 4756 1369 4793 eum
1385 4741 1513 4792 dentibus
1530 4740 1589 4791 heri
1601 4740 1776 4790 cavillantur.
1813 4737 1885 4789 Etis
1897 4740 1944 4804 qui
1955 4755 2000 4790 ca·

343 4806 512 4859 habentibus
523 4806 627 4871 oculos,
646 4815 678 4859 ut
690 4809 808 4863 subinde
820 4810 938 4878 pedibus
949 4825 997 4862 eos
1008 4814 1145 4877 tergeant,
1197 4825 1247 4878 per
1257 4816 1386 4870 vocatur,
1406 4810 1433 4859 in
1444 4809 1566 4860 Acheloo
1577 4823 1665 4871 enine,
1687 4808 1848 4874 grunnitum
1859 4806 1952 4870 habet,
1971 4813 1999 4860 et

345 4890 396 4929 cea
408 4882 537 4928 notamus
546 4876 576 4927 in
589 4878 699 4929 muscis.
732 4880 811 4942 Quae
820 4896 855 4933 ex
865 4879 908 4931 his
920 4879 1086 4931 novissimos
1097 4875 1144 4927 ba·
1198 4879 1248 4931 alii
1259 4879 1294 4931 de
1306 4877 1404 4945 quibus
1416 4877 1545 4930 diximus.
1564 4879 1624 4930 Ova
1635 4876 1807 4944 parientibus
1818 4877 1928 4941 sibilus,
1938 4892 1997 4929 ser·

343 4946 528 5012 beatlongos,
548 4946 666 4998 saliunt:
689 4947 866 5002 atlocustae.
904 4949 1144 5000 Omnibusautem
1195 4949 1325 5015 pentibus
1335 4948 1442 5013 longus,
1451 4948 1587 5001 testudini
1598 4947 1742 5014 abruptus.
1762 4945 1998 4998 Raniasonussui

1198 4052 1230 4098 ut
1241 4045 1360 4099 cicadas.
1388 4048 1511 4116 Recepto
1522 4048 1593 4099 enim
1605 4054 1637 4099 ut
1647 4046 1757 4099 duobus
1768 4046 1819 4098 sub
1830 4052 1941 4112 pectore
1953 4059 1998 4097 ca·

1198 4117 1241 4167 vis
1251 4116 1368 4184 spiritu,
1387 4117 1485 4169 mobili
1497 4123 1661 4171 occursante
1673 4118 1835 4182 membrana
1845 4116 1935 4177 intus,
1953 4120 1997 4167 at·

1200 4187 1269 4237 tritu
1280 4189 1459 4239 eiussonare.
1495 4187 1617 4250 Muscas,
1632 4202 1707 4255 apes,
1727 4185 1999 4240 etsimiliacumvo·

1199 4255 1259 4308 lata
1273 4263 1301 4307 et
1312 4256 1435 4322 incipere
1445 4255 1535 4308 audiri
1548 4262 1577 4309 et
1587 4255 1723 4311 desinere.
1760 4256 1864 4307 Senum
1874 4253 1947 4306 enim
1958 4260 1999 4305 at·

243 5012 255 5031 '
341 5013 459 5067 bissem
469 5014 561 5081 pedes.
597 5017 712 5068 Araneis
730 5016 893 5083 quibusdam
911 5018 1057 5085 praelongi
1068 5031 1145 5070 acce·
1196 5017 1315 5086 generis,
1326 5022 1357 5067 ut
1368 5016 1471 5068 dictum
1483 5024 1534 5080 est,
1553 5018 1616 5080 (nisi
1627 5017 1651 5067 si
1661 5025 1690 5070 et
1702 5017 1729 5067 in
1740 5013 1785 5068 his
1795 5015 2016 5070 serendadubi·'

343 5083 492 5136 duntbini.
527 5084 689 5138 internodia
709 5084 828 5153 singulis
849 5093 938 5139 terna.
976 5088 1100 5139 0ctonos
1116 5092 1145 5138 et
1196 5086 1268 5138 tatio
1284 5089 1348 5150 est,)
1366 5086 1413 5154 qui
1425 5101 1489 5138 mox
1499 5087 1528 5139 in
1539 5102 1587 5140 ora
1598 5086 1762 5154 concipitur,
1773 5103 1828 5139 non
1838 5088 1866 5138 in
1877 5092 1998 5153 pectore.

341 5154 458 5205 marinis
478 5169 539 5207 esse
560 5153 689 5217 diximus,
710 5154 833 5222 polypis,
852 5157 947 5223 sepiis,
968 5156 1144 5223 loliginibus,
1196 5154 1315 5208 Multum
1329 5156 1460 5208 tamenin
1472 5156 1607 5210 iisreiert
1624 5158 1789 5211 etlocorum
1801 5164 1910 5209 natura
1938 5155 1998 5207 hlu-

343 5224 461 5286 cancris,
472 5224 518 5290 qui
529 5221 643 5275 brachia
654 5225 682 5275 in
692 5224 863 5276 eontrarium
876 5232 998 5289 moreat,
1017 5224 1102 5292 pedes
1113 5226 1144 5277 iu
1198 5234 1245 5278 tae
1265 5225 1473 5279 inMacedonia
1491 5226 1649 5288 traduntur,
1667 5229 1778 5280 mutiet
1794 5230 1865 5294 apri.
1899 5224 1996 5277 Avium

343 5294 447 5358 orbem,
457 5300 506 5345 aut
516 5294 546 5344 in
558 5293 708 5361 obliquum.
738 5292 838 5346 lisdem
850 5295 917 5345 solis
928 5295 1089 5347 animalium
1101 5311 1144 5348 ro·
1197 5295 1373 5363 loquaciores
1393 5309 1464 5362 quae
1480 5298 1611 5360 minores,
1631 5301 1660 5348 et
1680 5298 1753 5349 circa
1767 5297 1857 5349 coitus
1868 5294 1997 5346 maxirne.

342 5364 432 5418 tundi.
452 5364 553 5417 Cetera
562 5361 643 5417 binos
654 5362 738 5431 pedes
750 5362 834 5415 duces
845 5362 962 5417 habent:
974 5366 1070 5417 cancri
1080 5371 1142 5418 tan·
1194 5366 1265 5418 Aliis
1280 5366 1308 5419 in
1327 5379 1422 5433 pugna
1435 5379 1504 5429 vox,
1523 5372 1556 5418 ut
1567 5367 1774 5419 coturnicibus:
1796 5365 1861 5418 aliis
1870 5371 1935 5416 ante
1946 5377 1997 5429 pu·

342 5439 412 5497 tum,
435 5442 597 5502 quatemus.
633 5434 712 5497 Quae
733 5431 806 5483 hunc
825 5448 970 5485 numerum
982 5434 1085 5502 pedum
1098 5451 1144 5489 ex·
1196 5452 1295 5506 gnaram
1315 5443 1346 5487 ut
1361 5435 1533 5502 perdicibus:
1554 5435 1617 5487 aliis
1637 5452 1698 5489 earn
1719 5436 1821 5499 vicere,
1842 5432 1998 5515 utgallina·

342 5516 453 5557 cessere
474 5503 635 5567 terrestria,
656 5509 687 5555 ut
708 5502 835 5571 plerique
855 5518 972 5565 uermes,
991 5518 1046 5556 non
1068 5503 1144 5558 lnl‘rn
1196 5509 1262 5560 cais.
1290 5503 1391 5557 lisdem
1401 5520 1454 5557 sua
1464 5505 1674 5559 maribuszaliis
1685 5506 1782 5560 eadem
1793 5512 1826 5557 ut
1836 5502 1956 5564 temnis,
1968 5508 2000 5553 ut

341 5570 485 5627 duodenos
496 5572 608 5637 habent,
618 5572 716 5644 aliqua
725 5587 792 5626 vero
803 5580 833 5627 et
843 5578 983 5627 centenos.
1004 5572 1143 5630 Numerus
1195 5575 1376 5630 lusciniarum
1397 5576 1504 5644 generi.
1541 5576 1686 5640 Quaedam
1707 5583 1769 5645 toto
1787 5588 1861 5627 anno
1883 5580 2000 5637 cauum,
