4368 6008
295 306 326 367 c.
359 302 513 367 rnrnn
544 276 755 367 seranni
790 301 960 367 aaran
993 303 1188 370 rrrsron.
1222 306 1308 373 are.
1330 306 1429 373 xus
1459 308 1552 370 cnr.
1575 279 1695 372 rs-s'e.
1762 312 1827 374 eos

178 474 230 512 vos
238 457 305 509 flare
315 456 421 509 bubalo
432 454 619 516 utilissimum,
630 457 790 522 operculum
800 470 819 508 a
829 459 909 525 tergo
920 470 981 510 esse

179 527 406 588 ambulatorium,
428 531 460 578 ut
475 524 727 592 proseraturiatus,
746 528 770 579 si
782 526 979 595 maguasital-

178 613 240 659 vus,
250 604 298 649 aut
306 595 413 648 sterilis
425 597 561 662 operatio,
579 610 612 647 ne
624 594 822 661 desperatione
832 610 924 648 curam
935 596 980 647 ab

179 667 292 719 iiciant:
313 664 340 716 id
362 664 498 731 paulatim
519 664 624 727 reduci,
646 665 762 718 fallente
780 666 873 735 operis
893 665 981 717 incre·

179 743 283 787 mento.
317 733 402 786 Alvos
414 733 506 787 hieme
519 738 673 789 stramento
686 736 800 802 operiri,
810 735 907 789 crebro
923 733 981 786 sul·

181 805 233 870 liri,
244 803 365 856 maxime
377 805 441 855 iimo
453 803 566 855 bubulo.
603 805 758 872 Cognatam
770 804 822 857 hoc
838 806 883 868 iis,
903 806 980 856 inna-

178 879 289 929 scentes
299 872 435 926 bestiolas
446 879 536 935 namt,
557 887 684 937 araneos,
696 874 859 943 papiliones,
878 873 980 927 teredi-

177 962 238 998 nes:
261 957 382 1013 apesque
398 942 471 1009 ipsas
484 942 599 994 excitat.
636 946 673 996 Et
687 959 852 996 araneorum
867 942 979 1012 quidem

180 1015 296 1068 esitium
306 1012 418 1065 facilius
429 1019 483 1065 est:
506 1012 611 1078 papilio
621 1013 709 1079 pestis
719 1014 817 1066 maior.
853 1013 980 1066 Tollitur

177 1100 253 1147 vero,
263 1099 326 1157 cum
337 1082 500 1136 maturescit
513 1082 612 1144 malva,
623 1089 716 1146 noctu,
730 1084 890 1147 interlunio,
900 1083 978 1136 caelo

179 1169 289 1215 sereno,
310 1152 437 1205 accensis
448 1151 569 1204 lucernis
580 1157 645 1204 ante
655 1153 740 1205 alvos.
779 1154 809 1204 ln
820 1168 881 1205 eaar
899 1149 978 1204 llam·

178 1238 251 1275 mam
261 1239 323 1276 sose
335 1224 475 1291 ingerunt.

212 1292 340 1346 XLVlll.
360 1296 387 1345 si
410 1292 487 1345 cibus
501 1289 600 1345 deesse
615 1298 763 1346 censeatur
783 1291 892 1360 apibus,
911 1305 980 1343 uras

177 1376 274 1431 passas
285 1364 416 1425 siccasve,
439 1363 562 1428 ticasque
575 1368 663 1426 tusas,
683 1361 717 1413 ad
739 1362 813 1415 lares
826 1376 920 1415 aarum
931 1377 980 1430 pn·

178 1433 268 1485 suisse
280 1432 436 1484 conveniat.
471 1432 542 1485 ltem
554 1432 632 1483 lanas
649 1438 753 1484 tractas
767 1432 908 1484 madentes
919 1446 981 1498 pas·

177 1517 219 1564 sa,
230 1508 279 1554 aut
293 1499 416 1564 defruto,
432 1508 481 1553 aut
491 1515 563 1568 aqua
572 1501 672 1554 mulsa.
709 1502 882 1554 Gallicarum
893 1503 979 1554 etiam

178 1571 279 1623 crudas
290 1586 397 1623 carnes.
434 1569 608 1633 Quibusdam
624 1575 708 1624 etiam
726 1574 880 1624 aestatibus
896 1571 979 1623 iidem

176 1641 235 1694 cibi
251 1640 422 1706 praestandi,
445 1656 507 1693 curn
528 1641 641 1692 siccitas
661 1642 793 1693 continua
814 1642 914 1693 ilorum
930 1639 980 1693 ali·

176 1716 302 1762 meatum
313 1710 439 1762 abstulit.
474 1710 617 1772 silvorum,
627 1726 689 1762 cum
700 1711 755 1762 mel
767 1709 906 1773 eximitur,
927 1710 980 1761 illi·

177 1780 207 1831 ni
225 1786 337 1846 oportet
359 1781 452 1832 eritas
473 1779 685 1849 melissophyllo
701 1786 750 1831 aut
764 1781 876 1847 genista
896 1779 980 1841 tritis,

177 1855 227 1901 aut
237 1849 343 1901 medias
356 1849 420 1901 alba
431 1848 487 1903 vite
499 1850 733 1918 praeelegeram
745 1864 811 1916 apes
821 1848 979 1916 diffugiant.

177 1918 253 1971 Vasa
274 1918 401 1971 mellaria
422 1925 471 1970 aat
491 1918 571 1971 lavas
591 1920 681 1972 lavari
699 1934 771 1985 equa
789 1921 979 1987 praecipiunt:

177 1984 230 2040 hac
240 1987 364 2049 decocta,
375 1987 437 2041 fiori
447 1988 658 2041 saluberrimum
669 1996 787 2042 acetum.

212 2055 312 2110 XLlX.
331 2060 402 2111 Cera
413 2059 444 2109 lit
456 2058 595 2126 expressis
609 2058 691 2121 laris,
711 2059 760 2110 sed
776 2064 843 2110 ante
852 2057 980 2124 purifica·

175 2125 214 2192 tn
227 2142 306 2194 aqua,
317 2135 346 2180 et
357 2127 450 2181 triduo
462 2129 491 2180 in
504 2129 626 2182 tenebris
638 2129 759 2192 siccatis,
779 2136 877 2196 quarto
890 2126 934 2180 dle
947 2128 980 2178 li-

178 2199 271 2263 quatis
281 2198 340 2266 igni
353 2198 378 2248 in
391 2213 463 2250 noro
474 2199 566 2261 ilctili,
588 2213 660 2266 aqua
677 2197 757 2250 larris
769 2206 890 2267 tegente,
913 2204 980 2249 tunc

177 2267 395 2334 spartacolntis.
431 2268 538 2323 Rursus
551 2269 579 2320 in
598 2268 694 2321 eadem
711 2268 769 2319 olla
779 2268 907 2335 coquitur
917 2280 981 2318 cera

178 2350 240 2388 cum
263 2336 359 2389 eadem
380 2352 461 2405 aqna,
476 2339 670 2405 excipiturque
691 2338 748 2390 alio
771 2336 885 2403 frigida,
905 2335 980 2387 vasis

177 2404 263 2458 melle
284 2407 459 2460 circumlitis.
495 2409 618 2475 Optima,
639 2422 711 2474 quae
733 2407 837 2458 Punica
856 2411 980 2457 vocatur.

174 2473 308 2529 Proxima
319 2491 400 2543 qnam
413 2476 533 2529 maxime
546 2475 632 2538 fulva,
647 2475 796 2542 odorisque
808 2474 910 2536 mellei,
930 2488 980 2540 pu·

174 2558 220 2608 ra,
241 2545 354 2597 natione
365 2550 460 2597 autem
472 2545 598 2607 Pontica,
619 2559 700 2612 qaam
713 2550 840 2596 constare
850 2543 980 2610 equidem

175 2615 265 2664 miror
276 2614 350 2664 inter
359 2618 497 2665 venenata
511 2612 609 2664 mella:
630 2612 731 2665 deinde
742 2612 866 2675 Cretica3
894 2611 980 2678 pluri·

172 2695 254 2733 mrum
266 2682 383 2734 enimes
399 2681 511 2748 propoli
526 2681 621 2743 habet,
641 2681 676 2735 de
692 2696 748 2749 qua
762 2681 881 2733 diximus
893 2684 921 2732 in
932 2697 979 2734 na-

173 2738 345 2816 ture'apum.
381 2749 450 2802 Post
462 2751 512 2802 has
524 2751 646 2815 Corsica,
667 2753 797 2819 qnoniam
809 2766 844 2803 ex
854 2753 928 2803 baso
940 2752 981 2813 lit,

173 2817 279 2873 habere
291 2819 431 2886 quandam
442 2822 497 2873 rim
511 2820 704 2875 medicaminis
715 2826 837 2887 putatur.
872 2819 980 2872 Punica

173 2888 274 2943 ilthac
285 2889 381 2942 modo:
400 2888 563 2943 Ventilatur
577 2892 628 2944 sub
646 2891 710 2942 divo
727 2889 836 2956 saepias
853 2889 980 2941 ceraial·

173 2974 220 3011 va.
257 2959 365 3011 Deinde
381 2958 471 3012 iervet
484 2963 512 3012 in
524 2975 596 3028 aqua
617 2960 732 3022 niarina,
752 2974 787 3012 es
806 2960 865 3011 alto
883 2961 980 3025 petita,

176 3028 274 3080 addito
294 3029 379 3080 nitro.
414 3027 607 3098 indelingulis
619 3028 752 3083 hauriunt
764 3029 871 3091 liorem,
890 3027 980 3090 idest,

177 3097 376 3150 candidissima
386 3113 520 3167 quaeque,
530 3098 784 3167 transfunduntque
795 3099 824 3150 in
834 3112 891 3160 vas,
905 3098 979 3165 qaod

176 3169 308 3235 exiguum
326 3166 447 3235 frigidae
463 3167 573 3222 habeat.
609 3172 646 3223 Et
658 3185 753 3221 rursus
768 3168 875 3221 marina
895 3168 978 3222 deco·

176 3246 264 3303 quant
285 3239 452 3304 separatim:
473 3238 538 3292 dein
556 3253 605 3291 vas
627 3242 717 3308 ipsam
731 3239 907 3307 refrigerant.
942 3238 980 3289 Et

177 3321 241 3358 curn
258 3305 327 3359 hacc
341 3311 386 3359 ter
402 3307 511 3371 iecere,
531 3310 632 3362 iuncea
648 3316 723 3362 crate
742 3308 793 3360 sub
811 3307 859 3362 dio
874 3310 980 3360 siccant

175 3374 243 3428 Sole
253 3375 401 3443 Lunaque:
421 3376 491 3429 haec
502 3378 576 3431 enim
587 3379 738 3431 candmem
750 3378 830 3430 lacit.
867 3378 916 3431 Sol
926 3380 978 3429 sic·

175 3452 236 3496 cat:
252 3452 286 3496 et
299 3446 518 3515 neliqueiaciat,
540 3454 693 3517 protegunt
704 3449 781 3500 tenui
795 3449 890 3500 linteo.
909 3449 979 3498 Can-

176 3513 324 3566 didissima
334 3530 403 3567 vero
414 3517 446 3567 fit
456 3522 521 3582 post
532 3518 728 3571 insolationem
740 3519 892 3570 etiamnum
904 3530 980 3568 reco-

176 3590 231 3637 cta.
267 3582 374 3637 Punica
391 3586 538 3639 medicinis
560 3587 718 3639 utilissima.
754 3588 898 3655 Nigrescit
915 3602 980 3639 cera

175 3652 275 3705 addito
285 3652 445 3707 chartarum
457 3657 558 3720 cincre,
578 3658 651 3710 sicut
662 3656 784 3710 anchusa
795 3658 922 3710 admista
932 3672 978 3709 ru·

175 3724 232 3775 het.
268 3721 426 3793 Variaeque
445 3727 474 3778 in
492 3727 602 3781 colores
619 3728 770 3797 pigmentis
789 3725 920 3791 trabitur,
942 3727 978 3780 ad

176 3793 300 3847 edendas
312 3795 555 3859 similitudines,et
565 3798 724 3851 innumeros
733 3797 892 3849 mortalium
902 3812 979 3860 usus,

174 3864 369 3931 parietumque
381 3867 466 3919 etiam
479 3874 508 3921 et
518 3883 656 3920 armorum
667 3868 795 3920 tutelam.
831 3869 933 3920 Cetera
943 3867 978 3919 de

174 3932 261 3986 melle
273 3935 423 4003 apibusque
433 3938 462 3988 in
474 3943 574 3990 natura
584 3953 677 3990 carum
691 3938 851 3989 dictasunt.
872 3939 907 3990 m
917 3934 979 3989 hor·

174 4009 269 4054 torum
282 4004 392 4070 quidem
403 4008 493 4059 omnis
508 4007 567 4060 lere
578 4010 652 4059 ratio
663 4015 778 4074 peracta
790 4015 840 4059 est.

211 4073 243 4124 L.
274 4072 436 4141 Sequuntur
456 4075 558 4128 herbae
579 4084 678 4144 sponte
699 4082 856 4137 nascentes,
877 4076 978 4142 quihus

175 4142 328 4209 pleraeque
340 4144 463 4209 gentiam
475 4152 591 4196 utuntur
602 4148 628 4195 in
641 4144 719 4207 cibis,
741 4145 917 4210 maximeque
927 4146 978 4196 Ac·

174 4218 289 4279 gyptus,
310 4211 417 4279 frugum
439 4212 548 4279 quidem
572 4213 757 4273 fertilissima,
776 4213 871 4264 sedat
893 4228 978 4279 prope

174 4282 283 4333 solaiis
300 4294 395 4333 carere
413 4282 516 4346 possit:
539 4287 619 4333 tenta
635 4286 678 4331 est
692 4281 815 4331 ciborum
833 4295 867 4332 ex
883 4280 978 4333 herbis

174 4350 358 4404 abundantia.
395 4347 425 4399 ln
437 4348 519 4400 ltalia
534 4350 714 4416 paucissimas
731 4349 866 4411 norimus,
889 4349 977 4418 fraga,

173 4428 311 4480 murnum,
321 4432 441 4485 ruscum,
462 4418 538 4470 hetin
552 4420 696 4480 marinam,
705 4418 784 4469 batin
796 4416 979 4483 hortensium,

146 4503 257 4556 *quam
271 4486 360 4555 aliqui
372 4502 538 4556 asparagum
563 4489 702 4541 Gallicum
714 4494 825 4539 vocant.
861 4487 979 4542 Praeter

14 4574 44 4595 υ
119 4598 125 4605 .
153 4559 226 4610 «has
240 4557 414 4625 pastinacam
432 4566 600 4624 pratensem,
621 4559 715 4625 lupum
731 4557 914 4623 salictariunr,
935 4574 979 4611 ca·

175 4643 229 4695 que
240 4627 332 4679 verius
343 4627 558 4689 oblectamenta,
576 4644 657 4697 quam
669 4626 753 4680 cibos.

210 4697 257 4751 Li·
275 4698 445 4765 lohegypto
465 4698 638 4750 nobilissima
658 4706 702 4750 cst
722 4697 874 4761 colocasia,
897 4711 978 4765 quam

90 4830 98 4839 Ι
176 4781 296 4833 cyamon
308 4767 396 4834 aliqui
408 4775 519 4820 vocant.
554 4769 736 4821 HanceNilo
748 4775 870 4831 metunt,
890 4767 978 4830 caule,

177 4851 240 4888 cam
252 4842 345 4888 cactus
357 4844 410 4899 est,
431 4851 566 4889 araneoso
583 4840 612 4890 in
631 4838 799 4891 mandendo:
820 4837 919 4904 thyrso
932 4852 979 4888 aa·

175 4911 244 4967 tem,
266 4906 312 4972 qui
323 4907 397 4958 inter
408 4906 480 4959 lolia
492 4908 602 4970 emicat,
625 4908 789 4976 spectabili:
811 4906 977 4959 soliislatis·

176 4976 307 5038 alerissi
329 4977 454 5031 arboreis
475 4987 681 5043 comparentur,
712 4977 747 5030 ad
767 4975 979 5030 similitudinem

100 5086 105 5095 ,
130 5062 135 5081 v
173 5058 284 5106 eorum,
305 5060 376 5112 qaae
386 5054 535 5114 personata
546 5049 574 5098 in
585 5049 689 5101 nostris
701 5047 826 5100 amnibus
837 5062 979 5100 vocamus.

118 5156 122 5167 .
176 5113 309 5182 Adeoque
320 5115 377 5168 Nili
388 5118 433 5168 sui
444 5117 557 5169 dotibus
568 5116 702 5184 gaudent,
723 5124 754 5169 ut
763 5116 895 5184 implexis
905 5118 980 5168 cnlo-

177 5183 269 5237 cesiae
279 5183 357 5237 loliis
369 5187 511 5240 insariam
523 5190 646 5254 speciem
658 5194 905 5308 vesomm,yotarc
917 5200 979 5254 gra-

175 5253 314 5307 tissimum
327 5254 458 5309 habeant.
494 5256 667 5310 Seriturlam
678 5258 787 5311 haecin
812 5257 891 5309 talia.

212 5322 269 5378 Lll.
288 5326 454 5394 lnhegypto
471 5328 599 5392 proxima
616 5328 772 5380 auctoritas
790 5325 977 5390 cichorium,

177 5407 257 5459 qnam
279 5395 399 5447 diximus
419 5395 545 5448 intubum
567 5398 725 5450 erraticum.
760 5395 893 5447 Nascitur
914 5402 978 5462 post

175 5462 328 5535 Vergilias.
373 5463 472 5516 Floret
492 5465 693 5531 particulatim.
732 5464 822 5519 Radix
844 5465 871 5518 ci
891 5463 976 5529 lenta,

178 5546 263 5599 qrrare
285 5532 425 5587 etiamad
447 5533 558 5585 vincula
573 5541 689 5587 utuntur
708 5535 769 5588 illa.
815 5531 975 5586 nathaliam

173 5600 316 5673 longlare
332 5602 451 5659 huniae
464 5603 602 5673 nasutas,
622 5606 733 5676 mespili
746 5603 935 5674 magnitudine
947 5612 977 5661 ct

1032 457 1213 523 rotunditate,
1235 460 1296 513 sine
1307 459 1416 524 nucleo,
1434 458 1495 513 sine
1506 460 1619 525 cortice,
1640 459 1711 515 folio
1725 466 1821 531 cyperi

1032 527 1169 581 Mandant
1181 530 1241 597 igni
1250 537 1393 596 paratuum
1412 532 1548 583 mandunt
1557 537 1585 583 et
1597 539 1700 595 actum,
1711 534 1755 584 eui
1767 548 1832 653 [aa-
1888 582 1892 587 ,
1970 567 1975 579 ·

1033 612 1066 669 ca
1077 596 1148 648 folia
1158 599 1333 666 minimaque,
1354 614 1447 655 veram
1461 599 1540 651 radix
1553 615 1660 667 magna.
1677 606 1767 656 rheae
1787 603 1829 655 id·

1033 684 1069 719 na
1080 667 1191 735 quidem
1207 676 1236 735 pt
1247 684 1358 730 aracos,
1379 685 1440 721 cum
1452 667 1573 721 habeant
1582 669 1693 725 radices
1706 686 1830 724 conrasas

1032 751 1066 789 ac
1078 736 1255 804 multiplices,
1274 753 1325 791 nec
1339 737 1448 802 lolium,
1468 754 1519 790 nec
1535 736 1647 791 herbam
1664 739 1760 804 ullam,
1781 747 1832 794 aut

1033 805 1181 873 quidquam
1192 807 1268 857 aliud
1278 821 1363 873 supra
1378 816 1481 859 terram
1494 807 1604 859 habent.
1641 808 1758 878 Reliqua
1771 811 1831 863 verl-

1032 875 1139 944 gauium
1153 876 1180 925 in
1193 877 1260 928 cibis
1272 876 1344 942 apud
1356 891 1403 928 eos
1414 875 1558 929 herbarum
1570 878 1832 941 nominaffeondril·

1032 942 1284 1011 lo,thypoolvon·is,
1305 943 1831 1014 ettcaucalis,†anthriscum,‹scandim

1033 1029 1103 1082 quae
1115 1015 1150 1066 ub
1161 1006 1412 1083 aliishragopogon
1425 1008 1547 1078 vocatur,
1559 1015 1638 1068 foliis
1649 1032 1731 1069 croco
1744 1018 1831 1083 sinril·

1032 1083 1119 1136 limis:
1138 1083 1322 1151 parthenium,
1342 1084 1514 1154 strychnum,
1526 1083 1683 1150 corchorus,
1695 1096 1723 1140 et
1735 1089 1830 1156 aequi·

1033 1153 1127 1206 noetio
1147 1151 1536 1229 nescensvsphecmcinos:
1558 1157 1831 1223 epipetron'vocant,

1032 1238 1103 1291 quae
1113 1238 1251 1291 nunquam
1262 1222 1353 1277 iloret.
1388 1225 1424 1275 At
1438 1240 1453 1277 e
1470 1226 1609 1277 conmario
1621 1225 1726 1292 aphace
1738 1228 1831 1279 sabin·
1851 1224 1866 1255 Ι

1032 1294 1067 1345 de
1080 1299 1265 1346 marcescente
1275 1290 1345 1346 ilore
1355 1295 1459 1346 emittit
1470 1294 1566 1358 alium,
1576 1301 1638 1346 tata
1649 1293 1749 1361 hicme,
1761 1302 1832 1355 tota·

1032 1378 1085 1430 que
1096 1379 1169 1425 rere,
1180 1365 1304 1431 usquein
1316 1369 1458 1416 aestatem.

1066 1431 1139 1485 Llll.
1155 1433 1263 1484 lllultas
1275 1440 1421 1500 praeterea
1431 1432 1569 1502 ignobiles
1579 1426 1695 1486 habente
1712 1434 1761 1488 sed
1772 1450 1831 1489 ma·

1031 1503 1106 1553 sinte
1118 1503 1261 1555 celebrant
1276 1505 1373 1555 cnicon
1388 1504 1487 1557 ltaliae
1503 1504 1639 1570 ignotam,
1659 1504 1728 1569 ipsis
1738 1511 1831 1558 autern
1847 1518 1867 1551 τ

1032 1572 1107 1634 oleo,
1119 1588 1174 1623 non
1190 1573 1250 1623 cibo
1263 1581 1381 1639 gratam.
1415 1574 1480 1627 Hoc
1497 1572 1606 1625 iaciunt
1618 1574 1750 1637 escariae
1761 1576 1832 1627 eius.

1032 1642 1199 1695 Differentia
1210 1644 1307 1710 pansa,
1319 1642 1454 1695 silvestris
1467 1650 1496 1697 et
1505 1647 1621 1698 satirae.
1658 1642 1834 1696 silvestrium

1032 1712 1103 1765 duae
1124 1714 1243 1779 speciose
1264 1727 1321 1765 aaa
1339 1712 1437 1766 mitior
1455 1720 1508 1776 est,
1529 1713 1615 1766 simili
1631 1713 1719 1775 caule,
1741 1719 1834 1767 mesen

1031 1782 1140 1851 rigido:
1161 1783 1258 1849 itaque
1271 1788 1299 1835 et
1314 1783 1378 1834 colu
1392 1783 1524 1851 antiquae
1542 1785 1673 1837 mulieres
1684 1784 1835 1837 utebantur
1848 1790 1863 1827 i

1033 1867 1065 1904 ex
1077 1852 1154 1914 iniec
1183 1864 1269 1919 quare
1280 1852 1392 1920 quitiam
1403 1854 1573 1921 atractylida
1584 1860 1695 1906 vocant.
1733 1851 1835 1905 Senren

1033 1922 1093 1974 eius
1103 1919 1252 1973 candidum
1264 1927 1293 1974 et
1303 1922 1417 1990 grande,
1426 1939 1558 1976 amariam
1585 1923 1681 1975 Altera
1692 1920 1835 1983 hirsutior,
1847 1948 1858 1991 -5
1880 1968 1891 1979 .

1033 1991 1172 2043 torosiore
1184 1991 1274 2055 caule,
1296 1998 1324 2044 et
1341 1993 1387 2060 qui
1404 2009 1492 2060 paene
1508 1992 1585 2048 hauri
1603 2000 1706 2059 serpat,
1728 1993 1834 2045 nrinoto

1033 2061 1146 2113 semine.
1182 2062 1378 2114 aculeatarum
1400 2063 1509 2131 generis
1528 2060 1598 2116 haec
1620 2070 1674 2114 cst:
1704 2063 1835 2129 quoniam

1033 2130 1118 2182 distin
1159 2131 1230 2183 enda
1240 2139 1305 2183 sunt
1316 2139 1343 2184 et
1355 2147 1467 2199 genera.

1067 2200 1104 2252 Ll
1131 2236 1138 2251 .
1168 2203 1244 2269 Ergo
1270 2202 1405 2268 quaedam
1431 2201 1579 2255 herbarum
1607 2202 1736 2269 spinosae
1760 2208 1835 2264 susat,
1891 2248 1899 2265 ,

1033 2268 1167 2337 quaedam
1189 2272 1249 2323 sinc
1264 2272 1361 2338 spinis.
1397 2270 1577 2339 Spirrosarum
1593 2273 1698 2324 nrultae
1717 2272 1834 2338 specics.

1033 2340 1062 2390 ln
1075 2346 1163 2390 totum
1175 2340 1256 2407 spina
1266 2348 1310 2393 ost
1321 2356 1485 2409 asparagus,
1496 2343 1621 2409 scorpio:
1643 2341 1747 2393 nullum
1761 2341 1835 2392 errirn
1853 2350 1860 2383 ι’

1033 2407 1130 2459 lolium
1151 2408 1244 2462 habet.
1279 2410 1421 2472 Quaedam
1442 2413 1566 2477 spinosa,
1591 2409 1693 2463 foliata
1708 2418 1782 2472 sunt,
1803 2418 1836 2461 ut

1035 2476 1161 2540 carduus,
1182 2478 1328 2545 eryngion,
1350 2480 1542 2547 glycyrrhiza,
1562 2479 1661 2530 urtica.
1701 2477 1738 2529 lis
1760 2480 1835 2529 enim

1034 2547 1161 2598 onrnihus
1181 2546 1258 2598 loliis
1278 2546 1352 2599 inest
1372 2548 1502 2600 aculeata
1518 2547 1697 2598 mordacitas.
1733 2547 1835 2616 Aliqua

1035 2622 1063 2669 et
1078 2614 1228 2667 secundum
1243 2617 1351 2682 spinam
1367 2613 1470 2669 habent
1483 2616 1591 2681 lolium,
1610 2625 1641 2668 ut
1653 2615 1782 2680 tribulas,
1805 2625 1835 2669 et

1033 2683 1141 2751 ononis.
1176 2685 1319 2746 Quaedam
1338 2686 1368 2738 in
1389 2686 1460 2737 folio
1479 2684 1581 2737 habent
1603 2695 1631 2737 et
1650 2688 1680 2739 in
1694 2685 1782 2748 caule,
1803 2694 1836 2739 ut

1033 2753 1220 2822 phleos,quod
1230 2755 1317 2823 aliqui
1327 2756 1444 2807 stoeben
1455 2755 1638 2822 appellavere.
1652 2755 1833 2823 llippophacs
1851 2764 1867 2813 t

1032 2822 1117 2891 spinis
1129 2823 1331 2889 geniculatum:
1353 2820 1456 2878 tribulo
1467 2825 1634 2893 proprietas,
1652 2824 1725 2892 quad
1736 2834 1765 2878 ct
1777 2825 1832 2877 fru-

1032 2904 1106 2944 ctum
1115 2894 1258 2960 spinosum
1271 2892 1363 2947 habet.

1041 2984 1045 2991 .
1067 2960 1124 3014 LV.
1143 2962 1186 3013 Es
1198 2963 1325 3031 oninibqs
1338 2962 1380 3015 his
1392 2963 1542 3031 generibus
1551 2964 1643 3015 urtica
1655 2963 1775 3016 maxime
1786 2980 1833 3015 no·

1031 3032 1129 3093 scitur,
1140 3033 1297 3085 acetabulis
1305 3033 1331 3084 in
1343 3033 1412 3086 llore
1422 3048 1588 3102 purpuream
1601 3033 1759 3098 lanuginem
1772 3032 1832 3084 sun·
1844 3040 1857 3077 i

1032 3100 1168 3162 dentibus,
1189 3117 1273 3169 saepe
1294 3103 1381 3155 altior
1399 3102 1473 3156 binis
1494 3104 1605 3156 cubitis.
1654 3103 1752 3155 Plures
1773 3103 1834 3156 eius

1031 3170 1218 3224 differentiae:
1243 3172 1397 3234 Silvestris,
1419 3187 1498 3239 qnam
1520 3181 1547 3224 et
1561 3172 1692 3225 icnrinam
1712 3178 1858 3225 vocante·

1032 3241 1191 3308 mitiorque.
1210 3241 1249 3293 Et
1259 3242 1289 3293 in
1300 3241 1620 3309 silvestri,qnacdicitur
1630 3245 1719 3305 cunia,
1731 3242 1835 3303 acrior,
1856 3266 1862 3303 t

1033 3311 1112 3363 caule
1123 3327 1233 3380 qaoque
1244 3310 1376 3376 mordaci,
1397 3312 1544 3364 fimbriatis
1556 3310 1650 3364 soliis:
1679 3312 1833 3373 Quaerere

1032 3381 1116 3432 etiam
1128 3381 1243 3435 odorem
1260 3380 1362 3445 fundit,
1384 3382 1561 3434 Herculanea
1571 3390 1697 3433 vocatur.
1734 3380 1834 3433 Serrium

1031 3450 1160 3502 omnibus
1171 3452 1323 3520 copiosum,
1332 3452 1453 3519 nigrum.
1481 3452 1585 3503 hlirum
1596 3453 1656 3502 sine
1668 3449 1733 3505 ullis
1744 3450 1834 3519 spina·

1032 3520 1092 3572 run‘r
1105 3521 1212 3574 aculeis
1222 3522 1379 3587 lanuginem
1390 3521 1479 3587 ipsam
1492 3536 1553 3573 esse
1566 3520 1693 3581 noriam,
1714 3527 1743 3572 et
1755 3529 1834 3573 tacta
1855 3546 1867 3566 0

1031 3597 1141 3643 tantum
1151 3592 1206 3644 leni
1218 3592 1371 3658 pruritum,
1393 3590 1559 3658 pusulasque
1570 3590 1717 3642 confestim
1731 3590 1833 3642 adusto

1031 3661 1138 3713 similes
1150 3663 1294 3714 exsistere
1316 3661 1342 3713 N
1345 3668 1420 3713 otum
1432 3666 1474 3712 est
1486 3670 1515 3713 et
1526 3662 1680 3714 remedians
1692 3660 1756 3712 olei.
1778 3660 1835 3712 Sed
1889 3662 1893 3668 '

1032 3732 1202 3783 mordacitas
1222 3747 1279 3783 non
1294 3731 1423 3797 protinus
1438 3746 1499 3783 cam
1518 3731 1580 3797 ipsa
1595 3730 1683 3783 herba
1700 3730 1833 3798 gignitur,

1032 3816 1085 3854 nec
1104 3801 1157 3853 nisi
1179 3800 1290 3853 Solibus
1307 3801 1450 3853 roborata.
1486 3800 1624 3867 incipiens
1639 3800 1749 3868 quidem
1772 3801 1833 3866 ipsa

1031 3871 1109 3922 nasci
1120 3886 1192 3933 rere,
1203 3887 1257 3923 non
1268 3871 1390 3939 ingrato,
1406 3871 1502 3923 multis
1514 3871 1598 3925 etiam
1610 3870 1742 3939 religioso
1753 3869 1781 3919 in
1793 3870 1831 3919 ci-

1031 3942 1065 3992 bo
1078 3948 1131 4002 est,
1142 3941 1176 3992 ad
1189 3941 1333 4007 pellendos
1344 3941 1433 3993 tatius
1441 3941 1508 3993 anai
1518 3941 1640 3994 morbos.
1656 3938 1831 3991 Silvestrions

1030 4024 1138 4078 quoquc
1157 4010 1237 4062 radix
1256 4025 1365 4064 amnem
1383 4025 1498 4063 carnem
1514 4010 1680 4062 teneriorem
1697 4006 1774 4065 iacit,
1795 4006 1831 4055 si·

1030 4082 1140 4146 mulqae
1161 4089 1243 4131 cocta
1258 4080 1372 4131 innoxia
1386 4086 1438 4133 est.
1473 4079 1697 4135 Mamercorum,
1719 4074 1828 4124 lamina

1029 4157 1153 4201 uocatur.
1188 4149 1232 4200 De
1241 4149 1387 4215 scorpione
1405 4148 1612 4201 dicemusinter
1624 4144 1754 4196 medicas.

1064 4215 1137 4268 LVl.
1156 4217 1279 4279 carduus
1290 4225 1319 4270 et
1334 4216 1405 4268 folia
1415 4224 1443 4270 et
1452 4216 1544 4269 caules
1556 4214 1685 4281 spinosae
1694 4212 1831 4277 lanuginis

1031 4283 1123 4338 habet.
1135 4274 1832 4347 itemacorna,leucacanthosbhalceomcnicosjpo·
1848 4312 1854 4337 ς

1031 4348 1832 4423 lyncanthos,bnopyxos,helxine‚sconmos.Chamaeleon,

1030 4426 1058 4476 in
1068 4423 1422 4476 foliisnonhahetaculeos.
1437 4422 1576 4475 Estetilla
1585 4420 1832 4487 differentio,qund

1031 4489 1832 4561 quaedaminiismulticauliaramosaquesvrnt,utcarduos.

1032 4563 1611 4627 linoautemcaule,necramosum‚cnicos.
1633 4559 1776 4622 Quaedam
1788 4574 1832 4612 ca·

1031 4633 1254 4685 caminetantam
1265 4634 1379 4699 spinosa
1388 4641 1461 4696 sant,
1474 4641 1506 4686 ut
1517 4633 1671 4701 eryngium.
1688 4629 1831 4694 Quaedam

1032 4702 1581 4765 aestatedorent,uftetralimethelxine.
1610 4699 1831 4767 Scolymusqao·
1852 4712 1857 4725 ·

1031 4787 1083 4839 que
1092 4771 1240 4825 lloretsero
1249 4766 1341 4825 etdiu.
1377 4773 1587 4826 Acarnacolorc
1598 4776 1703 4821 tantona
1713 4767 1777 4820 rulo
1789 4770 1831 4819 ‹li-
1844 4798 1848 4805 ·

1030 4842 1190 4909 stinguitur,
1204 4848 1234 4894 et
1242 4843 1387 4911 pinguiore
1396 4858 1490 4895 sacco.
1525 4841 1600 4894 ldem
1612 4848 1673 4892 erat
1682 4838 1831 4906 atractylis

1033 4927 1158 4980 quoque,
1178 4913 1231 4962 nisi
1252 4910 1398 4964 candidior
1422 4916 1505 4974 emet,
1527 4918 1556 4964 ct
1574 4909 1626 4961 nisi
1649 4909 1833 4976 sanguineam

1031 4996 1142 5034 succum
1156 4981 1292 5033 funderet.
1327 4982 1388 5043 Qua
1404 4980 1439 5033 de
1455 4996 1540 5033 causa
1558 4978 1665 5046 phonos
1680 4986 1797 5031 crocatur
1814 4992 1832 5028 a

1031 5051 1206 5120 quibasdam,
1227 5048 1314 5102 odore
1331 5052 1415 5102 etiam
1432 5051 1534 5118 gravis
1553 5065 1617 5102 sero
1629 5055 1832 5101 maturescente

1030 5120 1144 5183 semine,
1157 5136 1206 5170 nec
1218 5126 1282 5171 ante
1294 5126 1471 5175 autumnum:
1490 5134 1645 5189 quanquam
1657 5117 1687 5169 id
1699 5116 1733 5170 de
1744 5114 1832 5169 omni·

1029 5191 1081 5242 bris
1091 5189 1211 5257 spinosis
1228 5189 1283 5242 dici
1299 5197 1399 5258 potest.
1436 5188 1540 5244 Verum
1557 5189 1650 5242 omnia
1665 5186 1736 5240 haec
1745 5190 1774 5238 et
1783 5197 1830 5234 se·

1030 5262 1141 5313 mineat
1152 5259 1245 5312 radice
1257 5263 1329 5312 nasci
1341 5266 1467 5328 possunt.
1503 5259 1651 5328 Scolymns
1662 5255 1828 5309 carduorum

1029 5330 1140 5397 generis
1151 5330 1186 5381 ab
1196 5330 1231 5380 ils
1247 5330 1341 5394 distat,
1361 5330 1439 5398 ‚qaod
1461 5329 1542 5383 radix
1557 5331 1618 5382 cius
1633 5323 1769 5378 vacando
1788 5327 1830 5371 cst

1029 5400 1155 5453 decocta.
1189 5398 1311 5464 Mirum,
1335 5398 1636 5469 quodsineinterrallo
1648 5402 1708 5446 tota
1719 5398 1830 5443 aestate

1028 5469 1104 5521 aliud
1116 5468 1199 5521 floret
1210 5468 1238 5520 in
1249 5483 1282 5521 eo
1302 5485 1413 5538 genere,
1433 5468 1511 5520 allud
1528 5464 1658 5534 concipit,
1678 5459 1753 5513 aliud
1766 5474 1828 5526 par·

1027 5540 1106 5591 turit.
1124 5539 1219 5591 aculei
1230 5546 1374 5592 arescente
1386 5537 1456 5590 folio
1467 5536 1597 5589 desinunt
1608 5544 1738 5599 pungere.
1760 5530 1827 5581 llei-
1848 5560 1865 5573 .-

1026 5608 1090 5665 xiae
1101 5624 1166 5664 rara
1177 5609 1237 5662 rma
1247 5614 1299 5679 est,
1309 5623 1398 5676 neque
1408 5607 1438 5658 in
1448 5603 1576 5658 amnibus
1587 5600 1683 5657 terris:
1703 5607 1773 5658 etta
1787 5612 1830 5655 ra·

2002 2794 2013 2825 l
