4374 6014
304 332 335 395 C.
371 328 518 415 rainu
551 324 759 392 sacuam
780 327 952 393 NATUR
977 330 1156 393 disroit
1180 332 1266 394 tiit.
1288 329 1463 395 xxxiii.
1497 335 1590 398 CAP.
1618 339 1732 401 14-21.
1776 341 1836 403 375

178 491 251 548 teum
260 483 303 536 ita
312 487 346 535 ut
352 480 511 548 scrupulum
518 480 627 535 soleret
635 482 774 536 sestertiis
780 483 899 536 vicenis:
910 481 983 551 quod

178 554 274 608 olfecit
286 554 314 605 in
325 552 420 612 libras,
432 553 542 604 ratione
553 554 756 616 sestertiorum,
764 555 811 619 qui
822 560 984 617 tnueerant,

179 623 326 677 sestertius
335 621 461 674 [icccc.
498 620 567 672 Post
577 620 648 673 haec
660 621 764 688 placuit
785 622 811 674 Χ
830 623 984 691 XLsigna·

179 693 321 746 riexauri
342 691 435 743 libris:
453 689 645 758 paulatimque
660 691 801 759 principes
819 692 983 746 imminuere

180 762 302 832 pandus:
321 759 510 813 minutissime
521 759 596 811 Nero
608 759 642 810 ad
653 759 739 811 XLV.

215 830 286 883 Xll'.
305 828 359 882 Sed
372 845 389 881 a
400 844 510 879 nummo
522 830 612 895 prima
623 830 701 895 origo
712 831 856 895 avaritiae,
867 832 982 887 foenore

181 902 341 967 excogitata
351 906 575 968 quaestuosaque
589 900 719 967 segnitia
755 903 835 953 liuec
846 903 980 969 paulatim

180 970 287 1025 exarsit
296 968 375 1021 rabie
393 967 525 1034 quadam,
543 983 598 1019 non
613 970 669 1019 iam
686 971 812 1031 aseritis,
833 972 882 1023 sed
893 970 982 1026 sanies

179 1041 256 1093 auri:
274 1044 372 1104 utpote
383 1052 444 1088 cunr
458 1035 851 1102 Septimuleiust'aiiGracchi
865 1043 982 1095 familia.

181 1110 230 1172 ris,
250 1121 319 1159 auro
331 1105 536 1173 rependendum
559 1114 643 1174 caput
654 1108 714 1158 eius
726 1112 848 1160 excisum
868 1112 902 1161 ad
915 1113 981 1178 Opi-

180 1179 266 1231 mium
277 1177 386 1237 tulerit,
398 1175 605 1243 plumboque-in
619 1192 650 1228 os
661 1178 758 1229 addito
769 1180 918 1244 parricidio
930 1196 982 1232 suo

179 1246 378 1313 rempublicam
397 1245 483 1298 etiam
496 1246 759 1311 circumscripserit:
781 1264 831 1300 neo
846 1250 901 1300 iam
919 1248 983 1311 Qui.

178 1317 276 1369 sitium
288 1316 392 1382 utiquo,
413 1315 463 1369 sed
474 1316 603 1366 universo
615 1317 727 1368 nomine
738 1317 864 1370 Romano
876 1318 983 1383 insumi,

179 1401 230 1439 rex
241 1384 421 1438 Mithridates
431 1386 542 1452 Aquilio
553 1385 616 1437 duci
627 1394 709 1454 capto
721 1402 818 1438 aurum
831 1388 857 1437 in
871 1405 902 1438 os
912 1388 984 1439 iniu-

180 1456 242 1507 dit:
262 1454 333 1508 haee
345 1455 420 1522 parit
439 1454 559 1508 habendi
571 1456 682 1522 cupido.
718 1457 809 1508 Pudet
829 1459 982 1509 intuentem

128 1532 138 1549 ·
181 1531 293 1576 tantum
303 1524 415 1576 aomina
425 1527 492 1588 ista,
510 1540 582 1592 quae
592 1525 710 1578 subinde
720 1542 791 1577 nova
803 1527 910 1578 Graeco
922 1543 982 1578 ser·

180 1608 262 1645 mone
283 1595 487 1661 excogitantur,
507 1610 637 1660 expresso
659 1595 801 1662 argenteis
821 1596 896 1646 :vasis
914 1610 982 1646 auro

180 1671 231 1715 aut
248 1663 370 1715 incluso:
390 1664 489 1732 quibus
511 1663 619 1716 deliciis
638 1672 758 1716 seaeant
778 1674 835 1716 tam
854 1666 984 1716 inaurata

181 1735 262 1798 qu'am
285 1747 380 1793 aurea,
402 1747 462 1784 cum
482 1732 603 1784 scianrus
615 1734 794 1796 interdixisse
806 1734 906 1786 castris
925 1735 984 1785 suls

181 1801 357 1866 Spartacum,
374 1814 409 1853 ne
425 1802 486 1869 quis
504 1816 600 1852 aarum
623 1801 737 1855 haberet
757 1810 807 1854 aut
827 1816 860 1854 ar
897 1810 983 1854 ntunr.

182 1872 278 1921 'l'anto
299 1870 354 1921 luit
374 1871 437 1935 plus
457 1870 541 1921 aniani
563 1868 690 1938 fugitivis
712 1874 824 1923 nostris.
894 1872 984 1924 esssla

180 1946 278 1991 orator
296 1938 428 2003 prodidit,
449 1941 787 1992 Antoniumtriumsirum
799 1943 893 1993 aureis
904 1956 983 1993 usum

179 2010 210 2061 in
222 2007 349 2058 omuibus
365 2004 511 2059 obsedenis
529 2008 688 2072 desideriis,
709 2009 838 2077 pudendo
857 2011 983 2072 crimine,

182 2077 266 2131 etism
277 2077 453 2144 cleopatrae.
490 2077 619 2130 Summae
635 2079 710 2147 apud
725 2071 837 2145 exterds
852 2080 984 2132 licentiae

179 2145 283 2209 iuerat,
294 2146 396 2212 poculo
408 2159 494 2197 aureo
506 2146 628 2212 pulvinis
638 2149 763 2209 subdito,
775 2148 931 2216 Philippum
944 2164 986 2200 rs·

180 2231 245 2338 g¹enr
267 2214 389 2266 dormire
408 2213 537 2265 solitum:
556 2217 696 2296 Agnonem
712 2218 813 2269 'l'eium
836 2216 986 2270 Alexandri

181 2282 986 2419 addititii?:distantiattitali:

183 2437 253 2476 auro
265 2422 342 2485 iecit,
355 2421 558 2489 proscriptione
569 2421 692 2488 dignum,
712 2422 763 2473 sed
773 2421 908 2487 Spartaci.

218 2488 279 2544 XV.
309 2490 448 2559 Equidem
470 2491 558 2551 miror
577 2491 710 2558 populum
731 2490 885 2541 Romanum
907 2489 986 2541 sistis

182 2560 314 2631 gentibus
333 2561 362 2611 in
383 2559 489 2609 tributo
506 2573 618 2624 semper
634 2565 780 2627 argentum
801 2560 986 2625 imperitasse,

184 2644 242 2681 non
253 2642 365 2679 aurum:
385 2628 457 2678 sicut
469 2625 632 2708 Carthagini
651 2643 711 2678 curn
728 2628 887 2680 Hannibale
897 2632 987 2679 victae

183 2695 987 2833 lidiimiltiadidliitlttltt‘l‘t.llddl

182 2836 268 2888 nisse.
304 2835 361 2886 lum
374 2834 466 2885 Midas
477 2839 506 2886 et
517 2835 635 2887 Croesus
647 2836 784 2887 inlinitum
797 2836 986 2903 possederunt.

182 2907 241 2959 lam
255 2906 347 2974 Cyrus
362 2904 470 2956 devicta
484 2904 551 2955 Asia
566 2905 659 2971 pondo
679 2903 798 2958 XXXll'
809 2905 900 2956 millia
915 2905 987 2955 iure·

181 2981 271 3037 ussat,
292 2980 407 3041 praeter
423 2988 490 3026 rasa
504 2989 599 3036 aurea,
620 2989 772 3042 aurumque
783 2973 898 3036 iactum,
919 2981 947 3026 et
960 2975 987 3024 ln

183 3059 217 3096 eo
238 3044 308 3096 lolia
328 3058 361 3094 ac
381 3042 694 3112 platanum,ritenrque.
732 3044 924 3108 Quavictoria
945 3058 987 3096 ar·

183 3114 421 3182 gentiquingenta
434 3112 522 3165 millia
528 3112 698 3164 talentorum
712 3114 877 3179 reportarit,
888 3120 916 3165 et
929 3128 987 3164 cra·

183 3194 271 3235 terem
284 3182 486 3243 Semiramidis,
503 3182 584 3233 cuius
600 3185 707 3250 pondus
724 3182 880 3249 quindecim
900 3181 988 3234 talen·

126 3260 132 3275 '
181 3260 213 3304 ta
232 3251 393 3319 colligebat.
427 3252 575 3303 Talentum
595 3260 687 3304 autem
706 3252 874 3320 Aegyptium
895 3250 987 3319 pondo

182 3320 290 3374 LXXX
302 3327 399 3387 patere
410 3321 500 3373 Varro
512 3323 608 3373 tradit.
639 3325 695 3374 lam
708 3328 873 3389 regnaverat
885 3322 912 3372 in
926 3321 988 3372 Col·

184 3390 244 3442 chis
256 3391 387 3442 Salauces
398 3397 426 3440 et
440 3390 596 3456 Esubopes,
617 3392 665 3458 qui
683 3399 785 3443 terram
798 3390 930 3458 virginem
942 3405 989 3441 na·

185 3465 256 3521 ctus,
274 3458 422 3525 plurimum
445 3461 556 3525 argenti
576 3461 693 3528 aurique
713 3461 820 3511 eruisse
838 3460 940 3511 dicitur
958 3461 987 3511 in

183 3529 340 3581 Suasorem
352 3536 443 3595 gente,
463 3535 492 3580 ct
502 3527 609 3596 alioqui
620 3530 768 3581 velleribus
780 3530 870 3581 aureis
882 3529 988 3595 inclyto

183 3611 280 3719 aaa
297 3595 989 3734 ..Milli{laistidasitiatis?

185 3740 262 3789 ricta
274 3735 404 3788 Sesostre
413 3738 533 3804 Aegypti
546 3751 620 3805 rege,
630 3743 686 3788 tam
698 3738 828 3803 superbo,
849 3744 880 3787 ut
890 3736 989 3803 proda-

184 3813 232 3858 tur
242 3807 322 3858 annis
335 3807 493 3873 quibusque
504 3813 581 3857 sorte
593 3821 678 3875 reges
690 3806 817 3875 singulos
829 3821 844 3858 e
855 3807 989 3859 subiectis

184 3877 234 3927 iun
253 3892 300 3928 eve
311 3875 345 3926 ad
357 3889 467 3926 cumam
479 3874 588 3937 solitus,
600 3884 684 3945 atque
696 3878 737 3928 ita
747 3875 928 3942 triumphare.

251 3944 296 3996 Vl.
317 3945 353 3995 itt
364 3960 415 3995 nos
426 3945 555 4007 lecimus,
578 3961 649 4011 quae
659 3949 764 4013 posteri
777 3946 907 3998 fabulosa
918 3944 989 3998 urbi·

185 4021 303 4065 trontur.
340 4014 443 4064 Caesar
455 4016 504 4079 qui
513 4020 613 4079 postea
623 4015 747 4077 dictator
758 4014 821 4077 suit,
844 4016 949 4081 primus
961 4014 987 4065 in

186 4082 334 4135 aedilitate
343 4094 456 4131 manere
466 4085 554 4146 patris
566 4083 684 4143 funebri,
696 4086 769 4134 omni
782 4090 917 4149 apparatu
928 4098 989 4133 are·

185 4167 237 4203 nau
248 4155 383 4216 argenteo
404 4163 470 4198 usus
481 4156 536 4201 est:
557 4150 686 4217 ferasque
707 4152 845 4216 argenteis
861 4152 934 4201 rasis
948 4150 989 4199 in·

185 4220 323 4273 cessireve
335 4224 393 4267 tum
407 4217 524 4281 primum
538 4219 624 4278 noxii,
647 4218 816 4285 quodetiam
833 4218 861 4269 in
873 4218 988 4270 munici-

184 4289 240 4357 piis
251 4286 435 4340 aearulantur.
472 4286 500 4336 0.
511 4287 646 4338 Antonius
662 4287 743 4338 ludos
758 4300 841 4339 scena
856 4293 990 4355 argentea

185 4356 263 4410 ierit.
300 4355 369 4405 item
382 4353 414 4405 L.
426 4355 569 4418 Muraena,
591 4362 620 4407 et
632 4356 718 4407 Caius
728 4359 853 4423 princeps
865 4358 893 4406 in
906 4355 989 4406 Circo

168 4438 288 4496 ,pegma
302 4423 391 4485 duxit,
411 4423 439 4474 in
455 4438 509 4492 quo
530 4423 611 4477 there
633 4426 741 4493 argenti
761 4424 853 4492 pondo
865 4422 988 4477 cxxiv.

186 4495 319 4548 Claudius
329 4506 475 4544 successor
486 4494 553 4556 eius,
564 4494 672 4546 cumde
682 4494 827 4545 Britannia
837 4492 988 4560 triumpha·

185 4572 239 4626 ret,
260 4563 334 4614 inter
345 4575 464 4614 coronas
479 4577 588 4624 aumas,
611 4565 661 4617 Vll
674 4564 765 4631 pondo
777 4561 888 4625 habere,
908 4576 988 4630 quara

188 4632 353 4687 contulisset
365 4631 500 4698 Hispania
510 4633 635 4693 citerior,
648 4634 687 4685 ix
697 4648 776 4699 quam
789 4633 883 4684 Gallia
895 4635 991 4685 Coma·

187 4710 228 4764 ts,
248 4701 336 4753 titulis
348 4700 491 4753 indicavit.
528 4703 619 4753 liuius
638 4701 740 4754 deinde
749 4716 894 4755 successor
905 4702 989 4762 Nero,

189 4772 311 4838 Pompeii
324 4770 462 4823 theatrum
474 4773 585 4838 operuit
598 4787 666 4822 auro
678 4774 705 4824 in
718 4787 801 4822 unum
814 4770 896 4832 diens,
917 4771 990 4838 quud

190 4842 311 4894 Tiridati
326 4842 385 4909 regi
404 4843 549 4892 Armeniae
565 4840 736 4894 ostenderet.
773 4842 810 4895 Et
823 4848 909 4907 quota
924 4855 988 4909 pars

189 4926 223 4964 ea
233 4911 286 4962 fuit
297 4925 397 4962 aureae
407 4910 506 4961 domus
519 4910 668 4963 ambientis
677 4912 782 4962 urbem.

223 4979 310 5033 xvii.
340 4983 406 5031 Auri
419 4981 447 5029 in
460 4981 570 5033 aerario
581 4981 677 5047 populi
690 4980 804 5031 Ronsani
818 4978 905 5041 luere,
922 4978 989 5032 Sex.

188 5049 268 5111 lulio,
279 5050 312 5100 L.
321 5048 435 5100 Aurelio
447 5051 524 5100 Coss.
534 5058 642 5116 septem
659 5050 740 5099 annis
751 5057 815 5100 ante
824 5049 926 5100 bellum
939 5048 990 5099 Pu·

189 5120 414 5181 nicumtertium,
434 5118 526 5184 pondo
539 5118 611 5179 xvi,
633 5116 762 5177 mccx,
785 5134 816 5168 ar
836 5117 990 5179 cntixxil,

189 5189 276 5249 Lxx,
288 5189 353 5240 etin
366 5195 510 5239 numerato
533 5187 619 5249 ixii,
638 5186 777 5248 uniar,
788 5135 883 5239 Cdcc.
921 5187 989 5237 item

191 5256 253 5310 Sex.
265 5256 347 5316 lulio,
360 5255 392 5305 l..
403 5256 512 5307 Marcio
524 5258 601 5307 Coss.
613 5256 667 5308 hoc
677 5263 730 5316 est,
740 5257 807 5308 belli
818 5254 932 5309 socialis
941 5253 992 5306 ini·

189 5328 240 5387 iio,
252 5325 314 5376 astri
324 5323 448 5375 sedecies
461 5332 533 5377 cent.
544 5327 647 5393 viginti
656 5326 746 5377 millia
757 5331 785 5376 et
794 5322 990 5376 Dcccxxrx.

191 5397 219 5447 C.
231 5396 335 5444 Caesar
345 5391 435 5457 primo
447 5393 564 5444 introitu
579 5394 659 5446 Urbis
671 5394 785 5446 incivili
797 5394 883 5455 bello,
895 5407 946 5444 suo
956 5406 991 5445 cx

190 5462 299 5516 aerario
311 5460 430 5526 protulit
448 5460 567 5513 laterum
586 5479 731 5516 aureorum
748 5463 830 5516 XXV
839 5464 878 5513 M.
895 5474 992 5528 argen-

226 5547 298 5583 ”rum
311 5530 424 5590 XXXV,
445 5536 475 5581 et
485 5533 511 5582 in
524 5542 681 5595 numerato,
702 5531 908 5602 quadrigenties
920 5537 991 5583 cent.

270 5602 438 5654 sestertium.
474 5599 535 5655 Nec
550 5598 611 5695 th
630 5603 694 5657 eliis
714 5600 890 5670 temporibus
898 5615 992 5670 respa·

1034 483 1112 537 blica
1131 483 1306 551 locupletior.
1341 484 1442 539 Intulit
1459 487 1592 541 Aemilius
1604 488 1714 555 l‘aulus,
1735 489 1836 545 Perseo

1036 556 1110 605 ricto
1121 570 1136 606 e
1147 554 1329 608 Macedonica
1345 555 1448 624 praeda
1463 556 1491 607 H
1506 581 1511 592 ·
1524 554 1551 607 S.
1569 558 1611 608 bis
1630 561 1730 612 millies
1742 568 1770 612 et
1783 569 1837 613 tre·

1036 626 1139 675 centies
1152 632 1222 676 cent.
1236 624 1304 675 nrill.
1316 641 1334 677 a
1349 642 1404 693 quo
1420 631 1547 691 tempore
1563 629 1680 694 populus
1697 631 1836 683 Annianus

1036 693 1170 744 tributum
1182 692 1302 758 pendere
1313 695 1405 746 desiit.
1475 692 1481 703 “

1069 760 1169 814 1111111.
1187 762 1360 829 Laquearia,
1382 777 1534 831 quaenunc
1546 770 1575 815 ct
1585 766 1611 815 in
1625 765 1739 830 privatis
1750 768 1837 822 domi·

1033 832 1086 884 bus
1097 844 1165 882 auro
1175 837 1316 897 teguntur,
1329 840 1391 900 pust
1404 832 1600 901 Carthaginem
1613 850 1736 887 eversam
1747 841 1838 905 primo

1034 901 1164 953 inaurata
1175 907 1240 952 mint
1251 903 1278 951 in
1290 903 1439 968 Capitolio,
1458 904 1584 954 Censura
1595 902 1626 953 L.
1639 904 1776 957 Musunii.
1793 910 1838 960 ln·

1035 970 1070 1023 ds
1081 970 1218 1022 transiere
1231 971 1259 1020 in
1271 986 1398 1023 cameras
1408 986 1517 1039 quoque
1528 978 1557 1023 et
1568 975 1701 1038 parietes,
1724 978 1769 1042 qui
1782 979 1837 1029 iam

1014 1096 1017 1103 ,
1034 1039 1124 1105 stipsi
1137 1047 1269 1107 tanquam
1281 1056 1348 1091 rasa
1358 1041 1538 1093 inaurentur:
1564 1055 1624 1091 cunr
1637 1057 1688 1094 sua
1698 1052 1776 1096 actas
1789 1060 1837 1097 vu·

1034 1108 1122 1160 riade
1133 1109 1233 1160 Catulo
1245 1109 1455 1174 existimaverit,
1475 1109 1549 1179 quod
1560 1112 1670 1181 tegulas
1680 1128 1776 1166 aereas
1788 1118 1837 1168 Ca·

1035 1177 1128 1244 pitolii
1139 1178 1294 1231 indurasset
1307 1179 1420 1246 primus.

1086 1246 1160 1298 xix.
1196 1249 1356 1300 inventores
1378 1249 1457 1312 auri,
1478 1250 1552 1302 sieut
1571 1250 1750 1303 metallorum
1774 1251 1835 1306 iere

1036 1316 1175 1378 oninium,
1195 1317 1316 1383 septimo
1330 1318 1470 1371 volumine
1485 1320 1615 1371 diximus.
1652 1322 1839 1388 Praecipuant

1035 1388 1155 1451 gratiam
1172 1385 1236 1438 huic
1252 1389 1386 1440 materiae
1400 1389 1485 1441 iuisse
1500 1389 1640 1451 arbitror,
1661 1406 1714 1442 non
1732 1392 1839 1454 colore,

1035 1455 1122 1520 quiin
1135 1457 1364 1521 argenteolarior
1379 1466 1431 1519 est,
1453 1462 1596 1527 magisque
1609 1458 1665 1511 diei
1676 1460 1786 1522 similis,
1807 1469 1838 1513 et

1034 1523 1099 1575 ideo
1111 1524 1281 1577 militaribus
1296 1527 1384 1593 signis
1403 1528 1579 1590 fastidierint,
1600 1530 1730 1597 quoniam
1742 1531 1767 1580 is
1779 1530 1838 1580 lua·

1035 1593 1098 1661 gius
1119 1593 1221 1661 fulget:
1241 1596 1389 1648 nraniiesto
1410 1612 1507 1649 errore
1527 1613 1630 1660 corum,
1652 1598 1698 1665 qui
1714 1599 1837 1650 cariorem

1035 1663 1155 1714 siderum
1169 1664 1305 1730 placuisse
1317 1665 1344 1715 in
1355 1681 1423 1717 auru
1435 1667 1628 1729 arbitrantur,
1649 1683 1712 1718 cum
1724 1667 1751 1718 ia
1763 1683 1838 1732 gem·

1034 1732 1088 1782 nris
1099 1731 1219 1799 aliisque
1228 1734 1310 1785 rebus
1322 1735 1420 1786 nonsit
1431 1741 1602 1802 praecipuas.
1638 1736 1696 1787 Nec
1708 1736 1837 1803 pondere,

1035 1806 1084 1851 aut
1096 1799 1234 1854 facilitate
1250 1806 1387 1855 materiae
1401 1807 1553 1870 praelatum
1570 1811 1614 1856 est
1629 1806 1730 1857 ceteris
1742 1804 1839 1879 metal-¹

1035 1870 1089 1931 lis,
1110 1885 1171 1920 cunr
1185 1871 1267 1922 cedat
1279 1886 1328 1937 per
1340 1882 1486 1941 utrunrque
1497 1875 1619 1940 plumbo.
1655 1874 1709 1925 Sed
1721 1875 1785 1940 quia
1796 1889 1839 1926 re·

1035 1952 1095 1988 rum
1108 1942 1154 1988 uni
1165 1939 1233 1990 nihil
1252 1942 1317 2007 igne
1333 1941 1458 2009 deperit,
1477 1950 1540 1995 tuto
1556 1944 1641 1995 etiam
1660 1943 1689 1994 in
1701 1943 1838 1995 incendiis

1036 2007 1175 2073 rogisque.
1212 2010 1284 2070 Quin
1297 2010 1382 2062 immo
1394 2026 1447 2077 quo
1458 2015 1567 2078 saepius
1579 2013 1658 2073 arsit,
1681 2012 1789 2080 prolicit
1802 2010 1839 2062 ad

1035 2076 1198 2128 bonitatem.
1234 2078 1354 2145 Aurique
1367 2084 1582 2146 experimentum
1595 2081 1666 2147 ignis
1678 2089 1734 2142 est,
1757 2088 1788 2131 ut
1797 2081 1836 2131 si·

1036 2146 1095 2197 mili
1107 2146 1204 2199 colore
1213 2146 1321 2210 rubeat,
1333 2149 1525 2217 ignescatque:
1545 2150 1572 2200 id
1590 2151 1679 2215 ipsum
1692 2150 1838 2201 obrussam

1035 2222 1145 2267 cocant.
1181 2213 1303 2266 Primum
1324 2224 1416 2268 eutem
1431 2219 1566 2270 bonitatis
1577 2225 1769 2285 arguissentum
1785 2225 1838 2281 cst,

1036 2299 1118 2350 quens
1135 2280 1299 2336 difficillime
1315 2286 1439 2339 accendi.
1476 2287 1626 2340 Praeterea
1639 2289 1752 2351 mirans,
1776 2303 1838 2355 pru·

1037 2367 1089 2405 sae
1099 2350 1320 2405 violentissimae
1333 2357 1391 2422 igni
1402 2356 1564 2407 indomitam
1577 2394 1585 2420 ,
1608 2358 1689 2422 palea
1701 2359 1837 2409 citissime

1038 2421 1202 2473 ardescere:
1220 2428 1304 2486 atquc
1324 2431 1354 2473 ut
1370 2431 1513 2489 purgetur,
1533 2441 1593 2475 cum
1612 2425 1723 2489 plumbo
1746 2425 1839 2492 coqui.

1036 2488 1132 2538 Altera
1142 2502 1226 2538 causa
1237 2490 1321 2555 pretii
1332 2493 1664 2557 maier,quansmininrunr
1675 2509 1725 2543 usu
1737 2493 1839 2558 deteri,

1037 2570 1099 2607 cum
1110 2561 1236 2622 argento,
1246 2570 1322 2618 uere,
1333 2558 1456 2626 plumbo,
1472 2559 1562 2611 lineae
1575 2560 1770 2625 producantur,
1781 2576 1837 2612 ma·

1037 2639 1142 2691 nusque
1165 2624 1328 2676 sordescant
1347 2626 1465 2679 decidua
1476 2630 1602 2679 materia.
1638 2628 1782 2681 Neoaliud
1799 2629 1840 2682 la·

1036 2693 1101 2744 nius
1112 2692 1255 2755 dilatatur,
1274 2700 1323 2745 aut
1334 2698 1507 2748 numerosius
1524 2697 1665 2760 dividitur,
1684 2705 1782 2765 utpote
1794 2714 1840 2750 cu·

1036 2764 1080 2814 ius
1095 2764 1194 2813 unciae
1209 2764 1235 2811 in
1252 2764 1432 2830 septingenas
1447 2773 1475 2818 et
1493 2766 1711 2834 quinquagenas,
1731 2768 1837 2834 plures·

1038 2848 1091 2902 que
1108 2831 1246 2894 bracteas,
1265 2838 1429 2898 quaternum
1446 2840 1563 2902 utroque
1581 2835 1743 2902 digitorum,
1764 2851 1841 2903 spar·

1037 2907 1147 2970 guntur.
1185 2901 1382 2956 crassissimae
1394 2918 1428 2955 ox
1440 2901 1482 2954 his
1490 2903 1685 2957 Praenestinae
1695 2913 1831 2958 vocantur

1039 2970 1187 3022 etiamnum
1200 2973 1352 3024 retinentes
1365 2987 1482 3035 nomeu,
1503 2972 1647 3027 Fortunae
1659 2976 1788 3027 inaurato
1800 2975 1839 3028 ibi

1039 3039 1201 3092 fidelissime
1212 3040 1371 3092 simulacro.
1410 3042 1544 3095 Proxinsa
1554 3044 1667 3096 bractea
1679 3048 1840 3112 quaestoria

1039 3110 1204 3178 appellatur.
1239 3110 1380 3177 llispania
1398 3112 1524 3178 strigiles
1535 3119 1616 3163 vocat
1630 3115 1691 3164 auri
1711 3113 1839 3179 parvulas

1039 3194 1156 3242 massus,
1178 3178 1252 3247 quod
1274 3183 1462 3247 superomnia
1481 3182 1570 3232 solum
1583 3183 1609 3232 in
1629 3189 1778 3235 massaaut
1795 3198 1839 3235 ra·

1040 3257 1131 3301 ssento
1144 3251 1261 3315 capitur.
1299 3250 1365 3301 Cum
1378 3258 1474 3302 cetera
1489 3251 1517 3301 in
1529 3251 1651 3303 metallis
1662 3260 1771 3317 reperta
1782 3252 1840 3320 igni

1039 3319 1228 3386 perficiantur,
1251 3316 1303 3371 hoc
1314 3322 1409 3370 statim
1431 3327 1591 3382 circumest,
1612 3327 1840 3372 consummatam·

1039 3404 1091 3455 que
1110 3389 1254 3439 aratoriam
1279 3390 1407 3453 protinus
1427 3389 1528 3450 habet,
1549 3404 1610 3439 cum
1631 3389 1671 3439 itu
1690 3390 1839 3441 invenitur.

1040 3459 1118 3509 llaec
1138 3456 1210 3508 enim
1232 3457 1357 3507 inventio
1377 3458 1437 3509 eius
1457 3457 1591 3509 naturalis
1606 3464 1662 3509 est:
1682 3458 1745 3520 aliu,
1757 3474 1840 3527 quam

1040 3527 1173 3587 dicemus,
1185 3532 1290 3577 coacta.
1327 3524 1417 3592 Super
1427 3532 1520 3580 cetera
1533 3542 1586 3577 non
1598 3526 1696 3595 rubigo
1707 3527 1773 3590 ulla,
1785 3543 1841 3579 non

1039 3609 1154 3661 aerugo,
1166 3608 1220 3645 non
1232 3593 1308 3646 aliud
1320 3610 1353 3646 ex
1365 3596 1425 3662 ipso
1438 3597 1510 3664 quod
1522 3604 1666 3647 consumat
1677 3598 1840 3659 bonitatem,

1040 3665 1183 3716 minuatve
1194 3666 1309 3729 pondus.
1345 3665 1403 3716 lam
1423 3672 1519 3717 contra
1534 3666 1602 3717 salis
1621 3667 1730 3718 etaceti
1741 3679 1841 3719 succos

1039 3735 1193 3786 donsitores
1213 3748 1315 3796 rerum,
1337 3736 1514 3786 constantia:
1532 3749 1668 3801 superque
1685 3735 1779 3786 omniu
1795 3750 1841 3787 ne·

1040 3811 1093 3865 tur,
1104 3818 1136 3854 ac
1147 3802 1250 3853 texitur
1258 3802 1337 3854 lanae
1349 3804 1441 3866 prodo,
1455 3812 1482 3857 et
1493 3804 1552 3854 sine
1563 3804 1637 3855 lana.
1674 3806 1782 3856 Tunica
1792 3820 1840 3858 aa·

1040 3888 1088 3925 rea
1098 3870 1283 3938 triumphasse
1295 3873 1474 3940 Tarquinium
1490 3873 1611 3924 Priscum
1623 3871 1738 3927 Verrius
1749 3875 1841 3926 docet.

1042 3943 1099 3995 Nus
1124 3941 1241 3992 vidimus
1255 3942 1433 4010 Agrippinam
1446 3942 1553 3993 Claudii
1577 3943 1716 4008 principis,
1739 3942 1840 3994 edente

1041 4011 1190 4063 conavnlis
1204 4011 1303 4077 proelii
1315 4006 1512 4076 spectaculum,
1525 4010 1694 4062 assidentem
1708 4012 1743 4070 ei,
1762 4008 1841 4061 indu·

1040 4088 1098 4131 tum
1120 4079 1327 4145 paludamento,
1349 4094 1416 4131 auro
1437 4081 1526 4131 textili
1547 4080 1608 4130 sine
1631 4078 1689 4129 alia
1712 4077 1839 4129 materis.

1040 4147 1168 4199 Attalicis
1180 4162 1245 4200 vere
1262 4147 1425 4214 iampridem
1443 4147 1596 4211 interitus,
1616 4146 1732 4197 invento
1743 4159 1840 4214 regum

1041 4215 1130 4267 Asiae.

1074 4282 1135 4333 xx.
1154 4282 1288 4334 Marnsori
1300 4289 1328 4335 et
1344 4286 1378 4336 iis
1394 4300 1465 4352 quae
1482 4284 1632 4337 candefieri
1649 4297 1703 4334 non
1715 4290 1841 4350 possunt,

1042 4352 1086 4402 ovi
1097 4350 1215 4402 candidu
1227 4351 1360 4402 illinitur:
1380 4354 1455 4419 ligno
1466 4390 1474 4416 ,
1495 4353 1594 4420 glutini
1605 4352 1715 4404 ratione
1726 4367 1840 4420 compo·

1041 4422 1114 4473 sits:
1133 4418 1317 4486 leucophoron
1330 4431 1440 4474 vocant.
1476 4422 1548 4483 darn
1560 4421 1669 4483 sithoc,
1685 4429 1734 4475 aut
1745 4437 1839 4491 qucrn-

1041 4490 1188 4544 admodum
1210 4492 1266 4552 ilat,
1279 4505 1330 4541 sue
1352 4491 1414 4543 loco
1436 4491 1606 4543 docebimus.
1642 4492 1695 4543 Aes
1716 4494 1840 4543 inaurari

1042 4565 1158 4627 argento
1171 4558 1242 4619 viro,
1253 4566 1302 4609 aut
1312 4567 1388 4613 certe
1400 4561 1585 4629 hydrargyro,
1596 4559 1751 4627 legitimam
1764 4567 1840 4614 erat:

1042 4629 1197 4695 dequibus,
1220 4634 1250 4678 ut
1261 4627 1393 4692 dicemus,
1415 4630 1527 4681 illorum
1542 4638 1669 4682 naturam
1681 4630 1840 4695 reddentes,

1026 4698 1202 4765 'scogitata
1214 4695 1290 4748 l'raus
1305 4704 1355 4750 est.
1393 4700 1516 4765 Namque
1532 4715 1579 4751 aes
1596 4700 1736 4752 cruciatur
1747 4702 1775 4752 in
1787 4702 1842 4767 pri-

1042 4771 1102 4829 mis,
1125 4782 1324 4835 accensumque
1335 4769 1520 4837 restinguitur
1530 4769 1600 4831 sale,
1611 4775 1700 4833 aceto,
1710 4770 1839 4823 alumine.

1042 4837 1146 4890 Posteri
1154 4843 1329 4899 exarmatur,
1353 4852 1389 4889 an
1398 4840 1467 4890 satis
1479 4847 1618 4889 recoctum
1631 4840 1678 4901 sit,
1689 4839 1840 4906 splendore

1043 4904 1279 4974 deprehendente:
1297 4909 1455 4977 iterumque
1468 4906 1613 4959 exhalatur
1622 4907 1687 4975 igni,
1708 4915 1740 4960 ut
1752 4908 1841 4976 possit

1042 4977 1204 5035 edomitum,
1215 4975 1310 5027 aristis
1320 4977 1437 5045 pumice,
1447 4977 1578 5038 alumine,
1591 4983 1706 5045 argento
1718 4978 1790 5039 riso,
1801 4975 1841 5025 in·

1044 5046 1141 5097 ductas
1152 5047 1279 5109 accipere
1291 5046 1429 5098 bracteas.
1467 5046 1577 5098 Alnnren
1590 5046 1617 5097 in
1629 5048 1772 5114 purgando
1783 5043 1840 5095 rim

1043 5113 1127 5166 habet
1139 5114 1233 5173 talem,
1245 5113 1353 5179 qualem
1365 5131 1426 5169 esso
1438 5115 1555 5167 dirimas
1568 5116 1689 5183 plumbo.

1076 5183 1150 5236 xxi.
1169 5184 1272 5233 Aurum
1284 5184 1421 5235 invenitur
1436 5187 1463 5235 in
1477 5192 1573 5235 nostro
1591 5187 1669 5236 orbe:
1687 5188 1719 5232 ut
1729 5180 1841 5233 omitta-

1042 5268 1101 5305 mus
1117 5251 1247 5314 lndieum‚
1267 5251 1427 5316 clermicio,
1448 5261 1495 5305 aut
1512 5254 1584 5321 apud
1596 5250 1715 5319 Scythas
1725 5246 1840 5317 gryphis

1042 5328 1161 5375 erutum.
1197 5323 1276 5389 Apud
1289 5338 1340 5373 nos
1352 5325 1439 5375 tribus
1455 5323 1562 5374 modis:
1582 5320 1723 5373 fluminum
1736 5332 1842 5368 ranien-

1041 5391 1097 5453 tis,
1116 5399 1148 5443 ut
1167 5390 1194 5441 in
1215 5394 1295 5461 Tago
1316 5390 1488 5459 Hispaniae,
1509 5390 1584 5442 Pado
1606 5388 1724 5447 ltaliae,
1743 5386 1840 5439 llebro

1041 5454 1186 5523 Thraciae,
1207 5460 1324 5512 Pactolo
1334 5463 1423 5524 Asiae,
1435 5460 1532 5525 Gange
1544 5456 1647 5509 indiae.
1685 5455 1742 5507 Nee
1753 5456 1841 5507 ullum

1043 5530 1197 5583 ahssrlutius
1209 5545 1307 5584 aarum
1320 5538 1381 5595 est,
1402 5537 1433 5583 ut
1443 5543 1525 5582 numu
1536 5527 1596 5593 ipso
1607 5524 1733 5592 trituque
1744 5538 1841 5594 perpo-

1040 5599 1130 5653 litans
