4368 6008
361 281 425 344 282
467 280 499 340 C·
532 278 683 342 PLlNll
716 277 930 340 SECUNDI
963 280 1131 343 NATUR.
1165 282 1353 346 Hieron.
1389 285 1470 345 Llli.
1505 282 1647 346 xxiii.
1680 281 1778 346 cai).
1799 287 1921 350 att-48.

362 428 684 498 nocterufatcapillum·
721 427 827 482 Eadem
849 443 883 482 es
903 444 976 499 aqna
996 431 1026 483 in
1041 432 1158 486 linteolo

363 503 501 572 apposita,
512 500 608 551 volvas
618 503 729 567 purgat.
762 523 768 537 ·

399 569 524 623 xxxiii
543 570 632 635 Sapse
653 567 731 618 faece
749 566 879 618 ambusta
898 573 1039 632 sanantur,
1059 569 1158 622 melius

365 640 461 693 addita
482 639 613 705 lanugine
636 634 787 687 arundinis.
823 635 927 687 Eadem
950 636 1026 689 faece
1041 637 1159 692 decocta

363 717 495 779 potaque,
504 714 594 757 tusses
605 711 723 757 reterns.
760 704 933 771 Decoquitur
943 706 969 754 in
981 707 1085 771 patinis
1096 723 1157 759 cum

364 779 423 831 sale
434 783 462 830 et
472 775 553 841 adipe
560 774 594 825 ad
605 780 743 826 tumorem
753 787 862 840 quoque
874 774 1049 826 maxillarum
1061 788 1089 828 ct
1100 792 1157 829 cer·

367 850 466 899 vicum.

400 909 529 966 Xlile.
541 912 671 966 Olearom
684 911 811 979 proxima
820 911 973 961 auctoritas
979 910 1170 979 intelligitur.'

364 983 444 1036 Folia
465 997 559 1034 earum
571 981 813 1034 vehementissime
824 980 1008 1047 adstringunt,
1028 986 1157 1047 purgant,

362 1050 474 1105 sistua't.
510 1053 608 1118 ltaque
620 1048 848 1103 eornmaaducata
860 1051 992 1116 imposita
1002 1048 1157 1102 hulceribus

362 1122 516 1185 medentur,
538 1127 566 1172 et
577 1121 677 1187 capitis
689 1118 833 1185 doloribus
844 1118 918 1170 illita
928 1133 989 1169 conr
1001 1120 1072 1170 oleo.
1100 1120 1155 1171 Dc·

363 1199 471 1243 coctum
488 1204 582 1243 eornm
599 1205 659 1241 cum
679 1187 762 1239 niella
781 1187 906 1255 hisquae
917 1187 1016 1239 medici
1028 1189 1157 1251 usserint,

359 1262 533 1329 gingivarum
547 1256 821 1318 inflammationibus,
829 1255 1015 1323 paronychiis,
1025 1256 1156 1309 sordidis-

380 1346 413 1381 ιιι·
425 1328 593 1389 hulceribus,
604 1334 633 1378 et
643 1326 875 1392 putrescentibus.
911 1327 978 1377 Cum
996 1326 1078 1378 melle
1090 1341 1156 1393 pro·

359 1345 473 1450 hovium
485 1395 629 1464 sanguinis
640 1410 656 1447 e
667 1395 794 1447 nervosis
805 1395 929 1462 partibus
940 1394 1060 1447 cohibet.
1087 1394 1155 1446 Suc·

360 1483 409 1519 cus
421 1480 517 1520 eorum
530 1464 793 1516 carbunculantibus
804 1466 878 1516 circa
888 1463 985 1517 oculos
997 1463 1156 1516 hulceribus

344 1545 391 1589 et
407 1534 523 1602 pusulis,
546 1532 754 1601 procidentique
769 1533 890 1601 pupillae
901 1532 1013 1586 efficax:
1035 1548 1154 1600 quapro-

248 1648 254 1656 .
350 1613 421 1672 ,pter
436 1607 463 1654 in
489 1602 610 1670 collyris
626 1602 749 1655 additur.
786 1602 1155 1655 Nanictretereslacrima·

357 1674 449 1725 tiones
459 1679 549 1735 sanat,
560 1680 587 1724 et
599 1687 733 1741 genarum
744 1674 896 1725 erosioaes.
924 1672 1100 1739 Exprimitur
1108 1687 1156 1722 au·

286 1792 292 1799 ,
357 1748 414 1793 tem
425 1756 524 1793 succus
534 1741 614 1807 tusis,
625 1740 715 1794 affuso
726 1740 789 1793 vino
802 1749 829 1794 et
840 1757 913 1809 aqua
923 1741 1049 1803 caelesti,
1069 1745 1156 1793 sicca-

359 1818 460 1877 tusque
475 1812 503 1862 in
514 1810 644 1877 pastillos
654 1810 799 1877 digeritur.
835 1810 916 1862 Sistit
928 1826 1037 1863 menses
1048 1811 1077 1861 in
1089 1810 1155 1863 lana

358 1879 486 1931 adoratus
499 1880 606 1932 rulrae.
644 1881 727 1932 Utilis
737 1886 766 1932 et
776 1882 854 1932 sanie
871 1881 1056 1932 manantibus.
1085 1880 1154 1931 ltem

357 1949 575 2015 condylomatis,
593 1950 705 2018 ignibus
715 1949 813 2014 sacris,
830 1954 1081 2017 qnaeqoeserpont
1092 1946 1154 1999 bul·

357 2032 430 2081 cers,
442 2017 606 2086 epinyctidi.

392 2085 506 2139 XXXV.
518 2085 638 2139 Eosdem
647 2093 675 2138 et
683 2083 735 2138 flos
742 2101 837 2139 esrum
845 2084 1058 2140 habeteffectus.
1069 2086 1156 2138 liron-

355 2163 404 2208 tur
424 2162 453 2207 et
473 2155 604 2207 cauliculi
625 2153 813 2217 florescentes,
833 2161 865 2207 ut
885 2157 977 2221 spodii
989 2157 1075 2208 ricem
1088 2156 1155 2207 cinis

357 2231 494 2292 praestet:
516 2224 634 2291 vinoque
656 2225 749 2275 infuso
767 2226 866 2276 iterum
880 2226 978 2277 uritur.
1015 2224 1155 2292 Suppura-

356 2296 451 2346 tiones
462 2298 490 2344 et
501 2293 807 2359 panosillinuatcinere
818 2295 912 2357 eo,rel
922 2294 1000 2346 soliis
1011 2296 1082 2346 tusis
1094 2311 1154 2347 cum

357 2363 450 2424 mello,
462 2363 559 2414 oculos
570 2377 636 2413 rero
650 2377 710 2413 cum
723 2363 845 2428 polenta.
880 2363 984 2415 Soccus
996 2364 1104 2413 fruticis
1115 2380 1157 2413 re-

358 2431 448 2483 centis
460 2432 568 2483 accensi
579 2430 720 2483 distillans
730 2437 811 2482 sanat
821 2429 956 2494 lichenas,
962 2430 1094 2492 furfures,
1101 2447 1156 2483 ma-

358 2499 457 2581 nantia
476 2499 597 2552 hulccra.
634 2499 706 2582 Nam
726 2507 755 2551 et
776 2500 900 2563 lacrimo,
921 2514 992 2567 quae
1009 2516 1043 2552 ex
1054 2500 1156 2552 arbore

356 2566 1155 2706 ti::iliit‘sitilf{dedititiislitiis

357 2715 516 2769 censerent,
534 2723 669 2760 venenum
682 2723 743 2760 csse
754 2707 957 2775 praedicantes,
977 2715 1060 2775 atque
1071 2709 1155 2761 etiam

356 2776 385 2827 in
407 2777 530 2828 oleastro
552 2776 739 2842 quaerendum
786 2778 809 2828 E
823 2776 917 2829 radice
928 2778 1009 2830 oleae
1021 2791 1101 2845 quam
1113 2784 1154 2830 te·

355 2848 495 2898 nerrimae
517 2853 613 2897 cortex
634 2846 758 2909 derasus,
779 2847 807 2896 in
828 2847 911 2899 melle
928 2846 1024 2899 crebro
1042 2853 1154 2913 gustatu

356 2914 1155 2983 medetursanguinemreiicientibus,etsuppurataextus-

355 2983 501 3037 aientibus.
537 2985 549 3034 l
568 2984 629 3034 sios
647 2983 727 3034 oleae
746 2984 816 3034 cinis
828 2999 888 3035 cum
900 2986 1021 3051 axungia
1031 2992 1153 3037 tumores

355 3059 450 3102 sanat:
471 2999 649 3117 extrahitque
661 3053 763 3102 tistulis
774 3055 851 3115 vitia,
863 3060 892 3104 et
903 3054 978 3118 ipsas
990 3064 1079 3106 soant.
1121 3110 1135 3121 ,

391 3119 518 3171 XXXVl.
537 3120 637 3171 0lirae
649 3120 730 3172 sibae
741 3120 886 3172 stomacho
903 3121 1041 3184 utiliores,
1061 3123 1154 3174 ventri

353 3188 456 3239 minus.
495 3188 672 3241 Praeclarum
685 3189 797 3250 habeat,
819 3198 966 3257 antequam
978 3191 1153 3255 condiantur,

354 3272 436 3310 usum
446 3264 581 3321 recentes,
592 3272 682 3324 perse
693 3259 748 3309 cibi
760 3258 843 3310 niodo
854 3258 1012 3312 decoratae.
1041 3261 1153 3314 Medea·

352 3336 400 3380 tur
410 3327 481 3381 enim
493 3342 628 3381 arenosae
638 3328 812 3391 urinae,itcm
826 3327 953 3383 dentibus
961 3345 1151 3383 carnemman·

354 3396 447 3450 dendo
457 3398 574 3460 attritis,
586 3403 634 3448 out
647 3398 795 3449 consulsis.
823 3398 911 3466 Nigra
922 3400 998 3451 olira
1008 3398 1152 3453 stomacho

353 3465 492 3527 inutilior,
509 3467 603 3519 ventri
613 3465 733 3530 facilior,
752 3468 837 3535 capiti
849 3476 877 3519 et
887 3468 976 3521 oculis
987 3485 1041 3520 noa
1052 3486 1151 3523 conre-

353 3533 405 3583 ait.
441 3534 564 3600 Utraque
585 3535 721 3589 ambustis
733 3539 847 3603 prodest
859 3539 926 3590 trita
939 3545 966 3590 et
978 3538 1061 3590 illita.
1097 3539 1151 3591 Sed

356 3602 436 3668 nigra
445 3600 701 3666 commanducatur,
721 3613 750 3657 et
765 3607 892 3673 protinus
909 3609 1151 3676 exoreimposita,

354 3668 472 3736 pusulas
481 3670 558 3737 gigni
571 3670 709 3738 prohibet.
738 3675 923 3742 colymbades
934 3676 1047 3729 sordida
1058 3677 1151 3730 hoico·

354 3752 388 3788 ra
400 3752 453 3803 pur
473 3746 530 3801 ast,
540 3740 652 3791 inutiles
664 3740 871 3794 difficultatibus
882 3745 986 3796 urinae.

392 3804 445 3859 xx
475 3806 530 3857 Vll.
550 3808 594 3860 De
613 3824 726 3860 amurca
745 3818 905 3877 poteramus
923 3813 1009 3863 videri
1027 3812 1149 3864 sotiadi·

355 3875 438 3938 aisse,
449 3877 583 3928 Catonem
594 3877 696 3929 acenti:
708 3878 757 3930 sed
769 3879 910 3931 reddenda
921 3881 1072 3932 medicinae
1084 3897 1150 3948 quo·

354 3952 470 4013 quaest.
507 3945 634 4013 Gingiris
645 3954 673 3998 et
685 3948 741 3999 oris
753 3948 917 4011 hulceribus,
933 3949 1055 4002 dentium
1067 3952 1153 4002 stobi·

354 4014 430 4067 litati
442 4013 632 4068 efficacissime
641 4017 777 4069 subvenit.
813 4019 881 4069 item
894 4019 1003 4085 ignibus
1013 4021 1100 4071 sacris
1112 4023 1152 4071 in·

351 4084 427 4153 ipsa,
447 4084 531 4138 ethis
543 4094 746 4153 quaeserpuat.
781 4086 964 4140 Peraionibus
985 4088 1082 4157 nigrae
1101 4090 1151 4141 oli·

353 4156 649 4208 raeamureoutiiior:
669 4157 734 4208 item
755 4155 912 4209 infantibus
933 4157 1070 4212 fovendis.
1106 4158 1150 4211 sl·

267 4255 271 4261 -
352 4225 407 4276 bae
417 4240 492 4288 sero,
503 4226 648 4278 mulierum
659 4226 760 4278 vulsae
771 4228 799 4277 in
811 4228 875 4279 lana
887 4227 1058 4281 admovetur.
1076 4229 1149 4281 hiul-

353 4299 385 4343 to
396 4302 490 4345 autem
506 4295 597 4347 omnis
617 4310 731 4347 amurca
742 4295 1013 4367 decoctaellicacior.
1049 4298 1153 4365 Coquil

353 4367 401 4410 tur
412 4362 438 4411 in
451 4364 556 4429 Cyprio
575 4380 642 4418 rose
661 4364 697 4416 ad
717 4366 926 4418 crassitudinem
943 4367 1045 4419 mellis.
1080 4369 1151 4419 Usus

354 4431 413 4479 sius
424 4444 484 4479 cum
496 4440 585 4496 arcto,
597 4441 645 4486 aut
657 4434 722 4486 rino
733 4442 837 4498 vetere,
854 4444 903 4489 aut
914 4437 1013 4501 mulso,
1023 4445 1055 4489 ut
1065 4453 1149 4505 quae·

353 4510 407 4564 qne
418 4511 501 4549 causa
511 4503 650 4568 exigat,in
662 4505 808 4556 curatione
820 4504 1150 4568 oris,dentium,surium,

354 4563 496 4646 bulcerum
507 4572 688 4635 manantium,
699 4573 871 4641 genitalium,
881 4573 1046 4642 rhagadum.
1081 4575 1151 4626 Vui-

354 4632 468 4714 oeribus
476 4649 504 4685 ιιι
515 4636 637 4691 linteolis
645 4642 914 4708 imponitur-‚luxatis
925 4644 953 4695 in
964 4645 1039 4697 lana:
1051 4643 1149 4711 ingens

354 4698 399 4752 hic
409 4717 482 4765 osus,
493 4705 589 4774 utique
601 4710 758 4763 inveterato
770 4712 982 4765 medicamento:
1007 4712 1065 4764 talc
1075 4714 1148 4764 enirn

354 4770 462 4822 fistulas
471 4782 559 4826 sanat.
594 4777 754 4833 infunditur
763 4780 847 4843 sedis,
857 4782 1029 4848 genitalium,
1051 4780 1149 4832 euirae

353 4835 582 4923 exhulcerationi.
619 4846 737 4901 illinitur
759 4865 827 4901 vero
847 4850 977 4919 podagris
990 4850 1147 4917 incipienti·

354 4907 420 4990 hus:
441 4916 508 4960 stem
519 4913 688 4967 articulariis
699 4919 811 4971 morbis.
846 4918 876 4971 Si
887 4935 953 4972 vero
964 4934 1025 4971 cum
1037 4916 1150 4984 ompha-

354 4990 398 5028 cio
409 4990 473 5029 roco
495 4986 576 5031 ustor
586 4982 621 5032 ad
632 4986 721 5036 meilis
731 4988 953 5052 crassitudinem,
963 5002 1076 5040 casuros
1084 4987 1149 5039 den·

352 5052 398 5099 tes
408 5052 487 5099 exiro
505 5049 537 5101 it.
572 5050 641 5103 item
653 5052 839 5108 iumentorum
850 5059 981 5119 scabiem,
996 5072 1057 5109 cum
1069 5056 1148 5108 deco·

351 5122 399 5168 rto
419 5116 586 5184 lupinorum,
608 5127 637 5172 et
648 5120 845 5178 chamaeleone
861 5125 955 5191 herba,
977 5130 1045 5180 mire
1056 5132 1147 5179 sanat.

352 5184 445 5238 Cruda
456 5202 568 5239 amurca
579 5187 718 5256 podagras
729 5189 817 5245 foveri
830 5195 1021 5248 utilissimum.

386 5254 541 5310 xxxviii.
558 5257 680 5310 Oleastri
691 5257 822 5313 foliorum
833 5265 930 5318 eadem
941 5271 1050 5318 natura.
1079 5263 1147 5331 Spo-

349 5323 427 5376 dinm
438 5340 454 5378 e
463 5326 606 5379 cauliculis
614 5327 803 5380 vehementius
812 5330 918 5386 inhibet
924 5332 1146 5386 rheumatismos.

349 5389 435 5446 Sedet
446 5401 474 5447 et
484 5395 717 5453 inflammationes
739 5397 890 5463 oculorum,
911 5410 1013 5468 purgat
1025 5403 1147 5464 hoicera,

347 5460 471 5516 alienata
488 5468 592 5535 explet,
613 5467 802 5520 excrementis
815 5469 1028 5537 leoitmerodit,
1049 5474 1148 5526 siccat·

345 5544 411 5596 que.
431 5538 460 5587 et
474 5534 509 5588 od
529 5535 837 5615 dmuicemperducit:
856 5544 961 5602 cetera,
981 5542 1052 5594 otia
1064 5543 1144 5596 oleis.

1209 434 1355 489 Pecoiiare
1375 441 1478 497 antem,
1501 432 2009 504 qoodioliadecoqomitnrexmells,

1210 513 1239 559 et
1248 505 1350 557 damur
1360 503 1551 557 cochlearibus
1562 512 1662 556 contra
1671 504 1818 571 sangriais
1835 509 2007 560 exscreatio·

1209 590 1268 628 nes.
1304 575 1405 627 Oleum
1420 581 1527 625 tantum
1546 574 1645 636 acrius,
1665 571 1874 640 efficaciusque:
1889 583 1919 628 et
1929 577 1964 630 de
1972 593 2008 630 eo

1210 660 1242 697 os
1254 658 1363 711 quoque
1382 642 1515 695 colluitur
1530 641 1698 693 addentium
1709 643 1879 696 iirmitatem.
1916 646 2008 713 lmpo.

1209 722 1313 765 nuator
1322 712 1392 764 folia
1401 719 1430 764 et
1439 710 1628 779 paronychiis,
1638 716 1668 762 et
1677 711 1896 776 carbunculis,et
1906 722 2009 768 contra

1211 797 1319 834 omnem
1339 782 1531 834 collectionem
1544 795 1605 832 cunr
1617 781 1695 831 rino:
1715 780 1751 831 iis
1770 796 1836 833 sero
1859 796 2010 850 quaepur-

1210 850 1303 919 ganda
1314 858 1385 914 sunt,
1397 865 1458 903 cum
1471 849 1562 902 melle.
1598 850 1751 901 Miscentur
1765 849 1908 903 oculorum
1919 854 2010 906 medi·

1210 921 1354 982 umentis,
1375 919 1556 973 etdecoctum
1571 918 1711 981 foliorum,
1733 923 1869 971 etsuceus
1880 920 2010 976 oleastri.

1209 990 1322 1041 Utiliter
1344 990 1429 1041 etiam
1451 987 1564 1040 auribus
1580 988 1732 1039 instillatur
1743 1002 1804 1039 cum
1816 987 1909 1049 melle,
1926 991 1972 1042 vel
1982 993 2008 1044 si

1209 1073 1262 1126 pus
1274 1058 1376 1110 effluat.
1412 1057 1495 1109 Floro
1508 1057 1623 1109 oleastri
1636 1056 1836 1123 condylomata
1852 1057 2008 1127 illinuntur,

1210 1135 1239 1181 et
1249 1125 1429 1201 epinyctides.
1465 1127 1542 1177 item
1556 1141 1617 1177 eum
1630 1124 1725 1177 farina
1736 1123 1892 1179 hordeacea
1901 1136 2008 1196 venter,
2029 1124 2032 1131 ’

1209 1197 1238 1247 in
1248 1197 1464 1248 rheumatismo:
1484 1210 1545 1246 cum
1556 1195 1628 1258 oleo,
1639 1196 1738 1261 capitis
1749 1194 1873 1249 dolores.
1909 1199 2006 1253 Cotem

1208 1267 1236 1317 in
1249 1265 1341 1331 capite
1351 1267 1385 1317 ab
1397 1266 1506 1317 ossibus
1517 1264 1689 1321 recedentem
1702 1265 1833 1317 cauliculi
1845 1264 1965 1331 decocti,
1975 1279 2007 1324 et

1210 1350 1271 1386 cunr
1293 1334 1374 1385 melle
1389 1334 1516 1400 impositi
1528 1334 1721 1400 comprimunt
1758 1334 1801 1386 [ix
1812 1336 1935 1388 olemtro
1946 1353 2005 1392 ora·

1208 1405 1266 1455 turi
1286 1405 1314 1454 ia
1335 1402 1397 1454 cibo
1418 1403 1503 1454 sumti
1518 1404 1621 1455 sistunt
1640 1403 1743 1457 airum.
1780 1403 2006 1461 Tostiautemet

1209 1488 1270 1526 cum
1282 1472 1365 1526 melle
1377 1472 1448 1538 triti,
1460 1488 1559 1526 nomas
1569 1480 1729 1542 repurgant,
1739 1471 1923 1528 umbraculos
1934 1492 2006 1529 rum·

1228 1549 1287 1593 unt.

1207 1557 1225 1610 p
1242 1611 1371 1664 XXXlX.
1382 1612 1692 1664 Oleinatnranrcausas
1711 1610 2004 1666 ueabundediximus.

1211 1680 1251 1733 ild
1264 1681 1429 1734 medicinam
1440 1696 1473 1734 ex
1483 1682 1538 1733 olei
1548 1681 1695 1748 generibus
1725 1695 1774 1732 aec
1785 1682 1930 1747 pertineat.
1948 1684 2006 1734 Uti·

1208 1750 1344 1802 lissimum
1356 1766 1417 1804 esse
1428 1749 1743 1818 omphacium,proxime
1751 1750 1845 1801 riride.
1857 1750 2008 1804 Praeterea

1208 1835 1288 1887 quam
1300 1823 1417 1872 maxime
1426 1834 1531 1882 recens,
1547 1819 1612 1882 (nisi
1622 1833 1683 1870 cum
1694 1820 1912 1872 vetustissimum
1923 1836 2006 1890 quae·

1209 1892 1298 1952 ritum)
1309 1896 1402 1952 tenue,
1412 1888 1570 1951 odoratum,
1582 1887 1711 1957 quodque
1722 1901 1777 1939 aon
1790 1889 1925 1953 mordeat,
1935 1906 1951 1944 e
1963 1889 2003 1942 di-

1208 1973 1290 2010 rerso
1302 1973 1383 2024 quam
1395 1960 1423 2010 in
1441 1958 1518 2010 cibos
1537 1957 1663 2025 cligitur.
1701 1955 1881 2023 Omphacium
1893 1960 2006 2025 prodest

1207 2028 1335 2095 gingivis.
1371 2026 1401 2079 Si
1424 2028 1602 2081 contineatur
1613 2028 1642 2079 ia
1659 2040 1718 2088 ore,
1739 2026 1860 2079 colorem
1880 2028 2005 2081 dentium

1208 2096 1332 2149 custodit
1344 2097 1442 2165 magis,
1453 2112 1533 2164 quam
1545 2097 1636 2148 aliud:
1656 2094 1772 2149 sudores
1784 2093 1902 2149 cohibet.

1242 2182 1301 2234 xi..
1321 2180 1495 2234 oenanthino
1517 2182 1592 2234 idem
1611 2190 1654 2234 est
1672 2179 1796 2244 effectus,
1817 2182 1864 2248 qui
1880 2194 2005 2233 rosaceo

1208 2251 1291 2303 Omni
1302 2259 1395 2303 autem
1407 2252 1470 2304 oleo
1482 2251 1607 2304 mollitur
1617 2264 1726 2317 corpus,
1744 2250 1867 2317 rigorem
1879 2256 1908 2302 et
1919 2250 2007 2301 robur

1208 2322 1322 2387 accipit:
1334 2320 1479 2373 stomacho
1493 2324 1671 2373 contrarium.
1706 2320 1795 2385 Auget
1803 2316 1950 2370 hulcerom
1963 2322 2003 2369 la·

1208 2395 1360 2440 crementa.
1395 2390 1504 2441 Fauces
1524 2395 1679 2456 exasperat,
1696 2395 1724 2439 et
1735 2401 1840 2438 scaena
1851 2388 1944 2438 omnia
1956 2386 2003 2440 he·

1206 2458 1294 2517 betat,
1312 2457 1459 2523 praecipue
1470 2456 1654 2525 psimmythii,
1671 2463 1700 2509 et
1710 2458 1800 2522 gypsi,
1811 2458 1839 2507 in
1849 2471 1922 2523 aqua
1934 2457 2004 2508 mol·

1206 2542 1247 2588 sa,
1259 2534 1308 2577 aut
1320 2526 1434 2578 ficorum
1446 2528 1581 2579 siccarum
1593 2527 1708 2579 decocto
1719 2533 1827 2592 potum:
1840 2534 1938 2577 contra
1948 2541 2005 2579 me·

1207 2598 1325 2659 conium,
1338 2610 1371 2647 ex
1385 2610 1469 2663 aqua:
1490 2603 1586 2648 contra
1597 2594 1782 2658 cantharidas,
1794 2596 1947 2663 buprestis,
1957 2610 2002 2647 sa·

1206 2665 1373 2726 lamandras,
1395 2665 1600 2732 pityocampas:
1621 2678 1711 2731 perse
1727 2671 1832 2730 potum,
1851 2663 2001 2715 redditum·

1207 2749 1260 2803 que
1273 2734 1479 2795 vomitionibus,
1493 2741 1589 2785 contro
1599 2734 1692 2785 omnia
1703 2747 1789 2798 supra
1800 2733 1885 2785 dicta.
1902 2734 1939 2784 a:
1951 2732 2004 2784 ias·
2046 2762 2050 2769 ι

1206 2803 1357 2855 situdiaum
1371 2804 1634 2871 perfrictionumque
1653 2802 1771 2853 refectio
1783 2809 1834 2855 cst.
1869 2802 2004 2854 ‘formino

1206 2871 1324 2925 calidum
1338 2880 1432 2939 potum
1444 2872 1553 2939 cyathis
1564 2887 1622 2932 sex,
1634 2872 1778 2936 magisque
1789 2879 1851 2922 rota
1861 2871 1944 2922 simul
1956 2871 2004 2924 de·

1206 2950 1285 2994 cocta
1302 2942 1390 3009 pellit.
1426 2942 1494 2991 item
1512 2941 1615 2994 renuis
1634 2939 1774 2990 animalia.
1811 2939 2003 2992 Solritairum

1206 3011 1330 3063 heminae
1350 3023 1486 3071 mensura,
1508 3023 1569 3059 cum
1590 3007 1654 3058 rino
1664 3014 1693 3058 et
1703 3007 1797 3056 calida
1808 3022 1882 3073 aqua
1894 3017 2003 3075 potum,

1205 3089 1254 3132 aut
1275 3081 1400 3147 ptisanae
1420 3090 1511 3129 succo.
1547 3074 1722 3127 Vulnerat-iis
1741 3074 1900 3141 emplastris
1922 3078 2003 3131 utile.

1204 3150 1316 3202 Faciem
1334 3155 1442 3216 purgat.
1478 3146 1572 3197 Bubus
1593 3143 1713 3195 infusum
1734 3156 1784 3209 pet·
1799 3157 1890 3206 arares,
1911 3144 2003 3199 donec

1205 3224 1327 3280 ructent,
1339 3217 1507 3269 inflationem
1520 3214 1611 3267 sedat.
1646 3210 1735 3265 Vetus
1746 3218 1840 3265 autem
1851 3214 1941 3283 magis
1952 3229 2000 3268 ex-

1204 3289 1317 3340 calfacit
1328 3300 1455 3353 corpora,
1466 3286 1610 3352 magisque
1622 3282 1738 3335 discutit
1757 3281 1882 3334 sudores.
1918 3283 2002 3336 Duri·

1205 3358 1259 3408 tias
1272 3358 1360 3425 magis
1379 3354 1519 3407 diffundit.
1554 3341 1733 3421 lethargicis
1749 3350 1895 3414 auxiliare,
1916 3353 1999 3405 etin·
2057 3408 2064 3415 ,

1203 3427 1308 3479 clinato
1320 3427 1427 3479 morbo.
1464 3423 1614 3477 Oculorum
1627 3422 1752 3475 claritati
1765 3419 1874 3472 confert
1886 3421 2001 3487 aliquid,

1204 3512 1264 3547 com
1277 3493 1626 3562 portionemellisacapni.
1663 3492 1702 3542 ca
1722 3492 1770 3541 itis
1792 3488 1933 3541 doloribus
1954 3505 2000 3543 re·

1203 3565 1323 3617 medium
1336 3571 1387 3617 est.
1424 3564 1493 3616 ltcm
1504 3562 1650 3615 ardoribus
1661 3563 1689 3611 ia
1703 3507 1775 3610 febri
1784 3574 1844 3610 cuns
1863 3572 1948 3625 aqua:
1971 3566 2001 3612 st

1203 3637 1227 3686 si
1238 3636 1340 3686 vetusti
1352 3648 1407 3684 non
1417 3633 1455 3683 sit
1465 3636 1585 3697 occasio,
1606 3629 1779 3698 decoquitur,
1790 3632 1821 3679 ot
1830 3634 1999 3682 uetustatem

1203 3709 1403 3770 repraesentet.

1236 3783 1308 3834 xci.
1328 3784 1424 3836 Oleum
1437 3786 1555 3838 moinum
1576 3788 1680 3839 bibitur
1691 3784 1725 3836 ad
1738 3783 1919 3852 purgationes
1930 3797 1998 3834 ren-

1202 3852 1255 3904 tris
1266 3868 1327 3904 cunr
1338 3854 1399 3918 pari
1410 3855 1508 3908 caldae
1520 3872 1657 3908 mensura.
1676 3854 1811 3908 Privatim
1824 3852 1925 3905 dicitur
1935 3866 1999 3918 pur·

1203 3934 1269 3988 gare
1284 3921 1457 3988 praecordia.
1494 3924 1612 3978 Prodest
1631 3933 1659 3978 et
1680 3928 1862 3979 articulorum
1884 3921 1998 3983 morbis,

1203 3990 1314 4042 duritiis
1326 3993 1463 4056 comibus,
1474 3994 1570 4057 rolris,
1582 3996 1703 4057 auribus,
1714 3995 1858 4047 ambustis.
1882 3992 1947 4043 Cum
1959 3987 1997 4040 ci·

1202 4075 1269 4111 nere
1287 4076 1353 4112 vero
1370 4063 1516 4125 moricum,
1539 4064 1614 4117 sedis
1633 4061 1907 4122 inflammationibus,
1928 4059 1996 4110 item

1202 4142 1309 4196 psorae.
1331 4131 1458 4186 Colorem
1471 4133 1544 4193 cutis
1555 4133 1739 4196 commendat,
1751 4130 1932 4199 capillumque
1943 4126 1997 4180 fer·

1203 4199 1463 4254 tilinaturaerocat.
1476 4202 1624 4263 Senien‚ex
1632 4218 1686 4269 quo
1694 4205 1733 4263 iit,
1742 4202 1819 4253 nulia
1827 4199 1999 4251 animansat·

1202 4268 1296 4337 tingit.
1315 4269 1463 4337 Ellychaia
1474 4287 1508 4324 ex
1519 4287 1572 4323 ura
1583 4273 1661 4333 hunt,
1677 4271 1814 4323 claritatis
1828 4269 2000 4336 praecipuae.

1202 4337 1244 4388 Ex
1255 4338 1319 4390 oleo
1331 4338 1422 4392 lumea
1435 4342 1581 4392 obscurum
1600 4348 1713 4408 propter
1732 4340 1843 4391 nimiam
1857 4335 1999 4403 pinguitu-

1202 4404 1304 4459 dinem.
1339 4407 1421 4460 Folia
1432 4410 1490 4477 igni
1501 4425 1581 4462 sacro
1593 4411 1739 4462 illinuntur
1749 4424 1782 4461 ex
1796 4414 1888 4460 aceto:
1908 4418 1958 4470 per
1968 4417 2001 4454 se

1202 4481 1296 4528 autem
1307 4480 1430 4529 recentia
1442 4480 1566 4530 memoris
1578 4487 1606 4530 et
1619 4479 1770 4546 epiphoris.
1800 4476 1903 4529 Eadem
1914 4473 1998 4524 dcco·

1202 4550 1247 4594 cta
1258 4548 1285 4596 in
1296 4547 1361 4597 sirio
1373 4546 1653 4611 inflammationibus,
1665 4566 1725 4600 corn
1740 4548 1853 4614 polenta
1864 4551 1893 4597 et
1903 4556 2000 4595 croco:

1202 4627 1252 4680 per
1263 4629 1293 4666 se
1305 4624 1398 4667 autem
1411 4617 1505 4669 triduo
1517 4617 1649 4684 imposita
1665 4616 1762 4667 faciem
1777 4618 1904 4681 purgant.

1236 4696 1322 4751 xlm.
1333 4700 1429 4753 Oleum
1436 4701 1646 4770 amygdalinum
1659 4706 1766 4765 purgat,
1776 4697 1999 4761 nsaiittcorpnra

1200 4774 1291 4817 cutem
1304 4776 1410 4836 erugat,
1423 4771 1542 4822 nitorem
1555 4766 1739 4827 commendat,
1748 4780 1830 4815 raros
1842 4776 1904 4814 cam
1915 4766 1999 4817 melis

1200 4834 1395 4889 tollitefacie.
1431 4838 1549 4890 Prodest
1570 4844 1598 4888 et
1618 4835 1740 4894 auribus,
1760 4847 1820 4884 cnm
1842 4847 1959 4886 rosaceo
1972 4839 2000 4884 et

1201 4902 1322 4954 melleet
1335 4906 1399 4956 ιιιιιΙὶ
1411 4906 1506 4958 Punici
1518 4905 1641 4975 gerariae
1653 4904 1809 4964 decoctum,
1819 4903 1999 4963 vermiculos·

1200 4985 1252 5036 que
1263 4972 1290 5021 in
1303 4970 1345 5023 his
1359 4982 1449 5039 accat,
1471 4982 1499 5028 et
1509 4976 1674 5044 gravitatem
1688 4973 1801 5024 auditus
1812 4972 1938 5034 discutit,
1956 4987 1999 5024 so·

1200 5040 1376 5092 nosincertos
1387 5051 1415 5094 et
1422 5044 1546 5107 tinnitus,
1553 5045 1645 5097 obiter
1655 5044 1755 5111 capitis
1767 5041 1925 5103 dolores,et
1935 5056 1998 5093 ocu·

1199 5107 1298 5159 lorum.
1334 5111 1464 5164 Medetur
1477 5113 1638 5174 furunculis,
1659 5118 1687 5166 et
1698 5129 1714 5164 a
1725 5112 1790 5164 Sole
1800 5113 1871 5163 ustis
1883 5125 1942 5162 cnm
1955 5125 1998 5161 ce·

1199 5192 1239 5229 ra.
1275 5177 1397 5233 llulcera
1416 5185 1556 5235 manantia
1566 5188 1595 5233 et
1607 5181 1728 5235 furfures
1749 5196 1810 5232 con:
1822 5183 1888 5232 vino
1899 5193 1998 5244 expur-

1199 5250 1260 5327 gat:
1273 5247 1472 5317 condylomata
1482 5268 1545 5304 com
1557 5251 1692 5304 meliloto.
1730 5250 1899 5303 Persevera
1911 5246 1997 5315 capiti

1198 5314 1309 5379 illitum,
1320 5333 1444 5373 somnum
1456 5322 1554 5374 allicit.

1233 5399 1331 5455 XLlll.
1341 5407 1438 5459 Oleum
1451 5404 1592 5457 laurinum
1602 5405 1764 5472 utiliusque
1774 5404 1922 5464 recentius,
1929 5413 1997 5468 quo·

1199 5483 1252 5536 que
1263 5471 1383 5527 viridius
1394 5474 1497 5528 colore.
1532 5472 1584 5525 Vis
1596 5476 1655 5528 eius
1666 5472 1882 5527 excalfactoria:
1895 5477 1923 5523 et
1933 5468 1998 5521 ideo

1198 5541 1372 5610 Wflliticia
1393 5543 1534 5613 spasticis,
1543 5543 1713 5608 ischiadicis,
1724 5542 1877 5613 sugillatis,
1897 5538 1999 5607 capitis
