4356 6014
333 282 397 341 ars
483 266 1135 338 c.rcru11sscuaorasrua
1180 266 1837 353 illst·01t.ilss.xv111.cama.
1931 252 1937 259 '

335 418 870 496 comolenta,prosimodulciafutura.
891 414 1136 473 Alliarinahomi·
1186 417 1346 471 stramentis
1365 422 1450 475 auten
1469 420 1690 489 circumpositis:
1712 423 1780 477 item
1798 425 1863 477 liro.
1897 423 1992 477 liuius
2059 476 2063 483 ,

336 500 381 552 nis
391 515 464 568 aqua
472 501 561 550 mixta
572 491 687 561 riganda
698 495 812 541 censent
822 494 923 556 quater
934 503 1020 551 anno,
1041 489 1136 556 singu·
1186 489 1334 556 praecipue
1345 504 1409 543 vere
1420 495 1524 542 terram
1536 490 1701 560 adaggerari
1716 492 1874 547 radicibus:
1896 493 1939 546 ita
1949 492 1991 545 lu·

334 570 372 621 lis
384 567 538 637 amphoris:
561 572 609 616 aut
620 558 761 613 cacumina
771 558 867 626 spargi
884 559 949 609 vina
961 558 1052 611 lasere
1064 558 1135 609 dilu·
1186 565 1291 622 tarum,
1309 563 1341 610 ut
1351 574 1405 610 non
1419 559 1549 611 decidant
1560 564 1665 628 grossi,
1687 565 1833 632 maiorque
1843 561 1990 617 foecundi·

334 648 377 691 to.
390 639 419 691 Si
430 638 570 690 liadantur
580 633 609 681 in
620 628 729 688 arbore,
740 628 896 695 pediculum
909 629 1074 695 intorqueri.
1087 627 1134 679 Fi·
1186 634 1240 691 tas,
1251 643 1302 679 nec
1311 628 1410 680 scabra
1420 630 1574 699 proveniat.
1587 632 1680 683 Simili
1691 632 1784 695 modo,
1795 648 1830 687 ne
1842 631 1991 686 convolvu-

334 723 376 759 cas
388 709 482 774 utique
491 713 631 754 amurcam
642 696 755 749 affandi.
767 698 877 751 ceteris
886 697 1135 766 arboribusacgris
1186 697 1230 749 lus
1241 697 1291 749 liat
1302 699 1331 749 in
1346 696 1437 761 vinea,
1459 713 1591 753 amurcae
1611 702 1727 770 congios
1746 701 1817 754 duos
1828 701 1949 770 decoqui
1961 702 1989 753 in

334 777 441 830 faecem
452 774 515 834 sini,
535 774 584 820 aut
595 766 720 835 lupinum
731 769 834 819 circum
843 767 953 820 radices
963 782 1057 821 earum
1069 767 1134 820 seri.
1186 767 1399 819 crassitudinem
1410 767 1518 819 mellis:
1535 783 1684 838 rursusque
1696 787 1758 824 cum
1770 770 1918 824 bituminis
1931 778 1987 823 ter·

333 849 411 911 Aqua
440 854 527 907 noque
538 837 628 903 lupini
640 836 749 890 decocti
770 836 939 902 circumfusa
950 836 1042 903 pomis
1052 836 1136 903 prud·
1185 837 1227 889 tia
1233 844 1324 905 parte,
1331 843 1360 889 et
1370 836 1514 905 sulphuris
1523 849 1625 906 quarta
1635 842 1686 895 sub
1695 841 1745 894 dio
1756 840 1991 913 coqui,quoniam

333 920 384 965 est.
419 858 488 971 gisi,
501 923 561 959 cum
580 907 777 960 Vulcanalibus
789 908 889 971 tonuit,
901 906 1010 959 cadunt.
1036 906 1135 960 Reme·
1186 907 1351 961 exardescat
1361 908 1411 959 sub
1424 913 1509 961 tecto.
1545 908 1691 963 Hocvitcs
1705 914 1780 965 circa
1790 912 1883 981 capita
1893 925 1926 963 ac
1937 910 1990 962 sub

333 981 409 1033 diam
420 985 472 1039 est,
493 983 525 1030 ut
537 982 603 1031 ante
615 977 721 1045 stipula
731 975 889 1029 hordeacea
899 992 981 1031 areae
994 978 1133 1043 stringan-
1184 976 1307 1031 brachiis
1318 976 1401 1042 ungi:
1420 975 1463 1030 ita
1477 992 1533 1029 uon
1549 977 1611 1032 iore
1626 980 1830 1034 convolvolum.
1866 978 1990 1044 Quidam

332 1059 387 1103 tur.
423 1049 543 1100 cerasos
555 1062 703 1113 praecoces
715 1046 794 1109 iacit,
806 1046 937 1115 cogitque
948 1052 1135 1099 maturescere
1185 1049 1308 1099 conteuti
1319 1052 1385 1098 sunt
1395 1045 1472 1099 sauro
1483 1044 1566 1101 huius
1577 1049 1718 1103 mixturae
1735 1049 1829 1105 suffire
1838 1051 1935 1103 vineas
1946 1063 1989 1100 se·

332 1120 396 1173 calx
406 1117 521 1171 admota
531 1116 680 1169 radicibus.
691 1118 728 1169 Et
740 1114 937 1177 hocautem,et
947 1116 1040 1171 omnia
1050 1129 1134 1183 poma
1185 1115 1275 1168 cundo
1288 1115 1367 1178 anta,
1387 1117 1523 1169 contiuuo
1540 1119 1645 1171 triduo.
1682 1120 1813 1188 Plerique
1829 1133 1886 1172 non
1897 1119 1987 1170 minas

332 1186 475 1241 intervelli
492 1186 592 1238 melius
610 1192 662 1249 est,
681 1192 796 1253 atquae
814 1186 914 1241 relicta
927 1187 993 1249 sint,
1013 1186 1132 1254 grande·
1184 1185 1283 1238 auxilii
1294 1185 1458 1239 etalimenti
1468 1186 1645 1242 arbitrantur
1666 1189 1694 1241 in
1705 1190 1802 1254 urina,
1822 1203 1904 1257 quam
1916 1189 1986 1241 cato

331 1263 420 1312 scunt.
1183 1256 1211 1307 in
1222 1270 1349 1319 amurca,
1372 1256 1472 1309 addita
1482 1257 1566 1311 modo
1577 1274 1668 1327 aquae
1678 1260 1739 1327 pari
1751 1260 1895 1327 portione,
1916 1270 1985 1326 quo·

365 1325 510 1389 Quaedam
521 1339 612 1392 paena
622 1326 819 1388 emendantur,
837 1331 887 1378 aut
902 1339 997 1378 momu
1007 1324 1128 1376 excitau-
1183 1325 1258 1377 ulain
1278 1340 1329 1393 per
1342 1340 1373 1378 se
1389 1334 1497 1378 noceat.
1532 1327 1588 1379 atii
1598 1329 1712 1383 volucre
1727 1326 1987 1397 appellantanimal

328 1403 385 1459 tur,
396 1402 428 1449 ut
437 1396 548 1463 palmae
559 1402 588 1447 et
599 1395 721 1448 lentisci.
735 1396 822 1447 Salsis
833 1395 906 1447 enim
918 1395 998 1461 aquis
1010 1394 1132 1445 aluntur.
1183 1395 1355 1462 praerodens
1367 1396 1551 1462 pubescentes
1561 1412 1642 1449 usas:
1664 1399 1738 1465 quod
1748 1414 1784 1453 ae
1794 1397 1911 1461 accidat,
1932 1396 1984 1449 ial-

329 1466 403 1519 Salis
414 1467 470 1517 vira
483 1470 511 1517 et
524 1465 639 1527 maeres,
655 1464 704 1518 sed
714 1465 859 1528 leniorem,
876 1463 992 1517 babeat:
1011 1463 1076 1517 ideo
1087 1463 1132 1515 fici
1183 1480 1238 1527 ces,
1248 1479 1309 1519 curu
1320 1466 1377 1516 sint
1388 1471 1533 1533 exacutae,
1545 1467 1644 1519 fibrina
1655 1468 1728 1537 pelle
1739 1467 1894 1536 detergent,
1903 1472 1987 1534 atqua

330 1534 1133 1672 amelliacilta.‘¹{lttiilhtiicliiiii·
1182 1533 1984 1674 litteratissimi&catharticae

328 1674 433 1729 amsans
443 1673 539 1727 iubent
550 1671 692 1735 effundam
703 1673 762 1724 sint
772 1671 956 1725 lacrimosae:
970 1669 1132 1723 siveroiru·
1183 1674 1242 1725 llas
1253 1673 1377 1738 abigunt,
1396 1673 1509 1726 rubrica
1528 1689 1562 1726 ac
1577 1675 1640 1743 pice
1650 1675 1760 1744 liquida
1767 1676 1910 1744 perunctis
1921 1690 1987 1728 cau·

328 1752 392 1796 ctus
403 1757 498 1797 carum
512 1739 655 1805 decidant,
676 1742 798 1795 cinerem
809 1750 888 1793 aceto
899 1738 1024 1808 aspergi,
1045 1738 1133 1806 ipsas·
1183 1741 1302 1795 dicibus:
1314 1757 1365 1795 nec
1375 1757 1430 1795 nan
1442 1749 1472 1795 et
1482 1743 1560 1810 pisce
1570 1761 1704 1814 suspenso
1715 1747 1798 1800 iuxta
1807 1748 1837 1799 ia
1848 1761 1932 1799 unum
1944 1745 1984 1797 lo·

347 1829 382 1867 ue
391 1813 471 1876 illini,
483 1816 534 1864 aut
543 1809 724 1875 sandaracha,
737 1812 761 1863 si
773 1818 916 1879 putrescat
926 1825 988 1862 usa.
1026 1808 1055 1861 Si
1066 1824 1131 1863 vero
1182 1827 1244 1863 cum
1256 1819 1442 1878 congregant:
1462 1820 1511 1865 aut
1528 1814 1627 1884 lupino
1643 1817 1711 1885 trito
1723 1832 1785 1869 cum
1799 1816 1863 1871 oleo
1875 1815 1987 1869 radices

325 1831 438 1942 fortites
449 1895 504 1937 uon
515 1887 588 1942 sunt,
598 1888 679 1932 aceto
690 1883 749 1935 acri
757 1884 874 1935 subacto
886 1883 978 1935 cinere
990 1878 1077 1947 rigari
1088 1885 1133 1931 at·
1181 1880 1280 1933 linunt.
1315 1880 1399 1932 Multi
1412 1886 1441 1933 et
1452 1881 1546 1950 talpas
1563 1900 1677 1939 amurca
1694 1893 1805 1941 nesam:
1828 1892 1986 1951 contraque

328 1973 382 2026 que
392 1955 491 2009 oblini.
502 1949 585 2016 auca
596 1951 620 2002 si
630 1949 752 2004 fructum
763 1966 817 2002 aon
832 1954 982 2012 maturent,
990 1951 1067 2016 prius
1074 1948 1132 2002 ina·
1182 1966 1290 2014 erucas,
1310 1958 1339 2003 et
1350 1949 1426 2003 mala
1436 1967 1470 2004 ne
1483 1959 1655 2019 putrescant,
1675 1956 1796 2009 lacertae
1806 1955 1907 2007 viridis
1919 1953 1986 2006 telle

327 2031 492 2088 maerstem,
511 2021 703 2092 praecisarum
715 2021 752 2074 ad
762 2021 872 2074 radices
884 2021 1009 2089 plagam,
1031 2020 1130 2072 libras·
1182 2022 1262 2091 tongi
1272 2022 1419 2073 cacumina
1430 2021 1536 2075 iubent.
1561 2023 1696 2079 Privatim
1708 2032 1804 2079 autem
1815 2030 1916 2076 contra
1926 2038 1988 2075 eru·

327 2112 390 2165 que,
396 2102 476 2148 aceto
488 2094 548 2147 acri
557 2099 587 2148 et
596 2094 679 2145 urina
687 2098 800 2145 vetusta
811 2090 1084 2156 madefacere,atque
1096 2103 1130 2142 ea
1182 2107 1230 2144 cas
1242 2091 1344 2145 ambiri
1355 2090 1472 2145 arbores
1482 2092 1608 2161 singulas
1625 2111 1642 2147 a
1659 2095 1777 2148 muliere
1789 2092 1901 2147 incitati
1911 2107 1989 2145 men·

325 2166 388 2219 luto
401 2165 534 2228 obruere,
544 2178 627 2230 saepe
638 2161 747 2216 ludme.
770 2162 913 2226 olearum,
923 2161 950 2214 si
961 2175 1057 2228 parum
1069 2173 1131 2226 pro·
1182 2163 1231 2226 sis,
1241 2161 1324 2214 nadis
1335 2160 1460 2230 pedibus,
1469 2165 1600 2216 recincta.
1612 2164 1683 2219 ltem
1692 2181 1727 2219 ne
1738 2165 1813 2233 quod
1824 2162 1929 2217 animal
1940 2175 1988 2231 pa·

326 2235 428 2288 misere
439 2233 558 2296 fructas,
578 2233 698 2285 nudatas
709 2231 817 2285 radices
839 2230 954 2285 hiberno
967 2228 1069 2297 frigori
1079 2244 1132 2296 op·
1181 2238 1227 2284 stu
1248 2232 1376 2285 malefico
1396 2231 1530 2299 decerpat
1550 2232 1688 2300 trondem,
1707 2236 1775 2291 limo
1795 2234 1880 2287 boum
1896 2232 1986 2286 diluto

325 2311 442 2373 ponunt,
458 2318 546 2371 eaque
558 2302 743 2372 castigatione
755 2302 913 2369 proliciunt.
950 2299 1052 2351 Omnia
1062 2295 1131 2351 baec
1181 2304 1293 2368 aspergi
1304 2300 1383 2364 folia,
1395 2301 1504 2369 quotics
1514 2301 1606 2355 imber
1615 2304 1792 2368 interveniat,
1805 2304 1933 2371 quoniam
1945 2303 1988 2355 ita

326 2389 420 2428 annua
440 2372 514 2427 caeli
532 2372 644 2425 ratione
665 2378 809 2425 constant:
828 2378 857 2423 et
873 2367 1023 2436 aliquando
1039 2367 1130 2419 serius
1181 2369 1400 2423 abluaturrirus
1412 2369 1617 2424 medicaminis:
1640 2376 1711 2426 mira
1721 2374 1860 2442 quaedam
1873 2370 1985 2439 excogi-

324 2449 490 2512 poscantur,
500 2441 652 2508 aliquando
663 2440 791 2493 celerius.
806 2438 928 2492 Necnon
940 2438 1013 2504 ignis
1023 2435 1131 2505 aliquid
1181 2445 1261 2495 tante
1273 2439 1391 2493 solertia
1402 2437 1529 2492 hnmana.
1568 2442 1677 2511 Quippe
1688 2459 1749 2496 cum
1762 2444 1852 2497 averti
1863 2442 1987 2496 carmine

324 2512 450 2581 prodest,
469 2516 501 2563 ut
521 2509 663 2563 nundinis
684 2509 814 2563 ambusta
824 2523 944 2579 uanaque
959 2504 1072 2558 densior
1082 2506 1131 2559 mi·
1180 2509 1331 2578 grandioes
1353 2508 1471 2563 credant
1492 2510 1633 2580 plerique:
1654 2514 1734 2565 cuius
1756 2513 1842 2566 verba
1862 2514 1987 2565 inserere

324 2584 437 2650 tiorque
447 2581 548 2649 surgit.
1181 2594 1239 2631 aon
1248 2579 1376 2648 equidem
1392 2576 1466 2632 serio
1481 2581 1586 2642 ausim,
1608 2596 1765 2649 quanquam
1777 2598 1795 2635 a
1805 2583 1911 2636 Catone
1922 2592 1987 2647 pra·

360 2653 429 2705 Cato
441 2659 470 2705 ct
481 2648 834 2720 medicamentaqusedam
845 2644 1001 2714 componit,
1023 2660 1130 2699 mensu·
1181 2648 1250 2711 dita,
1271 2656 1370 2703 contra
1389 2648 1487 2701 luxata
1506 2651 1641 2717 membra,
1661 2651 1806 2720 iungenda
1821 2649 1986 2704 arundinum

324 2737 374 2776 rae
386 2737 496 2790 quoque
509 2722 701 2785 distinctione,
714 2720 751 2774 ad
762 2721 901 2774 maiorum
912 2718 1043 2772 arborum
1055 2716 1130 2768 radi·
1180 2718 1308 2773 fissurae.
1343 2717 1419 2770 ldem
1436 2719 1551 2771 arbores
1570 2721 1717 2790 religiosas
1733 2722 1866 2789 lucosque
1877 2716 1986 2771 succidi

325 2807 372 2845 ces
393 2792 572 2860 amphoram,
598 2792 634 2844 ad
656 2792 794 2845 minorum
815 2805 916 2843 urnam
938 2799 1083 2846 amurcae,
1101 2792 1132 2838 et
1179 2788 1318 2855 permisit,
1338 2788 1478 2840 sacrificio
1499 2787 1680 2856 priusfacto:
1703 2792 1782 2860 cuius
1794 2793 1834 2844 rei
1845 2790 1986 2844 rationem

326 2877 416 2931 aquae
425 2863 587 2930 portionem
599 2877 731 2929 aequam,
751 2860 928 2928 ablaqueatis
939 2857 1017 2926 prius
1027 2854 1129 2907 radici·
1179 2858 1425 2928 precationemque
1436 2857 1534 2912 eodem
1546 2859 1685 2915 volumine
1696 2859 1825 2913 tradidit.

326 2932 378 2986 bus
395 2932 530 2999 paulatim
548 2931 656 2984 effundi
673 2931 781 2985 iubens.
817 2930 848 2983 lu
859 2930 923 2985 olea
934 2926 987 2981 hoc
998 2923 1130 2991 amplius,

440 3138 1877 3179 ’ψ

780 3314 828 3404 C.
886 3318 1142 3409 PLINII
1199 3325 1529 3413 SECUNDI

395 3500 1919 3609 NATURALISIHSTORIAE

848 3704 1468 3780 n1aaaxwm

329 4035 351 4086 1.
364 3998 528 4089 Seourrua
546 4028 650 4077 satura
667 4021 790 4089 frugum,
810 4018 955 4073 hortorum
977 4036 1012 4073 ue
1033 4036 1066 4074 ac
1082 4021 1133 4075 ho·
1187 4034 1469 4093 qusepraepararent
1486 4031 1584 4079 contra
1598 4041 1645 4080 ser
1665 4026 1768 4079 entium
1784 4021 1989 4083 dimicationes,

330 4119 407 4164 ruas,
428 4109 553 4166 quaeque
568 4092 627 4147 alia
638 4096 751 4160 praeter
766 4088 882 4143 arbores
899 4097 948 4143 aut
973 4094 1075 4144 rutices
1086 4092 1134 4145 be·
1188 4109 1257 4216 qaae
1268 4100 1331 4161 post
1343 4096 1479 4165 proelium
1491 4096 1527 4149 ad
1537 4041 1704 4150 medendpum
1715 4094 1925 4162 excogitarent,
1944 4089 1989 4141 ln·

331 4174 417 4242 nigaa
427 4167 529 4223 tellure
540 4162 717 4233 proveniunt,
738 4160 784 4213 rel
801 4175 851 4230 per
866 4176 897 4213 se
917 4165 1026 4214 tantum
1038 4160 1136 4215 berba-
1206 4164 1349 4217 icarimus.
1386 4166 1446 4220 Nec
1463 4167 1498 4219 ab
1514 4166 1574 4220 ullo
1586 4172 1698 4234 praeter
1709 4164 1859 4227 bominem,
1880 4172 1991 4214 veneno

331 4257 394 4295 rum
415 4239 551 4293 imminu
571 4229 815 4299 ⁰⁰¹¹l0fflll¹²i¹⁰¹¹es
833 4229 860 4281 ti
875 4231 936 4299 quis
947 4232 1078 4284 aestimet
1090 4248 1135 4285 sa·
1187 4240 1326 4304 pugnatur
1337 4234 1439 4289 alieno.
1466 4236 1618 4290 Fatcamar
1629 4250 1695 4305 ergo
1707 4235 1826 4302 culpam,
1836 4228 1991 4297 noiisqui-

332 4313 473 4371 rietatem,
494 4319 651 4367 numerum,
673 4300 768 4363 fl⁰ffl⁸s
788 4298 898 4364 ⁰d⁰le⁸s
916 4300 1089 4370 ⁰⁰l⁰r0⁸q1¹02
1106 4306 1135 4355 et
1188 4305 1260 4367 dem,
1271 4319 1341 4373 quae
1352 4313 1513 4371 nascuntur,
1524 4306 1661 4360 contenti:
1673 4307 1775 4358 etenim
1787 4300 1898 4372 quando
1909 4299 1995 4366 plura

333 4393 444 4440 succos,
466 4393 500 4429 ac
510 4378 582 4429 rircs
593 4388 698 4436 earum,
719 4385 790 4441 qaas
807 4371 905 4423 salutis
917 4377 965 4423 aut
980 4370 1135 4440 voluptatis
1188 4390 1284 4429 eorum
1295 4390 1401 4443 genera
1411 4374 1532 4430 hunrana
1541 4392 1623 4430 mma
1635 4376 1714 4427 hunt.
1734 4373 1825 4437 Quiri!
1836 4384 1891 4421 non
1903 4375 1932 4421 et
1942 4366 1996 4419 ho.

333 4446 475 4499 hominum
485 4447 577 4512 gratia
584 4443 684 4513 gignit.
695 4442 1005 4509 Quainparteprimum
1013 4443 1136 4495 omnium
1188 4447 1277 4498 mines
1287 4445 1397 4513 quidem
1407 4453 1440 4499 ut
1450 4462 1557 4500 roncna
1566 4443 1734 4498 nascuntur?
1743 4444 1867 4494 atraccu
1877 4450 1999 4503 serpen·

333 4514 503 4583 patrocinari
515 4521 616 4576 terrae,
638 4510 775 4565 etadesse
795 4518 958 4564 cunctorum
977 4513 1087 4580 parenti
1095 4514 1136 4566 iu·
1188 4514 1259 4568 tium
1271 4514 1369 4585 lingua
1379 4517 1480 4577 vibrat,
1494 4518 1627 4583 tabesque
1639 4512 1725 4564 animi
1735 4509 1909 4562 contrectata
1919 4504 1998 4557 adu.

333 4583 632 4651 vacquanuamintor
643 4581 728 4633 initia
737 4584 830 4648 aperis
843 4580 983 4635 defensae.
996 4583 1134 4646 Quoniam
1188 4584 1237 4649 rit,
1249 4584 1421 4652 culpantium
1433 4589 1535 4646 omnia,
1551 4599 1583 4635 ac
1595 4583 1720 4633 dirarum
1731 4576 1828 4628 alitum
1840 4570 1934 4654 modo,
1944 4576 1996 4626 te.

334 4661 429 4706 tamen
439 4652 500 4718 ipsa
509 4655 627 4704 materia
638 4651 716 4703 intus
728 4651 858 4704 accendit
878 4652 914 4703 ad
929 4653 1135 4720 reputationem
1188 4654 1280 4709 nebris
1291 4669 1401 4722 quoque
1411 4654 1480 4716 suis,
1499 4660 1527 4704 et
1538 4652 1660 4719 ipsarum
1681 4648 1803 4699 noctium
1815 4644 1996 4723 quieta-anri.

335 4722 458 4776 eiusdem
474 4720 609 4787 parientis
622 4726 651 4772 et
663 4722 764 4784 noxia,
783 4721 888 4773 nostris
901 4736 961 4773 eam
974 4720 1136 4773 criminibus
1188 4722 1324 4788 denham,
1334 4724 1449 4792 gemitu,
1461 4735 1531 4788 quae
1543 4720 1603 4771 sola
1616 4732 1671 4768 vox
1680 4728 1774 4769 corum
1786 4716 1843 4764 est:
1864 4716 1898 4763 ut
1909 4726 1996 4764 rnau.

334 4804 481 4857 autemut,
501 4789 665 4870 culpamque
675 4798 800 4842 nostram
812 4791 856 4844 illi
869 4792 1047 4858 imputamus.
1082 4788 1136 4842 Go-
1187 4793 1357 4861 spicatarum
1380 4791 1560 4843 animantium
1580 4786 1643 4839 sice
1672 4785 1746 4837 ebrii
1766 4795 1875 4863 quoque
1894 4786 1997 4836 retent

334 4863 396 4914 nuit
408 4873 528 4913 venenas
550 4873 642 4924 ecquis
663 4858 771 4911 invenit
790 4859 841 4912 illa
856 4868 969 4931 praeter
979 4856 1136 4912 hondneml
1189 4878 1282 4930 agere,
1294 4867 1345 4914 ant
1355 4857 1582 4927 pseudoeremitae.
1619 4854 1678 4909 Nec
1689 4853 1778 4906 ullum
1789 4849 1867 4904 ahud
1879 4850 1993 4933 aburat.

335 4933 440 4986 Gavere
450 4943 485 4981 uc
495 4925 625 4992 refugere
637 4925 755 4978 alitibus
766 4925 889 4996 ferisque
901 4930 970 4982 satis
979 4935 1031 4982 est.
1047 4931 1136 4997 atquc
1187 4930 1249 4983 nati
1258 4930 1374 4997 spiritus
1405 4928 1536 4981 raemium
1548 4940 1667 4988 novere,
1686 4937 1768 4995 quam
1780 4920 1874 4975 adisse
1885 4935 1993 4975 omnia.

335 5016 399 5056 cum
421 4996 522 5052 arbore
541 5000 677 5047 exacuant
694 4994 847 5064 limentque
863 5014 969 5053 cornua
983 4996 1135 5066 elephanti,
1187 4998 1289 5052 Verum
1300 5006 1329 5051 ot
1339 4999 1369 5051 in
1379 4943 1433 5050 eac
1444 4996 1542 5051 eadem
1555 5002 1672 5049 naturae
1682 4992 1825 5055 maiestas,
1833 4995 1917 5073 'tanto
1928 4989 1993 5058 plu.

335 5078 364 5126 el
374 5068 434 5123 ¹³1²
453 5079 522 5121 ⁸⁸¹⁰
542 5061 751 5124 fhi²¹⁰0⁶¹⁰l0¹2
771 5073 801 5117 et
811 5075 929 5135 utroque
940 5069 1000 5137 apri
1012 5068 1135 5121 dentium
1187 5083 1234 5122 res
1243 5067 1332 5120 bonos
1341 5069 1438 5137 genuit
1449 5083 1482 5121 ac
1491 5065 1577 5135 irugi,
1583 5072 1685 5134 quanto
1698 5062 1861 5117 fertiliorrn
1871 5060 1907 5112 irs
1919 5072 1994 5128 qaae

335 5142 417 5205 slcss,
438 5135 582 5201 sciantque
593 5130 628 5184 ad
638 5131 793 5185 nocendum
808 5152 839 5189 se
850 5152 1020 5208 praeparare
1032 5140 1136 5191 anima·
1186 5137 1284 5191 iurant
1295 5139 1442 5205 alantque:
1454 5151 1570 5206 quorum
1583 5135 1780 5188 aestimatione
1791 5127 1929 5200 etgaudlo
1937 5141 1993 5181 nos

335 5214 390 5267 ¹5⁸²
411 5206 485 5279 (lum¹
506 5212 600 5256 Μ
615 5215 712 5253 ⁰⁰f¹¹¹⁸¹
728 5200 788 5255 ²0¹³
804 5220 865 5269 ⁸¹1³,
886 5216 1002 5276 excepto
1013 5206 1136 5269 homine,
1187 5223 1308 5278 quoque,
1323 5207 1432 5261 relictis
1443 5204 1694 5260 aestuationlsuae
1707 5200 1922 5257 istishominum
1933 5203 1995 5249 tur·

335 5282 449 5336 scaenis
468 5271 570 5344 tingit!
589 5270 649 5325 Nos
670 5276 702 5324 et
718 5273 839 5339 sagittas
854 5277 996 5345 tingimus,
1016 5276 1136 5330 acierro
1187 5276 1242 5344 bis,
1262 5291 1410 5346 pergemus
1430 5275 1560 5330 excolere
1580 5277 1680 5328 ritem:
1703 5287 1792 5342 euque
1805 5268 1994 5349 constantius,

334 5352 390 5418 ¹9⁸¹
400 5346 545 5405 ῠθθθῐῐῑῑῦῦ
554 5338 661 5410 ὃῑῑφῑῑᾶ
672 5338 780 5392 illum·
817 5344 875 5396 Nos
885 5359 913 5397 et
923 5346 1039 5400 humina
1048 5346 1135 5400 inlici·
1188 5364 1243 5418 quo
1256 5362 1358 5415 operae
1367 5348 1448 5401 nobis
1458 5346 1558 5409 maiar,
1576 5361 1656 5414 quam
1668 5343 1770 5407 laniae,
1779 5341 1993 5410 gratiaexpetr·

335 5427 550 5485 maaetrerum
560 5410 841 5466 natursselementa.
859 5417 1135 5485 ipsamquoquequo
1187 5425 1242 5471 tur.
1272 5417 1379 5485 Quippe
1391 5432 1483 5475 sermo
1495 5415 1569 5469 circa
1579 5431 1645 5470 rura
1654 5421 1706 5478 est,
1716 5416 1896 5482 agrestesque
1906 5419 1992 5468 usus;

333 5490 449 5553 vivitur,
460 5500 552 5542 aerem
565 5486 592 5537 in
604 5482 756 5552 perniciem
767 5484 912 5537 vertimus.
942 5485 1039 5552 Neque
1051 5494 1095 5539 est
1104 5491 1137 5538 ut
1188 5487 1239 5542 sed
1259 5487 1359 5557 quibus
1379 5487 1439 5541 uita
1458 5485 1602 5556 honosque
1623 5486 1697 5557 apud
1725 5487 1833 5554 priscos
1850 5478 1992 5533 mammas

333 5567 462 5628 putemus
483 5554 607 5627 ignorari
629 5568 664 5608 ea
683 5551 720 5608 ab
738 5553 919 5608 animalibus:
940 5555 1135 5622 qrruequidem
1188 5556 1281 5612 tuerit.
