4340 6018
363 350 422 405 110
502 346 532 405 C.
567 345 720 427 Putitii
756 338 964 402 SECUNDl
999 333 1170 397 NATUR.
1202 332 1395 394 Histria.
1435 334 1517 393 LlB.
1541 330 1640 391 viii.
1673 328 1763 388 CAP.
1791 330 1879 397 Ι-ῡ,

360 505 504 564 acceptam
517 505 568 549 est.
585 496 678 549 Etiam
691 501 748 544 turn
759 496 853 542 tamen
863 488 960 540 nubilo
970 482 1094 540 incertae
1105 484 1164 538 fue·

360 582 392 620 re
403 566 490 619 horae
501 580 587 634 usque
598 566 632 617 ad
650 562 803 628 proximum
819 561 946 611 lustrum.
982 560 1063 609 'l'urrc
1073 554 1165 621 Scipio

362 637 466 689 Nasica
481 637 590 704 collega
600 631 742 690 Laenatis,
763 630 868 695 primus
885 644 902 679 a
922 642 958 679 ua
974 628 1069 679 divisit
1082 624 1166 675 horas

362 721 451 775 aeque
469 708 592 758 noctium
610 716 643 754 ac
658 698 772 751 dicrum.
810 644 1095 766 idquedrorciogium
1114 692 1167 744 sab

1218 490 1295 537 tecto
1306 483 1425 544 dicarit,
1445 496 1519 534 anno
1532 483 1614 536 Urbis
1636 482 1745 536 DXCV.
1783 482 1905 535 Tamdiu
1927 485 2028 553 popula

1220 555 1346 606 Romano
1364 552 1518 605 indisereta
1533 553 1580 604 lux
1597 553 1661 605 luit.
1698 552 1779 605 Nunc
1799 560 1975 607 revertamur
1994 555 2028 607 ad

1219 625 1328 691 reliqua
1338 623 1477 687 animalia,
1487 624 1663 691 primumque
1673 622 1829 678 terrestria.

578 898 581 907 .
629 881 1682 907 ψη*
1688 884 1764 891 --·

814 1022 862 1106 o.
921 1020 1178 1141 aarum
1235 1018 1569 1105 anconnr

427 1198 1152 1306 NATURALlS

904 1408 1168 1480 Lien

1255 1197 1961 1303 Historias

1219 1404 1482 1478 nrm

321 1774 326 1781 .
394 1730 414 1780 Ι.
435 1702 498 1782 An
518 1729 628 1794 reliqua
642 1732 816 1779 transeamus
831 1726 979 1789 animalia,
1002 1733 1030 1779 et
1047 1726 1166 1793 primunr

359 1798 513 1851 terrestria.
539 1797 695 1850 Maximum
707 1804 750 1848 est
760 1795 883 1863 elephas,
893 1797 1105 1863 proximumque
1115 1794 1165 1847 hu·

359 1869 449 1919 manis
460 1868 602 1920 sensibusr
613 1867 716 1933 quippe
727 1865 887 1918 intellectus
899 1867 956 1917 illia
968 1866 1106 1919 sermonis
1117 1878 1166 1932 pa·

359 1939 418 1998 trii,
430 1937 651 2004 etinrperiorum
663 1934 833 1996 obedientia,
854 1934 1073 2003 officiorumque,
1095 1950 1167 2002 quae

360 2008 494 2069 didicere,
505 2008 657 2059 memoria:
678 2008 782 2057 amoris
795 2012 824 2057 et
835 2004 943 2072 gloriae
953 2006 1095 2070 uoluptas:
1116 2005 1167 2055 im-

358 2092 405 2128 mo
416 2091 480 2128 rero
491 2081 580 2146 (quae
590 2076 676 2129 etiam
689 2074 717 2124 in
729 2072 840 2126 homine
852 2079 933 2137 rara)
945 2075 1080 2142 probitas,
1104 2089 1167 2141 pru·

358 2148 461 2207 dantia,
472 2148 611 2214 aequitas:
622 2143 722 2213 religia
732 2159 843 2212 qunque
852 2144 986 2208 siderum,
997 2144 1123 2212 Solisque
1135 2160 1167 2196 ac

358 2216 454 2268 itunae
464 2216 615 2269 veneratio.
638 2218 775 2268 Auctores
787 2222 860 2277 sunt,
871 2215 901 2267 in
913 2214 1102 2266 Mauritaniae
1113 2213 1168 2265 sal·

357 2286 431 2337 tibus
443 2285 478 2336 ad
489 2285 627 2354 quendam
638 2299 757 2349 amnem,
768 2286 813 2336 cui
822 2299 923 2336 ncnren
935 2293 978 2337 est
988 2285 1087 2347 Amilo,
1099 2285 1168 2335 nite·

358 2362 454 2407 scente
465 2355 545 2407 Luna
555 2369 634 2415 nora,
646 2368 745 2421 greges
756 2369 851 2407 eorum
864 2353 1049 2407 descendere:
1073 2354 1168 2420 ibique

358 2440 388 2476 se
401 2423 579 2491 purificantes
590 2422 753 2475 solemniter
764 2438 837 2490 aqna
847 2423 1045 2491 circumspergi
1056 2440 1063 2474 e
1084 2430 1168 2489 atque

358 2495 400 2545 ita
411 2493 534 2545 salutato
545 2492 637 2544 sidere
649 2492 678 2543 in
689 2495 774 2545 siivas
784 2493 1054 2555 reverti,vitulorum
1066 2493 1168 2560 latiga-

359 2572 404 2614 tos
415 2577 482 2630 prae
493 2578 523 2615 se
534 2562 665 2615 ferentes.
701 2562 817 2615 Alienae
837 2577 947 2631 quoque
967 2563 1113 2631 religionis
1130 2564 1168 2613 in·

359 2633 490 2695 tellecta,
511 2631 662 2685 creduntur
672 2632 760 2682 maria
771 2632 920 2685 transituri
930 2646 986 2683 non
1003 2640 1068 2685 ante
1086 2648 1167 2685 nares

359 2702 562 2767 conscendere,
583 2717 665 2770 quam
680 2702 793 2753 inritati
807 2703 928 2753 rectoris
942 2702 1120 2754 iureiurando
1133 2702 1167 2754 de

358 2771 461 2826 redita.
497 2771 692 2840 Viriquesunt
703 2770 771 2823 lessi
783 2771 975 2840 aegritudine,
997 2773 1122 2839 (quando
1139 2778 1168 2824 et

357 2843 422 2895 illas
432 2840 521 2895 moles
531 2842 665 2894 infestant
675 2841 793 2903 morbi),
806 2841 905 2893 herbas
915 2841 1009 2908 supini
1020 2842 1049 2892 in
1061 2843 1167 2894 caelum

358 2913 507 2973 iacientes,
522 2906 626 2964 'veluti
644 2910 748 2964 tellure
771 2911 899 2978 precibus
920 2911 1052 2979 allegata.
1096 2911 1167 2964 Nam

359 2983 433 3049 quod
443 2980 478 3033 ad
491 2980 665 3033 docilitatem
678 2981 793 3041 attinet,
814 2995 907 3049 regem
919 2979 1054 3043 adorant,
1077 2994 1168 3050 genua

359 3052 540 3111 submittunt,
561 3064 678 3103 coronas
699 3051 854 3118 porrigunt.
892 3050 969 3103 ludis
984 3056 1066 3103 arant
1081 3051 1168 3101 mino·

360 3135 413 3181 res,
424 3134 494 3186 qnos
506 3118 648 3186 appellant
661 3118 769 3187 nothos.

395 3189 429 3240 ll.
450 3189 554 3241 llorrrae
566 3189 654 3240 iuncti
667 3190 786 3255 primunr
797 3192 908 3244 subiere
919 3204 1030 3242 carrum
1042 3188 1167 3254 Pompeii

360 3257 458 3325 Magni
472 3257 603 3310 Africano
619 3259 780 3326 triumphat
802 3261 875 3327 quod
896 3260 973 3327 prius
990 3258 1069 3309 india
1087 3260 1168 3318 ricta,

359 3324 550 3395 triumphante
570 3328 673 3381 Libero
697 3329 794 3392 Patre,
815 3334 993 3382 memoratur.
1029 3327 1167 3378 Procilius

359 3405 443 3466 negat
453 3402 579 3464 potuisse
591 3398 715 3465 Pompeii
725 3396 865 3465 triumpho
877 3400 988 3449 iunctos
999 3396 1094 3466 egredi
1106 3411 1168 3463 por·

358 3477 397 3520 ta.
417 3466 578 3519 Germanici
587 3468 715 3520 Caesaris
726 3483 839 3520 munere
850 3467 1019 3535 gladiatorio
1034 3467 1167 3535 quosdam

359 3538 445 3590 etiam
456 3535 617 3588 inconditos
635 3546 725 3588 motus
746 3536 875 3597 edidere,
892 3537 1055 3587 saltantium
1074 3535 1166 3587 modo.

360 3605 483 3673 Vulgare
494 3613 570 3668 erat,
591 3620 639 3672 per
650 3619 730 3657 auras
742 3621 822 3658 arma
832 3607 923 3658 iacere
941 3620 997 3657 non
1013 3602 1166 3655 auferenti·

360 3677 411 3726 bna
430 3675 529 3737 rantis,
551 3683 634 3742 atque
654 3677 727 3728 inter
747 3691 778 3728 se
799 3674 983 3743 gladiatorios
1002 3688 1167 3743 congressus

360 3745 457 3810 edere,
477 3750 528 3797 sut
543 3747 707 3799 lasciviente
719 3744 870 3813 pyrrhiche
888 3744 1045 3796 colludere:
1067 3751 1168 3811 postea

359 3823 387 3867 et
398 3814 539 3882 personas
550 3817 697 3876 incessere,
709 3813 816 3865 lecticis
827 3813 912 3865 etiarn
924 3814 1045 3867 ferentes
1057 3820 1168 3879 quater-

359 3886 386 3937 ni
397 3885 524 3954 singulos
541 3899 691 3951 puerperas
709 3882 869 3933 imitantes:
892 3882 1037 3948 plenisque
1056 3881 1167 3934 homine

359 3955 489 4007 tricliniis
499 3955 658 4006 accubitum
670 3953 727 4003 iere
743 3965 792 4017 per
803 3952 890 4003 lectos
903 3952 945 4002 ita
959 3951 1069 4003 libratis
1084 3951 1167 4004 resti·

360 4025 421 4090 giis,
432 4040 466 4077 ne
478 4023 539 4091 qnls
550 4024 707 4087 potantium
718 4021 915 4086 attingeretur.

393 4094 440 4146 lll.
460 4095 575 4147 Certum
592 4098 648 4153 est,
668 4104 754 4141 unum
771 4089 906 4142 tardioris
925 4090 1077 4157 ingenitis
1097 4092 1167 4143 acci-

358 4164 465 4230 piendis
476 4175 546 4231 quae
556 4159 755 4222 tradebantur,
766 4160 879 4227 saepias
893 4162 1059 4228 castigatum
1071 4161 1167 4213 verbe·

359 4234 450 4295 ribus,
470 4233 567 4287 eadem
577 4230 819 4283 illameditantem
831 4236 914 4281 noctu
925 4237 1076 4297 repertum.
1111 4231 1165 4282 hii·

360 4317 420 4352 rum
432 4306 560 4366 maxime,
572 4309 601 4356 et
610 4301 735 4354 adversis
746 4299 855 4367 quidem
867 4299 978 4353 ionibus
988 4300 1095 4361 subire,
1117 4299 1167 4352 sed

360 4370 471 4436 regredi
490 4373 580 4441 magis
596 4373 693 4440 utique
709 4373 812 4438 pronis.
848 4369 994 4422 Matienus
1009 4377 1053 4422 ter
1064 4369 1166 4422 Consul

361 4443 521 4502 auctorest,
541 4441 661 4509 aliquem
673 4456 708 4494 ex
719 4440 762 4494 his
774 4449 802 4497 et
812 4440 957 4494 literarum
970 4440 1070 4492 ductus
1081 4440 1167 4492 Grae·

362 4520 457 4569 earum
472 4504 619 4575 didicisse,
639 4513 808 4582 solitumque
825 4510 1016 4578 praescribere
1033 4510 1093 4561 eius
1112 4510 1165 4561 lin·

363 4590 435 4644 garae
446 4575 538 4628 verbis
550 4596 557 4627 ι
580 4578 641 4645 lpse
652 4595 705 4647 ego
717 4582 787 4635 haec
795 4581 909 4649 scripsi,
919 4586 949 4634 et
958 4580 1050 4647 spolia
1060 4578 1168 4631 Celtica

364 4645 463 4696 dicari.
499 4647 625 4714 itemque
637 4663 667 4698 se
678 4650 788 4703 ridente
799 4650 938 4714 Puteolis,
958 4664 1019 4701 cum
1031 4648 1168 4701 adrectis

362 4727 433 4767 aare
444 4714 539 4780 egredi
550 4724 726 4781 cogerentur,
732 4720 848 4772 territos
858 4722 953 4788 spatio
965 4721 1057 4785 pontis
1070 4717 1167 4784 procul

364 4800 382 4835 s
392 4784 552 4837 continente
563 4785 694 4850 porrecti,
704 4793 736 4836 ut
745 4803 807 4839 sese
818 4788 1030 4857 longinquitatis
1041 4787 1168 4840 aestima·

364 4854 442 4907 tione
454 4854 594 4914 fallerent,
604 4866 718 4904 aversos
729 4861 867 4908 retrorsus
878 4860 942 4912 isse.

401 4922 449 4975 lV.
468 4922 602 4977 Praedam
614 4922 667 4989 ipsi
679 4922 708 4973 in
724 4938 755 4975 se
770 4926 952 4988 expetendam
968 4929 1059 4979 sciunt
1079 4925 1167 4977 solam

365 5008 427 5045 esse
437 4996 465 5044 ia
476 4993 562 5044 armis
572 4995 639 5056 suis,
662 5006 732 5058 quae
743 4992 811 5044 laba
822 5007 927 5045 cornua
938 4995 1069 5061 appellat,
1080 4996 1169 5048 Hero·

365 5062 450 5114 dotus
460 5068 541 5115 tanto
552 5061 699 5129 antiquior,
709 5068 739 5112 et
750 5062 921 5115 consuetudo
932 5066 1040 5128 meiius,
1062 5064 1169 5117 dentes.

365 5132 555 5194 Quamobrem
567 5130 698 5184 deciduos
710 5145 775 5183 casu
788 5130 882 5197 aliquo
893 5131 937 5182 rel
949 5144 1071 5197 senecta,
1092 5134 1169 5186 deio-

365 5200 455 5253 diunt.
492 5202 553 5252 lloc
563 5201 655 5252 solum
666 5200 736 5252 ebur
745 5206 807 5253 est:
828 5207 932 5263 cetero,
950 5207 979 5254 et
995 5204 1023 5254 in
1042 5204 1084 5256 his
1103 5218 1169 5271 quo·

366 5286 435 5338 que,
456 5270 748 5340 quecorpusinterit,
770 5270 863 5323 vilitas
879 5284 968 5321 ossea.
1004 5273 1170 5342 Quanquam

366 5356 454 5408 nuper
465 5356 528 5392 ossa
541 5340 626 5391 etiam
638 5339 665 5389 in
680 5339 798 5392 laminas
807 5338 898 5390 secari
910 5353 1028 5407 coepere
1045 5345 1170 5409 penuria.

367 5412 479 5463 Etenim
489 5423 554 5462 rara
570 5408 726 5474 amplitudo
741 5410 797 5460 iam
814 5407 953 5470 dentium,
975 5420 1169 5480 praeterquam

368 5494 403 5531 ex
414 5480 506 5541 ludis,
529 5479 685 5547 reperitur:
709 5487 803 5530 cetera
819 5478 848 5528 in
864 5486 963 5529 nostro
980 5481 1047 5532 orbe
1063 5497 1171 5536 cessere

367 5548 501 5603 luxuriae.
545 5549 677 5602 [lentium
705 5547 826 5599 candere
855 5547 1025 5616 intelligitur
1047 5550 1170 5605 iuuenta.

367 5617 449 5671 circa
460 5619 511 5672 iras
522 5619 622 5673 belluis
631 5631 738 5672 summa
749 5632 829 5670 cara:
846 5617 963 5671 alterius
975 5621 1099 5671 mucroni
1111 5637 1172 5689 pae-

1221 1732 1294 1788 cunt,
1306 1740 1339 1778 ne
1349 1727 1387 1777 sit
1399 1724 1513 1794 proeliis
1525 1723 1608 1778 hebes
1620 1741 1627 1774 z
1648 1724 1764 1778 alterius
1776 1729 1906 1792 operario
1918 1742 1970 1778 usu
1984 1727 2024 1779 io-

1221 1796 1301 1847 diunt
1320 1797 1437 1859 radices,
1460 1794 1609 1861 impellant
1626 1794 1733 1847 moles:
1755 1795 1990 1864 circumventique
2011 1813 2029 1848 a

1220 1866 1393 1928 cenantibus,
1407 1866 1511 1933 primos
1523 1866 1704 1927 constituunt,
1726 1866 1824 1931 quibus
1833 1874 1897 1917 sunt
1910 1867 2028 1926 minimi,

1221 1951 1256 1986 ne
1267 1937 1338 1987 tanti
1358 1936 1494 2003 proelium
1513 1941 1643 2001 putetur:
1663 1941 1764 2002 postea
1784 1935 1870 1998 fessi,
1890 1937 2028 2002 impactos

1221 2005 1315 2057 arbori
1328 2005 1469 2073 frangunt,
1480 2004 1639 2072 praedaque
1648 2020 1679 2057 se
1690 2005 1839 2057 redimunt.

1255 2076 1290 2128 V.
1309 2076 1411 2127 Mirum
1424 2078 1450 2126 irr
1463 2076 1604 2141 plerisque
1616 2074 1789 2137 animalium,
1800 2076 1873 2128 scire
1884 2089 2027 2143 quarepe·

1221 2150 1335 2196 tantur:
1357 2145 1408 2197 sed
1425 2152 1452 2197 et
1467 2158 1518 2211 per
1538 2150 1638 2196 cuncta
1657 2145 1722 2211 quid
1743 2152 1869 2197 careant.
1905 2143 2028 2211 Elephas

1221 2213 1334 2266 homine
1346 2215 1429 2267 ebrio
1441 2214 1517 2267 forte
1528 2215 1556 2265 in
1567 2213 1729 2277 solitudine,
1737 2221 1766 2267 et
1776 2215 1942 2282 simpliciter
1950 2216 2028 2267 ober-

1221 2291 1316 2346 rante,
1329 2285 1451 2336 clemens
1462 2283 1643 2352 placidusque
1656 2287 1740 2336 etiam
1752 2284 1946 2337 demonstrare
1956 2285 2027 2335 riam

1221 2354 1352 2406 traditur.
1382 2354 1458 2406 ldenr
1472 2354 1592 2420 vestigio
1604 2354 1724 2405 bominis
1735 2354 1928 2406 aninradrerso
1939 2354 2026 2421 prins·

1221 2438 1301 2490 quam
1313 2421 1432 2484 homine,
1454 2424 1645 2476 intremiscere
1657 2424 1820 2477 insidiarum
1830 2434 1922 2489 metu,
1940 2423 2028 2476 subsi-

1221 2502 1296 2544 stere
1307 2494 1342 2545 ab
1354 2493 1470 2555 olfacto,
1491 2493 1736 2560 circumspectare,
1754 2495 1811 2546 iras
1822 2493 1955 2561 proflare,
1977 2509 2028 2545 nec

1222 2562 1341 2627 calcare,
1352 2564 1402 2616 sed
1413 2570 1522 2615 erutum
1535 2564 1663 2629 proximo
1674 2564 1876 2627 tradere,ilium
1887 2565 2028 2631 aequanti,

1222 2633 1321 2686 nuntio
1333 2633 1420 2685 simili
1437 2648 1524 2701 usqne
1542 2632 1577 2685 ad
1598 2643 1771 2687 extremum:
1792 2640 1821 2686 et
1841 2641 1906 2685 tunc
1927 2647 2027 2699 agmen

1222 2703 1383 2771 circumagi,
1391 2710 1419 2755 et
1432 2704 1544 2764 reverti,
1555 2704 1698 2772 aciemque
1709 2704 1794 2774 dirigi
1806 2721 1812 2754 r
1824 2704 1895 2758 adeo
1905 2702 2026 2754 omnium

1222 2773 1302 2824 odori
1314 2774 1414 2826 durare
1426 2774 1503 2825 rirus
1514 2771 1600 2837 illud,
1621 2774 1730 2827 maiore
1741 2790 1776 2827 ex
1796 2783 1875 2841 parte
1889 2790 1923 2824 na
1940 2770 2025 2823 nmio-

1221 2856 1281 2893 rum
1295 2843 1405 2908 quidem
1419 2843 1527 2909 pedum.
1564 2842 1611 2895 Sic
1621 2851 1650 2895 et
1665 2844 1763 2911 tigris,
1784 2847 1867 2895 etiam
1879 2844 1946 2895 ieris
1957 2849 2029 2893 cete·

1221 2912 1260 2961 ris
1272 2914 1440 2973 truculenta,
1451 2920 1535 2980 atque
1546 2914 1609 2978 ipsa
1619 2912 1761 2978 elephanti
1773 2928 1885 2979 quoqne
1894 2925 2027 2994 spernens

1221 2981 1351 3047 vestigia,
1364 2981 1484 3032 bortrinis
1496 2983 1556 3032 riso
1567 2980 1721 3033 transferre
1732 2981 1836 3031 dicitur
1845 2990 1973 3046 protinus
1984 2994 2029 3032 ca·

1221 3051 1304 3100 tulos.
1342 3051 1561 3109 Quonammodo
1580 3049 1698 3115 agnitol
1723 3047 1771 3099 ubi
1791 3056 1855 3100 ante
1876 3055 2028 3115 conspecto

1221 3119 1281 3179 illo,
1303 3132 1384 3185 quem
1400 3117 1498 3169 timet!
1533 3118 1642 3168 Etenim
1652 3117 1726 3168 tales
1737 3117 1827 3168 silvas
1839 3117 1953 3167 minime
1971 3118 2031 3169 ire·

1220 3188 1348 3255 quentari
1360 3194 1463 3239 certum
1477 3192 1528 3238 est.
1564 3185 1637 3238 Sane
1648 3186 1783 3239 mirentur
1801 3186 1892 3252 ipsam
1913 3188 2029 3254 vestigii

1220 3258 1384 3308 raritatem:
1407 3256 1456 3308 aed
1468 3252 1539 3308 unde
1549 3258 1639 3307 sciunt
1650 3255 1805 3309 timendum
1820 3255 1903 3309 esaei
1939 3256 2028 3307 lmmo

1222 3340 1286 3376 reru
1298 3340 1347 3376 cur
1358 3325 1402 3377 rel
1413 3326 1684 3393 ipsiusconspectum
1693 3332 1904 3393 paveant,tsnto
1913 3327 2028 3386 risibus,

1220 3394 1425 3463 magnitudine,
1443 3396 1594 3448 velocitate
1614 3396 1852 3462 praestantiores!
1889 3395 2027 3448 Nimirum

1221 3463 1289 3516 haec
1300 3471 1344 3516 est
1364 3474 1462 3516 natura
1472 3480 1580 3527 rerum,
1601 3464 1670 3519 haee
1679 3468 1806 3533 potentia
1817 3466 1887 3530 eius,
1898 3465 2027 3518 saerisal·

1220 3550 1280 3587 mas
1293 3533 1415 3586 ferarum
1432 3537 1622 3602 nraxinrasque
1633 3551 1771 3602 nunqnam
1781 3535 1885 3587 ridisse
1896 3535 1968 3603 quod
1981 3533 2028 3586 tle·

1222 3604 1304 3656 beant
1315 3606 1459 3667 timere,et
1469 3608 1564 3656 statinr
1576 3604 1735 3672 intelligere
1746 3621 1808 3657 cum
1819 3606 1857 3656 ait
1865 3603 2027 3658 timendum.

1256 3672 1405 3740 Elephanti
1417 3675 1555 3740 gregatim
1571 3689 1682 3741 semper
1700 3674 1905 3743 ingrediuntur.
1941 3674 2028 3726 Ducit

1221 3758 1319 3812 agmen
1331 3744 1468 3795 maximus
1480 3742 1639 3810 natu,cogit
1647 3746 1900 3810 aetateprorimus.
1912 3748 2028 3797 Amnem

1221 3813 1368 3864 transituri
1381 3813 1511 3865 minimos
1524 3813 1713 3879 praemittunt,
1728 3829 1762 3866 ne
1774 3814 1909 3865 maiorum
1921 3813 2028 3879 ingres·

1220 3898 1253 3934 sn
1265 3889 1406 3934 atterente
1418 3882 1542 3944 alveum,
1554 3889 1663 3935 crescat
1673 3883 1794 3952 gurgitis
1805 3880 1935 3934 altitudo.
1972 3883 2026 3943 An·

1220 3955 1325 4019 tipater
1336 3959 1434 4003 auctor
1446 3958 1499 4013 est,
1517 3951 1586 4015 duos
1597 3951 1733 4004 Antiocho
1746 3953 1804 4021 regi
1813 3952 1841 4003 in
1854 3951 1962 4004 bellicis
1973 3950 2029 4001 usi·

1220 4018 1286 4083 bus,
1309 4020 1528 4074 celebresetiam
1547 4021 1775 4089 cognominibus,
1798 4021 1901 4074 fuisse:
1924 4020 2027 4074 etenim

1220 4106 1323 4144 norere
1334 4107 1376 4143 ea.
1414 4092 1495 4143 Certe
1513 4093 1599 4155 Cato,
1619 4106 1679 4143 com
1695 4093 1893 4161 imperatorum
1914 4091 2028 4141 nomina

1220 4160 1368 4213 annalibus
1385 4160 1553 4222 detraxerit,
1575 4176 1636 4214 eum
1648 4161 1696 4229 qui
1705 4161 1858 4214 fortissime
1871 4160 2027 4228 proeliatus

1221 4237 1295 4283 esset
1304 4231 1333 4282 in
1344 4229 1449 4280 Punica
1460 4232 1529 4292 acie,
1541 4230 1642 4283 Surum
1653 4232 1773 4285 tradidit
1784 4237 1924 4293 cacatum,
1935 4229 2027 4281 altero

1220 4301 1303 4352 dente
1314 4300 1451 4353 mutilato.
1477 4301 1613 4354 Antiocho
1625 4301 1725 4353 radam
1737 4301 1860 4352 fluminis
1872 4300 2028 4367 experienti

1221 4371 1314 4423 renuit
1324 4372 1403 4434 Aiax,
1414 4371 1538 4439 alioquin
1549 4371 1604 4423 dux
1615 4372 1732 4439 agminis
1741 4386 1860 4438 semper.
1879 4372 1950 4421 'l'unr
1962 4380 2027 4437 pro·

1220 4441 1387 4502 nuntiatum,
1398 4442 1458 4492 eius
1469 4441 1531 4495 iore
1542 4442 1727 4509 principatum
1739 4442 1786 4509 qui
1796 4440 1944 4492 transisset
1955 4457 1962 4490 z
1978 4452 2027 4489 au·

1221 4526 1337 4577 sumque
1348 4510 1518 4574 Patroclum,
1529 4513 1565 4563 ob
1577 4511 1604 4563 id
1617 4510 1739 4578 phaleris
1750 4506 1899 4577 argenteis,
1905 4521 1960 4572 quo
1971 4522 2031 4559 ma·

1221 4582 1296 4633 xime
1307 4581 1438 4649 gaudent,
1449 4582 1595 4648 etreliqua
1608 4582 1682 4631 omni
1694 4580 1815 4645 primatu
1826 4574 1947 4625 donarit.
1967 4574 2030 4639 lile,

1221 4650 1268 4717 qni
1281 4650 1447 4713 notabatur,
1459 4650 1556 4701 inedia
1566 4656 1681 4700 nrortem
1694 4644 1863 4713 ignominiae
1882 4645 2029 4709 praetulit.

1221 4719 1311 4772 Mirus
1322 4732 1441 4784 namque
1451 4717 1539 4784 pudor
1549 4724 1603 4778 cst,
1623 4716 1768 4782 rictusque
1782 4726 1880 4765 rocem
1894 4712 1968 4783 lugii
1988 4717 2028 4765 ri·

1222 4788 1326 4840 cteris:
1351 4794 1454 4838 terram
1466 4798 1499 4836 ac
1509 4788 1644 4838 verbenas
1654 4785 1783 4852 porrigit.

1256 4856 1367 4908 Pudore
1379 4868 1516 4921 nunquam
1529 4856 1579 4905 nisi
1590 4854 1617 4905 in
1630 4852 1726 4906 abdito
1738 4858 1854 4905 coeunt:
1875 4867 1935 4904 mss
1948 4853 2028 4921 quin·

1223 4924 1348 4991 quennia,
1358 4923 1462 4976 lamina
1472 4921 1610 4975 decennis.
1629 4922 1719 4976 initur
1730 4929 1822 4975 autem
1833 4922 1955 4985 hiennio,
1967 4924 2028 4989 qui·

1222 4999 1281 5058 nis,
1304 5001 1335 5044 ut
1344 4993 1452 5055 lerunt,
1474 4992 1605 5061 cuiusque
1617 4996 1680 5045 anni
1692 4992 1804 5054 diebus,
1826 5007 1876 5044 nec
1888 4993 2009 5059 amplias
2021 5010 2028 5041 z

1222 5071 1317 5126 serto,
1343 5062 1547 5130 perfunduntur
1569 5077 1664 5125 amne,
1690 5079 1746 5116 naa
1767 5067 1832 5115 ante
1854 5061 1972 5115 reduces
1993 5061 2029 5113 ad

1223 5146 1331 5203 agmen.
1367 5132 1424 5185 Nee
1435 5131 1574 5186 adulteria
1584 5146 1704 5186 novere:
1726 5133 1839 5185 nullave
1854 5140 1971 5199 propter
1989 5128 2030 5183 le·

1222 5207 1312 5255 minas
1323 5205 1395 5255 inter
1405 5218 1436 5255 se
1448 5203 1565 5269 proelia,
1587 5203 1688 5256 ceteris
1704 5203 1870 5255 animalibus
1880 5255 1884 5261 ,
1893 5201 2031 5270 pernicia·

1224 5273 1280 5325 liar
1302 5287 1358 5324 nnn
1370 5274 1436 5340 quia
1447 5272 1520 5325 desit
1531 5273 1589 5325 illis
1600 5274 1704 5325 amoris
1718 5276 1760 5326 vis
1773 5291 1779 5322 ε
1802 5286 1919 5340 namque
1939 5268 2029 5324 tradi·

1223 5351 1350 5405 toranus
1362 5356 1471 5393 amasse
1481 5344 1619 5408 quandam
1635 5342 1663 5393 in
1675 5345 1713 5395 Ae
1745 5350 1803 5413 'pto
1827 5342 1947 5394 corollas
1965 5355 2031 5390 ren·

1225 5413 1353 5476 dentem;
1374 5428 1406 5464 ac
1418 5426 1452 5462 ne
1463 5414 1524 5480 quis
1540 5413 1696 5479 vulgariter
1712 5422 1831 5466 eectam
1843 5418 1937 5479 putet,
1958 5408 2032 5460 arire

1224 5490 1333 5550 gratam
1345 5480 1537 5548 Aristophani,
1560 5483 1740 5535 celeberrimo
1752 5487 1780 5535 in
1791 5491 1851 5535 arte
1862 5479 2034 5533 Grammati-

1225 5566 1266 5604 ra.
1303 5552 1380 5603 Alius
1390 5550 1573 5621 Menandrum
1590 5551 1794 5621 Syracusanum
1815 5550 1972 5617 incipientia
1990 5548 2034 5599 lu-

1225 5628 1322 5673 rentae
1332 5622 1360 5672 in
1373 5623 1497 5675 exercitu
1507 5622 1671 5687 Ptolemaei,
1683 5622 1850 5676 desiderium
1867 5620 1941 5679 eius,
1963 5632 2035 5683 quo·
