4340 6018
206 358 210 367 .
277 314 307 374 c.
339 286 488 377 aaran
522 315 728 378 sccunnr
761 316 1141 381 rinocuroron.
1175 318 1261 382 are.
1283 318 1347 381 xi.
1387 320 1663 384 oar.1rs.1n.
1737 324 1796 386 rso

151 464 285 534 quaedam
294 463 378 517 certis
388 465 569 533 temporibus,
578 473 610 518 ut
620 469 647 520 in
658 466 776 536 singolis
786 467 951 523 dictumest.

149 532 271 601 Elephas
283 535 356 586 citra
365 549 446 588 ames
454 550 503 588 ore
513 536 585 604 ipso,
597 544 820 590 sternutamento
831 538 950 591 similem

152 603 232 657 elidit
242 617 355 654 sonum:
375 619 424 671 per
439 620 520 658 nares
536 612 639 669 nutem,
660 606 790 659 tubarum
807 607 948 660 raucitati.

150 672 244 725 Bobus
255 677 363 724 tuntum
375 673 547 726 ientiuisrox
558 676 688 743 gravior:
705 676 735 726 in
746 676 822 728 omni
833 676 889 728 alio
900 690 947 743 ge·

149 757 216 795 sere
226 740 336 802 exilior,
347 757 429 810 quam
439 743 577 796 maribus:
588 745 616 794 in
629 742 741 798 homine
751 746 833 807 etiam
847 754 950 797 castra·

150 813 195 864 tis.
230 809 350 864 infantis
371 812 400 863 in
412 812 553 865 nascendo
564 812 643 864 nulia
657 813 778 879 auditur,
800 822 948 883 autequam

149 886 224 933 totus
242 886 367 947 emergat
382 886 473 934 utero.
511 881 622 933 Primus
643 897 735 935 sermo
749 883 878 936 anniculo
895 891 946 937 est.

35 998 43 1017 ,
149 948 297 1004 semestris
307 949 418 1002 locutus
429 956 473 1002 est
482 951 576 1002 croesi
588 952 662 1002 lilius
670 950 698 1002 in
709 952 882 1018 crepundiis:
893 966 947 1021 quo

148 1019 277 1088 prodigio
286 1023 375 1071 totum
386 1020 414 1070 id
426 1018 547 1072 concidit
560 1035 684 1088 regnum.
711 1021 766 1083 Qui
777 1020 895 1074 celerius
908 1021 949 1074 ia·

149 1090 172 1142 ri
182 1103 309 1155 coepere,
320 1087 428 1140 tardius
438 1088 545 1158 ingredi
556 1089 700 1157 incipiunt.
725 1091 785 1143 Vox
798 1090 948 1143 roboratur

149 1156 359 1226 quatuordecim
370 1158 457 1210 annis.
492 1158 597 1211 Eadem
608 1159 637 1211 in
648 1165 761 1213 senecta
772 1159 885 1211 exilior:
902 1174 948 1212 ne·

149 1242 201 1296 que
211 1228 240 1278 iu
251 1226 309 1277 aiio
320 1226 482 1279 animalium
493 1228 603 1295 saepius
614 1233 745 1279 mutatur.
781 1228 856 1281 Mira
871 1242 949 1296 prae·

148 1303 227 1349 terea
246 1300 312 1347 sunt
326 1294 361 1349 de
372 1310 441 1348 rece
452 1295 535 1364 digna
550 1297 635 1349 dictu.
672 1296 702 1348 la
712 1296 886 1349 theatrorum
901 1312 947 1349 or·

149 1365 278 1427 theatris,
290 1364 374 1417 scobe
385 1371 434 1417 aut
446 1379 530 1416 arena
539 1367 698 1434 superiecta
709 1364 869 1428 devoratur,
880 1372 909 1417 et
919 1367 947 1416 in

148 1433 210 1487 rudi
232 1433 371 1502 parietum
393 1434 584 1500 circumiectu,
606 1434 688 1486 doliis
707 1433 791 1486 etiam
802 1434 946 1488 inanibus:

148 1502 233 1556 currit
253 1501 350 1555 eadem
373 1517 494 1554 concavo
516 1502 559 1555 rei
585 1510 663 1555 recto
683 1502 821 1571 parietum
843 1506 948 1570 spatio,

167 1571 274 1623 canavis
285 1570 341 1623 leri
353 1587 421 1622 sono
433 1571 506 1623 dicta
517 1571 601 1624 verba
611 1571 648 1624 ad
660 1571 780 1623 alterum
793 1577 875 1638 caput
887 1587 949 1639 per·

147 1588 249 1703 perena,
269 1640 294 1691 si
314 1641 390 1693 nulla
407 1641 593 1707 inaequalitas
605 1639 750 1707 impediat.
786 1642 850 1695 Vox
861 1643 891 1693 in
900 1640 948 1693 ho·

147 1712 222 1762 mine
233 1710 458 1777 magnamvultus
466 1708 549 1762 habet
557 1718 675 1777 partem.
696 1711 947 1778 Agnoscimuseam

146 1783 234 1849 prius,
253 1794 334 1846 quam
344 1794 497 1841 cernamus,
508 1794 563 1831 non
575 1779 660 1831 aliter
670 1793 751 1846 qnam
763 1779 864 1833 oculis:
882 1779 947 1830 toti·

149 1850 267 1915 demque
276 1853 341 1900 sunt
351 1863 411 1911 eae,
431 1854 498 1916 quot
508 1850 536 1900 in
548 1862 638 1900 rerum
650 1855 752 1900 natura
762 1848 908 1911 mortales,
920 1854 948 1900 ct
962 1897 965 1903 .

146 1931 197 1969 sua
212 1917 319 1986 cuique,
330 1920 401 1970 sicut
412 1918 508 1970 iacies.
543 1917 617 1969 Hinc
627 1917 680 1970 illa
696 1918 830 1986 gentium,
852 1923 948 1986 totque

145 1986 317 2054 linguarum,
339 1992 399 2040 toto
412 1989 480 2041 orbe
491 1987 654 2040 diversitas:
675 1986 739 2039 hine
750 1992 794 2039 tot
809 1992 947 2039 cantuset

144 2054 481 2126 modulationemque.
517 2055 572 2109 Sed
590 2063 655 2110 ante
673 2056 767 2108 omnia
786 2056 946 2124 explanatio

145 2126 241 2190 animi,
257 2141 328 2194 quae
337 2141 388 2179 nos
404 2126 532 2178 distinxit
544 2140 561 2178 a
573 2125 653 2189 ieris,
668 2126 827 2192 interipsos
839 2140 947 2193 qaoque

142 2193 432 2317 goffipesfdiscrimcn
453 2196 573 2248 alterum
598 2210 687 2263 aeque
702 2194 818 2262 graisde,
839 2208 948 2262 quamn

163 2279 221 2317 eu
234 2281 257 2328 s,
282 2264 346 2317 ecit.

181 2333 277 2387 cxlii.
295 2333 424 2388 Membra
440 2334 607 2387 animalibus
623 2339 727 2404 agnata
745 2332 857 2385 inutilia
873 2339 947 2395 sunt,

142 2402 219 2454 ment
227 2411 324 2456 sertus
333 2402 439 2455 homini
450 2419 559 2472 semper
570 2404 680 2473 digitus.
697 2404 807 2456 Placuit
817 2402 846 2453 in
856 2404 948 2471 Aegy·

141 2477 195 2540 pto
207 2475 315 2526 nutrire
326 2479 495 2540 portentum,
505 2473 577 2525 binis
588 2474 654 2526 etin
666 2486 764 2525 aversa
774 2472 876 2539 capitis
886 2485 949 2538 par·

140 2544 173 2594 te
187 2541 276 2594 oculis
289 2539 437 2602 hominem,
447 2542 497 2593 sed
509 2542 607 2592 iisnon
621 2547 787 2593 cernentem.

177 2610 278 2663 cxlv.
296 2610 386 2659 Miror
399 2608 523 2675 quidem,
538 2607 717 2660 Aristotelem
729 2622 783 2658 non
793 2605 878 2659 modo
891 2621 949 2658 cre·

139 2676 250 2731 didisse
260 2675 399 2742 praescita
407 2676 483 2726 vitae
493 2690 553 2727 esse
562 2676 655 2742 aliqua
665 2676 694 2725 in
703 2674 948 2742 corporibusipsis,

136 2758 243 2799 rerum
256 2743 343 2794 etiam
354 2742 521 2809 prodidisse.
550 2745 630 2807 Quae
641 2758 795 2812 quanquam
809 2757 879 2794 rana
890 2743 948 2795 exi-

137 2815 239 2874 stimo,
247 2826 298 2862 nec
308 2811 368 2864 sine
379 2814 555 2866 cunctatione
564 2812 741 2878 proferenda,
751 2829 785 2866 ne
795 2815 822 2864 in
833 2828 864 2865 se
871 2813 946 2880 quis·

139 2896 199 2952 que
209 2885 239 2932 et
250 2881 369 2947 auguria
379 2881 463 2934 anxie
473 2888 601 2949 quaerat:
616 2883 751 2950 attingam
763 2888 865 2946 tamen,
877 2895 947 3001 (puae

139 2956 240 3004 tantus
252 2948 296 2999 vir
305 2948 333 3000 in
346 2949 472 3002 doctrina
485 2965 538 3002 non
551 2951 666 3017 sprevit.
698 2950 872 3016 igiturritae
903 2967 946 3003 re·

140 3021 187 3073 vis
208 3017 289 3084 signa
311 3018 391 3084 ponit
412 3032 491 3069 raros
511 3020 623 3082 dentes,
642 3019 810 3088 praelongos
832 3020 946 3087 digitos,

141 3086 303 3157 plumbeum
323 3086 462 3149 colorem,
483 3088 628 3155 pluresque
647 3089 676 3141 in
697 3102 778 3139 manu
799 3087 947 3151 incisuras,

142 3169 200 3209 nec
217 3162 375 3276 perpetuas.
413 3155 518 3208 Contra
545 3156 648 3223 longae
675 3170 737 3209 esse
758 3157 833 3208 vitae
854 3156 946 3209 incur·

143 3239 198 3277 ros
237 3225 349 3287 umeris,
369 3229 398 3276 et
417 3224 445 3274 in
466 3239 549 3277 manu
569 3240 626 3277 una
647 3224 715 3276 duas
736 3225 871 3276 incisuras
884 3225 945 3277 lon·

145 3308 199 3363 gas
208 3290 351 3355 habentes,
363 3300 392 3348 et
403 3293 496 3361 plures
507 3310 588 3363 quarn
599 3294 703 3347 xxxii
714 3294 820 3355 dentes,
833 3296 946 3346 auribus

145 3362 947 3501 iiiiii.ifiiiiii‚‘iiiiiiiiiiiiiiiiilti:

145 3508 186 3553 ta.
220 3500 336 3553 Addidit
358 3515 464 3552 ntorum
488 3517 596 3571 quoque
607 3502 754 3569 adspectus
764 3501 850 3552 simili
862 3501 945 3553 medo

147 3568 220 3638 apud
231 3586 281 3622 nes
292 3573 413 3637 Trogus,
433 3578 462 3622 et
472 3570 532 3638 lpse
542 3577 641 3623 auctor
650 3571 854 3623 severissimus:
876 3585 945 3638 quos

146 3640 239 3693 verbis
250 3642 309 3692 eius
320 3639 482 3691 subiiciam:
503 3639 593 3691 Frons
602 3639 650 3692 ubi
661 3646 704 3694 est
713 3653 823 3706 magna,
833 3654 945 3706 segnem

147 3710 269 3761 animum
287 3709 401 3761 subesse
416 3709 567 3777 significata
588 3710 686 3776 quibus
696 3724 789 3776 parva,
798 3709 944 3761 mobilem:

146 3779 243 3844 quibus
254 3778 383 3840 rotunda,
393 3780 566 3842 iracundum,
576 3779 654 3831 velut
664 3778 716 3830 hoc
723 3778 845 3844 vestigio
857 3786 945 3830 tumo-

146 3848 184 3898 ris
195 3854 358 3913 apparente.
395 3847 554 3914 Supercilia
566 3849 664 3917 qulbus
675 3847 856 3915 porriguntur
866 3847 893 3898 in
903 3862 945 3899 re·

146 3916 337 3978 ctum,molles
347 3913 520 3983 significant:
542 3917 642 3985 quibus
661 3917 739 3968 iuxta
760 3930 856 3967 nasum
871 3914 944 3968 flexa

146 3990 217 4043 sunt,
229 3992 375 4067 austqros:
399 3987 499 4053 quibus
510 3989 729 4069 iuxtantcmpnra
739 3985 850 4048 inhers,
871 3985 944 4067 deri·

145 4054 946 4192 iii··..iiiilhiiiiihiiiiihiiiiii'ti

143 4191 280 4243 indicant.
315 4193 371 4256 Qui
391 4208 524 4246 carnosos
543 4195 685 4246 ananius
703 4193 820 4261 angulos
831 4191 945 4254 habent,

144 4260 271 4311 malitiae
282 4268 377 4312 notam
389 4264 532 4330 praebent.
554 4262 681 4314 Candida
691 4277 755 4329 pers
766 4267 887 4323 extenta,
898 4276 945 4314 no·

143 4335 202 4379 tam
223 4327 410 4393 impudentiae
430 4331 527 4385 hahet:
549 4331 595 4397 qui
614 4331 766 4383 identidem
782 4333 892 4398 operire
903 4345 948 4382 so·

143 4396 216 4458 lent,
228 4397 442 4452 inconstantiae.
479 4400 652 4452 oricularum
663 4399 834 4468 magnitudo,
848 4399 945 4465 loqua-

144 4466 242 4518 citatis
255 4472 285 4519 et
295 4465 436 4523 stultitiae
446 4475 515 4522 nota
525 4475 575 4524 est
609 4469 753 4521 Hactenus
763 4470 882 4535 Trogos.

181 4534 265 4590 CXV.
281 4538 397 4595 ennae
416 4540 505 4594 leonis
517 4540 595 4592 sirus
614 4552 708 4608 grave,
725 4537 783 4591 ursi
805 4535 947 4605 pestilens.

1002 468 1137 523 Contacta
1156 468 1247 526 halitu
1268 471 1328 524 eius
1344 472 1422 525 nulla
1434 471 1495 525 fera
1504 474 1637 542 attingite
1659 473 1797 542 citiusque

1001 544 1166 604 putrescunt
1176 538 1270 593 afflata
1281 542 1405 609 reliquis.
1433 542 1563 594 Hominis
1575 548 1683 595 tantum
1695 549 1797 596 natura

1000 605 1077 657 inhci
1096 607 1184 664 roluit
1195 610 1319 674 pluribus
1330 611 1431 675 modis,
1452 618 1481 662 ct
1491 611 1614 663 ciborum
1626 611 1795 666 ardentium

1000 673 1085 736 vitiis,
1106 673 1155 727 sed
1168 679 1287 729 maxime
1298 681 1383 731 senio.
1418 680 1555 732 Dolorem
1566 681 1670 734 sentire
1681 695 1735 734 nen
1749 696 1797 748 po·

1001 749 1090 795 terat:
1112 749 1190 813 tactu
1202 748 1338 815 sensuque
1349 750 1422 800 omni
1432 748 1561 811 carebat,
1580 749 1640 800 aine
1661 750 1797 817 quonihil

999 811 1130 864 sentitur.
1154 813 1260 866 Eadem
1274 819 1454 879 commeabat,
1466 832 1561 869 reeens
1572 816 1693 883 assidue,
1704 820 1794 872 exitu·

1000 895 1033 933 ra
1043 896 1180 949 supremo,
1194 889 1223 934 et
1235 883 1297 935 sola
1307 899 1342 936 ex
1352 887 1477 937 omnibus
1488 885 1676 953 superlatum.
1711 887 1796 941 Deni-

1000 965 1052 1019 que
1073 949 1142 1003 hacc
1161 949 1447 1006 trahebaturecaelo.
1481 955 1573 1007 Huius
1586 961 1794 1022 quoquetamen

1000 1027 1209 1086 repertapoena
1220 1028 1271 1083 est,
1290 1028 1322 1072 ut
1332 1036 1420 1089 neque
1430 1020 1559 1088 idipsum,
1575 1038 1629 1089 quo
1638 1024 1754 1088 viveret,
1765 1026 1795 1078 in

1000 1088 1186 1142 vitaiuraret.
1223 1088 1387 1142 Parthorum
1407 1090 1517 1158 populis
1529 1089 1581 1143 hec
1592 1092 1747 1161 praecipue,
1767 1102 1796 1148 et

1000 1157 1150 1220 aiurcnta,
1162 1165 1277 1225 propter
1286 1159 1452 1212 indiscretos
1463 1160 1550 1211 cibos:
1563 1174 1680 1229 namque
1692 1169 1721 1216 ct
1729 1165 1794 1215 rino

1000 1223 1109 1277 lactent
1120 1240 1169 1278 ora
1180 1228 1275 1279 nimio.
1308 1227 1363 1281 Sed
1375 1228 1429 1279 sibi
1439 1242 1567 1294 proceres
1577 1230 1723 1284 medentur
1732 1246 1795 1300 gra·

999 1295 1149 1361 nohssyril
1162 1296 1321 1358 mall‚cuius
1332 1304 1375 1350 est
1385 1297 1508 1349 suavitas
1519 1300 1708 1367 praecipuam
1718 1317 1795 1353 escu-

999 1363 1076 1415 lenta
1087 1362 1193 1416 addito.
1221 1364 1438 1433 Elephantorum
1450 1367 1541 1418 anima
1551 1376 1693 1435 serpentes
1703 1376 1796 1422 extra·

999 1429 1050 1493 hit,
1062 1445 1204 1485 cervorum
1216 1433 1282 1486 item
1294 1436 1359 1487 urit.
1395 1436 1523 1488 Diximus
1535 1433 1672 1488 hominum
1684 1453 1795 1505 qenera,

999 1501 1047 1568 qui
1057 1516 1166 1554 reneca
1175 1505 1343 1568 serpentium
1362 1512 1440 1558 suctu
1462 1504 1623 1571 corporibus
1634 1506 1794 1559 eximerent.

999 1571 1072 1633 Quin
1092 1577 1121 1624 et
1140 1572 1225 1622 subus
1236 1580 1379 1640 serpentes
1389 1571 1416 1624 in
1428 1574 1528 1640 pabulo
1541 1579 1618 1634 sunt,
1640 1578 1667 1624 et
1678 1573 1740 1625 aliis
1750 1590 1795 1627 re-

999 1653 1100 1691 nenum
1117 1649 1168 1692 est.
1205 1640 1284 1702 Quae
1294 1644 1399 1695 insecta
1410 1642 1618 1711 appellavimus,
1636 1642 1728 1693 omnia
1739 1642 1796 1695 elei

1000 1722 1114 1785 aspersu
1125 1718 1268 1761 necantur.
1298 1710 1431 1764 Vultures
1443 1717 1584 1778 unguento
1597 1712 1644 1778 qui
1655 1710 1795 1779 fugantur,

1000 1776 1073 1828 alios
1084 1784 1219 1844 appetunt
1230 1779 1340 1844 odores,
1361 1782 1504 1833 scarabaei
1517 1794 1618 1832 rosam.
1655 1780 1795 1842 Quasdam

999 1853 1143 1912 serpentes
1154 1848 1264 1915 scorpio
1275 1850 1389 1903 occidit.
1417 1849 1539 1920 Scythae
1559 1849 1675 1918 sagittas
1686 1852 1797 1918 tingunt

999 1914 1128 2035 mercii?
1143 1919 1228 2036 agniti,
1252 1917 1568 2040 etssqqmanffffflssqguifss‘
1586 1918 1796 2041 tirremediabile

1054 2001 1068 2036 c
1115 2000 1137 2048 s,
1178 2000 1289 2039 uemr
1314 2002 1385 2041 rcoa
1418 2004 1448 2041 er
1483 2003 1625 2041 erratu.

1035 2051 1130 2104 CXVl.
1148 2054 1230 2117 Quae
1242 2056 1401 2110 animalium
1414 2067 1593 2124 pascerentur
1602 2072 1717 2121 veneno,
1727 2055 1797 2108 diri·

1000 2134 1069 2172 ntus.
1088 2122 1232 2185 Quaedam
1244 2124 1361 2178 innocua
1374 2126 1491 2195 alioqui,
1502 2127 1644 2179 venenatis
1655 2132 1736 2194 pasta
1747 2140 1798 2177 no·

999 2190 1048 2243 ria
1068 2190 1138 2242 liunt
1158 2193 1273 2257 etipsa.
1309 2196 1397 2261 Apros
1413 2197 1441 2246 in
1453 2194 1620 2263 Pamphylia
1641 2195 1796 2247 etciilciae

999 2261 1162 2324 montuosis,
1183 2261 1362 2315 salamandra
1378 2264 1413 2314 ab
1434 2261 1631 2327 hisderorata‚
1652 2263 1697 2332 qui
1714 2262 1796 2316 edere

999 2328 1166 2380 moriuntur.
1203 2329 1321 2382 licceat
1342 2331 1499 2384 intellectus
1519 2333 1632 2384 allusio
1644 2331 1797 2396 odore,rel

999 2411 1112 2463 sapore:
1133 2404 1162 2449 et
1171 2412 1242 2464 aqna
1252 2399 1399 2467 vinumque
1412 2401 1558 2463 interimit,
1570 2400 1746 2453 salanmndra
1754 2401 1796 2452 ibi

999 2466 1157 2528 immortua,
1166 2467 1211 2518 rei
1222 2470 1245 2517 si
1257 2470 1368 2519 omnino
1379 2468 1490 2534 biberit,
1501 2470 1573 2521 unde
1582 2476 1709 2535 potetur:
1726 2470 1796 2525 item

999 2549 1075 2595 rana,
1095 2548 1178 2600 quam
1200 2536 1326 2587 rubetam
1346 2542 1459 2588 rocant.
1494 2539 1616 2589 Tantum
1631 2536 1795 2588 insidiarum

1000 2601 1140 2654 estritaei
1158 2601 1266 2668 Vespae
1275 2610 1403 2670 serpente
1414 2604 1494 2657 avide
1503 2612 1659 2667 vescuntur,
1676 2618 1730 2671 quo
1742 2604 1794 2656 ali·

999 2674 1094 2722 mento
1106 2669 1267 2722 mortiferos
1278 2672 1351 2724 ictus
1361 2672 1476 2724 iaciunt.
1496 2672 1615 2738 ideoque
1626 2686 1728 2739 magna
1738 2671 1794 2724 ‹iit-

998 2738 1796 2807 terentiaestrictus:utintraetupircerircntiumTheo·

999 2805 1129 2875 phrastus
1138 2807 1242 2875 prodit,
1263 2810 1350 2864 boves
1363 2811 1649 2879 quoquepisceresci,
1670 2812 1718 2864 sed
1739 2825 1795 2864 noa

1000 2877 1182 2930 nisivivente.
1531 2895 1538 2908 ·

1033 2945 1140 2999 cxvii.
1160 2945 1274 2998 Homini
1285 2947 1362 3000 cibus
1372 2949 1538 3001 utilissimos
1549 2949 1674 3017 simplex.
1712 2951 1797 3005 licer-

998 3015 1075 3067 vatio
1085 3029 1214 3082 saporum
1225 3017 1368 3084 pestilera,
1380 3024 1409 3069 ct
1417 3012 1593 3070 condimento
1604 3018 1796 3084 perniciosior.

999 3083 1155 3135 Difficulter
1166 3092 1257 3136 autem
1270 3085 1448 3151 perficiuntur
1469 3087 1562 3138 omnia
1581 3087 1609 3137 in
1631 3088 1700 3138 cibis
1711 3088 1796 3150 acris,

998 3153 1093 3215 nimia,
1105 3159 1134 3205 et
1147 3153 1228 3205 aride
1238 3151 1349 3204 hausta:
1372 3162 1400 3207 et
1411 3161 1526 3217 aestate,
1538 3169 1619 3220 quam
1630 3153 1729 3219 hieme,
1741 3156 1794 3208 dil·

998 3222 1112 3273 licilins:
1134 3223 1205 3273 etin
1226 3228 1348 3285 senecta,
1368 3239 1450 3292 quarn
1462 3224 1491 3274 in
1500 3224 1622 3274 iuventa.
1657 3221 1797 3277 vomitio-

998 3306 1046 3342 nes
1057 3288 1161 3341 homioi
1173 3290 1207 3341 ad
1218 3287 1287 3342 haec
1296 3294 1323 3342 in
1339 3293 1493 3345 remedium
1509 3291 1694 3359 excogitatae,
1713 3292 1793 3364 trigi-

997 3359 1217 3479 giorabcorpora
1238 3359 1352 3425 iaciunt,
1372 3361 1502 3414 inimicae
1521 3361 1609 3413 oculis
1629 3364 1798 3417 maxinteae

1016 3430 1073 3481 enti
1093 3444 1134 3480 us.

1032 3498 1153 3550 cxviii.
1173 3497 1277 3551 Somno
1298 3514 1486 3569 concoquere,
1508 3500 1697 3568 corpulentiae
1714 3516 1795 3569 quarn

997 3567 1122 3617 firmitati
1133 3567 1239 3618 utilius.
1256 3567 1323 3620 ideo
1333 3570 1454 3622 athletas
1465 3571 1572 3621 malunt
1584 3570 1660 3621 cibos
1672 3570 1795 3621 ambula-

997 3635 1073 3688 tione
1092 3637 1233 3702 pethcere.
1269 3636 1420 3706 Pervigilio
1442 3639 1550 3705 quidem
1568 3638 1717 3705 praecipue
1734 3642 1793 3689 rin·

997 3712 1096 3756 cuntot
1106 3703 1168 3756 cibi.
1195 3709 1354 3773 hugescunt
1364 3722 1485 3776 corpora
1496 3707 1631 3769 dulcibus,
1642 3714 1672 3759 at
1690 3722 1728 3758 ne
1737 3708 1795 3774 pin-

995 3773 1103 3842 guibus,
1114 3780 1143 3826 et
1153 3779 1233 3841 potu:
1252 3775 1415 3828 minuuntur
1425 3777 1507 3829 siccis
1519 3783 1547 3828 ot
1557 3774 1651 3839 aridis,
1700 3776 1795 3842 igidis·

996 3857 1059 3909 que,
1070 3857 1102 3894 ac
1112 3843 1170 3894 siti.
1206 3843 1348 3905 Quaedam
1361 3846 1501 3911 animalia,
1513 3852 1541 3898 et
1554 3846 1673 3912 pecudes
1686 3860 1794 3913 quoque

996 3914 1023 3963 in
1034 3910 1136 3974 Africa,
1147 3920 1247 3980 quarto
1258 3914 1305 3967 die
1316 3915 1422 3969 bibunt.
1455 3915 1570 3967 Homini
1580 3929 1633 3966 non
1644 3915 1740 3982 utique
1750 3928 1794 3966 se·

996 3980 1081 4048 ptimo
1091 3980 1176 4033 letale
1183 3989 1227 4035 est
1236 3984 1342 4037 inedias
1353 3985 1481 4039 durasse¹
1491 3992 1522 4036 at
1531 3986 1607 4036 ultra
1616 3984 1792 4035 undecimum

996 4049 1144 4119 plerosque
1164 4059 1268 4104 certum
1286 4056 1420 4119 estmori,
1443 4052 1586 4107 esuriendi
1596 4065 1705 4117 semper
1715 4051 1794 4101 inex·

997 4119 1093 4186 plebiii
1103 4121 1240 4173 ariditate
1250 4123 1410 4176 animalium
1421 4123 1581 4189 unicuique.

1031 4189 1127 4240 cxix.
1146 4190 1290 4252 Quaedam
1307 4206 1404 4243 rursus
1424 4193 1527 4258 exiguo
1544 4193 1628 4256 pratu
1645 4186 1746 4238 famem
1762 4201 1798 4238 aa

996 4258 1071 4309 sitim
1085 4257 1192 4322 sedant,
1210 4268 1428 4326 conservantque
1438 4262 1519 4320 vires,
1533 4266 1566 4309 ut
1574 4256 1717 4321 butyrum,
1733 4255 1793 4323 hip-

997 4326 1287 4399 paceglycyrrhizon.
1306 4325 1794 4381 Perniciosissimumauteminomni
1865 4340 1872 4361 ⁸

998 4394 1109 4461 quidem
1122 4397 1188 4458 rita,
1209 4397 1284 4464 quod
1295 4398 1418 4459 nimium,
1436 4395 1582 4463 praecipuo
1591 4399 1684 4444 tanuen
1696 4408 1795 4460 corpo·

999 4464 1038 4517 ri:
1059 4464 1207 4530 minuique,
1228 4466 1302 4533 qnod
1322 4460 1431 4533 gravet,
1452 4463 1578 4531 quolibet
1592 4461 1794 4516 modontiiius.

1001 4534 1101 4587 Verum
1114 4532 1148 4584 ed
1159 4534 1267 4602 relique
1279 4541 1393 4587 naturae
1403 4541 1587 4587 censeamus.
