4374 6014
365 256 429 319 aco
496 255 530 318 c.
560 252 708 314 rursu
737 198 942 310 escorni
970 244 1135 328 unsrun
1163 243 1352 306 asaron.
1396 242 1479 303 arn.
1503 230 1661 302 xxxrr.
1691 243 1782 306 css.
1807 246 1918 308 rs-ar.

364 405 484 457 calidam
506 418 605 472 aquam
626 402 738 463 bibant,
768 399 910 467 quartanis
930 397 1044 451 liberari
1068 396 1164 449 dicuu-

363 482 419 527 tur.
458 474 538 524 iluna
564 472 732 523 testudinem
762 469 973 536 quintadecima
992 468 1071 519 Luna
1103 468 1165 533 capi

365 552 510 613 oportere,
540 548 572 591 ut
598 539 660 607 plus
687 540 831 606 pinguium
857 537 1024 604 reperiatur.
1062 537 1164 589 Verum

364 628 478 683 aegrum
491 610 681 662 sextadecima
692 609 771 660 imnn
782 609 899 675 perungi
913 606 1038 658 tradunt.
1067 606 1110 656 Er
1122 622 1165 658 eo·

364 683 427 733 slent
439 696 540 751 genere
552 679 722 731 testudinum
741 677 855 745 sangnis
876 677 1031 728 instillatus
1051 677 1165 727 cerebro

365 753 466 820 eapitis
488 748 599 801 dolores
620 747 714 799 sedat:
735 748 802 798 item
815 752 946 797 strumas.
982 745 1112 811 Suntqui
1126 752 1165 797 te·

366 821 508 872 studinum
521 818 683 886 sanguinem
694 815 785 868 cultro
798 831 881 867 nereo
893 817 1052 884 supinarum
1063 814 1166 880 capiti-

364 892 417 941 hns
439 888 580 956 praecisis,
603 886 695 953 excipi
714 901 786 936 novo
799 886 878 937 iictiii
890 886 999 937 iubent:
1021 884 1112 953 ignem
1123 898 1167 935 sa·

366 974 453 1020 crum,
471 956 658 1024 cuiuscunque
670 956 781 1022 generis
792 956 927 1023 sanguiue
938 956 1022 1007 illini:
1041 957 1108 1005 item
1122 968 1166 1005 ea·

362 1030 431 1097 pitis
442 1025 559 1078 hulcera
570 1027 723 1087 manantia,
734 1031 762 1075 et
775 1040 914 1077 verrucas.
950 1024 1036 1077 iidem
1051 1024 1166 1091 promit·

364 1104 430 1149 tunt
442 1095 610 1150 testudinum
624 1098 745 1146 omnium
764 1096 828 1145 iimo
839 1110 926 1162 panos
939 1094 1048 1147 discuti.
1087 1095 1122 1145 Et
1134 1095 1166 1145 ii·

364 1175 411 1221 cet
422 1166 586 1219 incredibile
599 1165 677 1216 dictu
688 1165 735 1226 sit,
754 1163 843 1230 ntiqui
862 1164 975 1215 tradunt
995 1164 1104 1216 tardius
1125 1165 1166 1216 ire

364 1238 488 1304 navigia,
499 1236 648 1289 testudinis
660 1233 758 1301 pedem
770 1231 897 1285 dextrum
909 1233 1050 1287 vehentia.

399 1307 459 1358 XV.
477 1308 551 1359 ilinc
571 1305 672 1357 deinde
683 1305 711 1355 in
725 1305 837 1354 nrorbos
848 1305 1006 1373 digeremus
1022 1302 1166 1372 aquatilia,

362 1393 417 1430 non
440 1376 506 1444 quia
525 1380 685 1443 ignoremus
705 1375 859 1442 gratiorem
880 1391 941 1428 esse
953 1375 1164 1427 universitatem

363 1447 535 1507 animalium,
546 1445 714 1512 maiorisque
725 1445 867 1496 miraculi:
887 1444 936 1496 scd
949 1443 1002 1496 hoc
1013 1443 1111 1497 utilius
1124 1449 1166 1494 est

362 1516 447 1580 sitae,
459 1515 617 1567 contributa
627 1512 729 1567 habere
741 1514 875 1577 rastedis,
881 1530 943 1567 cum
955 1515 1031 1567 aliud
1042 1515 1092 1566 aiii
1105 1528 1166 1581 pro·

363 1587 409 1646 sit,
421 1586 498 1637 aliud
511 1585 580 1637 alibi
593 1584 703 1635 facilius
716 1584 883 1638 inveniatur.

401 1647 477 1704 XVi.
506 1656 679 1708 venenatum
702 1656 757 1706 nrel
778 1656 900 1707 diximus
921 1654 969 1707 ubi
995 1657 1166 1704 nasceretur.

362 1721 389 1779 1.
409 1723 520 1776 duillio
532 1731 576 1775 est
588 1725 672 1791 piscis
684 1731 784 1775 aurata
794 1726 822 1776 in
835 1724 906 1776 cibo.
937 1723 989 1777 Vei
1001 1723 1024 1773 si
1037 1737 1071 1774 cr
1084 1721 1167 1773 nsciis

362 1796 473 1847 sincero
483 1793 624 1846 fastidium
637 1793 803 1856 cruditasre,
814 1795 931 1861 quaesit
942 1791 1116 1860 gravissima,
1127 1791 1167 1840 in·

365 1864 456 1925 sidat,
478 1864 648 1916 testudinem
660 1864 830 1915 circumcisis
843 1863 967 1930 pedibus,
989 1861 1089 1928 capite,
1101 1875 1166 1910 cau-

364 1933 409 1985 da.
429 1933 580 1995 decoctam,
602 1933 757 1984 antidotum
779 1948 849 1994 esse,
873 1941 972 1985 auctor
992 1936 1035 1982 est
1055 1928 1167 1995 Pelops,

363 2003 672 2070 scincnmquuapeiles.
710 2001 784 2063 Quid
798 2007 872 2052 esset
892 2001 1011 2061 scincus,
1032 1998 1166 2049 disimus:

364 2071 479 2136 saepius
490 2087 566 2132 rero,
578 2076 711 2137 quantum
725 2070 887 2119 venalicium
900 2071 927 2118 in
942 2068 1092 2118 menstruis
1105 2082 1168 2115 nau-

363 2140 474 2193 lierum.
512 2143 616 2189 Contra
637 2139 731 2187 narnia
752 2152 786 2188 ea
805 2135 965 2198 auxiliatur,
986 2140 1018 2185 ut
1038 2133 1169 2194 diximus,

363 2208 477 2261 nruiius.
514 2208 583 2258 item
597 2215 694 2257 contra
705 2208 887 2271 pastinacam,
898 2210 928 2256 et
938 2204 1102 2270 scorpiones
1112 2210 1168 2254 ter·

362 2284 470 2331 restres
482 2276 668 2342 marinosque,
680 2282 708 2326 et
719 2275 864 2337 dracones,
876 2281 904 2326 et
915 2273 1065 2342 phalangia
1075 2272 1164 2324 illitas

364 2353 509 2400 sumtosre
521 2346 551 2395 in
563 2344 633 2396 cibo.
670 2344 802 2396 Eiusdem
824 2350 945 2396 recentis
965 2359 980 2395 e
995 2343 1086 2410 capite
1098 2343 1168 2394 cinis

364 2423 463 2468 crrntra
473 2413 828 2481 omniarenena,privatim
838 2420 937 2466 contra
948 2411 1058 2482 iungas.
1075 2413 1168 2464 ants·

362 2486 393 2540 ia
402 2485 605 2538 medicamenta
625 2483 724 2535 inferri
735 2490 838 2551 negant
858 2498 950 2550 posse,
970 2492 1019 2536 aut
1030 2490 1106 2535 certe
1117 2496 1167 2533 no·

364 2570 437 2617 cere,
454 2554 540 2607 stelin
551 2554 656 2605 marina
667 2552 779 2619 vulpina
792 2553 926 2621 sanguine
939 2552 1021 2617 illita,
1042 2561 1071 2605 et
1082 2550 1166 2603 affixa

363 2624 454 2676 limini
465 2623 613 2691 superiori,
622 2629 671 2675 aut
683 2623 761 2676 claro
774 2638 857 2676 aereo
869 2623 978 2676 ianuae.

401 2692 488 2746 xvu.
507 2691 531 2744 1.
551 2692 688 2746 Draconis
709 2694 806 2745 marini
828 2694 1064 2761 scorpionumque
1082 2691 1167 2754 ictus,

365 2764 495 2816 carnibus
506 2779 600 2815 earum
622 2763 775 2829 impositis:
798 2763 866 2815 item
880 2778 1044 2815 araneorum
1058 2776 1167 2813 nsrrrsus

364 2840 508 2886 sanantur.
547 2835 576 2884 in
595 2848 702 2883 summa
713 2842 810 2886 contra
825 2835 921 2886 omnia
931 2848 1046 2893 venena,
1063 2831 1106 2883 rei
1120 2847 1167 2898 po·

364 2908 405 2966 tu,
426 2901 471 2954 rel
493 2902 567 2964 ictu:
580 2903 624 2953 rci
636 2918 729 2954 inorsa
746 2906 840 2966 notin,
861 2919 960 2956 succus
972 2916 1067 2954 earum
1080 2915 1095 2951 e
1106 2902 1165 2951 iure

365 2972 555 3034 decoctarum,
566 2974 772 3023 efficacissimus
784 2971 911 3025 habetur.
947 2973 972 3023 2.
989 2970 1059 3022 Sunt
1071 2976 1099 3021 et
1110 2986 1167 3021 ser·

362 3042 439 3092 ratis
456 3041 576 3106 piscibus
595 3041 758 3102 medicinae,
779 3041 1068 3106 salsamentorumque
1089 3040 1166 3092 cibus

363 3110 479 3194 prodest
501 3116 658 3174 sserpente
674 3110 824 3230 percussis,
847 3118 875 3162 et
895 3120 994 3162 contra
1015 3109 1165 3160 bestiarum

364 3185 448 3240 setus,
460 3193 535 3230 mero
546 3179 664 3231 subinde
693 3185 783 3241 sustn,
795 3179 836 3230 ita
847 3186 877 3230 ut
888 3180 923 3231 ad
936 3193 1077 3245 vesperam
1090 3179 1166 3229 cibus

363 3248 521 3301 consitione
532 3248 672 3301 reddatur.
709 3248 893 3301 Peculiariter
904 3264 922 3299 a
932 3246 1067 3310 chalcide,
1088 3263 1165 3300 cera·

363 3326 419 3381 stc,
429 3324 479 3370 not
489 3333 556 3386 quas
568 3335 649 3386 sepas
660 3326 769 3381 vocant,
783 3325 831 3372 aut
842 3320 931 3387 elops,
942 3318 1092 3386 dipsadere
1104 3333 1165 3388 per·

364 3390 464 3441 cussis.
502 3390 606 3441 Contra
619 3389 792 3457 scorpionem
812 3388 917 3458 largius
937 3390 1019 3453 suari,
1041 3388 1091 3440 sed
1112 3403 1166 3440 nnn

365 3462 458 3510 eremi
469 3458 638 3509 salsamenta
656 3458 779 3526 prodest,
800 3460 841 3510 ita
853 3465 884 3510 ut
894 3460 958 3511 sitis
968 3460 1119 3512 toleretur:
1137 3464 1166 3509 et

363 3526 509 3594 imponere
521 3526 617 3577 eadem
631 3527 718 3593 plagis
730 3529 869 3580 convenit.
898 3530 1002 3582 Contra
1013 3527 1167 3581 crocodilo·

364 3609 428 3646 rum
450 3594 559 3660 quidem
581 3611 688 3645 mmsus
701 3611 754 3647 non
766 3597 845 3649 aliud
857 3599 1029 3666 praesentius
1039 3596 1166 3655 habetur.

365 3662 392 3714 3.
411 3662 546 3713 Privatim
559 3671 655 3714 contra
666 3668 797 3731 presteris
816 3682 936 3719 morsum
948 3668 1033 3719 sarda
1044 3668 1166 3735 prodest.

365 3731 551 3796 imponuntur
562 3731 732 3784 salsamenta
743 3744 772 3786 et
785 3743 884 3787 contra
895 3739 973 3788 canis
985 3737 1105 3789 rabiosi:
1122 3736 1167 3787 rel

364 3801 391 3850 si
403 3814 456 3850 non
469 3799 524 3850 sint
535 3797 610 3852 ferro
620 3807 700 3853 ustae
721 3802 830 3871 plagae,
853 3820 1027 3872 corporaque
1039 3806 1167 3871 clysteri-

364 3869 420 3921 bus
431 3869 582 3931 esinanita,
605 3867 657 3921 hoc
669 3885 717 3937 per
727 3886 758 3923 se
768 3872 878 3924 sufficit
915 3877 952 3928 Et
962 3880 1060 3927 contm
1071 3876 1167 3926 draco·

365 3953 429 3992 nem
440 3940 576 3989 marinum
587 3954 621 3991 ex
633 3946 713 3991 aceto
724 3940 913 4007 imponuntur.
948 3943 976 3995 4.
995 3943 1071 3997 idem
1082 3950 1111 3996 et
1121 3959 1167 4012 cy·

363 4009 412 4064 hio
424 4007 549 4061 effectus.
569 4006 662 4062 Draco
674 4009 783 4077 quidem
797 4012 922 4064 marinus
934 4014 968 4066 ad
979 4013 1076 4081 spinae
1087 4028 1166 4078 suae,

364 4079 507 4200 quadierit,
517 4092 661 4141 venenum,
682 4082 741 4149 ipse
753 4081 968 4151 impositus,pei
978 4083 1093 4138 cerebro
1103 4090 1166 4136 toto

363 4164 416 4220 pro
439 4157 489 4202 est.

400 4218 502 4274 xvrtt.
521 4217 546 4272 b.
567 4222 705 4275 Rannrum
725 4223 894 4274 marinarum
917 4239 951 4277 ex
971 4224 1166 4277 unoetsceto

365 4287 546 4341 decoctarum
558 4306 656 4344 succus
668 4300 768 4344 contra
776 4309 881 4345 venena
892 4294 1006 4357 bibitur,
1027 4300 1055 4346 et
1070 4301 1167 4346 contra

363 4369 450 4407 ranae
460 4360 576 4412 rubetae
587 4377 733 4425 venenum,
744 4368 879 4416 utcontra
890 4363 1089 4416 salamandras.
1107 4364 1132 4416 (l.
1144 4365 1166 4415 E

364 4422 559 4489 fluviatilibus,
581 4432 605 4481 si
625 4446 722 4483 carnes
743 4432 871 4495 edantur,
892 4435 968 4486 iusre
989 4433 1165 4486 decoctarum

364 4493 522 4557 sorbeatur,
543 4506 659 4563 prosunt
672 4507 700 4552 et
714 4508 812 4553 contra
827 4502 949 4569 leporem
972 4505 1118 4564 marinum,
1138 4510 1167 4555 et

365 4568 464 4617 contra
482 4574 624 4632 serpentes
644 4569 842 4636 supradictas.
880 4573 987 4624 Contra
1005 4574 1166 4638 scorpiones

365 4644 400 4681 er
413 4631 489 4712 vino.
515 4634 690 4689 Densocritus
701 4637 811 4705 quidem
823 4640 919 4704 tradit,
929 4644 953 4691 si
964 4643 1025 4708 quis
1037 4637 1167 4692 extrahat

363 4713 454 4751 ranae
463 4704 565 4753 virenti
577 4705 709 4771 linguam.
730 4708 809 4759 nulla
819 4709 876 4761 alia
889 4711 1015 4776 corporis
1026 4717 1106 4775 parte
1117 4709 1166 4760 ad-

364 4765 510 4829 hfleiessttr
528 4770 642 4839 ipsaque
654 4776 768 4828 dimissa
778 4777 806 4827 in
819 4792 928 4843 aquam,
948 4780 1073 4845 imponat
1082 4793 1167 4844 supra

365 4837 460 4888 cordis
471 4838 684 4904 palpitationem
703 4845 1166 4916 mulieridormienti,quaecunque

363 4907 664 4987 interrogarerit,rera
673 4928 877 4980 responsuram.
892 4916 1004 4967 Addunt
1014 4917 1165 4969 etiamnum

363 4975 424 5056 ahs
440 4975 532 5056 things,
553 4991 622 5042 quae
644 4979 668 5029 si
684 4991 834 5044 cerasum,
856 4986 945 5037 milito
957 4986 1083 5037 utiliores
1093 4986 1166 5039 ritae

364 5052 561 5096 existimentur
573 5059 666 5108 ranae,
678 5064 757 5115 quam
769 5052 857 5120 leges.
892 5054 1018 5121 Namque
1030 5056 1166 5108 arundine

362 5115 500 5165 transiiaa
512 5120 610 5164 natura
626 5129 675 5180 per
686 5132 726 5180 os,
743 5121 767 5171 si
778 5122 907 5175 surculus
918 5124 946 5175 in
957 5126 1106 5176 menstruis
1119 5124 1165 5177 de·

363 5185 498 5251 ligatura
509 5183 620 5245 marito,
641 5183 843 5242 adulteriorum
855 5193 979 5246 taedium
992 5195 1061 5246 heri.
1098 5193 1164 5245 Car·

362 5253 445 5304 nibli!
456 5267 550 5305 earum
572 5252 600 5304 in
613 5253 723 5305 humum
735 5256 847 5321 additis,
869 5263 1017 5330 praecipue
1030 5277 1166 5331 purpuras

364 5328 471 5374 certum
493 5327 536 5375 est
558 5322 643 5375 silici.
681 5323 759 5377 lecur
780 5338 865 5379 ranae
885 5332 1026 5397 geminum
1048 5349 1110 5387 esse
1125 5334 1166 5385 di·

363 5394 586 5465 cuntobiicique
594 5393 720 5447 formicis
732 5402 875 5460 oportere:
885 5414 945 5449 eant
958 5411 1164 5470 partem,quam

362 5468 505 5529 appetant,
526 5474 623 5518 contra
643 5466 736 5517 anania
757 5479 862 5515 venena
883 5482 944 5517 esse
966 5473 1164 5535 prosatidnta.

361 5526 388 5582 i.
407 5530 480 5584 Sunt
490 5549 561 5602 quae
572 5536 601 5589 ia
613 5537 738 5606 repribus
751 5540 860 5587 tantum
871 5534 977 5598 risum,
999 5537 1034 5589 ob
1046 5540 1074 5591 id
1086 5542 1165 5594 robe·

1219 403 1308 449 tarum
1319 395 1441 458 nontlne,
1461 401 1493 447 ut
1503 394 1632 458 diximus,
1651 410 1719 463 quas
1731 395 1832 450 Graeci
1844 395 1969 466 phrynos
1981 414 2026 450 ro·

1218 473 1292 533 cant,
1308 465 1511 534 grandissimae
1523 472 1690 529 cunctarum,
1702 467 1822 535 geminis
1834 468 1923 521 veluti
1935 469 2026 519 corni·

1218 538 1278 598 bus,
1290 537 1388 604 plenae
1397 535 1605 587 veneficiorum.
1642 536 1715 587 Mira
1726 537 1760 588 de
1771 534 1813 588 his
1826 538 1956 589 certatim
1970 543 2025 590 tra·

1219 608 1287 658 dunt
1307 612 1447 657 auctores.
1484 605 1577 657 illatis
1597 604 1626 656 in
1647 607 1777 671 populum
1794 607 1938 658 silentium
1953 607 2022 658 deri.

1218 676 1356 735 Ossiculo,
1367 664 1440 742 quod
1452 675 1489 725 sit
1500 674 1529 725 in
1539 673 1640 725 dextro
1652 676 1750 738 latere,
1765 678 1791 727 in
1803 691 1903 745 aquam
1916 677 2024 728 terren·

1218 752 1274 798 tem
1288 746 1408 806 deiecto,
1416 743 1581 812 refrigerari
1593 758 1650 805 ras,
1663 753 1820 811 necpostea
1831 748 1949 810 terrere,
1967 746 2025 797 nisi

1219 821 1339 869 esernto.
1377 814 1407 865 ld
1420 814 1540 865 inueniri
1561 813 1673 865 obiecta
1692 828 1761 866 rana
1776 815 1908 879 formicis,
1931 815 2022 867 carni·

1216 886 1325 952 busque
1335 884 1439 936 erosis:
1456 882 1568 952 singula
1578 884 1606 934 iu
1618 884 1719 935 solium
1731 884 1808 935 addi.
1845 882 1882 935 Et
1892 885 1969 936 aliud
1981 900 2025 936 ea·

1218 971 1249 1007 se
1270 955 1301 1005 in
1323 954 1438 1005 sinistro
1450 953 1548 1015 intere,
1569 968 1625 1020 quo
1638 954 1749 1006 deiecto
1760 952 1869 1006 terrere
1879 953 2024 1020 rideatur,

1220 1038 1367 1092 apocynon
1380 1022 1483 1074 vocari.
1504 1025 1608 1074 Canum
1621 1025 1742 1092 impetus
1754 1038 1788 1076 eo
1800 1020 1936 1085 cohiberi,
1950 1038 2025 1076 arao·

1219 1110 1278 1146 rem
1291 1092 1435 1154 concitari,
1446 1098 1474 1143 et
1485 1092 1585 1160 iurgia,
1595 1093 1693 1144 addito
1704 1098 1731 1145 in
1745 1093 1902 1160 potionem.
1930 1091 2020 1146 Verre·

1218 1179 1278 1216 rem
1289 1163 1471 1231 adalligatum
1484 1162 1641 1215 stimulare.
1677 1163 1783 1215 Rursus
1791 1181 1808 1216 a
1819 1163 1921 1216 dextro
1932 1161 2023 1215 latere

1219 1232 1381 1300 refrigerari
1402 1233 1548 1285 terrentia.
1585 1234 1647 1284 llnc
1668 1241 1696 1285 et
1707 1240 1858 1302 quartanas
1870 1233 1962 1284 sanari
1976 1231 2022 1283 ad·

1219 1303 1337 1370 alligato
1348 1303 1374 1353 in
1387 1302 1519 1422 pellicula
1529 1303 1633 1371 agnina
1645 1304 1758 1365 recenti,
1777 1303 1903 1369 aliasque
1920 1302 2020 1354 febres.

1219 1375 1347 1425 Anserem
1360 1373 1388 1423 in
1409 1371 1480 1424 iberi
1492 1387 1534 1424 eo.
1571 1373 1640 1423 item
1662 1388 1697 1426 es
1712 1371 1756 1424 his
1767 1374 1842 1425 runis
1854 1372 1912 1424 lien
1924 1379 2021 1423 contra

1219 1457 1336 1503 venena,
1346 1456 1418 1509 quae
1430 1442 1498 1492 liant
1508 1456 1542 1493 ex
1554 1442 1632 1509 ipsis.

1255 1512 1329 1564 ΧΙΧ.
1347 1514 1372 1562 8.
1391 1512 1628 1563 auxiliatarrero
1649 1511 1734 1564 etiam
1753 1511 1893 1564 efficacius
1906 1510 2020 1563 colubra

1219 1582 1248 1634 in
1259 1596 1331 1651 aqua
1341 1581 1447 1633 virens:
1459 1580 1540 1633 huius
1551 1581 1659 1648 adipem
1671 1588 1700 1633 et
1711 1579 1750 1632 iel
1760 1580 1894 1634 habentes
1904 1580 1950 1648 qui
1962 1593 2020 1632 cro·

1221 1653 1326 1704 codiios
1336 1658 1481 1714 venentur,
1502 1650 1572 1703 mire
1584 1651 1709 1703 adiuvari
1721 1650 1827 1712 dicunt,
1844 1649 1913 1702 nina
1924 1656 2020 1701 contra

1219 1722 1314 1773 bellua
1325 1720 1455 1773 audente.
1475 1720 1622 1773 Efficacior
1634 1724 1794 1783 etiamnum,
1812 1722 1836 1771 si
1847 1719 1932 1773 herba
1943 1727 2021 1787 pota·
2032 1724 2058 1771 ÷

1212 1791 1347 1861 ,nropiton
1365 1790 1522 1842 misceatur.
1558 1793 1584 1842 a.
1603 1791 1703 1842 Cancri
1716 1789 1869 1843 liuriatiles
1880 1788 1937 1841 triti
1949 1788 2020 1855 poti·

1220 1878 1273 1928 que
1293 1876 1327 1912 ex
1343 1874 1416 1928 aqua
1427 1866 1563 1923 recentes,
1586 1876 1635 1913 seu
1649 1862 1742 1912 cinere
1754 1866 1905 1921 asservato,
1924 1865 2021 1910 contra

1220 1946 1327 1982 resena
1340 1931 1435 1981 omnin
1447 1936 1570 1996 prosunt,
1591 1932 1720 1997 privatim
1738 1937 1837 1982 contra
1846 1928 2021 1995 scorpionum

1220 2000 1294 2049 ictus
1305 2014 1365 2048 cum
1379 2000 1452 2051 lacte
1462 2001 1585 2052 asinino:
1606 2000 1650 2051 rei
1667 2001 1691 2052 si
1703 2016 1757 2051 non
1776 2000 1822 2063 sit,
1843 1998 1963 2065 caprino,
1978 1994 2023 2048 rei

1221 2081 1396 2133 quocunque.
1431 2067 1504 2117 addi
1526 2073 1554 2119 ct
1574 2070 1666 2118 vinum
1691 2069 1809 2135 oportet.
1846 2066 1953 2118 Neeant
1976 2079 2024 2117 eos

1221 2134 1282 2186 triti
1295 2150 1355 2185 cunr
1368 2134 1460 2185 ocimo
1472 2135 1585 2187 admoti.
1622 2137 1726 2190 Eadem
1739 2139 1779 2188 ris
1795 2146 1895 2189 contra
1904 2148 2024 2189 venena·

1220 2212 1314 2256 torum
1326 2204 1449 2255 omnium
1461 2220 1578 2268 nrorsus,
1586 2208 1716 2273 privatim
1726 2207 1898 2274 scytalen,et
1909 2220 2026 2276 angeret,

1221 2280 1250 2327 et
1261 2280 1359 2325 contra
1371 2273 1496 2341 leporem
1509 2279 1652 2338 alarinum,
1663 2291 1697 2327 ao
1706 2291 1800 2327 sarram
1813 2277 1950 2328 rubetam.
1980 2275 2023 2328 Ci-

1221 2343 1371 2395 uiscerum
1383 2351 1510 2396 servatus
1526 2346 1639 2413 prodest
1650 2360 1752 2412 parare
1765 2350 1847 2412 potus
1859 2344 2023 2412 periclitari·

1221 2414 1296 2465 tibus
1307 2417 1428 2466 exeneis
1445 2416 1551 2467 rabiosi
1563 2415 1708 2467 morsibus.
1742 2414 1860 2476 Quidam
1882 2413 2024 2465 adiiciunt

1221 2482 1397 2547 Gentianam,
1417 2490 1447 2536 et
1468 2484 1536 2536 dant
1546 2488 1574 2536 in
1587 2486 1657 2537 rino.
1694 2482 1763 2536 Nam
1775 2484 1800 2535 si
1809 2484 1863 2534 ism
1876 2497 1966 2550 paror
1978 2498 2023 2535 oc·

1221 2553 1377 2620 cupaverit,
1398 2554 1530 2621 pastillos
1549 2556 1615 2607 rino
1635 2554 1766 2606 subactos
1787 2552 1963 2605 decorandos
1983 2555 2022 2605 ita

1166 2646 1169 2651 ¹
1223 2624 1404 2690 praecipiunt.
1441 2624 1546 2677 Decem
1559 2640 1626 2678 vero
1638 2624 1745 2676 cancris
1763 2638 1823 2675 cum
1839 2623 1921 2674 ociosi
1933 2622 2020 2673 mani·

1221 2691 1289 2760 pulo
1305 2692 1439 2760 alligatis,
1450 2695 1604 2813 oarnesqui
1616 2695 1657 2747 ibi
1667 2696 1726 2745 sint
1736 2694 1900 2761 scorpiones
1912 2690 1947 2742 ad
1959 2705 2021 2743 eum

1221 2761 1312 2814 iocum
1325 2764 1449 2815 coituros
1462 2764 1539 2831 Magi
1571 2766 1660 2816 icant:
1679 2769 1780 2815 etcum
1793 2767 1883 2816 ocimo
1895 2762 1970 2827 ipsos
1982 2760 2019 2812 ci·

1220 2847 1349 2885 ncrerme
1360 2848 1457 2885 eorum
1469 2835 1608 2901 percussis
1619 2834 1774 2901 imponunt.
1792 2833 1885 2883 Minus
1896 2832 1924 2881 in
1933 2830 2020 2881 omni·

1220 2902 1272 2953 bus
1293 2899 1337 2952 his
1358 2902 1458 2953 marini
1477 2909 1605 2969 prosunt,
1625 2910 1657 2955 ut
1667 2902 1834 2970 Thrasyllus
1855 2906 2020 2952 auctorest.

1219 2970 1299 3023 Nihil
1309 2977 1402 3022 autem
1413 2986 1501 3038 aeque
1511 2971 1656 3023 adversari
1667 2974 1854 3039 serpentibus,
1866 2985 1948 3038 quam
1958 2985 2020 3021 cau·

1220 3056 1292 3103 cros,
1303 3054 1421 3106 suesque
1433 3054 1577 3106 percussas
1588 3040 1641 3094 hoc
1649 3042 1752 3109 pabulo
1762 3041 1817 3094 sibi
1827 3041 1941 3093 mederi.
1953 3038 2020 3090 Cum

1220 3109 1270 3162 Sol
1288 3109 1366 3161 sitin
1378 3111 1494 3174 Cunero,
1515 3112 1642 3177 torqueri
1661 3119 1816 3177 serpentes.
1856 3109 1896 3162 10.
1918 3107 2019 3161 lctibus

1220 3179 1398 3246 scorpionum
1415 3186 1443 3232 et
1461 3195 1559 3232 carnes
1575 3179 1753 3233 fluviatilium
1766 3178 1942 3235 cochlearum
1954 3178 2020 3231 resi·

1219 3255 1298 3301 stunt
1320 3249 1425 3301 crudae
1435 3251 1479 3303 rei
1491 3258 1596 3304 coctae.
1633 3251 1753 3313 Quidam
1766 3253 1801 3304 ob
1813 3251 1843 3303 id
1855 3250 1946 3303 salsas
1957 3263 2019 3317 quo·

1221 3334 1274 3387 que
1284 3326 1439 3372 asservant.
1474 3320 1623 3388 lmpnnunt
1634 3329 1662 3373 et
1673 3322 1741 3389 ipsis
1752 3322 1853 3392 plagis.
1891 3317 2019 3372 Coracini

1220 3392 1310 3457 pisces
1320 3389 1386 3442 Nilo
1399 3389 1511 3458 quidem
1521 3392 1676 3459 peculiares
1688 3399 1766 3444 sunt:
1788 3391 1836 3443 sed
1848 3398 1876 3443 et
1887 3406 1938 3442 nns
1950 3389 2017 3441 haec

1220 3459 1347 3510 omnibus
1367 3459 1451 3510 terris
1469 3460 1699 3513 demonstramus.
1737 3463 1953 3521 Carneseorum
1975 3456 2021 3510 ad·

1218 3543 1316 3581 versus
1335 3530 1498 3596 scorpiones
1519 3531 1613 3584 valent
1636 3531 1793 3598 impositae.
1831 3526 1871 3580 11.
1890 3530 2023 3579 interve·

1219 3614 1292 3652 nena
1302 3607 1368 3651 sunt
1378 3601 1503 3667 piscium,
1511 3605 1587 3669 porci
1600 3601 1702 3653 marini
1712 3601 1807 3667 spinae
1818 3598 1845 3649 in
1857 3596 1951 3658 dorso,
1962 3610 2023 3648 cru·

1220 3671 1294 3752 cista
1305 3685 1407 3745 magno
1420 3670 1573 3722 laesorum:
1583 3672 1706 3724 remedio
1717 3677 1759 3723 est
1769 3669 1851 3719 limus
1862 3681 1895 3717 es
1907 3664 2021 3731 reliquo

1220 3752 1337 3806 piscium
1348 3754 1445 3791 eorum
1457 3756 1584 3807 corpore.

1254 3807 1316 3860 xx.
1334 3810 1375 3862 12.
1395 3811 1478 3861 Canis
1495 3811 1585 3863 rabidi
1601 3824 1694 3862 morsu
1706 3813 1799 3875 potum
1812 3804 2021 3871 expavescenti·

1219 3876 1281 3940 bos,
1301 3874 1402 3929 tactem
1420 3888 1576 3949 perungunt
1595 3880 1676 3947 adipe
1685 3877 1765 3928 rituli
1778 3873 1887 3926 naarini.
1919 3873 2018 3927 Effica-

1222 3948 1290 4008 cius,
1300 3946 1325 3997 si
1335 3946 1460 3999 medulla
1470 3947 1606 4017 hyaenae,
1622 3958 1651 4001 ct
1662 3948 1725 3999 oleo
1736 3962 1751 3997 s
1761 3945 1890 4006 lentisco,
1913 3950 1942 3996 et
1956 3957 2020 3996 cera

1220 4018 1379 4068 misceatur.
1418 4017 1460 4071 13.
1481 4020 1634 4073 Muraenae
1652 4032 1760 4070 morsus
1775 4015 1897 4083 ipsarum
1919 4013 2019 4080 capitis

1221 4086 1314 4139 cinere
1335 4093 1479 4139 sanantur.
1517 4089 1553 4140 Et
1575 4090 1827 4156 pastinacacontra
1844 4084 2019 4136 suumictum

1220 4156 1345 4209 remedio
1367 4164 1419 4218 est,
1436 4157 1635 4212 cineresuoex
1646 4165 1727 4212 aceto
1738 4156 1823 4218 iiiito,
1839 4153 1884 4205 rel
1893 4151 2018 4204 alterius.

1221 4226 1282 4278 Cibi
1294 4236 1378 4278 causa
1388 4226 1497 4279 extrahi
1509 4228 1616 4281 debete
1628 4228 1712 4280 dorso
1725 4228 1795 4288 eius,
1806 4221 1938 4292 quidquid
1947 4219 2021 4272 simi·

1219 4295 1655 4365 ieestcroco,caputquctotunrz
1668 4297 1772 4351 ethanc
1781 4289 2020 4356 antem,etomnia

1220 4372 1346 4419 testacea
1363 4365 1473 4418 modice
1486 4366 1571 4418 collui
1591 4366 1619 4419 in
1631 4368 1710 4429 cibis,
1730 4369 1796 4435 qnia
1812 4359 2019 4431 superingestis

1221 4437 1303 4503 perit.
1337 4436 1361 4487 E
1373 4435 1471 4503 lepore
1483 4436 1590 4488 marino
1606 4437 1773 4490 veneficium
1785 4436 1962 4499 restinguunt
1971 4442 2019 4496 po·

1220 4505 1243 4555 ti
1261 4505 1446 4573 hippocampi.
1484 4503 1652 4559 incontra
1674 4505 1837 4573 dorycnium
1860 4498 1948 4556 echini
1963 4512 2021 4549 ms·

1218 4574 1295 4627 xime
1307 4583 1435 4641 prosunt:
1459 4582 1488 4629 ct
1504 4575 1539 4627 iis
1560 4575 1605 4642 qui
1615 4591 1728 4627 succum
1739 4571 1883 4642 Carpathii
1893 4569 2020 4627 biberint,

1219 4644 1368 4711 praecipue
1376 4645 1438 4696 iure
1449 4651 1550 4696 sumto.
1588 4644 1625 4696 Et
1635 4644 1730 4698 cancri
1746 4642 1848 4693 niarini
1858 4639 1968 4693 decocti
1976 4637 2020 4688 ius

1219 4719 1318 4764 contra
1329 4713 1492 4781 dorycnium
1503 4712 1601 4766 edicas
1614 4713 1740 4764 habetur.
1757 4710 1946 4762 Peculiaritsr
1956 4718 2019 4759 sero

1219 4788 1318 4834 contra
1330 4782 1435 4849 leporis
1447 4782 1548 4833 marini
1559 4797 1675 4833 venena.

1253 4850 1327 4903 xxi.
1347 4847 1389 4901 15.
1409 4851 1549 4901 Etostrea
1563 4848 1749 4901 adversantur
1763 4842 1874 4894 iisdem.
1904 4843 2021 4912 Necpo·

1217 4924 1274 4970 test
1285 4917 1373 4969 rideri
1384 4919 1455 4969 satis
1473 4918 1575 4971 dictum
1588 4933 1651 4970 esse
1662 4915 1696 4967 de
1707 4913 1761 4975 his,
1772 4926 1833 4965 com
1846 4911 1939 4979 palma
1951 4929 2022 4966 men·

1217 5001 1310 5039 sarum
1330 4985 1446 5039 (linitum
1465 4987 1638 5039 attribuatur
1655 4983 1723 5036 illis.
1753 4981 1883 5035 Gaudent
1893 4982 2021 5034 dulcibus

1218 5056 1305 5124 aquis,
1327 5057 1411 5108 stubi
1422 5055 1537 5123 plurimi
1548 5054 1668 5107 influunt
1679 5068 1790 5105 amnes:
1814 5052 1926 5123 pelagia
1936 5064 2022 5117 parra

1217 5134 1246 5177 et
1258 5139 1321 5176 rara
1332 5132 1404 5177 sunt.
1432 5124 1593 5193 Gignuntur
1603 5130 1696 5177 tamen
1708 5129 1736 5173 et
1748 5125 1775 5174 in
1787 5122 1917 5189 petrosis,
1929 5135 2021 5171 ceren·

1217 5195 1347 5262 tibusque
1359 5209 1490 5263 aquarum
1503 5194 1625 5246 dulcium
1637 5193 1768 5256 aduentu,
1778 5193 1852 5243 sicut
1864 5191 1938 5242 cirea
1949 5188 2021 5255 Gry·

1218 5264 1295 5315 nium
1306 5271 1335 5317 et
1346 5264 1495 5347 Myrinam.
1533 5263 1731 5315 Grandescunt
1742 5261 1843 5314 sideris
1854 5258 1965 5326 quidem
1978 5272 2021 5309 ra·

1216 5335 1295 5386 tione
1307 5349 1438 5397 mansne,
1449 5340 1479 5385 ut
1490 5334 1519 5384 in
1530 5348 1566 5385 na
1794 5347 1810 5362 ·¹
1823 5325 2021 5381 diximusrsed

1216 5404 1347 5472 priuatim
1360 5404 1435 5456 circs
1445 5401 1551 5455 initiae
1842 5413 1855 5441 ⁸
1867 5390 2011 5418 “¹¹¹⁵

1216 5475 1266 5536 tia,
1289 5480 1375 5541 atque
1396 5472 1502 5525 ubiSol
1523 5488 1534 5540 q

1216 5558 1312 5611 causa,
1334 5557 1419 5612 quare
1439 5544 1529 5600 minor
