4368 6008
273 314 320 374 c.
353 311 507 375 aaran
540 312 747 375 sacuam
783 315 953 381 aaron
986 319 1181 385 arsroa
1217 322 1302 387 aru.
1323 318 1452 383 xxvi.
1481 304 1717 389 cacos-'ra
1761 324 1825 387 aa

181 465 321 533 nubentes,
332 464 369 518 ad
378 465 515 522 Venerem
524 466 670 533 proniores
681 465 742 519 fleri
753 465 891 520 dicuntur.
911 428 978 522 l’ro·

181 535 288 604 digiosa
298 543 361 587 sunt
368 570 377 598 ,
400 552 470 603 quac
482 538 556 588 circa
566 532 618 585 hoc
629 534 747 587 tradidit
757 534 976 602 Theophrastus,

178 612 273 657 auctor
285 605 389 673 alioqui
399 605 502 673 gravis,
518 610 692 671 septuageno
704 607 780 657 coitu
791 606 905 661 durasse
916 607 976 659 libi·

180 672 270 727 ‹linem
284 682 412 727 contactu
433 670 537 757 herbae
554 672 715 737 cuiusdam,
733 674 811 727 cuias
822 688 977 744 nourenge·

179 754 466 875 nufflflfwhhffffftih
472 810 624 879 adalligata
635 813 742 863 varices
752 812 862 876 uelauit,
878 818 907 866 et
915 814 976 867 siue

133 926 143 941 ,
180 876 275 937 dolore
289 890 430 949 persanat·
475 880 621 948 Podagrae
636 882 748 933 morbus
763 883 853 936 rarior
867 883 978 939 solebat

179 965 303 1002 essenon
314 953 398 1003 modo
410 957 518 1018 patrum
530 965 698 1016 avorumque
710 953 861 1014 memoria,
880 968 975 1006 rerum

178 1019 261 1072 etiam
282 1028 384 1082 nostra,
407 1022 571 1089 peregrinus
588 1026 616 1071 et
634 1020 703 1085 ipsc.
742 1020 811 1073 Nam
832 1022 858 1071 si
877 1022 976 1075 ltaliae

177 1086 278 1140 fuisset
293 1090 455 1157 antiquitus,
478 1089 605 1139 Latinum
622 1104 722 1139 nomen
738 1089 899 1142 invenisset.
934 1093 977 1142 ln·

178 1159 312 1209 sanabilis
327 1175 380 1210 non
399 1166 440 1211 est
457 1157 622 1210 credendus:
645 1159 745 1278 quippe
762 1159 891 1225 quoniam
908 1168 936 1213 et
947 1160 975 1212 in

177 1227 272 1277 multis
284 1234 383 1296 sponte
396 1227 489 1291 desiit,
499 1233 528 1281 ct
540 1229 566 1280 ia
578 1227 651 1294 pluri
672 1243 703 1279 us
716 1243 790 1279 cara.
828 1229 977 1281 bledentur

175 1297 289 1364 panacis
299 1298 416 1359 radices,
438 1313 499 1348 cum
514 1312 566 1347 ura
581 1310 677 1361 passa:
698 1312 796 1349 succus
811 1296 976 1379 hyoscyami

178 1376 238 1416 cum
252 1364 351 1429 farina,
362 1366 405 1418 rel
417 1382 520 1427 seriren,
530 1366 664 1417 scordion
675 1380 709 1419 ex
719 1375 813 1418 aceto:
829 1368 923 1433 thegan,
935 1369 976 1419 uti

177 1434 279 1485 dictam
293 1442 343 1488 est.
363 1441 367 1449 '
380 1436 541 1489 verbenaca
551 1452 612 1488 cum
625 1438 743 1503 axungia
756 1437 831 1499 trita,
847 1436 977 1504 cyclami-

177 1503 206 1554 ni
229 1504 319 1567 radix,
335 1505 412 1558 citius
436 1505 580 1557 decoctam
602 1511 630 1557 et
651 1505 831 1572 pernionibus
853 1500 974 1573 prodest.

175 1562 319 1641 lsodagrus
331 1572 480 1642 refrigerat
491 1575 570 1626 radix
582 1590 597 1627 e
608 1574 713 1641 xiphio,
732 1590 825 1627 senten
837 1591 852 1627 e
864 1576 976 1642 psyllio,

176 1642 512 1711 cicutatllllijitbargyro
524 1652 572 1694 aut
583 1646 713 1712 axungia,
725 1645 835 1695 menam
845 1645 874 1695 ia
885 1645 975 1711 primo

141 1752 145 1759 .
175 1710 282 1776 impeta
294 1712 434 1779 podagrae
445 1714 579 1773 rubentis,
602 1712 655 1763 hoc
667 1720 719 1775 est,
731 1713 846 1765 calidae.
882 1712 976 1765 Utrili·

174 1779 223 1831 bet
235 1794 299 1831 rero
310 1783 437 1833 convenit
449 1784 576 1848 erigeron
588 1797 648 1831 cam
661 1782 790 1851 axungia,
807 1782 976 1848 plantaginis

176 1846 245 1899 folia
265 1850 332 1899 trita
353 1848 448 1902 addito
465 1852 523 1903 sale
539 1849 657 1913 modico,
678 1852 839 1918 argemonia
860 1858 922 1902 tusa
942 1864 976 1903 ex

176 1917 268 1970 melle.
303 1918 433 1970 Medetur
453 1920 655 1973 et.rerbcnaca
676 1920 757 1983 illita,
776 1928 826 1973 aut
846 1921 871 1971 si
892 1919 976 1987 pedes

175 1994 350 2038 macerentur
361 1990 389 2037 in
402 2002 473 2055 aqua
484 1988 511 2038 in
523 2003 576 2055 qua
589 1987 703 2040 decocta
714 1990 759 2041 sit.

130 2072 149 2109 -r
210 2053 297 2107 bxv.
312 2055 333 2108 l.
346 2057 383 2108 Et
394 2057 523 2124 lappago,
545 2056 647 2109 similis
657 2057 819 2127 anagallidi,
838 2057 892 2109 nisi
903 2064 977 2111 esset

176 2126 324 2187 ramosior,
338 2140 370 2176 ac
381 2127 506 2192 pluribus
517 2126 595 2179 foliis
607 2143 714 2195 aspera,
728 2144 839 2197 rugosa,
851 2128 976 2194 asperio-

174 2192 214 2244 ris
224 2194 308 2258 succi,
319 2195 412 2262 graiis
424 2196 529 2250 odoris:
551 2212 622 2267 quae
636 2198 702 2249 talis
718 2204 770 2261 est,
790 2198 913 2267 arallugo
926 2212 976 2249 ro·

176 2272 262 2316 catur.
607 2304 611 2311 .

140 2354 158 2389 n
211 2334 237 2383 2.
250 2332 365 2397 Similis,
383 2335 432 2387 sed
444 2335 633 2404 asperioribus
644 2334 730 2394 foliis,
742 2349 888 2402 asperugo,
924 2333 975 2386 Sa·

175 2405 296 2468 periuris
308 2418 406 2455 succus
418 2421 564 2472 expressus
582 2405 703 2473 pondere
713 2406 750 2456 xl
761 2408 937 2457 denarimura
948 2405 977 2454 in

175 2471 235 2522 vini
245 2472 355 2539 cyathis
368 2473 475 2525 duobos
492 2476 618 2541 quotidie
628 2476 754 2525 sumitur.

213 2539 347 2592 tarta
368 2540 519 2610 Praecipue
537 2559 603 2595 vero
618 2544 720 2595 liberat
737 2556 770 2592 eo
786 2540 860 2591 malo
872 2539 977 2608 phycos

175 2607 342 2667 thalassion,
365 2608 459 2671 idest,
480 2610 558 2661 fucos
575 2612 706 2673 marinas,
725 2611 851 2661 lactucae
868 2610 977 2671 similis,

176 2677 226 2744 qui
248 2673 404 2742 conchyliis
425 2679 624 2731 substerniturr
648 2694 702 2730 nou
724 2679 864 2747 podagrae
886 2678 978 2740 modo,

175 2746 225 2797 sed
245 2745 373 2796 omnibus
389 2747 569 2819 agticulorum
586 2748 689 2798 morbis
707 2750 866 2814 impositus,
888 2747 976 2814 prius·

175 2828 261 2884 quam
273 2816 416 2866 exareliat.
452 2817 520 2867 Tria
531 2822 621 2866 autem
634 2831 738 2882 genera
748 2819 820 2868 eluse
841 2817 939 2876 latum,
950 2823 979 2868 ct

176 2885 297 2936 alterum
311 2884 428 2951 longius,
451 2886 653 2952 quadamtenus
664 2888 780 2937 rubeam
798 2886 910 2936 tertium
924 2883 976 2934 cri-

175 2955 235 3020 spis
248 2952 332 3015 foliis,
353 2968 406 3019 quo
418 2955 446 3004 in
459 2958 542 3007 Creta
557 2956 782 3021 restentingnnt:
801 2953 895 3006 omnia
906 2953 977 3005 eius·

176 3021 239 3074 dem
253 3037 328 3074 usus.
364 3024 503 3076 Nicander
518 3041 551 3077 ea
561 3032 590 3077 et
601 3024 734 3079 adversus
744 3029 887 3091 serpentes
898 3023 926 3073 in
936 3021 976 3072 ri·

176 3108 212 3143 no
224 3092 309 3143 dedit.
347 3091 477 3144 Salutate
488 3103 530 3145 est
543 3101 571 3146 et
581 3109 675 3146 scaren
691 3096 751 3146 eius
762 3091 874 3154 herbae,
896 3106 977 3159 quam

176 3161 300 3281 papiliani
319 3161 527 3227 appellavimus,
547 3162 732 3215 madefactum
744 3178 826 3232 aqua,
846 3161 976 3213 admixtis

174 3232 204 3283 io
236 3231 355 3282 carinam
374 3233 487 3283 seminis
501 3234 609 3285 resinae
627 3232 817 3300 Colophoniae
828 3229 977 3283 cochleari·

173 3302 228 3353 bus
239 3301 356 3362 duobus,
367 3300 454 3353 thuris
466 3318 527 3353 ono.
563 3302 727 3354 Laudentur
736 3308 765 3355 et
777 3301 976 3368 mandragorae

173 3369 249 3423 folia
267 3385 328 3421 cunr
347 3372 460 3436 polenta
475 3379 545 3422 tusa.
582 3371 661 3423 Talis
679 3386 745 3424 roro
761 3370 928 3424 tumentibus
944 3368 977 3421 li-

173 3454 237 3491 nuris
248 3439 392 3505 aquaticas
404 3455 465 3490 cam
478 3440 540 3492 oleo
558 3441 690 3493 subactus
701 3441 769 3493 mire
779 3440 901 3507 prodest.
928 3439 977 3490 Ar-

173 3508 272 3560 ticulis
282 3523 378 3559 succus
395 3512 566 3561 ecentuorio
586 3512 702 3563 minore.
738 3510 811 3563 idem
824 3509 914 3561 nereis
925 3509 978 3558 uti·

174 3577 309 3628 lissimus.
346 3578 414 3629 item
425 3579 574 3632 centauris.
613 3578 759 3631 Vettonica
771 3580 863 3631 nervis
874 3578 976 3628 discur-

175 3647 302 3701 rentibus
313 3660 362 3711 per
372 3648 508 3712 scapulas,
520 3646 652 3709 hameris,
663 3650 769 3716 spinae,
780 3649 889 3709 lambis,
901 3653 977 3712 pota,

175 3718 247 3767 utin
259 3714 391 3767 iocinere.
427 3718 559 3768 Articulis
572 3719 789 3786 quinquefolium
807 3717 976 3786 impositum.

175 3783 382 3851 Mandragorae
393 3784 462 3836 folia
473 3802 532 3838 ream
545 3790 664 3854 polenta,
678 3789 723 3841 rel
734 3788 812 3840 radix
824 3802 920 3841 recens
932 3795 976 3840 tu·

175 3869 208 3905 sa
219 3869 281 3905 com
292 3869 439 3905 cucumere
450 3857 580 3919 silvestri,
598 3859 642 3909 rel
655 3857 770 3911 decocta
779 3859 806 3909 in
818 3872 900 3925 aqua.
930 3856 977 3909 m·

176 3925 302 3989 gilorum
320 3924 348 3973 in
361 3924 476 3990 pedibas
492 3926 571 3977 rimis
584 3926 729 3994 polypodii
746 3928 834 3981 radix.
871 3928 978 3981 Artica-

175 3991 211 4044 lis
232 4007 331 4043 succus
353 3991 593 4060 hyoscyaminum
611 3998 743 4061 axungia:
765 3998 977 4050 amomisuceus

177 4075 239 4115 cum
251 4060 381 4112 decocto:
403 4063 469 4111 item
479 4064 660 4113 centunculus
670 4065 794 4127 decocta,
811 4066 856 4117 rel
868 4082 977 4120 muscus

142 4190 146 4201 .
176 4144 275 4183 recens
286 4145 319 4180 ex
331 4143 404 4195 aqua
415 4130 564 4195 obligatus,
575 4130 662 4183 donec
674 4137 822 4184 inarescat:

210 4199 239 4249 d.
258 4198 328 4248 ltcm
341 4197 441 4261 lappae
454 4198 567 4249 boariae
579 4199 659 4250 radix
675 4202 765 4250 evino
778 4208 852 4266 pota.
882 4203 978 4269 Cycla·

176 4268 270 4319 minias
282 4264 399 4315 decocta
408 4265 436 4314 in
446 4281 518 4332 aqua
529 4268 722 4330 perniunculos
734 4275 819 4328 curat,
832 4272 979 4336 omniaque

175 4337 235 4389 alia
246 4334 363 4399 frigoris
378 4333 455 4383 ritia.
496 4334 693 4386 l'craiunculos
709 4344 737 4387 ct
753 4336 904 4403 cotyledon
915 4353 978 4390 cum

175 4404 316 4469 axungia:
339 4398 624 4455 foliaexbatrachio:
645 4404 780 4471 epithymi
790 4421 895 4458 succos.
917 4407 979 4459 Cla·

175 4488 228 4527 ros
240 4471 342 4552 pedum
360 4470 483 4523 armabit
499 4471 630 4525 ladanum
647 4488 707 4524 cum
722 4482 866 4527 castoreo:
887 4476 980 4529 verbe·

175 4555 385 4594 aaracxmno.

214 4609 329 4663 cxvii.
342 4610 420 4661 hunc
433 4612 553 4678 peractis
565 4612 726 4678 malis,qaae
736 4613 908 4664 membratim
919 4629 981 4665 sen·

176 4680 298 4740 tinctor,
318 4678 441 4730 dicemus
453 4681 487 4733 de
498 4680 547 4743 bis,
568 4697 637 4748 quae
649 4682 715 4731 totis
727 4683 891 4748 corporibus
901 4698 978 4751 gras·

177 4755 286 4801 santur.
322 4748 457 4801 Remedia
479 4759 570 4803 autem
593 4750 662 4801 haec
682 4754 838 4802 commonia
857 4752 978 4804 invenio.

176 4819 249 4870 Ante
266 4832 362 4871 omnes
382 4818 533 4885 potandam
551 4818 761 4882 dodecatbeam,
783 4820 818 4872 de
834 4837 888 4887 qua
905 4820 977 4873 dixi·

177 4901 258 4939 mus:
279 4886 380 4939 deinde
391 4888 502 4954 panacis
515 4888 634 4940 omnium
646 4903 777 4955 generum
788 4889 914 4951 radices,
936 4905 980 4956 pe·

178 4956 327 5009 culiariler
336 4957 495 5025 longinquis
508 4958 618 5021 morbis,
631 4965 659 5009 ct
671 4974 764 5011 semen
774 4961 979 5012 interaneorum

177 5026 267 5078 vitiis.
304 5025 344 5079 sd
361 5042 456 5079 omnes
476 5042 542 5078 vero
564 5027 688 5093 corporis
705 5028 817 5079 dolores
836 5044 980 5082 soccame

175 5095 304 5148 scordio:
324 5097 391 5147 item
403 5097 583 5157 vettonicae,
605 5111 674 5162 quae
685 5105 751 5163 pota
759 5097 881 5150 colorem
892 5099 980 5164 plum·

179 5166 264 5284 geum
277 5166 402 5231 eorporis
413 5166 543 5232 privatim
556 5165 700 5229 emendat,
720 5166 927 5234 gratioremque
938 5182 980 5221 rc·

200 5235 268 5285 ucit.

146 5342 151 5347 -
212 5302 340 5355 vartr.
351 5299 376 5354 1.
388 5302 529 5355 Geranion
541 5303 625 5370 aliqui
637 5303 772 5371 myrrhin,
783 5305 830 5356 alii
843 5303 980 5370 merthry·

179 5369 374 5440 dnappellant.
411 5370 517 5424 Similis
536 5380 578 5424 est
594 5376 710 5435 cicutae,
730 5373 807 5426 foliis
825 5372 979 5424 minutiori·

120 5458 126 5462 ·
178 5438 240 5505 has,
252 5450 282 5494 et
295 5440 374 5493 caule
384 5439 503 5502 brevior,
524 5442 652 5504 rotanda,
672 5445 779 5511 saporis
793 5450 821 5495 et
833 5443 927 5494 odoris
937 5443 977 5491 in·

179 5510 273 5563 cundi.
307 5509 402 5561 Nostri
415 5510 456 5560 sic
471 5524 531 5561 eam
549 5511 620 5561 ιγ’·
857 5511 977 5563 ''²neaa·

178 5577 336 5632 didloribus
354 5578 437 5645 paolo
459 5593 541 5646 qaam
920 5581 954 5600 ’“

213 5648 315 5702 Para.
335 5649 430 5705 Hiar.
449 5647 545 5699 Nare

1028 470 1139 538 pilosis,
1159 474 1301 527 ramosam
1319 485 1357 525 cx
1369 469 1533 535 intervallis,
1545 470 1640 525 binum
1655 470 1826 539 palmorum:

1029 548 1057 593 et
1068 542 1096 591 in
1108 538 1161 602 his,
1182 540 1267 603 foliis,
1287 542 1361 590 iater
1376 556 1445 608 quae
1457 542 1484 591 in
1496 542 1684 604 cacuminibus
1703 542 1827 608 capitula

1028 611 1085 677 ajat
1095 623 1210 675 gruum,
1239 610 1363 663 alterum
1380 624 1466 677 genus
1482 608 1560 661 toliis
1576 616 1734 673 anemonas,
1758 612 1826 665 diri·
1842 618 1858 669 ·t

1027 679 1103 731 suris
1113 679 1294 744 longioribus,
1314 678 1407 731 radice
1418 678 1482 729 mali
1499 678 1579 729 modo
1591 678 1718 741 rotunda,
1740 680 1825 742 dulci,

1027 748 1217 803 reficientibus
1231 762 1262 799 se
1276 748 1311 799 ab
1329 747 1522 799 imbecillitate
1539 747 1701 799 utilissima:
1720 756 1748 801 et
1763 749 1826 803 fere

1028 818 1095 872 talis
1108 831 1175 869 rere
1191 821 1243 869 est.
1278 815 1388 869 Bibitor
1404 822 1499 867 contra
1518 814 1640 881 phthisin
1652 815 1784 871 drachma
1796 820 1826 871 in

1028 886 1086 939 rini
1097 885 1207 954 cyathis
1218 883 1308 937 tribus
1319 884 1362 935 bis
1373 883 1425 937 die.
1462 886 1530 936 item
1543 893 1642 937 contra
1653 884 1824 941 inflationes:

1029 964 1057 1011 et
1069 955 1155 1008 cruda
1163 955 1235 1008 idem
1246 960 1381 1021 praestat.
1416 952 1519 1005 Succos
1530 954 1633 1005 radicis
1643 954 1758 1008 nuribus
1770 972 1825 1009 rae·

1029 1025 1120 1078 detur.
1157 1021 1475 1091 opisthotonicisscmea
1486 1021 1623 1073 drachmis
1633 1031 1753 1089 quatuor
1764 1040 1825 1079 cum

1029 1091 1402 1161 pipereetaryrrbapotum.
1438 1089 1565 1143 l'btbisio
1583 1099 1665 1145 sanat
1680 1092 1827 1158 etplanta·
1889 1093 1894 1104 '

1029 1163 1101 1232 ginis
1119 1178 1227 1224 succus,
1249 1163 1274 1213 si
1287 1162 1406 1221 bibatur,
1428 1169 1456 1212 et
1477 1161 1536 1227 ipsa
1556 1160 1681 1216 decocta
1718 1164 1747 1213 ln
1764 1162 1825 1216 cibo

1029 1247 1091 1286 cum
1106 1233 1166 1283 sale
1181 1239 1210 1283 et
1225 1234 1296 1292 oleo,
1319 1239 1348 1283 ct
1360 1246 1379 1282 a
1392 1244 1490 1281 somno
1502 1235 1645 1295 aestutiae,
1666 1228 1825 1298 refrigerat.

1029 1300 1132 1355 liudem
1144 1300 1227 1353 datur
1237 1299 1288 1362 bis,
1300 1315 1369 1367 quos
1379 1300 1513 1367 atrophos
1526 1308 1635 1364 vocant,
1652 1303 1826 1370 interpositis

1029 1370 1134 1422 diebus.
1170 1371 1317 1423 Vettonica
1335 1384 1401 1421 vero
1423 1367 1578 1434 phthisicis,
1598 1372 1744 1437 ecligmate
1764 1384 1826 1425 culti

1028 1439 1121 1501 melle,
1144 1439 1225 1492 fabae
1242 1436 1440 1505 magnitudine:
1459 1442 1601 1507 agaricum
1610 1448 1705 1505 potum
1718 1443 1825 1495 duobus

1029 1508 1120 1575 obolis
1131 1509 1158 1559 ia
1171 1523 1262 1577 passo,
1273 1510 1315 1559 rel
1326 1508 1440 1571 daucon,
1453 1523 1514 1558 cum
1526 1509 1668 1561 centaurio
1679 1514 1785 1563 aratore
1796 1512 1826 1563 in

1028 1578 1101 1629 rino.
1137 1576 1327 1644 l'bugedaeois
1337 1578 1421 1643 (quod
1432 1593 1531 1629 aaaron
1544 1581 1603 1629 sine
1615 1579 1697 1630 modo
1707 1582 1827 1632 esurien-

1029 1646 1096 1697 tium
1109 1654 1160 1708 est,
1171 1655 1199 1698 et
1210 1647 1279 1699 alias
1291 1645 1441 1709 bulceruur)
1457 1645 1597 1715 tithymali
1609 1647 1753 1701 credemur
1763 1663 1828 1701 cum

1028 1716 1144 1769 sesamis
1155 1719 1247 1768 sumti.

1068 1785 1166 1837 bxtx.
1182 1785 1208 1837 2
1236 1784 1312 1839 later
1333 1785 1406 1836 mala
1426 1785 1546 1836 universi
1569 1785 1695 1851 corporis
1714 1784 1827 1851 vigiliae

1030 1863 1094 1906 sunt
1105 1855 1251 1919 plerisque.
1286 1855 1391 1905 tiaram
1412 1854 1538 1905 rentedio
1559 1861 1825 1921 monstratarpuna·

1029 1939 1083 1984 ces,
1094 1923 1243 1991 clymenus,
1254 1922 1443 1985 aristolochia,
1452 1930 1481 1974 et
1492 1922 1587 1985 odore,
1599 1931 1627 1975 ct
1638 1929 1771 1988 peruncto
1783 1938 1829 1975 ca·

1030 1994 1099 2059 pite:
1116 1993 1236 2054 aizoum,
1246 1994 1304 2044 sire
1313 1993 1419 2057 serlum,
1434 1994 1458 2043 si
1469 1991 1621 2044 involutum
1633 2007 1724 2060 penno
1736 1993 1828 2060 nigra,
1890 2023 1895 2031 ·

1029 2063 1185 2131 ignorantis
1200 2062 1314 2128 pulvino
1330 2062 1506 2112 subiiciatur:
1526 2068 1555 2114 et
1570 2061 1747 2127 oenotheras,
1770 2064 1830 2115 sire
1843 2073 1865 2107 a

1030 2132 1132 2192 oneris,
1154 2130 1325 2184 bilaritatem
1348 2129 1466 2181 elicrcns
1482 2130 1511 2180 in
1533 2131 1610 2191 rino,
1628 2130 1829 2198 amygdalaceo

1030 2194 1106 2262 folio,
1119 2200 1187 2251 flore
1199 2215 1290 2263 roseo,
1301 2200 1447 2261 fruticosa,
1458 2199 1542 2267 longa
1552 2201 1656 2262 radice,
1667 2208 1695 2252 et
1707 2203 1830 2253 camale-

1029 2278 1092 2323 cata
1102 2277 1153 2331 est,
1163 2270 1256 2323 vinum
1267 2272 1368 2323 olente.
1394 2271 1473 2323 Haec
1483 2271 1511 2321 iu
1523 2278 1591 2336 potu
1602 2270 1668 2324 data
1680 2271 1753 2323 feras
1764 2284 1829 2338 quo·

1049 2338 1151 2392 oemiti
1173 2345 1210 2390 at.

1029 2354 1046 2406 q
1064 2353 1231 2468 Cruditgates,
1242 2422 1311 2473 quac
1322 2422 1452 2459 nauseam
1462 2405 1577 2470 faciunt,
1588 2407 1691 2475 digerit
1703 2409 1830 2461 Vettoni-

1029 2491 1071 2528 ca.
1107 2475 1212 2527 Eadem
1233 2484 1302 2540 pota
1321 2489 1339 2525 a
1359 2490 1447 2528 coena
1467 2477 1674 2527 concoctionem
1696 2474 1780 2538 fucit,
1799 2477 1829 2527 ia

1030 2545 1189 2611 oxymelitis
1201 2542 1308 2610 cyathis
1322 2543 1409 2595 tribus
1421 2540 1569 2593 drachmae
1581 2543 1757 2608 pondererat
1769 2559 1829 2597 cru·

1030 2615 1122 2681 palam
1133 2612 1256 2662 discutit.
1293 2613 1361 2661 item
1381 2612 1520 2676 agaricum
1541 2618 1604 2675 post
1615 2612 1704 2661 cibum
1716 2612 1744 2662 in
1756 2626 1829 2679 aqua

1030 2682 1121 2735 calida
1131 2686 1235 2746 potum.
1271 2679 1416 2745 Paralysin
1431 2678 1580 2732 Vettonica
1594 2695 1694 2733 sanare
1705 2682 1827 2733 dicitur:

1030 2753 1095 2803 item
1112 2750 1208 2813 ionio,
1229 2755 1260 2799 ut
1277 2749 1380 2801 dictum
1398 2756 1450 2800 cst.
1486 2748 1592 2801 Eadem
1607 2757 1636 2801 et
1652 2750 1826 2816 torpentibus
1921 2802 1929 2812 ,

1030 2821 1161 2873 membris
1177 2817 1307 2885 prodest:
1327 2819 1394 2868 item
1405 2817 1575 2885 argemonia,
1596 2819 1688 2872 amaia
1698 2834 1769 2886 quae
1780 2835 1827 2888 pa·

1009 2890 1015 2921 l
1030 2886 1297 2945 riclitenturaecari,
1308 2884 1491 2938 discutiendo.

1063 2955 1149 3007 Lxx.
1168 2955 1328 3007 comitiales
1339 2963 1436 3007 sanant
1448 2957 1569 3023 panacis,
1582 2971 1665 3024 quarn
1672 2956 1827 3011 Heraclion

1030 3025 1159 3086 diximus,
1180 3023 1290 3075 radices
1304 3032 1387 3090 potae
1403 3041 1464 3077 cum
1481 3022 1599 3092 coagulo
1616 3024 1698 3077 rituli
1714 3025 1828 3089 marini,

1029 3096 1070 3147 ita
1080 3099 1110 3145 ut
1122 3095 1177 3145 sint
1188 3094 1299 3160 panacis
1314 3100 1371 3143 tres
1388 3102 1497 3160 partes:
1516 3094 1649 3160 plantago
1662 3102 1743 3160 potas
1761 3097 1829 3149 Vet-

1029 3164 1139 3216 tonicae
1149 3164 1178 3214 in
1191 3162 1346 3229 oxymelite
1357 3161 1502 3223 drachma,
1524 3163 1567 3214 rel
1582 3164 1724 3230 agaricum
1736 3160 1827 3215 obolis

1030 3234 1134 3287 tribus:
1156 3232 1225 3284 folia
1237 3230 1420 3298 quinquefolii
1432 3247 1466 3283 cx
1476 3246 1556 3299 aqua.
1593 3233 1679 3283 Sanat
1690 3240 1718 3284 et
1729 3231 1826 3285 arche·

1029 3304 1125 3365 costis,
1135 3301 1184 3354 sed
1198 3316 1269 3352 anno
1281 3307 1355 3367 pota.
1391 3300 1480 3352 Sonat
1491 3307 1519 3351 et
1528 3298 1670 3353 baccharis
1680 3302 1763 3355 radix
1774 3301 1829 3353 ari·

1030 3373 1065 3424 da
1076 3375 1103 3423 in
1114 3373 1252 3439 pulverem
1264 3369 1393 3428 connita,
1399 3368 1506 3435 cyathis
1517 3371 1606 3421 tribus
1615 3385 1676 3421 cum
1689 3369 1829 3422 coriandri

1030 3456 1084 3493 uno
1096 3443 1124 3492 in
1137 3454 1210 3506 aqua
1226 3438 1326 3491 calida.
1365 3440 1400 3490 iit
1417 3438 1598 3505 centunculus
1612 3438 1680 3490 trita
1695 3439 1724 3490 in
1736 3446 1827 3500 aceto,

1031 3518 1079 3563 sat
1095 3509 1188 3569 melle,
1207 3514 1255 3560 aut
1274 3508 1301 3558 in
1325 3522 1397 3575 aqua
1416 3506 1521 3558 cadam
1544 3508 1698 3561 verbenaca
1714 3524 1751 3560 ex
1763 3507 1828 3559 vino

1031 3585 1111 3648 pota:
1130 3577 1244 3645 hyssopi
1264 3578 1365 3629 baccae
1387 3582 1482 3627 ternae
1502 3577 1650 3638 contritae,
1670 3577 1739 3628 etin
1757 3590 1828 3643 aqna
1854 3594 1876 3637 .;
1908 3610 1912 3617 ,
1979 3584 1985 3595 ’
2047 3572 2051 3579 ’

1030 3656 1114 3717 potas
1135 3648 1232 3700 dicbus
1253 3647 1389 3699 sedecim:
1417 3645 1605 3712 peucedanum
1626 3661 1687 3697 cum
1708 3644 1828 3714 coagulo
1865 3640 1869 3653 '

1029 3718 1110 3771 rituli
1120 3718 1218 3769 marini
1237 3718 1333 3783 aequis
1345 3717 1520 3782 portionibus
1531 3722 1640 3782 potum:
1661 3714 1826 3782 quinquefo-

1028 3791 1059 3842 lii
1071 3789 1192 3841 connita
1201 3786 1272 3838 falia
1281 3801 1318 3839 ex
1330 3788 1397 3837 vino
1409 3794 1476 3851 pota
1487 3786 1585 3837 diebus
1595 3785 1695 3837 xxxi.
1734 3784 1828 3837 Vetto·

1029 3860 1107 3911 nicae
1118 3856 1209 3909 farina
1221 3855 1387 3921 ponderali.
1406 3855 1452 3906 ill.
1473 3870 1534 3906 cum
1550 3856 1622 3906 aceti
1633 3854 1754 3906 scillitici
1765 3868 1829 3920 eya·

1030 3929 1090 3990 tho,
1102 3927 1192 3979 mellis
1202 3927 1285 3977 nturi
1297 3927 1389 3977 uncia:
1408 3927 1607 3976 scammoniam
1619 3924 1710 3975 obolis
1721 3921 1828 3973 duobus

1030 4015 1091 4053 cum
1105 3997 1223 4049 castorei
1237 3993 1374 4047 drachmis
1387 4002 1513 4060 quatum.

1065 4067 1164 4119 lsxxl.
1181 4066 1284 4118 Febres
1296 4064 1412 4132 frigidas
1423 4064 1541 4114 leniores
1551 4060 1620 4112 lacit
1630 4060 1768 4125 agaricum
1780 4067 1828 4119 po·

1030 4147 1088 4186 tom
1109 4136 1138 4185 in
1159 4134 1250 4186 calida
1270 4149 1353 4200 aqua:
1374 4133 1511 4184 tertianas
1531 4129 1652 4179 sideritis
1671 4142 1732 4176 cunr
1749 4122 1826 4175 aleo:

1031 4206 1097 4255 item
1121 4202 1260 4263 ladanum,
1281 4201 1352 4268 qood
1377 4202 1405 4250 in
1424 4199 1565 4265 segetibus
1581 4196 1711 4254 ansatur,
1734 4198 1829 4243 contu·

1031 4286 1104 4322 sum:
1123 4271 1254 4336 plantago
1276 4287 1310 4322 ex
1332 4267 1520 4334 squamulae,
1540 4263 1646 4314 duabus
1664 4261 1741 4313 horis
1762 4268 1828 4313 unte

1032 4340 1216 4391 accessionem
1230 4346 1296 4404 pota
1311 4339 1383 4389 binis
1395 4333 1546 4386 drachmis:
1564 4334 1608 4382 rel
1619 4346 1717 4382 succus
1728 4329 1827 4382 radicis

1034 4406 1207 4459 madefactae
1223 4408 1269 4457 rel
1283 4414 1376 4457 tusae:
1395 4404 1439 4457 rel
1456 4404 1518 4467 ipsa
1535 4401 1614 4452 radix
1625 4401 1694 4453 trita
1709 4399 1737 4450 in
1756 4413 1829 4466 aqua

1033 4477 1108 4529 ferro
1129 4475 1273 4528 calefacta.
1310 4473 1427 4537 Quidam
1448 4479 1543 4524 terrras
1564 4471 1672 4521 radices
1688 4470 1716 4521 in
1737 4470 1828 4521 tribus

1034 4542 1142 4612 cyathis
1160 4559 1248 4611 aquae
1267 4543 1378 4598 dedere.
1415 4540 1500 4593 iidem
1516 4541 1543 4591 ia
1559 4538 1703 4607 quartanis
1721 4544 1829 4606 etqua·

1035 4623 1127 4667 ternas
1138 4614 1273 4665 fecerunt.
1308 4612 1447 4680 Buglossq
1463 4609 1648 4671 inarescente,
1667 4607 1829 4674 siquisms·
1858 4626 1862 4635 ¹

1034 4682 1164 4736 dullame
1183 4684 1261 4735 caule
1277 4683 1391 4743 exinrat,
1416 4679 1546 4746 dicatque
1563 4678 1597 4730 sd
1616 4693 1696 4743 quem
1709 4678 1831 4730 liberan-

1034 4753 1098 4805 dam
1110 4752 1187 4805 febre
1203 4752 1231 4803 id
1249 4752 1343 4811 faciat,
1362 4758 1392 4802 et
1407 4749 1504 4814 alliget
1520 4750 1544 4800 ci
1562 4755 1666 4813 septem
1683 4746 1753 4798 folia
1763 4752 1830 4797 ante

1033 4822 1236 4884 accessionem,
1257 4819 1450 4872 aiantafebre
1462 4817 1584 4871 liberari.
1620 4817 1688 4867 item
1700 4814 1829 4866 Vettoni-

1034 4907 1083 4944 cae
1095 4890 1266 4953 drachmam,
1284 4892 1312 4942 in
1324 4905 1413 4958 aquae
1423 4887 1529 4938 mulsae
1539 4883 1646 4954 cyathis
1659 4884 1764 4936 tribas:
1784 4882 1831 4937 rel

1033 4962 1182 5028 agaricum,
1192 4962 1312 5013 maxime
1324 4961 1350 5010 in
1363 4956 1406 5009 bis
1416 4956 1549 5017 febribus,
1561 4970 1630 5023 qaae
1642 4970 1703 5005 cum
1714 4952 1829 5004 hamore

1032 5032 1156 5084 veniant.
1192 5028 1380 5097 Quinquefolii
1397 5027 1466 5079 folia
1482 5027 1591 5094 quidam
1607 5032 1688 5075 terna
1703 5020 1829 5074 tertianis

1034 5100 1145 5161 dedere,
1155 5107 1290 5165 quaterna
1300 5099 1452 5164 quartanis,
1465 5095 1544 5162 plura
1555 5094 1666 5145 ceteris:
1678 5092 1726 5144 alii
1739 5089 1828 5143 omni·

1033 5169 1093 5232 bus,
1111 5177 1170 5220 tres
1180 5168 1278 5221 obolos
1288 5183 1349 5219 cum
1360 5170 1454 5234 pipere
1462 5180 1497 5216 ex
1508 5178 1580 5231 aqua
1590 5162 1686 5213 mulsa.
1722 5156 1827 5210 Verbe-

1032 5223 1830 5371 arerraneam,cilternae

1032 5378 1076 5427 nis
1086 5391 1103 5427 a
1114 5384 1221 5443 quarto.
1256 5377 1369 5427 Bibitor
1390 5382 1420 5427 et
1436 5388 1530 5427 semen
1544 5368 1669 5437 hyperici
1685 5365 1829 5445 utriusque

1031 5446 1059 5497 in
1070 5446 1222 5513 quartanis,
1233 5452 1262 5498 et
1273 5443 1445 5497 horroribus.
1479 5440 1645 5494 Vettonicae
1654 5436 1831 5498 farinaquae

1033 5529 1128 5567 omnes
1138 5512 1268 5567 horrores
1279 5519 1399 5566 coercet.
1435 5511 1504 5562 item
1516 5518 1642 5574 panaces,
1657 5500 1729 5553 adeo
1741 5500 1832 5554 excal-

957 5596 978 5624 a
1031 5582 1154 5637 factoris
1164 5592 1272 5645 natura,
1289 5593 1320 5634 ut
1331 5597 1380 5651 per
1391 5581 1481 5631 nivern
1492 5575 1573 5628 ituris
1582 5571 1681 5625 bibere
1692 5571 1722 5655 id
1730 5583 1830 5642 perun·

1360 5648 1398 5700 to
