4374 6014
299 271 332 334 C.
363 266 513 331 rituti
540 265 751 331 sacuam
780 266 949 335 NATUR.
976 268 1169 333 HISTOR.
1197 272 1279 332 ala.
1301 266 1482 332 xxxiii.
1509 270 1601 334 CAP.
1625 278 1749 339 aaut.
1791 280 1856 344 atr

195 421 330 478 nassau
338 421 524 490 pastionibus,
544 418 762 488 esculapius,
776 424 862 490 ‘quem
874 422 1000 475 schiston

196 500 313 547 somni:
335 493 377 543 ita
387 491 463 542 viras
480 491 566 543 tradit
577 490 660 543 rebus
671 506 726 542 una
737 494 868 544 emutatis
877 494 907 545 in
920 493 1000 545 hetill

197 578 275 625 rasa,
294 563 383 629 ipsum
396 576 495 628 puram
508 568 537 612 ct
547 561 748 627 incorruptam.
785 563 916 630 lieliquns
929 563 1001 614 ciuis

199 639 327 687 servatus
336 633 364 682 in
375 630 464 693 fictili,
476 638 505 682 et
516 645 550 682 ea
560 645 632 697 aqua
643 630 744 693 illitas,
754 631 877 684 lichenas
889 635 916 683 iu
929 632 1000 684 facis

197 708 289 755 saum.
309 699 448 752 Lomento
456 715 521 752 cum
533 700 662 751 convenit
672 700 759 752 ablui.
778 700 902 770 b'istqlas
914 704 999 754 tham

197 779 291 835 sanat,
300 778 331 821 et
341 784 414 836 quas
423 775 557 821 vocantur
568 767 801 823 baensorrhoides.
822 772 936 834 Quodsi
949 773 999 822 tri·

197 849 245 893 tus
265 855 367 907 pauca
385 837 527 900 adiicitur,
548 839 642 905 putria
657 835 770 891 huloera
781 847 809 894 et
829 844 893 893 tetri
906 840 1000 892 odoris

197 908 340 964 manni.
375 909 419 961 Ex
431 907 513 959 melle
525 923 589 961 raro
600 906 746 959 decoctum
758 925 820 961 cum
836 909 1001 971 nielunthio,

198 978 340 1032 stillitum
352 975 497 1038 umbilico,
513 977 615 1029 leniter
625 977 821 1031 solritalrum.
856 983 932 1033 Auro
942 994 1001 1033 rer·

196 1048 383 1101 rucascurari
394 1045 434 1096 td.
446 1043 538 1098 Varro
548 1054 648 1099 auctor
658 1054 711 1100 est.

234 1115 336 1169 xxvi.
353 1113 539 1184 chrysocolla
550 1115 649 1169 humor
659 1124 701 1170 est
713 1119 739 1169 in
753 1117 854 1186 puteis,
879 1131 948 1185 qnos
961 1117 1001 1169 di·

196 1187 305 1245 ximus,
325 1200 483 1251 persenam
495 1189 559 1238 auri
578 1187 715 1251 delineas,
734 1195 923 1240 crassescente
934 1184 1000 1239 lirno

197 1255 339 1323 rigoribus
351 1252 477 1308 hibernis
486 1258 613 1324 usquein
626 1258 759 1309 duritiam
772 1258 899 1325 pumicis.
929 1257 1001 1309 Lau·

199 1325 341 1377 duriorem
352 1324 468 1391 eandam
480 1326 508 1377 in
520 1326 637 1379 aerariis
647 1327 787 1390 metallis,
807 1338 835 1379 et
846 1328 1000 1395 proximam

198 1395 229 1447 in
238 1393 405 1461 argentariis
421 1394 481 1447 lieri
501 1404 671 1464 conspertum
688 1404 739 1449 est.
775 1397 919 1449 invenitur
930 1404 959 1448 et
970 1398 999 1447 is

199 1463 371 1530 plumbariis,
381 1463 467 1515 vilior
476 1466 560 1518 ctiam
571 1466 691 1517 auraria.
729 1468 758 1518 ln
771 1468 898 1519 omnibus
908 1475 1000 1517 autem
1022 1498 1023 1505 .

197 1534 236 1585 iis
246 1532 370 1587 neuun
389 1533 421 1584 lit
437 1542 466 1585 et
482 1548 562 1596 cura,
582 1535 700 1587 maltum
712 1535 786 1587 inira
799 1536 954 1588 naturalem
965 1536 999 1587 il·

197 1602 269 1655 last:
281 1602 414 1654 niminis
425 1604 455 1655 in
464 1618 561 1656 venam
573 1606 652 1672 aquis
661 1606 759 1657 leuiter
772 1604 862 1659 hieme
873 1612 945 1667 tota,
956 1621 1000 1656 uss

198 1686 253 1738 que
264 1673 291 1721 in
304 1672 412 1725 tantun
423 1688 558 1736 mensem,
579 1674 643 1726 dein
654 1674 767 1726 siccatis
787 1677 816 1727 in
828 1677 908 1727 lunio
921 1682 949 1726 et
960 1677 1002 1726 lu·

198 1739 254 1792 lio:
275 1746 307 1792 ut
327 1740 409 1807 plane
429 1743 608 1811 intelligatur
627 1743 696 1795 nihil
716 1745 792 1796 aliud
814 1742 1001 1812 chrysocolla,

196 1825 281 1878 quam
293 1826 365 1863 rena
375 1813 472 1877 putris.
493 1813 596 1863 Nativa
605 1813 710 1864 duritia
722 1815 842 1864 unanime
852 1814 951 1864 distat:
963 1813 1003 1863 lu·

197 1888 272 1933 ιιιιιι
284 1887 395 1932 romu.
425 1880 463 1932 Et
473 1888 565 1933 tannen
577 1882 628 1933 illa
639 1896 748 1948 quoque
758 1882 854 1944 herba,
862 1896 945 1949 quam
961 1881 1001 1951 lu·

161 1963 186 2005 a
198 1958 258 2022 tum
268 1949 422 2015 appellant,
433 1951 562 2017 tingitur.
580 1944 689 2002 Natura
700 1959 828 2018 est,quae
841 1952 898 2002 lino
910 1952 1002 2003 lanae·

197 2034 242 2080 re,
261 2018 298 2070 ad
310 2033 420 2070 saccum
433 2020 589 2071 bibendam.
626 2019 767 2071 'l'unditur
778 2021 807 2071 in
819 2019 883 2088 pila,
903 2019 1001 2072 eunde

197 2089 276 2140 tenui
288 2089 378 2141 cribro
391 2091 509 2140 cernitar
523 2106 530 2139 z
550 2096 650 2155 postea
659 2091 784 2151 molitur,
800 2104 833 2141 ac
845 2088 947 2141 deinde
957 2097 999 2141 te·

197 2157 284 2208 nnius
293 2158 441 2209 cribratur.
474 2158 613 2223 Quidquid
627 2175 680 2210 non
690 2166 854 2220 transmeat,
865 2159 1003 2226 repetitur

198 2228 227 2277 in
241 2226 307 2294 pila,
317 2226 381 2277 dein
393 2225 517 2277 moliarr.
538 2225 630 2275 Pulvis
641 2241 753 2291 semper
763 2227 792 2276 in
804 2227 912 2277 catinos
923 2228 999 2293 digc-

198 2290 282 2358 utu)
291 2304 321 2347 et
331 2309 364 2347 ex
377 2303 459 2346 aceto
469 2302 634 2356 maceratur,
653 2303 685 2343 ιιι
696 2296 785 2345 omnis
797 2294 901 2345 duritia
912 2296 1002 2346 solra

198 2373 259 2416 tur:
271 2381 304 2417 ac
312 2379 409 2416 rursus
422 2363 555 2426 traditan,
577 2363 641 2414 dein
654 2361 800 2413 lavatoria
813 2361 936 2423 conchis,
946 2363 999 2412 slc·

200 2444 340 2500 ratasque.
377 2434 456 2484 lunc
467 2434 587 2500 tingitur
596 2431 720 2483 alumine
737 2431 857 2492 schisto,
876 2438 905 2483 et
917 2430 1001 2481 herbo

199 2517 284 2568 supra
295 2502 384 2551 dicta:
401 2502 589 2567 pingiturque,
600 2506 748 2567 antequam
761 2501 868 2568 pingat.
904 2498 1001 2550 llelett

199 2585 284 2639 quam
303 2568 401 2620 bibula
422 2569 576 2635 docilisque
587 2569 633 2620 sit.
669 2568 740 2620 Nam
756 2570 810 2620 nisi
820 2568 913 2635 rapuit
925 2569 1002 2620 colo·

199 2648 270 2701 rens,
292 2637 435 2690 adduntur
445 2645 586 2705 scytatum
608 2644 693 2705 atque
704 2640 879 2707 turbystum:
900 2638 942 2690 ita
952 2652 1001 2688 ro·

200 2716 264 2763 cant
275 2707 477 2760 medicamenta
486 2710 600 2760 sorbere
607 2709 750 2775 cogentia.

235 2777 351 2831 XXVll.
371 2780 439 2829 Cum
461 2778 569 2830 tinxere
589 2777 726 2844 pictores,
748 2777 870 2829 orobitin
891 2783 1002 2838 vocant,

200 2846 378 2915 alasquedao
390 2848 622 2917 generalaciunt:
645 2847 765 2909 luteam,
787 2862 857 2913 quac
871 2853 1002 2897 serrator

199 2922 227 2969 ln
240 2918 405 2969 lomentum:
417 2924 446 2968 et
458 2917 601 2984 liquidnm,
612 2915 734 2985 globulis
746 2917 850 2968 sudore
862 2915 1000 2968 resolutis.

199 2988 278 3039 ilaec
288 2994 406 3054 utraque
416 3002 521 3054 genera
530 2987 558 3036 in
572 2988 664 3053 Cypro
680 2986 757 3036 liunt.
794 2985 1001 3037 Laudatissima

200 3057 227 3107 in
239 3056 501 3118 ιιιίιιιιιιιιι,ιιειιιιιιιιι
512 3056 538 3106 in
552 3055 727 3117 Macedonia,
738 3055 898 3121 largissima
909 3057 935 3105 in
949 3055 1000 3105 lli·

200 3127 308 3193 spania.
345 3124 457 3176 Suntma
468 3125 727 3187 canimendationis,
740 3125 860 3176 colorem
873 3125 900 3176 ln
913 3123 1000 3175 herba

198 3198 301 3263 segetis
311 3194 385 3246 laete
398 3195 514 3246 uirentis
525 3211 606 3263 quam
618 3194 759 3247 simillime
768 3193 877 3246 reddat.
888 3191 999 3244 Visum·

199 3280 252 3332 que
272 3266 327 3314 ianr
348 3269 391 3314 est
412 3263 532 3315 Neronis
551 3265 687 3331 principis
703 3264 871 3331 spectaculis
886 3276 999 3314 arenam

200 3333 275 3386 Circi
286 3329 570 3396 chrysocollasterni,
590 3334 726 3400 cumipse
746 3333 887 3385 concolori
908 3344 1000 3398 panno

199 3403 378 3469 aurigaturus
399 3409 481 3453 esset.
517 3402 634 3455 indocta
654 3403 785 3469 opiticum
808 3404 892 3454 turba
912 3403 1001 3452 tribus

200 3486 262 3523 eam
273 3470 420 3539 generibus
431 3470 591 3538 distinguit:
614 3486 750 3539 asperam,
766 3484 838 3539 quac
849 3476 964 3522 taranta
972 3471 1001 3520 ln

198 3540 286 3593 libras
296 3539 418 3591 denariis
430 3541 495 3592 Vll:
516 3541 652 3604 mediam,
673 3557 743 3609 quae
756 3541 877 3595 denariis
895 3541 1000 3607 quinis:

198 3611 335 3671 attritam,
354 3624 435 3677 quam
458 3617 487 3662 et
500 3608 665 3663 herbaceam
681 3617 789 3673 vocant,
810 3624 882 3679 quas
900 3609 926 3660 X
953 3610 999 3661 ΙΙΙ.

199 3679 351 3747 Sublinant
369 3686 460 3731 autem
481 3694 646 3741 arenosam,
679 3682 842 3748 priusquam
858 3678 1001 3741 inducant,

199 3755 367 3809 atramento,
379 3756 407 3799 et
419 3748 595 3801 Paraetonio.
616 3750 696 3801 llaec
706 3757 771 3802 sunt
782 3752 889 3801 tenacia
899 3747 960 3799 eius
972 3753 1001 3799 ct

200 3820 289 3870 colori
300 3817 409 3870 blanda.
421 3817 626 3880 Paraetonium,
634 3820 764 3886 quoniam
777 3826 820 3871 est
832 3826 931 3870 natura
942 3817 1002 3885 pin·

199 3890 371 3956 guissimum,
381 3894 410 3938 et
419 3897 533 3953 propter
544 3890 682 3941 lectorem
695 3890 911 3948 tenacissimum,
924 3895 1000 3939 atra·

198 3964 293 4010 mento
314 3958 483 4023 aspergitur,
504 3973 538 4009 ne
559 3958 720 4009 Paraetonii
743 3958 847 4008 candor
864 3959 1000 4023 pallorem

199 4024 395 4094 chrysocollae
416 4024 525 4075 alferat.
563 4025 680 4077 Luteam
704 4032 802 4091 putant
813 4042 830 4077 a
841 4027 901 4093 lato
913 4023 1001 4076 herba

198 4096 312 4154 dictam,
323 4108 404 4159 quam
416 4095 502 4158 ipsam
515 4094 644 4146 caeruleo
655 4094 812 4154 subtritam,
823 4106 874 4158 pro
885 4090 1001 4159 chryso·

198 4164 274 4215 eolla
285 4162 429 4220 inducunt,
450 4161 589 4212 vilissimo
599 4168 796 4229 generantque
808 4161 999 4211 fallacissimo.

234 4229 363 4285 XXVlll.
382 4229 453 4279 Usus
466 4228 661 4297 chrysocollae
682 4237 710 4282 et
722 4231 749 4280 ln
761 4230 899 4281 medicina
911 4235 953 4280 est
965 4228 1000 4278 ad

196 4298 469 4372 purgandarulnera
481 4314 542 4350 cum
559 4315 625 4353 cero
636 4309 664 4351 et
675 4300 747 4351 oleo.
785 4297 889 4351 Eadem
910 4312 961 4364 per
970 4312 1000 4349 se

198 4372 278 4424 arida
289 4369 378 4420 siccat
388 4374 417 4419 et
428 4368 578 4420 contrahit.
602 4370 694 4421 Datur
705 4375 732 4420 et
744 4368 770 4419 in
782 4370 893 4435 angina,
907 4365 1001 4419 ortho-

196 4454 332 4509 pnoeare,
342 4436 473 4504 lingenda
483 4453 544 4489 cum
557 4438 649 4491 nrelle.
678 4438 809 4490 Concitet
819 4438 1000 4489 vomitionem

197 4511 334 4561 miscetur
343 4513 372 4559 et
382 4504 509 4573 collyriis
521 4507 554 4559 ad
567 4508 711 4561 cicatrices
722 4509 882 4559 oculorum=
895 4523 927 4558 ac
938 4508 1001 4558 riri·

199 4580 280 4630 dibus
292 4576 459 4644 emplastris,
479 4577 514 4629 ad
527 4577 640 4631 dolores
651 4577 828 4646 mitigandos,
847 4584 876 4629 et
888 4577 999 4628 cicatri-

200 4664 245 4701 ces
256 4646 414 4699 trahendas.
426 4646 506 4698 lianc
517 4645 722 4714 chrysocollam
734 4646 835 4699 medici
848 4647 940 4699 acesin
954 4662 1001 4715 ap·

198 4717 313 4784 pellant,
325 4730 398 4783 qnae
410 4730 462 4767 non
474 4722 520 4768 ιιι
529 4717 656 4768 orabitis.

235 4786 334 4838 xxix.
354 4785 562 4852 Chrysocollam
584 4793 613 4839 et
635 4787 763 4839 aurilices
783 4785 837 4838 sibi
858 4784 1003 4837 vindicant

199 4855 400 4925 agglutinando
410 4870 496 4907 auro:
517 4863 546 4909 st
560 4857 626 4909 inde
639 4872 733 4908 omncs
745 4855 913 4923 appellatam
926 4854 1001 4906 simi·

199 4925 267 4978 litor
282 4930 392 4977 utentes
409 4924 514 4977 dicant.
551 4927 737 4993 Temperatur
746 4933 839 4977 auum
852 4938 885 4977 ea
897 4924 1001 4991 Cypria

199 4996 341 5064 aerugine,
353 5000 382 5045 et
392 4996 470 5060 pueri
480 4996 700 5063 impubisnrina,
721 4996 818 5048 addito
829 4997 911 5047 nitro.
948 4994 1000 5046 Te-

198 5066 272 5118 ritnr
282 5063 386 5132 Cyprio
404 5077 470 5116 aere
487 5066 515 5116 in
532 5066 644 5132 Cypriis
659 5066 818 5117 mortariis:
840 5070 998 5116 santernam

197 5142 299 5188 vocant
309 5136 409 5185 ιιιιιιιι.
435 5134 479 5185 lta
491 5133 693 5188 ferruminatur
702 5148 807 5195 autum,
819 5135 892 5201 quod
903 5148 1000 5202 argen-

198 5211 290 5257 tosum
312 5207 421 5254 vincant.
459 5202 629 5271 signansque
650 5212 705 5267 est,
725 5204 858 5257 siadrlita
869 5210 1001 5255 santerna

197 5273 318 5326 nitescit.
346 5269 491 5323 hidlrerso
502 5288 629 5325 aerosum
642 5274 781 5327 contrahit
790 5286 830 5334 se,
844 5273 1000 5324 hebetatur·

198 5358 261 5410 que,
270 5348 299 5393 et
308 5338 459 5389 difficulter
469 5340 678 5395 ier-ruminatur.
714 5343 755 5395 lid
765 5343 796 5394 id
807 5343 944 5411 glutinum
958 5342 998 5403 lit,

197 5426 284 5471 auro,
304 5416 333 5460 et
343 5407 552 5535 sapewic
564 5415 671 5480 argenti
693 5413 729 5465 ad
739 5422 824 5480 supra
834 5412 910 5464 dicta
921 5411 999 5464 addi·

196 5484 242 5543 tis,
255 5492 366 5545 urnaque
375 5490 428 5528 rou

231 5549 320 5602 xllx.
339 5547 385 5598 Co=

614 5550 721 5619 reliqua
732 5552 807 5607 drea
818 5551 880 5617 hoc,
899 5557 931 5606 ut
942 5551 999 5605 uni·

230 5618 278 5671 l’s.
288 5633 333 5673 ιιι.
352 5616 373 5669 Η

1051 438 1134 477 ressa
1146 430 1263 476 namrae
1276 423 1420 489 contingat
1442 422 1600 476 adniiratlo.
1637 424 1704 481 Auri
1720 428 1858 497 glutinum

1052 502 1095 547 est
1106 495 1171 547 tale.
1199 494 1307 561 Argilio
1318 492 1403 556 ferro,
1414 492 1524 543 cadmia
1534 495 1606 545 acris
1619 498 1727 559 massis,
1747 496 1859 551 aionien

1053 566 1171 625 laminis,
1180 566 1272 615 resina
1283 562 1395 630 plumbo
1407 568 1436 613 ct
1447 564 1591 613 marmori:
1604 564 1652 616 sed
1664 566 1805 633 plumbum
1817 566 1858 623 ni.

1051 650 1131 703 grum
1143 633 1207 684 albo
1219 637 1349 700 iungitur,
1362 634 1507 699 ipsumque
1518 632 1611 685 album
1622 635 1675 687 sibi
1687 636 1759 688 olea.
1785 636 1856 688 item

1052 713 1181 756 stannum
1194 702 1370 763 aeramentis,
1382 710 1483 753 stanno
1496 712 1655 771 argentoun
1673 702 1767 756 l’lneis
1781 710 1854 773 opti·

1053 790 1096 825 rire
1108 773 1190 841 lignis
1211 788 1259 823 aes
1280 771 1440 838 ferrumque
1456 769 1594 824 funditur:
1617 770 1667 824 sed
1679 781 1707 823 et
1718 772 1858 844 Aegyptia

1052 856 1175 911 papyro:
1198 841 1287 907 paleis
1308 854 1413 892 aurern.
1450 842 1518 893 Calx
1540 856 1613 908 aqua
1633 842 1805 907 accenditur,
1827 852 1857 898 et

1053 911 1190 964 'l‘hracius
1211 911 1298 978 lapis:
1321 911 1451 977 idemque
1473 910 1537 961 oleo
1550 910 1744 979 restinguitur.
1780 912 1857 981 ignis

1053 990 1146 1034 autem
1159 985 1238 1032 aceto
1250 979 1378 1047 ninsime,
1392 988 1420 1031 et
1431 980 1514 1041 visco,
1528 988 1556 1032 et
1567 995 1628 1031 οιο.
1640 980 1730 1033 'l'crra
1742 976 1856 1035 urinima

1052 1052 1163 1118 flagrat.
1199 1048 1320 1103 Carboni
1342 1050 1432 1101 nlaior
1447 1051 1488 1101 ris
1504 1057 1614 1114 exusto,
1636 1050 1794 1119 iterumque
1805 1048 1855 1102 fla·

1073 1120 1153 1171 canti.

1053 1138 1071 1190 g
1088 1186 1189 1241 xxxi.
1207 1188 1248 1240 Ab
1259 1185 1425 1256 hisargenti
1438 1188 1552 1241 rnemlla
1563 1188 1709 1253 dicantur,
1730 1202 1802 1258 quae
1812 1204 1855 1243 se-

1053 1274 1139 1328 quens
1148 1259 1259 1310 insania
1270 1266 1321 1309 est.
1334 1257 1449 1309 Nonnisi
1461 1259 1488 1308 in
1501 1259 1590 1325 puteis
1602 1261 1749 1326 reperitur,
1771 1258 1858 1311 uuila·

1055 1345 1109 1398 que
1131 1330 1175 1380 sui
1191 1343 1241 1396 spe
1258 1327 1398 1378 nascitur:
1422 1327 1514 1388 italiis,
1534 1337 1565 1378 ut
1576 1329 1605 1381 in
1616 1329 1855 1382 aaroiuccntibus

1055 1397 1195 1450 scintillis.
1221 1398 1310 1449 Terra
1321 1404 1364 1449 est
1375 1394 1431 1447 alia
1444 1396 1514 1459 rufa,
1525 1398 1581 1449 alia
1593 1400 1743 1450 cineracea.
1768 1398 1856 1450 liaeu-

1053 1471 1100 1536 qui
1112 1484 1165 1520 non
1177 1472 1279 1535 potest,
1290 1466 1343 1517 nisi
1355 1482 1414 1519 cunr
1428 1467 1542 1532 plumbo
1556 1468 1644 1536 nigre,
1653 1475 1701 1519 aut
1714 1482 1774 1518 cunr
1787 1480 1858 1519 terra

1055 1538 1170 1605 plumbi.
1206 1537 1341 1589 Galeriam
1353 1542 1464 1597 rorant,
1476 1552 1546 1605 quae
1558 1538 1637 1589 iuxta
1649 1536 1757 1604 argenti
1771 1552 1857 1588 renas

1055 1607 1216 1674 plerumque
1238 1607 1387 1674 reperitur.
1425 1606 1461 1656 lit
1480 1607 1577 1659 endem
1592 1614 1676 1674 opere
1688 1604 1793 1672 ignium
1806 1606 1858 1657 dt·

1054 1678 1163 1729 scandit
1176 1691 1239 1744 pars
1249 1678 1277 1727 in
1291 1674 1448 1743 plumbum,
1468 1684 1612 1744 argentam
1632 1683 1726 1727 autent
1738 1686 1857 1742 superae

1053 1746 1170 1807 innatat,
1181 1754 1212 1797 ut
1224 1745 1315 1813 oleum
1328 1747 1416 1813 aquis.
1455 1742 1601 1813 lteperithr
1611 1745 1639 1796 in
1652 1744 1782 1796 carnibus
1795 1758 1858 1811 pac·
1875 1773 1879 1783 ·

1053 1830 1088 1867 ne
1099 1815 1313 1881 prouincils‚sed
1325 1817 1353 1866 in
1362 1815 1498 1882 llispania
1510 1815 1741 1882 pulcherrimum:
1752 1812 1779 1863 id
1792 1828 1858 1879 quo·

1054 1900 1106 1951 quc
1119 1885 1147 1935 in
1160 1885 1253 1935 sterili
1263 1885 1335 1946 solo,
1348 1891 1430 1951 atque
1442 1886 1524 1936 etiam
1538 1885 1692 1936 montibus:
1706 1890 1734 1934 et
1745 1885 1857 1934 ubicun·

1054 1966 1108 2072 plne
1121 1968 1175 2004 una
1185 1954 1298 2005 intenta
1308 1969 1379 2004 rena
1391 1960 1444 2013 est,
1461 1970 1514 2004 non
1528 1954 1623 2020 procul
1636 1953 1777 2005 invenitur
1789 1952 1855 2002 alia.

1084 2022 1239 2089 ecquidem
1253 2029 1281 2073 ct
1294 2025 1321 2072 in
1340 2021 1415 2072 onrnl
1431 2016 1491 2072 fore
1501 2022 1632 2075 materia:
1655 2022 1728 2073 ande
1740 2019 1857 2071 metalla

1055 2091 1154 2144 Graeci
1168 2093 1296 2143 videntur
1307 2090 1421 2141 dixisse.
1460 2090 1574 2154 Mirum,
1590 2087 1681 2142 adhuc
1692 2090 1858 2157 perliispa·

1055 2161 1115 2211 nias
1128 2160 1162 2211 ab
1179 2156 1493 2211 llannibalcinchoatos
1510 2166 1609 2226 puteos
1622 2158 1738 2218 durare,
1760 2172 1811 2210 sua
1822 2148 1857 2209 ab

1054 2229 1244 2281 inventoribus
1255 2228 1370 2279 nomina
1379 2228 1523 2280 habentes.
1551 2228 1591 2279 Ex
1603 2227 1681 2295 queis
1692 2222 1797 2279 liebulo
1810 2240 1858 2292 ap·

1057 2297 1177 2364 pellatur
1188 2296 1391 2363 hodieque,qul
1405 2298 1470 2349 CCC
1481 2297 1575 2362 pondo
1590 2295 1742 2347 Harrnibuli
1755 2294 1858 2347 saburi-

1056 2365 1185 2414 nistrarit
1196 2364 1224 2414 in
1236 2364 1306 2427 dies,
1317 2364 1352 2414 ad
1366 2364 1443 2415 nrillc
1456 2366 1626 2430 quingentos
1638 2366 1692 2416 ianr
1705 2378 1802 2431 passus
1814 2379 1858 2415 ca·

1054 2441 1120 2483 vato
1133 2439 1240 2491 monite,
1263 2444 1313 2497 per
1325 2430 1398 2497 quod
1408 2433 1528 2497 spatium
1540 2433 1670 2499 Aquitani
1682 2440 1790 2485 stantes
1800 2433 1858 2485 die·

1055 2502 1106 2552 bus
1116 2500 1298 2565 noctibusque
1311 2509 1425 2566 egerunt
1437 2513 1524 2567 aquas
1535 2500 1708 2551 lucernarum
1720 2516 1859 2563 mensura,

1056 2584 1219 2635 amnemque
1231 2567 1345 2619 iaciunt.
1357 2569 1473 2635 Argenti
1484 2584 1562 2628 vena,
1575 2580 1645 2635 quae
1656 2569 1684 2618 in
1696 2583 1805 2619 suniam
1816 2584 1859 2621 re·

1056 2647 1135 2706 perta
1147 2645 1199 2699 est,
1209 2637 1338 2689 crudaria
1349 2638 1515 2703 appellatur.
1527 2635 1603 2688 Finis
1615 2636 1738 2704 antiquis
1751 2636 1857 2689 indica.

1057 2709 1085 2759 di
1095 2708 1205 2759 solebat
1217 2721 1278 2759 esse
1289 2704 1399 2757 aionien
1417 2706 1573 2758 inventum:
1597 2706 1672 2756 ultra
1689 2705 1756 2757 nihil
1773 2720 1856 2773 quae·

1056 2780 1179 2829 rebatur.
1209 2776 1305 2845 Nuper
1316 2775 1428 2829 inuenta
1439 2776 1512 2827 aeris
1524 2790 1596 2826 rena
1609 2773 1683 2825 inira
1694 2774 1803 2826 alumen
1815 2775 1857 2827 al·

1056 2848 1101 2908 ba,
1113 2846 1193 2898 baem
1206 2847 1265 2913 spei
1277 2842 1352 2897 iecit.
1391 2844 1468 2895 Odor
1479 2858 1512 2895 ex
1524 2844 1633 2911 argenti
1650 2842 1754 2894 fodinis
1766 2845 1859 2896 hainri-

1056 2933 1104 2970 cus
1117 2916 1244 2967 omnibus
1255 2912 1429 2977 animalibus,
1450 2912 1500 2964 sed
1510 2915 1631 2965 maxime
1643 2915 1765 2966 canibus.
1802 2919 1856 2967 ilu-

1056 3002 1116 3039 rum
1130 2993 1333 3054 argentumque
1345 2999 1398 3051 quo
1410 2983 1530 3046 mollius,
1543 2999 1575 3033 co
1588 2979 1740 3050 pulchrius.
1754 2981 1856 3036 Lineas

1057 3071 1091 3109 ex
1103 3062 1219 3122 argento
1231 3055 1324 3121 nigras
1337 3052 1450 3120 produci
1463 3052 1587 3118 plerique
1599 3053 1743 3103 mirantur.

1091 3123 1205 3175 xxxii.
1225 3126 1277 3175 Est
1287 3130 1315 3175 et
1327 3123 1397 3189 lapis
1409 3121 1589 3182 inhumanis,
1613 3118 1690 3172 cuius
1701 3121 1810 3171 ronrica
1820 3120 1855 3171 li·

1054 3194 1150 3263 queris
1162 3195 1268 3245 aeterni
1281 3200 1427 3262 argentum
1438 3191 1708 3257 virumappellatur:
1721 3204 1857 3242 venenant

1054 3279 1146 3316 rerum
1165 3263 1296 3314 oninium.
1332 3262 1419 3313 Exest
1437 3277 1474 3323 ac¹
1491 3261 1645 3329 perrumpit
1660 3274 1728 3310 rasa
1744 3272 1857 3326 perma-

1055 3350 1122 3386 nans
1135 3334 1201 3385 tabe
1211 3333 1281 3384 dira.
1318 3331 1419 3382 Ouinia
1429 3332 1453 3383 ei
1466 3332 1602 3391 insistant,
1622 3332 1857 3395 practeraarum:

1054 3404 1083 3455 id
1094 3417 1177 3453 nnunr
1191 3400 1225 3451 ad
1237 3417 1266 3451 se
1278 3397 1376 3451 trahit.
1413 3400 1480 3450 ideo
1492 3406 1519 3450 ct
1532 3401 1638 3466 optimc
1648 3405 1760 3467 purgat,
1782 3406 1857 3449 cete·

1055 3487 1100 3524 ras
1112 3472 1172 3522 eius
1183 3470 1281 3522 sordes
1299 3480 1435 3536 exspuens
1452 3468 1549 3522 crelnn
1567 3470 1671 3519 iactatu
1685 3466 1817 3518 lictilibns
1829 3468 1858 3519 in

1055 3540 1139 3603 vasis,
1152 3539 1276 3592 restibus
1286 3538 1405 3591 iniectis.
1430 3536 1485 3589 Sed
1497 3539 1630 3603 utipsnm
1643 3539 1678 3589 ab
1690 3550 1758 3587 auro
1769 3537 1857 3590 disce·

1056 3609 1151 3672 dat,-in
1165 3610 1254 3675 pelles
1265 3610 1399 3660 subactas
1410 3606 1562 3659 effunditur
1577 3643 1585 3670 ,
1606 3621 1655 3673 per
1684 3620 1735 3656 nas
1745 3606 1858 3657 sudoris

1055 3680 1115 3731 ricc
1126 3678 1258 3739 defluens,
1269 3691 1371 3744 purunr
1378 3676 1512 3744 relinquit
1523 3688 1631 3727 aurum.
1665 3624 1742 3743 hrgo
1756 3681 1858 3727 etcum

1055 3765 1122 3802 acra
1141 3749 1316 3809 inaurentur,
1337 3747 1469 3798 sublitum
1490 3747 1614 3798 bracteis
1635 3744 1858 3813 pertinacissime

1053 3820 1165 3872 retinet.
1211 3815 1316 3869 Verum
1329 3815 1435 3884 pallore
1448 3815 1555 3884 detegit
1567 3815 1708 3881 simplices
1719 3822 1768 3864 aut
1780 3827 1858 3879 prae·

1053 3894 1150 3941 tennes
1161 3889 1297 3940 bracteas.
1335 3889 1512 3952 Quapropter
1530 3885 1557 3936 id
1568 3885 1672 3935 hirtam
1683 3891 1858 3949 quaerentes,

1055 3960 1099 4010 ori
1119 3960 1229 4026 liquore
1252 3956 1369 4008 candido
1388 3969 1466 4006 usum
1483 3968 1544 4007 eunt
1561 3954 1771 4004 adulterarem:
1792 3962 1858 4002 nisit

1054 4035 1082 4079 et
1092 4026 1280 4094 hydrargyro,
1303 4025 1337 4076 de
1351 4040 1403 4090 quo
1415 4040 1465 4075 sno
1478 4023 1602 4074 dicemus
1619 4023 1689 4072 loco.
1726 4018 1763 4069 Et
1783 4017 1856 4069 alias

1054 4110 1085 4145 nr
1106 4101 1198 4145 entum
1210 4094 1301 4143 uirum
1313 4109 1367 4143 non
1380 4094 1488 4160 largum
1501 4092 1642 4141 inventum
1654 4092 1705 4137 est.

1088 4200 1092 4208 .
1119 4162 1216 4213 xxiii.
1237 4163 1266 4212 ln
1278 4160 1378 4211 iisdem
1392 4162 1503 4227 argenti
1521 4156 1643 4209 metallis
1656 4157 1803 4215 inuenitur,
1824 4164 1857 4207 ut

1053 4232 1166 4299 proprie
1178 4231 1311 4289 dicamus,
1323 4244 1435 4294 spumae
1447 4226 1663 4293 lapls'candldae
1677 4223 1857 4290 alternisque,

1055 4316 1109 4351 non
1120 4307 1211 4352 taurea
1223 4299 1438 4350 translucentia:
1457 4294 1561 4347 stinrnti
1574 4292 1724 4360 appellant,
1745 4291 1793 4342 alii
1806 4294 1855 4343 sti·
1894 4352 1900 4359 ⁹

1053 4371 1137 4433 bium,
1161 4367 1210 4420 aiii
1222 4367 1404 4427 alabastrum,
1426 4365 1474 4416 alii
1488 4366 1627 4415 larbason.
1663 4358 1726 4412 Duo
1739 4360 1798 4412 eius
1810 4377 1857 4430 ge·
1937 4364 1941 4373 ’

1054 4455 1130 4503 nera,
1140 4453 1200 4489 nias
1211 4444 1239 4490 et
1249 4436 1360 4489 femina.
1397 4434 1489 4501 Magis
1500 4432 1619 4502 probant
1632 4430 1777 4483 icaunam:
1792 4429 1855 4483 hor.

1054 4509 1144 4562 ridior
1163 4512 1207 4559 est
1226 4522 1294 4568 mas,
1312 4504 1498 4571 scabriorque,
1515 4512 1542 4556 et
1562 4502 1652 4552 atinus
1673 4501 1855 4566 ponderosas,

1054 4582 1201 4646 minusque
1213 4577 1366 4629 radiasset
1379 4574 1537 4625 arensisior:
1550 4572 1653 4623 {emina
1665 4576 1762 4621 contra
1774 4570 1856 4632 nitet,

1053 4648 1181 4709 friabilis,
1193 4648 1360 4713 fissurisque,
1373 4658 1425 4695 non
1437 4644 1526 4711 globis
1537 4641 1690 4693 dehiscens.

1089 4716 1215 4770 xxxw.
1244 4716 1297 4769 Vis
1317 4716 1377 4767 eius
1398 4712 1591 4780 adstringere,
1622 4716 1651 4762 et
1671 4708 1854 4777 refrigerare:

1053 4788 1215 4857 principalis
1228 4791 1319 4837 autem
1336 4784 1411 4835 circa
1426 4784 1540 4833 ocules:
1559 4792 1676 4847 nantquc
1692 4776 1757 4829 ideo
1770 4777 1856 4829 etiam

1054 4858 1177 4926 plerique
1189 4852 1452 4923 platyophthalmon
1464 4852 1492 4903 id
1505 4848 1700 4918 appellavere,
1721 4847 1856 4916 quoniam

1053 4930 1080 4979 in
1092 4923 1300 4992 calliblepharis
1324 4922 1473 4975 mulierum
1496 4920 1596 4971 dilatet
1616 4917 1722 4969 oculos.
1759 4915 1855 4966 litlin-

1052 5000 1151 5050 xlnnes
1163 4993 1268 5046 inhibet
1286 4994 1442 5054 oculorum,
1461 4988 1768 5055 exhulccrationesque,
1789 4982 1856 5065 lari·

1055 5082 1090 5119 na
1102 5067 1160 5118 eius
1171 5081 1202 5116 ac
1212 5063 1310 5125 thuris,
1369 5063 1436 5115 nimi
1447 5060 1579 5113 adrnlxto.
1616 5056 1699 5110 Sistit
1709 5062 1736 5106 et
1746 5064 1856 5116 sangui·

1054 5151 1116 5188 nem
1129 5150 1144 5186 e
1156 5136 1268 5187 cerebro
1280 5132 1314 5197 de
1338 5139 1461 5187 nentem.
1497 5127 1646 5183 Ellicaclor
1662 5131 1690 5178 ct
1701 5127 1799 5175 contra
1809 5132 1853 5202 re·

1053 5209 1145 5257 centia
1155 5204 1284 5255 vulnera:
1313 5210 1343 5256 et
1354 5209 1454 5257 contra
1463 5206 1574 5252 veteres
1586 5209 1683 5249 canum
1694 5204 1804 5244 morsus
1815 5198 1855 5238 sn·

1053 5288 1164 5342 sparsus
1176 5272 1280 5326 farina:
1299 5280 1329 5326 et
1349 5280 1448 5327 contra
1467 5269 1596 5322 ambusta
1615 5266 1681 5331 igni,
1692 5273 1752 5313 cum
1765 5256 1855 5323 adipe,

1053 5359 1085 5395 ac
1099 5358 1198 5410 spuma
1209 5342 1329 5412 argenti,
1351 5354 1528 5406 cerussaque,
1551 5344 1579 5389 et
1592 5346 1679 5414 cera..
1700 5326 1796 5410 Uritur
1807 5342 1855 5408 au·

1052 5419 1108 5465 tem
1131 5410 1192 5464 ollis
1209 5413 1309 5465 bubuli
1326 5414 1382 5468 limi
1399 5408 1585 5465 circumlitum
1601 5404 1630 5453 in
1645 5400 1770 5451 clibanis:
1790 5396 1854 5479 dem

1052 5483 1233 5552 restinguitur
1243 5482 1395 5536 mulierum
1407 5482 1490 5537 lactc,
1501 5475 1587 5527 teritu
1622 5485 1656 5521 ne
1668 5468 1695 5520 in
1702 5474 1855 5529 martarus,

1052 5553 1179 5607 admixta
1198 5553 1302 5623 pluria.
1341 5556 1378 5605 hc
1395 5540 1599 5600 sribindeturbi
1620 5552 1666 5590 um
1685 5532 1855 5591 transfundi-

1386 5622 1422 5670 48
